  <div class='ocr_page' id='page_1' title='image "/cluster/home/n/w/nwhite01/storage/ocr_20150623/67/hvd.32044015547185/198.png"; bbox 0 0 4060 6364; ppageno 0'>
   <div class='ocr_carea' id='block_1_1' title="bbox 99 212 3465 282">
    <p class='ocr_par' dir='ltr' id='par_1_1' title="bbox 99 212 3465 282">
     <span class='ocr_line' id='line_1_1' title="bbox 99 212 3465 282; baseline 0.003 -14"><span class='ocrx_word' id='word_1_1' title='bbox 99 212 213 269; x_wconf 68' lang='grc' dir='ltr'><strong>δδε</strong></span> <span class='ocrx_word' id='word_1_2' title='bbox 957 217 1133 273; x_wconf 77' lang='lat' dir='ltr'><strong>LIBRI</strong></span> <span class='ocrx_word' id='word_1_3' title='bbox 1174 212 1261 274; x_wconf 82' lang='lat' dir='ltr'><strong>DE</strong></span> <span class='ocrx_word' id='word_1_4' title='bbox 1299 218 1689 275; x_wconf 67' lang='lat' dir='ltr'><strong>C-REATIONE</strong></span> <span class='ocrx_word' id='word_1_5' title='bbox 1727 218 2007 274; x_wconf 72' lang='lat' dir='ltr'><strong>HOMINIS</strong></span> <span class='ocrx_word' id='word_1_6' title='bbox 2046 219 2622 282; x_wconf 60' lang='lat' dir='ltr'><strong>INTEIKPRETATIO.</strong></span> <span class='ocrx_word' id='word_1_7' title='bbox 3363 228 3465 281; x_wconf 70' lang='grc'><strong>386</strong></span> 
     </span>
    </p>
   </div>
   <div class='ocr_carea' id='block_1_2' title="bbox 104 331 3466 414">
    <p class='ocr_par' dir='ltr' id='par_1_2' title="bbox 104 331 3466 414">
     <span class='ocr_line' id='line_1_2' title="bbox 104 331 3466 414; baseline 0.004 -27"><span class='ocrx_word' id='word_1_8' title='bbox 104 350 205 405; x_wconf 84' lang='lat' dir='ltr'><strong>pro</strong></span> <span class='ocrx_word' id='word_1_9' title='bbox 256 331 460 389; x_wconf 75' lang='lat' dir='ltr'><strong>nobis</strong></span> <span class='ocrx_word' id='word_1_10' title='bbox 541 337 721 390; x_wconf 82' lang='lat' dir='ltr'><strong>melius</strong></span> <span class='ocrx_word' id='word_1_11' title='bbox 770 337 1067 406; x_wconf 75' lang='lat' dir='ltr'><strong>providente</strong></span> <span class='ocrx_word' id='word_1_12' title='bbox 1093 379 1107 402; x_wconf 91' lang='lat'><strong>,</strong></span> <span class='ocrx_word' id='word_1_13' title='bbox 1156 338 1308 406; x_wconf 86' lang='lat' dir='ltr'><strong>juxta</strong></span> <span class='ocrx_word' id='word_1_14' title='bbox 1357 337 1593 405; x_wconf 82' lang='lat' dir='ltr'><strong>ejusdem</strong></span> <span class='ocrx_word' id='word_1_15' title='bbox 1640 337 1782 393; x_wconf 89' lang='lat' dir='ltr'><strong>beati</strong></span> <span class='ocrx_word' id='word_1_16' title='bbox 1817 343 1856 396; x_wconf 74' lang='grc' dir='ltr'>Α</span> <span class='ocrx_word' id='word_1_17' title='bbox 1890 337 2049 390; x_wconf 88' lang='lat' dir='ltr'><strong>tinem</strong></span> <span class='ocrx_word' id='word_1_18' title='bbox 2067 352 2172 391; x_wconf 90' lang='lat' dir='ltr'><strong>non</strong></span> <span class='ocrx_word' id='word_1_19' title='bbox 2192 340 2774 408; x_wconf 82' lang='lat' dir='ltr'><strong>recipit,coustateum</strong></span> <span class='ocrx_word' id='word_1_20' title='bbox 2807 357 2903 397; x_wconf 89' lang='lat' dir='ltr'><strong>nec</strong></span> <span class='ocrx_word' id='word_1_21' title='bbox 2933 343 3140 397; x_wconf 90' lang='lat' dir='ltr'><strong>initium</strong></span> <span class='ocrx_word' id='word_1_22' title='bbox 3173 340 3466 414; x_wconf 69' lang='lat' dir='ltr'><strong>accepisse.</strong></span> 
     </span>
    </p>
   </div>
   <div class='ocr_carea' id='block_1_3' title="bbox 106 423 3469 503">
    <p class='ocr_par' dir='ltr' id='par_1_3' title="bbox 106 423 3469 503">
     <span class='ocr_line' id='line_1_3' title="bbox 106 423 3469 503; baseline 0.003 -25"><span class='ocrx_word' id='word_1_23' title='bbox 106 423 276 477; x_wconf 77' lang='lat' dir='ltr'><strong>Pauli</strong></span> <span class='ocrx_word' id='word_1_24' title='bbox 348 440 640 495; x_wconf 80' lang='lat' dir='ltr'><strong>vocem,</strong></span> <span class='ocrx_word' id='word_1_25' title='bbox 692 444 756 480; x_wconf 90' lang='lat' dir='ltr'><strong>ne</strong></span> <span class='ocrx_word' id='word_1_26' title='bbox 804 429 915 480; x_wconf 91' lang='lat' dir='ltr'><strong>sine</strong></span> <span class='ocrx_word' id='word_1_27' title='bbox 969 426 1115 482; x_wconf 88' lang='lat' dir='ltr'><strong>nobis</strong></span> <span class='ocrx_word' id='word_1_28' title='bbox 1172 439 1677 484; x_wconf 69' lang='lat' dir='ltr'><strong>consummat-eatur.</strong></span> <span class='ocrx_word' id='word_1_29' title='bbox 1728 429 1785 484; x_wconf 87' lang='lat' dir='ltr'>Si</span> <span class='ocrx_word' id='word_1_30' title='bbox 1889 425 1995 479; x_wconf 86' lang='lat' dir='ltr'><strong>Sed</strong></span> <span class='ocrx_word' id='word_1_31' title='bbox 2026 426 2162 481; x_wconf 81' lang='lat' dir='ltr'><strong>sicut</strong></span> <span class='ocrx_word' id='word_1_32' title='bbox 2193 427 2294 482; x_wconf 66' lang='lat' dir='ltr'><strong>ille</strong></span> <span class='ocrx_word' id='word_1_33' title='bbox 2334 438 2513 497; x_wconf 89' lang='lat' dir='ltr'><strong>aptata</strong></span> <span class='ocrx_word' id='word_1_34' title='bbox 2546 447 2665 486; x_wconf 87' lang='lat' dir='ltr'><strong>esse</strong></span> <span class='ocrx_word' id='word_1_35' title='bbox 2692 432 2885 487; x_wconf 74' lang='lat' dir='ltr'><strong>saecula</strong></span> <span class='ocrx_word' id='word_1_36' title='bbox 2916 433 3262 503; x_wconf 77' lang='lat' dir='ltr'><strong>intelligimus</strong></span> <span class='ocrx_word' id='word_1_37' title='bbox 3290 434 3469 489; x_wconf 71' lang='lat' dir='ltr'><strong>Verbo</strong></span> 
     </span>
    </p>
   </div>
   <div class='ocr_carea' id='block_1_4' title="bbox 107 515 3467 588">
    <p class='ocr_par' dir='ltr' id='par_1_4' title="bbox 107 515 3467 588">
     <span class='ocr_line' id='line_1_4' title="bbox 107 515 3467 588; baseline 0.003 -22"><span class='ocrx_word' id='word_1_38' title='bbox 107 516 293 583; x_wconf 78' lang='lat' dir='ltr'><strong>igitur</strong></span> <span class='ocrx_word' id='word_1_39' title='bbox 349 515 458 569; x_wconf 83' lang='lat' dir='ltr'><strong>illi</strong></span> <span class='ocrx_word' id='word_1_40' title='bbox 500 517 827 572; x_wconf 74' lang='lat' dir='ltr'><strong>dilationem</strong></span> <span class='ocrx_word' id='word_1_41' title='bbox 856 516 996 571; x_wconf 87' lang='lat' dir='ltr'><strong>hanc</strong></span> <span class='ocrx_word' id='word_1_42' title='bbox 1022 518 1397 585; x_wconf 63' lang='lat' dir='ltr'><strong>aequanimiter</strong></span> <span class='ocrx_word' id='word_1_43' title='bbox 1426 519 1783 588; x_wconf 86' lang='lat' dir='ltr'><strong>pertulerunt,</strong></span> <span class='ocrx_word' id='word_1_44' title='bbox 1891 516 2006 583; x_wconf 85' lang='lat' dir='ltr'><strong>Dei,</strong></span> <span class='ocrx_word' id='word_1_45' title='bbox 2038 516 2179 571; x_wconf 88' lang='lat' dir='ltr'><strong>sicut</strong></span> <span class='ocrx_word' id='word_1_46' title='bbox 2209 518 2499 588; x_wconf 80' lang='lat' dir='ltr'><strong>Apostolus</strong></span> <span class='ocrx_word' id='word_1_47' title='bbox 2526 521 2626 584; x_wconf 87' lang='lat' dir='ltr'><strong>ait,</strong></span> <span class='ocrx_word' id='word_1_48' title='bbox 2661 531 2718 574; x_wconf 90' lang='lat' dir='ltr'><strong>ut</strong></span> <span class='ocrx_word' id='word_1_49' title='bbox 2747 538 2825 575; x_wconf 50' lang='lat' dir='ltr'><strong>‘ex</strong></span> <span class='ocrx_word' id='word_1_50' title='bbox 2859 524 3210 578; x_wconf 84' lang='lat' dir='ltr'><strong>invisibilibus</strong></span> <span class='ocrx_word' id='word_1_51' title='bbox 3238 523 3467 578; x_wconf 81' lang='lat' dir='ltr'><strong>visibil&#39;a</strong></span> 
     </span>
    </p>
   </div>
   <div class='ocr_carea' id='block_1_5' title="bbox 110 606 3468 685">
    <p class='ocr_par' dir='ltr' id='par_1_5' title="bbox 110 606 3468 685">
     <span class='ocr_line' id='line_1_5' title="bbox 110 606 3468 685; baseline 0.003 -26"><span class='ocrx_word' id='word_1_52' title='bbox 110 607 210 674; x_wconf 88' lang='lat' dir='ltr'><strong>qui</strong></span> <span class='ocrx_word' id='word_1_53' title='bbox 237 606 322 660; x_wconf 85' lang='lat' dir='ltr'><strong>de</strong></span> <span class='ocrx_word' id='word_1_54' title='bbox 354 606 565 675; x_wconf 78' lang='lat' dir='ltr'><strong>longe</strong></span> <span class='ocrx_word' id='word_1_55' title='bbox 591 624 685 677; x_wconf 87' lang='lat' dir='ltr'><strong>spe</strong></span> <span class='ocrx_word' id='word_1_56' title='bbox 715 608 829 664; x_wconf 91' lang='lat' dir='ltr'><strong>sola</strong></span> <span class='ocrx_word' id='word_1_57' title='bbox 877 615 1038 675; x_wconf 90' lang='lat' dir='ltr'><strong>atque</strong></span> <span class='ocrx_word' id='word_1_58' title='bbox 1070 607 1170 661; x_wconf 90' lang='lat' dir='ltr'><strong>ﬁde</strong></span> <span class='ocrx_word' id='word_1_59' title='bbox 1197 617 1481 663; x_wconf 88' lang='lat' dir='ltr'><strong>cernentes</strong></span> <span class='ocrx_word' id='word_1_60' title='bbox 1510 608 1647 661; x_wconf 89' lang='lat' dir='ltr'><strong>bona</strong></span> <span class='ocrx_word' id='word_1_61' title='bbox 1675 606 1784 661; x_wconf 86' lang='lat' dir='ltr'><strong>Do-</strong></span> <span class='ocrx_word' id='word_1_62' title='bbox 1890 607 2099 665; x_wconf 82' lang='lat' dir='ltr'><strong>ﬁerent,</strong></span> <span class='ocrx_word' id='word_1_63' title='bbox 2126 609 2312 662; x_wconf 87' lang='lat' dir='ltr'><strong>eadem</strong></span> <span class='ocrx_word' id='word_1_64' title='bbox 2345 609 2446 664; x_wconf 82' lang='lat' dir='ltr'><strong>ﬁde</strong></span> <span class='ocrx_word' id='word_1_65' title='bbox 2469 620 2704 666; x_wconf 86' lang='lat' dir='ltr'><strong>mutetur</strong></span> <span class='ocrx_word' id='word_1_66' title='bbox 2723 613 2789 667; x_wconf 91' lang='lat' dir='ltr'><strong>de</strong></span> <span class='ocrx_word' id='word_1_67' title='bbox 2810 614 2988 670; x_wconf 78' lang='lat' dir='ltr'><strong>Verbo</strong></span> <span class='ocrx_word' id='word_1_68' title='bbox 3021 615 3135 681; x_wconf 86' lang='lat' dir='ltr'><strong>Dei,</strong></span> <span class='ocrx_word' id='word_1_69' title='bbox 3160 616 3250 685; x_wconf 90' lang='lat' dir='ltr'><strong>qui</strong></span> <span class='ocrx_word' id='word_1_70' title='bbox 3277 631 3468 670; x_wconf 80' lang='lat' dir='ltr'><strong>neces-</strong></span> 
     </span>
    </p>
   </div>
   <div class='ocr_carea' id='block_1_6' title="bbox 112 693 3465 776">
    <p class='ocr_par' dir='ltr' id='par_1_6' title="bbox 112 693 3465 776">
     <span class='ocr_line' id='line_1_6' title="bbox 112 693 3465 776; baseline 0.002 -25"><span class='ocrx_word' id='word_1_71' title='bbox 112 697 260 751; x_wconf 86' lang='lat' dir='ltr'><strong>mini</strong></span> <span class='ocrx_word' id='word_1_72' title='bbox 298 707 370 751; x_wconf 84' lang='lat' dir='ltr'><strong>et</strong></span> <span class='ocrx_word' id='word_1_73' title='bbox 433 701 761 754; x_wconf 82' lang='lat' dir='ltr'><strong>salutantes</strong></span> <span class='ocrx_word' id='word_1_74' title='bbox 786 715 870 765; x_wconf 91' lang='lat' dir='ltr'><strong>ea,</strong></span> <span class='ocrx_word' id='word_1_75' title='bbox 919 701 1055 755; x_wconf 80' lang='lat' dir='ltr'><strong>sicut</strong></span> <span class='ocrx_word' id='word_1_76' title='bbox 1079 708 1305 753; x_wconf 81' lang='lat' dir='ltr'><strong>testatur</strong></span> <span class='ocrx_word' id='word_1_77' title='bbox 1333 700 1642 768; x_wconf 89' lang='lat' dir='ltr'><strong>Apostolus,</strong></span> <span class='ocrx_word' id='word_1_78' title='bbox 1672 693 1843 755; x_wconf 65' lang='grc' dir='ltr'><strong>οθι--έ</strong></span> <span class='ocrx_word' id='word_1_79' title='bbox 1888 700 2085 752; x_wconf 86' lang='lat' dir='ltr'><strong>sariam</strong></span> <span class='ocrx_word' id='word_1_80' title='bbox 2112 715 2297 753; x_wconf 89' lang='lat' dir='ltr'><strong>eorum</strong></span> <span class='ocrx_word' id='word_1_81' title='bbox 2326 716 2444 769; x_wconf 80' lang='lat' dir='ltr'><strong>quae</strong></span> <span class='ocrx_word' id='word_1_82' title='bbox 2474 711 2598 755; x_wconf 88' lang='lat' dir='ltr'><strong>sunt</strong></span> <span class='ocrx_word' id='word_1_83' title='bbox 2629 704 3030 759; x_wconf 84' lang='lat' dir='ltr'><strong>translationem</strong></span> <span class='ocrx_word' id='word_1_84' title='bbox 3062 705 3176 760; x_wconf 90' lang='lat' dir='ltr'><strong>fore</strong></span> <span class='ocrx_word' id='word_1_85' title='bbox 3204 707 3465 776; x_wconf 53' lang='lat' dir='ltr'><strong>praedixit.</strong></span> 
     </span>
    </p>
   </div>
   <div class='ocr_carea' id='block_1_7' title="bbox 120 784 3469 867">
    <p class='ocr_par' dir='ltr' id='par_1_7' title="bbox 120 784 3469 867">
     <span class='ocr_line' id='line_1_7' title="bbox 120 784 3469 867; baseline 0.003 -27"><span class='ocrx_word' id='word_1_86' title='bbox 120 800 238 841; x_wconf 86' lang='lat' dir='ltr'><strong>tam</strong></span> <span class='ocrx_word' id='word_1_87' title='bbox 276 791 730 857; x_wconf 83' lang='lat' dir='ltr'><strong>sperandarum</strong></span> <span class='ocrx_word' id='word_1_88' title='bbox 760 808 940 847; x_wconf 91' lang='lat' dir='ltr'><strong>rerum</strong></span> <span class='ocrx_word' id='word_1_89' title='bbox 964 790 1354 860; x_wconf 90' lang='lat' dir='ltr'><strong>jucunditatem</strong></span> <span class='ocrx_word' id='word_1_90' title='bbox 1380 791 1433 844; x_wconf 89' lang='lat' dir='ltr'><strong>in</strong></span> <span class='ocrx_word' id='word_1_91' title='bbox 1463 806 1528 845; x_wconf 90' lang='lat' dir='ltr'><strong>eo</strong></span> <span class='ocrx_word' id='word_1_92' title='bbox 1556 799 1788 844; x_wconf 89' lang='lat' dir='ltr'><strong>tantum-</strong></span> <span class='ocrx_word' id='word_1_93' title='bbox 1889 784 2008 855; x_wconf 86' lang='lat' dir='ltr'><strong>Quo</strong></span> <span class='ocrx_word' id='word_1_94' title='bbox 2053 798 2230 844; x_wconf 92' lang='lat' dir='ltr'><strong>autem</strong></span> <span class='ocrx_word' id='word_1_95' title='bbox 2261 791 2312 844; x_wconf 91' lang='lat' dir='ltr'><strong>id</strong></span> <span class='ocrx_word' id='word_1_96' title='bbox 2344 792 2435 845; x_wconf 87' lang='lat' dir='ltr'><strong>ﬁat</strong></span> <span class='ocrx_word' id='word_1_97' title='bbox 2478 794 2657 856; x_wconf 89' lang='lat' dir='ltr'><strong>modo,</strong></span> <span class='ocrx_word' id='word_1_98' title='bbox 2688 795 2881 849; x_wconf 87' lang='lat' dir='ltr'><strong>curiosi</strong></span> <span class='ocrx_word' id='word_1_99' title='bbox 2914 805 2998 851; x_wconf 88' lang='lat' dir='ltr'><strong>est</strong></span> <span class='ocrx_word' id='word_1_100' title='bbox 3027 814 3284 867; x_wconf 73' lang='lat' dir='ltr'><strong>qumrere.</strong></span> <span class='ocrx_word' id='word_1_101' title='bbox 3337 798 3469 851; x_wconf 83' lang='lat' dir='ltr'><strong>Nam</strong></span> 
     </span>
    </p>
   </div>
   <div class='ocr_carea' id='block_1_8' title="bbox 120 877 3471 951">
    <p class='ocr_par' dir='ltr' id='par_1_8' title="bbox 120 877 3471 951">
     <span class='ocr_line' id='line_1_8' title="bbox 120 877 3471 951; baseline 0.004 -22"><span class='ocrx_word' id='word_1_102' title='bbox 120 877 310 932; x_wconf 88' lang='lat' dir='ltr'><strong>modo</strong></span> <span class='ocrx_word' id='word_1_103' title='bbox 376 879 770 945; x_wconf 85' lang='lat' dir='ltr'><strong>collocarunt,</strong></span> <span class='ocrx_word' id='word_1_104' title='bbox 804 881 949 950; x_wconf 92' lang='lat' dir='ltr'><strong>quod</strong></span> <span class='ocrx_word' id='word_1_105' title='bbox 979 882 1187 936; x_wconf 88' lang='lat' dir='ltr'><strong>ﬁdelem</strong></span> <span class='ocrx_word' id='word_1_106' title='bbox 1216 880 1601 951; x_wconf 90' lang='lat' dir='ltr'><strong>promissorem</strong></span> <span class='ocrx_word' id='word_1_107' title='bbox 1651 896 1789 936; x_wconf 89' lang='lat' dir='ltr'><strong>con-</strong></span> <span class='ocrx_word' id='word_1_108' title='bbox 1889 886 1943 932; x_wconf 89' lang='lat' dir='ltr'><strong>et</strong></span> <span class='ocrx_word' id='word_1_109' title='bbox 1974 879 2046 933; x_wconf 89' lang='lat' dir='ltr'><strong>ibi</strong></span> <span class='ocrx_word' id='word_1_110' title='bbox 2075 879 2311 947; x_wconf 88' lang='lat' dir='ltr'><strong>perfecta</strong></span> <span class='ocrx_word' id='word_1_111' title='bbox 2337 896 2456 935; x_wconf 90' lang='lat' dir='ltr'><strong>esse</strong></span> <span class='ocrx_word' id='word_1_112' title='bbox 2480 897 2597 951; x_wconf 73' lang='lat' dir='ltr'><strong>qua:</strong></span> <span class='ocrx_word' id='word_1_113' title='bbox 2618 884 2887 950; x_wconf 90' lang='lat' dir='ltr'><strong>videntur,</strong></span> <span class='ocrx_word' id='word_1_114' title='bbox 2914 901 2979 940; x_wconf 88' lang='lat' dir='ltr'><strong>ex</strong></span> <span class='ocrx_word' id='word_1_115' title='bbox 3004 880 3343 942; x_wconf 86' lang='lat' dir='ltr'><strong>invisibilium</strong></span> <span class='ocrx_word' id='word_1_116' title='bbox 3367 888 3471 942; x_wconf 76' lang='lat' dir='ltr'><strong>title</strong></span> 
     </span>
    </p>
   </div>
   <div class='ocr_carea' id='block_1_9' title="bbox 126 969 3471 1043">
    <p class='ocr_par' dir='ltr' id='par_1_9' title="bbox 126 969 3471 1043">
     <span class='ocr_line' id='line_1_9' title="bbox 126 969 3471 1043; baseline 0.003 -21"><span class='ocrx_word' id='word_1_117' title='bbox 126 969 214 1023; x_wconf 88' lang='lat' dir='ltr'><strong>tisi</strong></span> <span class='ocrx_word' id='word_1_118' title='bbox 246 976 434 1036; x_wconf 70' lang='lat' dir='ltr'><strong>sunt,</strong></span> <span class='ocrx_word' id='word_1_119' title='bbox 472 972 612 1040; x_wconf 90' lang='lat' dir='ltr'><strong>quid</strong></span> <span class='ocrx_word' id='word_1_120' title='bbox 644 988 742 1027; x_wconf 90' lang='lat' dir='ltr'><strong>nos</strong></span> <span class='ocrx_word' id='word_1_121' title='bbox 773 973 958 1043; x_wconf 86' lang='lat' dir='ltr'><strong>plures</strong></span> <span class='ocrx_word' id='word_1_122' title='bbox 988 972 1239 1027; x_wconf 87' lang='lat' dir='ltr'><strong>convenit</strong></span> <span class='ocrx_word' id='word_1_123' title='bbox 1266 972 1565 1039; x_wconf 70' lang='lat' dir='ltr'><strong>testimare,</strong></span> <span class='ocrx_word' id='word_1_124' title='bbox 1594 971 1788 1041; x_wconf 89' lang='lat' dir='ltr'><strong>quibus</strong></span> <span class='ocrx_word' id='word_1_125' title='bbox 1889 971 2234 1039; x_wconf 74' lang='lat' dir='ltr'><strong>percipimus,</strong></span> <span class='ocrx_word' id='word_1_126' title='bbox 2255 972 3281 1043; x_wconf 88' lang='lat' dir='ltr'><strong>inquisitionemincomprehensibilium</strong></span> <span class='ocrx_word' id='word_1_127' title='bbox 3296 987 3471 1033; x_wconf 82' lang='lat' dir='ltr'><strong>trans-</strong></span> 
     </span>
    </p>
   </div>
   <div class='ocr_carea' id='block_1_10' title="bbox 126 1060 3470 1133">
    <p class='ocr_par' dir='ltr' id='par_1_10' title="bbox 126 1060 3470 1133">
     <span class='ocr_line' id='line_1_10' title="bbox 126 1060 3470 1133; baseline 0.003 -20"><span class='ocrx_word' id='word_1_128' title='bbox 126 1060 401 1115; x_wconf 80' lang='lat' dir='ltr'><strong>forsitan</strong></span> <span class='ocrx_word' id='word_1_129' title='bbox 444 1078 566 1117; x_wconf 88' lang='lat' dir='ltr'><strong>nec</strong></span> <span class='ocrx_word' id='word_1_130' title='bbox 592 1066 660 1117; x_wconf 90' lang='lat' dir='ltr'><strong>ad</strong></span> <span class='ocrx_word' id='word_1_131' title='bbox 689 1064 965 1117; x_wconf 90' lang='lat' dir='ltr'><strong>meliorem</strong></span> <span class='ocrx_word' id='word_1_132' title='bbox 1005 1078 1129 1133; x_wconf 86' lang='lat' dir='ltr'><strong>spes</strong></span> <span class='ocrx_word' id='word_1_133' title='bbox 1157 1078 1223 1119; x_wconf 82' lang='lat' dir='ltr'><strong>ex</strong></span> <span class='ocrx_word' id='word_1_134' title='bbox 1255 1063 1378 1116; x_wconf 63' lang='lat' dir='ltr'><strong>vita;</strong></span> <span class='ocrx_word' id='word_1_135' title='bbox 1407 1069 1585 1132; x_wconf 88' lang='lat' dir='ltr'><strong>potest</strong></span> <span class='ocrx_word' id='word_1_136' title='bbox 1613 1061 1786 1130; x_wconf 91' lang='lat' dir='ltr'><strong>quali-</strong></span> <span class='ocrx_word' id='word_1_137' title='bbox 1889 1068 2080 1113; x_wconf 91' lang='lat' dir='ltr'><strong>euntes</strong></span> <span class='ocrx_word' id='word_1_138' title='bbox 2112 1077 2125 1112; x_wconf 87' lang='lat'><strong>:</strong></span> <span class='ocrx_word' id='word_1_139' title='bbox 2151 1060 2391 1129; x_wconf 91' lang='lat' dir='ltr'><strong>quinimo</strong></span> <span class='ocrx_word' id='word_1_140' title='bbox 2423 1077 2544 1116; x_wconf 90' lang='lat' dir='ltr'><strong>cum</strong></span> <span class='ocrx_word' id='word_1_141' title='bbox 2573 1062 2639 1116; x_wconf 92' lang='lat' dir='ltr'><strong>de</strong></span> <span class='ocrx_word' id='word_1_142' title='bbox 2666 1063 2849 1117; x_wconf 90' lang='lat' dir='ltr'><strong>multis</strong></span> <span class='ocrx_word' id='word_1_143' title='bbox 2876 1064 3129 1131; x_wconf 87' lang='lat' dir='ltr'><strong>ignorare</strong></span> <span class='ocrx_word' id='word_1_144' title='bbox 3159 1082 3255 1120; x_wconf 90' lang='lat' dir='ltr'><strong>nos</strong></span> <span class='ocrx_word' id='word_1_145' title='bbox 3291 1084 3470 1123; x_wconf 88' lang='lat' dir='ltr'><strong>sermo</strong></span> 
     </span>
    </p>
   </div>
   <div class='ocr_carea' id='block_1_11' title="bbox 133 1146 3471 1224">
    <p class='ocr_par' dir='ltr' id='par_1_11' title="bbox 133 1146 3471 1224">
     <span class='ocr_line' id='line_1_11' title="bbox 133 1146 3471 1224; baseline 0.002 -18"><span class='ocrx_word' id='word_1_146' title='bbox 133 1163 258 1207; x_wconf 87' lang='lat' dir='ltr'><strong>tate</strong></span> <span class='ocrx_word' id='word_1_147' title='bbox 292 1157 668 1224; x_wconf 83' lang='lat' dir='ltr'><strong>suppetere?</strong></span> <span class='ocrx_word' id='word_1_148' title='bbox 716 1154 922 1210; x_wconf 78' lang='lat' dir='ltr'><strong>Deiecit</strong></span> <span class='ocrx_word' id='word_1_149' title='bbox 967 1163 1023 1210; x_wconf 86' lang='lat' dir='ltr'><strong>et</strong></span> <span class='ocrx_word' id='word_1_150' title='bbox 1066 1170 1173 1224; x_wconf 82' lang='lat' dir='ltr'><strong>prae</strong></span> <span class='ocrx_word' id='word_1_151' title='bbox 1200 1153 1465 1208; x_wconf 89' lang='lat' dir='ltr'><strong>desiderio</strong></span> <span class='ocrx_word' id='word_1_152' title='bbox 1512 1146 1849 1224; x_wconf 52' lang='lat' dir='ltr'><strong>prophetiam</strong></span> <span class='ocrx_word' id='word_1_153' title='bbox 1888 1160 2265 1217; x_wconf 77' lang='lat' dir='ltr'><strong>commoneat,</strong></span> <span class='ocrx_word' id='word_1_154' title='bbox 2317 1169 2424 1207; x_wconf 90' lang='lat' dir='ltr'><strong>non</strong></span> <span class='ocrx_word' id='word_1_155' title='bbox 2476 1169 2697 1223; x_wconf 85' lang='lat' dir='ltr'><strong>parvam</strong></span> <span class='ocrx_word' id='word_1_156' title='bbox 2746 1155 3167 1210; x_wconf 81' lang='lat' dir='ltr'><strong>satisfactionem</strong></span> <span class='ocrx_word' id='word_1_157' title='bbox 3196 1158 3263 1213; x_wconf 92' lang='lat' dir='ltr'><strong>de</strong></span> <span class='ocrx_word' id='word_1_158' title='bbox 3292 1175 3471 1214; x_wconf 89' lang='lat' dir='ltr'><strong>rerum</strong></span> 
     </span>
    </p>
   </div>
   <div class='ocr_carea' id='block_1_12' title="bbox 132 1242 3473 1317">
    <p class='ocr_par' dir='ltr' id='par_1_12' title="bbox 132 1242 3473 1317">
     <span class='ocr_line' id='line_1_12' title="bbox 132 1242 3473 1317; baseline 0.001 -18"><span class='ocrx_word' id='word_1_159' title='bbox 132 1244 374 1312; x_wconf 85' lang='lat' dir='ltr'><strong>anima,</strong></span> <span class='ocrx_word' id='word_1_160' title='bbox 411 1248 523 1316; x_wconf 88' lang='lat' dir='ltr'><strong>qui</strong></span> <span class='ocrx_word' id='word_1_161' title='bbox 554 1263 653 1316; x_wconf 91' lang='lat' dir='ltr'><strong>per</strong></span> <span class='ocrx_word' id='word_1_162' title='bbox 672 1244 1024 1317; x_wconf 88' lang='lat' dir='ltr'><strong>psalmodiam</strong></span> <span class='ocrx_word' id='word_1_163' title='bbox 1049 1245 1247 1300; x_wconf 90' lang='lat' dir='ltr'><strong>amoris</strong></span> <span class='ocrx_word' id='word_1_164' title='bbox 1268 1244 1348 1297; x_wconf 90' lang='lat' dir='ltr'><strong>sui</strong></span> <span class='ocrx_word' id='word_1_165' title='bbox 1368 1243 1785 1313; x_wconf 83' lang='lat' dir='ltr'><strong>magnitudinem</strong></span> <span class='ocrx_word' id='word_1_166' title='bbox 1889 1242 2274 1297; x_wconf 89' lang='lat' dir='ltr'><strong>credendarum</strong></span> <span class='ocrx_word' id='word_1_167' title='bbox 2326 1243 2674 1312; x_wconf 83' lang='lat' dir='ltr'><strong>ambiguitate</strong></span> <span class='ocrx_word' id='word_1_168' title='bbox 2723 1245 3006 1299; x_wconf 86' lang='lat' dir='ltr'><strong>concessit.</strong></span> <span class='ocrx_word' id='word_1_169' title='bbox 3070 1245 3281 1300; x_wconf 88' lang='lat' dir='ltr'><strong>Liceret</strong></span> <span class='ocrx_word' id='word_1_170' title='bbox 3329 1249 3473 1303; x_wconf 89' lang='lat' dir='ltr'><strong>enim</strong></span> 
     </span>
    </p>
   </div>
   <div class='ocr_carea' id='block_1_13' title="bbox 136 1335 3475 1409">
    <p class='ocr_par' dir='ltr' id='par_1_13' title="bbox 136 1335 3475 1409">
     <span class='ocr_line' id='line_1_13' title="bbox 136 1335 3475 1409; baseline 0.002 -19"><span class='ocrx_word' id='word_1_171' title='bbox 136 1335 494 1390; x_wconf 80' lang='lat' dir='ltr'><strong>conﬁtetur</strong></span> <span class='ocrx_word' id='word_1_172' title='bbox 524 1347 582 1391; x_wconf 90' lang='lat' dir='ltr'><strong>et</strong></span> <span class='ocrx_word' id='word_1_173' title='bbox 609 1337 776 1391; x_wconf 91' lang='lat' dir='ltr'><strong>dicit:</strong></span> <span class='ocrx_word' id='word_1_174' title='bbox 802 1336 1129 1407; x_wconf 80' lang='lat' dir='ltr'><strong>Concupiscit</strong></span> <span class='ocrx_word' id='word_1_175' title='bbox 1173 1344 1220 1389; x_wconf 92' lang='lat' dir='ltr'><strong>et</strong></span> <span class='ocrx_word' id='word_1_176' title='bbox 1249 1335 1423 1404; x_wconf 80' lang='lat' dir='ltr'><strong>deﬁcit</strong></span> <span class='ocrx_word' id='word_1_177' title='bbox 1470 1335 1644 1387; x_wconf 89' lang='lat' dir='ltr'><strong>anima</strong></span> <span class='ocrx_word' id='word_1_178' title='bbox 1673 1350 1789 1387; x_wconf 88' lang='lat' dir='ltr'><strong>mea</strong></span> <span class='ocrx_word' id='word_1_179' title='bbox 1890 1337 2245 1391; x_wconf 86' lang='lat' dir='ltr'><strong>contentinsis</strong></span> <span class='ocrx_word' id='word_1_180' title='bbox 2277 1345 2332 1390; x_wconf 90' lang='lat' dir='ltr'><strong>et</strong></span> <span class='ocrx_word' id='word_1_181' title='bbox 2358 1337 2553 1391; x_wconf 89' lang='lat' dir='ltr'><strong>ibidem</strong></span> <span class='ocrx_word' id='word_1_182' title='bbox 2584 1339 2900 1407; x_wconf 87' lang='lat' dir='ltr'><strong>quibusdam</strong></span> <span class='ocrx_word' id='word_1_183' title='bbox 2923 1343 3475 1409; x_wconf 81' lang='lat' dir='ltr'><strong>argumentationibus</strong></span> 
     </span>
    </p>
   </div>
   <div class='ocr_carea' id='block_1_14' title="bbox 132 1423 3473 1495">
    <p class='ocr_par' dir='ltr' id='par_1_14' title="bbox 132 1423 3473 1495">
     <span class='ocr_line' id='line_1_14' title="bbox 132 1423 3473 1495; baseline 0.003 -16"><span class='ocrx_word' id='word_1_184' title='bbox 132 1430 193 1480; x_wconf 83' lang='lat' dir='ltr'><strong>in</strong></span> <span class='ocrx_word' id='word_1_185' title='bbox 267 1430 441 1482; x_wconf 86' lang='lat' dir='ltr'><strong>atria</strong></span> <span class='ocrx_word' id='word_1_186' title='bbox 482 1427 718 1493; x_wconf 87' lang='lat' dir='ltr'><strong>Domini,</strong></span> <span class='ocrx_word' id='word_1_187' title='bbox 751 1437 804 1484; x_wconf 90' lang='lat' dir='ltr'><strong>et</strong></span> <span class='ocrx_word' id='word_1_188' title='bbox 832 1429 876 1484; x_wconf 92' lang='lat' dir='ltr'><strong>si</strong></span> <span class='ocrx_word' id='word_1_189' title='bbox 924 1443 1045 1483; x_wconf 91' lang='lat' dir='ltr'><strong>eum</strong></span> <span class='ocrx_word' id='word_1_190' title='bbox 1078 1428 1130 1481; x_wconf 94' lang='lat' dir='ltr'><strong>in</strong></span> <span class='ocrx_word' id='word_1_191' title='bbox 1155 1426 1411 1481; x_wconf 83' lang='lat' dir='ltr'><strong>extremis</strong></span> <span class='ocrx_word' id='word_1_192' title='bbox 1440 1424 1626 1495; x_wconf 89' lang='lat' dir='ltr'><strong>projici</strong></span> <span class='ocrx_word' id='word_1_193' title='bbox 1657 1440 1789 1479; x_wconf 82' lang='lat' dir='ltr'><strong>con—</strong></span> <span class='ocrx_word' id='word_1_194' title='bbox 1891 1423 2053 1487; x_wconf 88' lang='lat' dir='ltr'><strong>ﬁdem</strong></span> <span class='ocrx_word' id='word_1_195' title='bbox 2081 1433 2479 1493; x_wconf 85' lang='lat' dir='ltr'><strong>consequenter</strong></span> <span class='ocrx_word' id='word_1_196' title='bbox 2506 1434 2785 1493; x_wconf 87' lang='lat' dir='ltr'><strong>evertere,</strong></span> <span class='ocrx_word' id='word_1_197' title='bbox 2834 1445 2903 1484; x_wconf 90' lang='lat' dir='ltr'><strong>ne</strong></span> <span class='ocrx_word' id='word_1_198' title='bbox 2950 1431 3017 1485; x_wconf 89' lang='lat' dir='ltr'><strong>de</strong></span> <span class='ocrx_word' id='word_1_199' title='bbox 3046 1434 3309 1488; x_wconf 88' lang='lat' dir='ltr'><strong>materiali</strong></span> <span class='ocrx_word' id='word_1_200' title='bbox 3339 1450 3473 1489; x_wconf 83' lang='lat' dir='ltr'><strong>eon-</strong></span> 
     </span>
    </p>
   </div>
   <div class='ocr_carea' id='block_1_15' title="bbox 140 1516 3475 1592">
    <p class='ocr_par' dir='ltr' id='par_1_15' title="bbox 140 1516 3475 1592">
     <span class='ocr_line' id='line_1_15' title="bbox 140 1516 3475 1592; baseline 0.003 -20"><span class='ocrx_word' id='word_1_201' title='bbox 140 1518 365 1586; x_wconf 82' lang='lat' dir='ltr'><strong>tingat,</strong></span> <span class='ocrx_word' id='word_1_202' title='bbox 407 1518 475 1573; x_wconf 86' lang='lat' dir='ltr'><strong>id</strong></span> <span class='ocrx_word' id='word_1_203' title='bbox 512 1520 768 1589; x_wconf 90' lang='lat' dir='ltr'><strong>postulat,</strong></span> <span class='ocrx_word' id='word_1_204' title='bbox 801 1528 1054 1586; x_wconf 89' lang='lat' dir='ltr'><strong>tanquam</strong></span> <span class='ocrx_word' id='word_1_205' title='bbox 1076 1517 1247 1586; x_wconf 88' lang='lat' dir='ltr'><strong>majus</strong></span> <span class='ocrx_word' id='word_1_206' title='bbox 1267 1516 1511 1585; x_wconf 89' lang='lat' dir='ltr'><strong>sitatque</strong></span> <span class='ocrx_word' id='word_1_207' title='bbox 1538 1522 1790 1583; x_wconf 70' lang='lat' dir='ltr'><strong>prmstan—</strong></span> <span class='ocrx_word' id='word_1_208' title='bbox 1889 1517 2094 1572; x_wconf 91' lang='lat' dir='ltr'><strong>ditione</strong></span> <span class='ocrx_word' id='word_1_209' title='bbox 2132 1533 2254 1572; x_wconf 87' lang='lat' dir='ltr'><strong>vera</strong></span> <span class='ocrx_word' id='word_1_210' title='bbox 2285 1533 2403 1574; x_wconf 89' lang='lat' dir='ltr'><strong>esse</strong></span> <span class='ocrx_word' id='word_1_211' title='bbox 2432 1528 2648 1588; x_wconf 83' lang='lat' dir='ltr'><strong>putetur</strong></span> <span class='ocrx_word' id='word_1_212' title='bbox 2688 1521 2862 1575; x_wconf 89' lang='lat' dir='ltr'><strong>oratio</strong></span> <span class='ocrx_word' id='word_1_213' title='bbox 2904 1538 3063 1592; x_wconf 90' lang='lat' dir='ltr'><strong>quam</strong></span> <span class='ocrx_word' id='word_1_214' title='bbox 3105 1532 3289 1579; x_wconf 88' lang='lat' dir='ltr'><strong>sancta</strong></span> <span class='ocrx_word' id='word_1_215' title='bbox 3329 1524 3475 1581; x_wconf 88' lang='lat' dir='ltr'><strong>Scri-</strong></span> 
     </span>
    </p>
   </div>
   <div class='ocr_carea' id='block_1_16' title="bbox 140 1600 3475 1679">
    <p class='ocr_par' dir='ltr' id='par_1_16' title="bbox 140 1600 3475 1679">
     <span class='ocr_line' id='line_1_16' title="bbox 140 1600 3475 1679; baseline -0.001 -6"><span class='ocrx_word' id='word_1_216' title='bbox 140 1609 281 1672; x_wconf 73' lang='grc' dir='ltr'><strong>ιίυει</strong></span> <span class='ocrx_word' id='word_1_217' title='bbox 322 1609 393 1663; x_wconf 75' lang='lat' dir='ltr'><strong>in</strong></span> <span class='ocrx_word' id='word_1_218' title='bbox 450 1609 565 1664; x_wconf 77' lang='lat' dir='ltr'><strong>illis</strong></span> <span class='ocrx_word' id='word_1_219' title='bbox 613 1625 732 1665; x_wconf 73' lang='lat' dir='ltr'><strong>csse</strong></span> <span class='ocrx_word' id='word_1_220' title='bbox 760 1609 1130 1673; x_wconf 70' lang='lat' dir='ltr'><strong>novissimum,</strong></span> <span class='ocrx_word' id='word_1_221' title='bbox 1170 1622 1335 1677; x_wconf 75' lang='lat' dir='ltr'><strong>quam</strong></span> <span class='ocrx_word' id='word_1_222' title='bbox 1363 1605 1592 1677; x_wconf 87' lang='lat' dir='ltr'><strong>primum</strong></span> <span class='ocrx_word' id='word_1_223' title='bbox 1623 1605 1675 1658; x_wconf 91' lang='lat' dir='ltr'><strong>in</strong></span> <span class='ocrx_word' id='word_1_224' title='bbox 1706 1600 1857 1665; x_wconf 67' lang='grc' dir='ltr'><strong>εει-ις</strong></span> <span class='ocrx_word' id='word_1_225' title='bbox 1890 1617 2046 1679; x_wconf 87' lang='lat' dir='ltr'><strong>plura</strong></span> <span class='ocrx_word' id='word_1_226' title='bbox 2077 1610 2409 1679; x_wconf 87' lang='lat' dir='ltr'><strong>pronuntiat,</strong></span> <span class='ocrx_word' id='word_1_227' title='bbox 2441 1610 2619 1664; x_wconf 91' lang='lat' dir='ltr'><strong>omnia</strong></span> <span class='ocrx_word' id='word_1_228' title='bbox 2649 1624 2768 1679; x_wconf 66' lang='lat' dir='ltr'><strong>qua:</strong></span> <span class='ocrx_word' id='word_1_229' title='bbox 2795 1619 2948 1677; x_wconf 89' lang='lat' dir='ltr'><strong>sunt,</strong></span> <span class='ocrx_word' id='word_1_230' title='bbox 2973 1628 3041 1667; x_wconf 83' lang='lat' dir='ltr'><strong>ex</strong></span> <span class='ocrx_word' id='word_1_231' title='bbox 3069 1613 3177 1667; x_wconf 90' lang='lat' dir='ltr'><strong>Deo</strong></span> <span class='ocrx_word' id='word_1_232' title='bbox 3205 1629 3323 1669; x_wconf 83' lang='lat' dir='ltr'><strong>esse</strong></span> <span class='ocrx_word' id='word_1_233' title='bbox 3343 1631 3475 1670; x_wconf 88' lang='lat' dir='ltr'><strong>con-</strong></span> 
     </span>
    </p>
   </div>
   <div class='ocr_carea' id='block_1_17' title="bbox 141 1698 3471 1772">
    <p class='ocr_par' dir='ltr' id='par_1_17' title="bbox 141 1698 3471 1772">
     <span class='ocr_line' id='line_1_17' title="bbox 141 1698 3471 1772; baseline 0.001 -16"><span class='ocrx_word' id='word_1_234' title='bbox 141 1702 503 1757; x_wconf 80' lang='lat' dir='ltr'><strong>bernaculis</strong></span> <span class='ocrx_word' id='word_1_235' title='bbox 532 1710 895 1771; x_wconf 85' lang='lat' dir='ltr'><strong>peccatorum.</strong></span> <span class='ocrx_word' id='word_1_236' title='bbox 928 1699 1312 1756; x_wconf 85' lang='lat' dir='ltr'><strong>Verumtamen</strong></span> <span class='ocrx_word' id='word_1_237' title='bbox 1350 1698 1621 1753; x_wconf 86' lang='lat' dir='ltr'><strong>dilationis</strong></span> <span class='ocrx_word' id='word_1_238' title='bbox 1668 1704 1787 1751; x_wconf 88' lang='lat' dir='ltr'><strong>erat</strong></span> <span class='ocrx_word' id='word_1_239' title='bbox 1815 1711 1864 1772; x_wconf 78' lang='grc' dir='ltr'>Β</span> <span class='ocrx_word' id='word_1_240' title='bbox 1891 1698 2242 1765; x_wconf 85' lang='lat' dir='ltr'><strong>tirmans.Qui</strong></span> <span class='ocrx_word' id='word_1_241' title='bbox 2272 1716 2402 1755; x_wconf 87' lang='lat' dir='ltr'><strong>vero</strong></span> <span class='ocrx_word' id='word_1_242' title='bbox 2437 1702 2704 1755; x_wconf 86' lang='lat' dir='ltr'><strong>contraria</strong></span> <span class='ocrx_word' id='word_1_243' title='bbox 2733 1703 2943 1757; x_wconf 89' lang='lat' dir='ltr'><strong>ratione</strong></span> <span class='ocrx_word' id='word_1_244' title='bbox 2964 1704 3222 1768; x_wconf 91' lang='lat' dir='ltr'><strong>nituntur,</strong></span> <span class='ocrx_word' id='word_1_245' title='bbox 3247 1713 3471 1760; x_wconf 70' lang='lat' dir='ltr'><strong>comter-</strong></span> 
     </span>
    </p>
   </div>
   <div class='ocr_carea' id='block_1_18' title="bbox 144 1789 3474 1863">
    <p class='ocr_par' dir='ltr' id='par_1_18' title="bbox 144 1789 3474 1863">
     <span class='ocr_line' id='line_1_18' title="bbox 144 1789 3474 1863; baseline 0.001 -16"><span class='ocrx_word' id='word_1_246' title='bbox 144 1792 647 1863; x_wconf 88' lang='lat' dir='ltr'><strong>patientissimus,</strong></span> <span class='ocrx_word' id='word_1_247' title='bbox 698 1793 1010 1847; x_wconf 88' lang='lat' dir='ltr'><strong>beatiticans</strong></span> <span class='ocrx_word' id='word_1_248' title='bbox 1067 1790 1285 1860; x_wconf 88' lang='lat' dir='ltr'><strong>quidem</strong></span> <span class='ocrx_word' id='word_1_249' title='bbox 1325 1789 1471 1843; x_wconf 90' lang='lat' dir='ltr'><strong>illam</strong></span> <span class='ocrx_word' id='word_1_250' title='bbox 1500 1802 1787 1843; x_wconf 89' lang='lat' dir='ltr'><strong>conversa-</strong></span> <span class='ocrx_word' id='word_1_251' title='bbox 1891 1806 2013 1844; x_wconf 89' lang='lat' dir='ltr'><strong>nam</strong></span> <span class='ocrx_word' id='word_1_252' title='bbox 2045 1790 2155 1845; x_wconf 89' lang='lat' dir='ltr'><strong>Deo</strong></span> <span class='ocrx_word' id='word_1_253' title='bbox 2181 1791 2368 1845; x_wconf 90' lang='lat' dir='ltr'><strong>dicunt</strong></span> <span class='ocrx_word' id='word_1_254' title='bbox 2397 1806 2518 1846; x_wconf 89' lang='lat' dir='ltr'><strong>esse</strong></span> <span class='ocrx_word' id='word_1_255' title='bbox 2548 1793 2861 1857; x_wconf 90' lang='lat' dir='ltr'><strong>materiam,</strong></span> <span class='ocrx_word' id='word_1_256' title='bbox 2907 1794 3103 1848; x_wconf 87' lang='lat' dir='ltr'><strong>talibus</strong></span> <span class='ocrx_word' id='word_1_257' title='bbox 3148 1798 3474 1862; x_wconf 81' lang='lat' dir='ltr'><strong>argumentis</strong></span> 
     </span>
    </p>
   </div>
   <div class='ocr_carea' id='block_1_19' title="bbox 148 1877 3470 1953">
    <p class='ocr_par' dir='ltr' id='par_1_19' title="bbox 148 1877 3470 1953">
     <span class='ocr_line' id='line_1_19' title="bbox 148 1877 3470 1953; baseline 0 -14"><span class='ocrx_word' id='word_1_258' title='bbox 148 1884 387 1939; x_wconf 85' lang='lat' dir='ltr'><strong>tionem</strong></span> <span class='ocrx_word' id='word_1_259' title='bbox 460 1884 794 1953; x_wconf 85' lang='lat' dir='ltr'><strong>brevemque</strong></span> <span class='ocrx_word' id='word_1_260' title='bbox 850 1881 1316 1952; x_wconf 88' lang='lat' dir='ltr'><strong>participationem</strong></span> <span class='ocrx_word' id='word_1_261' title='bbox 1373 1878 1489 1948; x_wconf 89' lang='lat' dir='ltr'><strong>ejus</strong></span> <span class='ocrx_word' id='word_1_262' title='bbox 1553 1877 1787 1931; x_wconf 90' lang='lat' dir='ltr'><strong>millibus</strong></span> <span class='ocrx_word' id='word_1_263' title='bbox 1888 1897 2043 1937; x_wconf 93' lang='lat' dir='ltr'><strong>suum</strong></span> <span class='ocrx_word' id='word_1_264' title='bbox 2069 1881 2263 1950; x_wconf 90' lang='lat' dir='ltr'><strong>dogma</strong></span> <span class='ocrx_word' id='word_1_265' title='bbox 2287 1880 2548 1949; x_wconf 84' lang='lat' dir='ltr'><strong>ﬁngentes</strong></span> <span class='ocrx_word' id='word_1_266' title='bbox 2580 1899 2593 1934; x_wconf 93' lang='lat'><strong>:</strong></span> <span class='ocrx_word' id='word_1_267' title='bbox 2623 1880 2684 1936; x_wconf 91' lang='lat' dir='ltr'><strong>Si</strong></span> <span class='ocrx_word' id='word_1_268' title='bbox 2714 1883 2959 1953; x_wconf 84' lang='lat' dir='ltr'><strong>simplicis</strong></span> <span class='ocrx_word' id='word_1_269' title='bbox 2984 1882 3122 1936; x_wconf 86' lang='lat' dir='ltr'><strong>Deus</strong></span> <span class='ocrx_word' id='word_1_270' title='bbox 3153 1892 3354 1939; x_wconf 74' lang='lat' dir='ltr'><strong>natura:</strong></span> <span class='ocrx_word' id='word_1_271' title='bbox 3375 1895 3470 1949; x_wconf 84' lang='lat' dir='ltr'><strong>est,</strong></span> 
     </span>
    </p>
   </div>
   <div class='ocr_carea' id='block_1_20' title="bbox 150 1969 3470 2045">
    <p class='ocr_par' dir='ltr' id='par_1_20' title="bbox 150 1969 3470 2045">
     <span class='ocr_line' id='line_1_20' title="bbox 150 1969 3470 2045; baseline 0 -16"><span class='ocrx_word' id='word_1_272' title='bbox 150 1976 478 2044; x_wconf 65' lang='lat' dir='ltr'><strong>praesentis</strong></span> <span class='ocrx_word' id='word_1_273' title='bbox 503 1977 763 2045; x_wconf 85' lang='lat' dir='ltr'><strong>temporis</strong></span> <span class='ocrx_word' id='word_1_274' title='bbox 794 1984 1149 2044; x_wconf 87' lang='lat' dir='ltr'><strong>anteponens.</strong></span> <span class='ocrx_word' id='word_1_275' title='bbox 1184 1970 1372 2025; x_wconf 81' lang='lat' dir='ltr'><strong>Melior</strong></span> <span class='ocrx_word' id='word_1_276' title='bbox 1402 1971 1538 2023; x_wconf 87' lang='lat' dir='ltr'><strong>enim</strong></span> <span class='ocrx_word' id='word_1_277' title='bbox 1564 1978 1661 2034; x_wconf 89' lang='lat' dir='ltr'><strong>est,</strong></span> <span class='ocrx_word' id='word_1_278' title='bbox 1712 1969 1790 2023; x_wconf 84' lang='lat' dir='ltr'><strong>in-</strong></span> <span class='ocrx_word' id='word_1_279' title='bbox 1887 1973 2000 2025; x_wconf 89' lang='lat' dir='ltr'><strong>sine</strong></span> <span class='ocrx_word' id='word_1_280' title='bbox 2028 1972 2245 2025; x_wconf 75' lang='lat' dir='ltr'><strong>materia</strong></span> <span class='ocrx_word' id='word_1_281' title='bbox 2273 1972 2445 2041; x_wconf 82' lang='lat' dir='ltr'><strong>utique</strong></span> <span class='ocrx_word' id='word_1_282' title='bbox 2473 1978 2522 2024; x_wconf 89' lang='lat' dir='ltr'><strong>et</strong></span> <span class='ocrx_word' id='word_1_283' title='bbox 2550 1972 2662 2024; x_wconf 91' lang='lat' dir='ltr'><strong>sine</strong></span> <span class='ocrx_word' id='word_1_284' title='bbox 2688 1973 2997 2043; x_wconf 79' lang='lat' dir='ltr'><strong>quantitate,</strong></span> <span class='ocrx_word' id='word_1_285' title='bbox 3020 1982 3068 2025; x_wconf 89' lang='lat' dir='ltr'><strong>et</strong></span> <span class='ocrx_word' id='word_1_286' title='bbox 3091 1974 3201 2027; x_wconf 87' lang='lat' dir='ltr'><strong>sine</strong></span> <span class='ocrx_word' id='word_1_287' title='bbox 3231 1975 3383 2038; x_wconf 86' lang='lat' dir='ltr'><strong>mole,</strong></span> <span class='ocrx_word' id='word_1_288' title='bbox 3422 1986 3470 2029; x_wconf 81' lang='lat' dir='ltr'><strong>et</strong></span> 
     </span>
    </p>
   </div>
   <div class='ocr_carea' id='block_1_21' title="bbox 148 2060 3471 2136">
    <p class='ocr_par' dir='ltr' id='par_1_21' title="bbox 148 2060 3471 2136">
     <span class='ocr_line' id='line_1_21' title="bbox 148 2060 3471 2136; baseline -0.001 -14"><span class='ocrx_word' id='word_1_289' title='bbox 148 2069 305 2136; x_wconf 75' lang='lat' dir='ltr'><strong>quit,</strong></span> <span class='ocrx_word' id='word_1_290' title='bbox 343 2068 475 2122; x_wconf 83' lang='lat' dir='ltr'><strong>dies</strong></span> <span class='ocrx_word' id='word_1_291' title='bbox 520 2086 625 2121; x_wconf 84' lang='lat' dir='ltr'><strong>una</strong></span> <span class='ocrx_word' id='word_1_292' title='bbox 667 2069 719 2121; x_wconf 90' lang='lat' dir='ltr'><strong>in</strong></span> <span class='ocrx_word' id='word_1_293' title='bbox 767 2068 913 2119; x_wconf 84' lang='lat' dir='ltr'><strong>atriis</strong></span> <span class='ocrx_word' id='word_1_294' title='bbox 946 2067 1043 2118; x_wconf 80' lang='lat' dir='ltr'><strong>tu&#39;s</strong></span> <span class='ocrx_word' id='word_1_295' title='bbox 1082 2081 1235 2129; x_wconf 85' lang='lat' dir='ltr'><strong>super</strong></span> <span class='ocrx_word' id='word_1_296' title='bbox 1258 2063 1440 2117; x_wconf 83' lang='lat' dir='ltr'><strong>millia.</strong></span> <span class='ocrx_word' id='word_1_297' title='bbox 1472 2060 1578 2116; x_wconf 89' lang='lat' dir='ltr'><strong>Sed</strong></span> <span class='ocrx_word' id='word_1_298' title='bbox 1608 2070 1855 2125; x_wconf 34' lang='lat' dir='ltr'><strong>tamen“)</strong></span> <span class='ocrx_word' id='word_1_299' title='bbox 1887 2061 1999 2114; x_wconf 84' lang='lat' dir='ltr'><strong>sine</strong></span> <span class='ocrx_word' id='word_1_300' title='bbox 2028 2062 2396 2131; x_wconf 77' lang='lat' dir='ltr'><strong>compositione</strong></span> <span class='ocrx_word' id='word_1_301' title='bbox 2418 2070 2525 2125; x_wconf 89' lang='lat' dir='ltr'><strong>est,</strong></span> <span class='ocrx_word' id='word_1_302' title='bbox 2556 2060 2826 2131; x_wconf 82' lang='lat' dir='ltr'><strong>cujuslibet</strong></span> <span class='ocrx_word' id='word_1_303' title='bbox 2854 2063 3038 2132; x_wconf 67' lang='lat' dir='ltr'><strong>ﬁgurae</strong></span> <span class='ocrx_word' id='word_1_304' title='bbox 3067 2067 3471 2135; x_wconf 61' lang='lat' dir='ltr'><strong>praescriptionis</strong></span> 
     </span>
    </p>
   </div>
   <div class='ocr_carea' id='block_1_22' title="bbox 154 2151 3469 2226">
    <p class='ocr_par' dir='ltr' id='par_1_22' title="bbox 154 2151 3469 2226">
     <span class='ocr_line' id='line_1_22' title="bbox 154 2151 3469 2226; baseline 0.001 -15"><span class='ocrx_word' id='word_1_305' title='bbox 154 2157 562 2213; x_wconf 85' lang='lat' dir='ltr'><strong>necessariam</strong></span> <span class='ocrx_word' id='word_1_306' title='bbox 611 2153 1070 2223; x_wconf 87' lang='lat' dir='ltr'><strong>dispensationem</strong></span> <span class='ocrx_word' id='word_1_307' title='bbox 1120 2166 1305 2206; x_wconf 88' lang='lat' dir='ltr'><strong>eorum</strong></span> <span class='ocrx_word' id='word_1_308' title='bbox 1355 2164 1476 2218; x_wconf 72' lang='lat' dir='ltr'><strong>qua:</strong></span> <span class='ocrx_word' id='word_1_309' title='bbox 1526 2157 1777 2218; x_wconf 70' lang='lat' dir='ltr'><strong>geruntur</strong></span> <span class='ocrx_word' id='word_1_310' title='bbox 1890 2152 2086 2205; x_wconf 88' lang='lat' dir='ltr'><strong>alienus</strong></span> <span class='ocrx_word' id='word_1_311' title='bbox 2114 2152 2361 2205; x_wconf 80' lang='lat' dir='ltr'><strong>existens.</strong></span> <span class='ocrx_word' id='word_1_312' title='bbox 2412 2151 2593 2206; x_wconf 84' lang='lat' dir='ltr'><strong>Omnis</strong></span> <span class='ocrx_word' id='word_1_313' title='bbox 2622 2162 2792 2206; x_wconf 89' lang='lat' dir='ltr'><strong>autem</strong></span> <span class='ocrx_word' id='word_1_314' title='bbox 2831 2157 3049 2208; x_wconf 80' lang='lat' dir='ltr'><strong>materia</strong></span> <span class='ocrx_word' id='word_1_315' title='bbox 3093 2156 3146 2209; x_wconf 87' lang='lat' dir='ltr'><strong>in</strong></span> <span class='ocrx_word' id='word_1_316' title='bbox 3188 2159 3469 2226; x_wconf 81' lang='lat' dir='ltr'><strong>spatiorum</strong></span> 
     </span>
    </p>
   </div>
   <div class='ocr_carea' id='block_1_23' title="bbox 152 2241 3465 2315">
    <p class='ocr_par' dir='ltr' id='par_1_23' title="bbox 152 2241 3465 2315">
     <span class='ocr_line' id='line_1_23' title="bbox 152 2241 3465 2315; baseline 0 -14"><span class='ocrx_word' id='word_1_317' title='bbox 152 2262 276 2302; x_wconf 89' lang='lat' dir='ltr'><strong>non</strong></span> <span class='ocrx_word' id='word_1_318' title='bbox 311 2246 614 2315; x_wconf 75' lang='lat' dir='ltr'><strong>:egerrime</strong></span> <span class='ocrx_word' id='word_1_319' title='bbox 644 2244 869 2300; x_wconf 88' lang='lat' dir='ltr'><strong>ferebat.</strong></span> <span class='ocrx_word' id='word_1_320' title='bbox 908 2243 1103 2300; x_wconf 85' lang='lat' dir='ltr'><strong>Idonea</strong></span> <span class='ocrx_word' id='word_1_321' title='bbox 1142 2259 1271 2299; x_wconf 90' lang='lat' dir='ltr'><strong>vero</strong></span> <span class='ocrx_word' id='word_1_322' title='bbox 1320 2258 1408 2297; x_wconf 90' lang='lat' dir='ltr'><strong>res</strong></span> <span class='ocrx_word' id='word_1_323' title='bbox 1438 2241 1504 2296; x_wconf 90' lang='lat' dir='ltr'><strong>ad</strong></span> <span class='ocrx_word' id='word_1_324' title='bbox 1554 2242 1784 2295; x_wconf 40' lang='lat' dir='ltr'><strong>beatitu‘</strong></span> <span class='ocrx_word' id='word_1_325' title='bbox 1887 2241 2196 2296; x_wconf 81' lang='lat' dir='ltr'><strong>distentione</strong></span> <span class='ocrx_word' id='word_1_326' title='bbox 2227 2244 2554 2314; x_wconf 85' lang='lat' dir='ltr'><strong>perspicitur,</strong></span> <span class='ocrx_word' id='word_1_327' title='bbox 2587 2245 3089 2315; x_wconf 80' lang='lat' dir='ltr'><strong>comprehensionem</strong></span> <span class='ocrx_word' id='word_1_328' title='bbox 3109 2264 3347 2301; x_wconf 84' lang='lat' dir='ltr'><strong>sensuum</strong></span> <span class='ocrx_word' id='word_1_329' title='bbox 3378 2266 3465 2302; x_wconf 85' lang='lat' dir='ltr'><strong>ne-</strong></span> 
     </span>
    </p>
   </div>
   <div class='ocr_carea' id='block_1_24' title="bbox 158 2333 3467 2410">
    <p class='ocr_par' dir='ltr' id='par_1_24' title="bbox 158 2333 3467 2410">
     <span class='ocr_line' id='line_1_24' title="bbox 158 2333 3467 2410; baseline 0 -19"><span class='ocrx_word' id='word_1_330' title='bbox 158 2338 362 2392; x_wconf 90' lang='lat' dir='ltr'><strong>dinem</strong></span> <span class='ocrx_word' id='word_1_331' title='bbox 396 2345 619 2393; x_wconf 87' lang='lat' dir='ltr'><strong>constat</strong></span> <span class='ocrx_word' id='word_1_332' title='bbox 673 2335 998 2401; x_wconf 90' lang='lat' dir='ltr'><strong>hominibus,</strong></span> <span class='ocrx_word' id='word_1_333' title='bbox 1049 2333 1191 2403; x_wconf 92' lang='lat' dir='ltr'><strong>quod</strong></span> <span class='ocrx_word' id='word_1_334' title='bbox 1240 2333 1381 2388; x_wconf 91' lang='lat' dir='ltr'><strong>bona</strong></span> <span class='ocrx_word' id='word_1_335' title='bbox 1430 2347 1646 2402; x_wconf 89' lang='lat' dir='ltr'><strong>sperare</strong></span> <span class='ocrx_word' id='word_1_336' title='bbox 1676 2348 1783 2386; x_wconf 92' lang='lat' dir='ltr'><strong>non</strong></span> <span class='ocrx_word' id='word_1_337' title='bbox 1885 2349 2139 2403; x_wconf 85' lang='lat' dir='ltr'><strong>quaquam</strong></span> <span class='ocrx_word' id='word_1_338' title='bbox 2183 2350 2394 2401; x_wconf 85' lang='lat' dir='ltr'><strong>prorsus</strong></span> <span class='ocrx_word' id='word_1_339' title='bbox 2422 2335 2704 2406; x_wconf 71' lang='lat' dir='ltr'><strong>effugiens,</strong></span> <span class='ocrx_word' id='word_1_340' title='bbox 2747 2353 2860 2407; x_wconf 66' lang='lat' dir='ltr'><strong>quis</strong></span> <span class='ocrx_word' id='word_1_341' title='bbox 2890 2338 2942 2390; x_wconf 89' lang='lat' dir='ltr'><strong>in</strong></span> <span class='ocrx_word' id='word_1_342' title='bbox 2972 2338 3231 2391; x_wconf 61' lang='lat' dir='ltr'><strong>colore‘ac</strong></span> <span class='ocrx_word' id='word_1_343' title='bbox 3273 2339 3467 2410; x_wconf 84' lang='lat' dir='ltr'><strong>ﬁgura,</strong></span> 
     </span>
    </p>
   </div>
   <div class='ocr_carea' id='block_1_25' title="bbox 156 2423 3462 2513">
    <p class='ocr_par' dir='ltr' id='par_1_25' title="bbox 156 2423 3462 2513">
     <span class='ocr_line' id='line_1_25' title="bbox 156 2423 3462 2513; baseline 0 -31"><span class='ocrx_word' id='word_1_344' title='bbox 156 2428 477 2494; x_wconf 87' lang='lat' dir='ltr'><strong>desinant;</strong></span> <span class='ocrx_word' id='word_1_345' title='bbox 506 2427 705 2482; x_wconf 92' lang='lat' dir='ltr'><strong>idcirco</strong></span> <span class='ocrx_word' id='word_1_346' title='bbox 734 2426 874 2480; x_wconf 91' lang='lat' dir='ltr'><strong>idem</strong></span> <span class='ocrx_word' id='word_1_347' title='bbox 904 2426 1167 2496; x_wconf 91' lang='lat' dir='ltr'><strong>propheta</strong></span> <span class='ocrx_word' id='word_1_348' title='bbox 1189 2426 1244 2478; x_wconf 90' lang='lat' dir='ltr'><strong>in</strong></span> <span class='ocrx_word' id='word_1_349' title='bbox 1274 2423 1377 2479; x_wconf 86' lang='lat' dir='ltr'><strong>line</strong></span> <span class='ocrx_word' id='word_1_350' title='bbox 1405 2424 1570 2492; x_wconf 90' lang='lat' dir='ltr'><strong>ipsius</strong></span> <span class='ocrx_word' id='word_1_351' title='bbox 1592 2424 1782 2493; x_wconf 89' lang='lat' dir='ltr'><strong>psalmi</strong></span> <span class='ocrx_word' id='word_1_352' title='bbox 1860 2425 2017 2513; x_wconf 48' lang='lat' dir='ltr'><strong>’mole</strong></span> <span class='ocrx_word' id='word_1_353' title='bbox 2062 2442 2257 2496; x_wconf 87' lang='lat' dir='ltr'><strong>quoque</strong></span> <span class='ocrx_word' id='word_1_354' title='bbox 2300 2434 2349 2478; x_wconf 90' lang='lat' dir='ltr'><strong>et</strong></span> <span class='ocrx_word' id='word_1_355' title='bbox 2394 2428 2643 2498; x_wconf 83' lang='lat' dir='ltr'><strong>qualitate</strong></span> <span class='ocrx_word' id='word_1_356' title='bbox 2698 2436 2746 2481; x_wconf 88' lang='lat' dir='ltr'><strong>et</strong></span> <span class='ocrx_word' id='word_1_357' title='bbox 2792 2429 3132 2495; x_wconf 84' lang='lat' dir='ltr'><strong>impressione</strong></span> <span class='ocrx_word' id='word_1_358' title='bbox 3185 2429 3261 2482; x_wconf 85' lang='lat' dir='ltr'><strong>vel</strong></span> <span class='ocrx_word' id='word_1_359' title='bbox 3317 2429 3462 2483; x_wconf 79' lang='lat' dir='ltr'><strong>duri-</strong></span> 
     </span>
    </p>
   </div>
   <div class='ocr_carea' id='block_1_26' title="bbox 162 2511 3465 2591">
    <p class='ocr_par' dir='ltr' id='par_1_26' title="bbox 162 2511 3465 2591">
     <span class='ocr_line' id='line_1_26' title="bbox 162 2511 3465 2591; baseline 0 -19"><span class='ocrx_word' id='word_1_360' title='bbox 162 2518 334 2585; x_wconf 87' lang='lat' dir='ltr'><strong>ponit</strong></span> <span class='ocrx_word' id='word_1_361' title='bbox 366 2526 431 2571; x_wconf 83' lang='lat' dir='ltr'><strong>et</strong></span> <span class='ocrx_word' id='word_1_362' title='bbox 471 2518 636 2571; x_wconf 77' lang='lat' dir='ltr'><strong>dicit:</strong></span> <span class='ocrx_word' id='word_1_363' title='bbox 664 2515 886 2570; x_wconf 83' lang='lat' dir='ltr'><strong>Domine</strong></span> <span class='ocrx_word' id='word_1_364' title='bbox 917 2513 1058 2568; x_wconf 86' lang='lat' dir='ltr'><strong>Deus</strong></span> <span class='ocrx_word' id='word_1_365' title='bbox 1096 2514 1371 2578; x_wconf 74' lang='lat' dir='ltr'><strong>virtutum,</strong></span> <span class='ocrx_word' id='word_1_366' title='bbox 1404 2511 1578 2565; x_wconf 88' lang='lat' dir='ltr'><strong>beatus</strong></span> <span class='ocrx_word' id='word_1_367' title='bbox 1632 2511 1976 2579; x_wconf 44' lang='lat' dir='ltr'><strong>homow&#39;ltia,</strong></span> <span class='ocrx_word' id='word_1_368' title='bbox 2036 2532 2097 2568; x_wconf 85' lang='lat' dir='ltr'><strong>ac</strong></span> <span class='ocrx_word' id='word_1_369' title='bbox 2149 2518 2358 2586; x_wconf 86' lang='lat' dir='ltr'><strong>reliquis</strong></span> <span class='ocrx_word' id='word_1_370' title='bbox 2404 2518 2657 2571; x_wconf 86' lang='lat' dir='ltr'><strong>similibus</strong></span> <span class='ocrx_word' id='word_1_371' title='bbox 2706 2516 2856 2570; x_wconf 84' lang='lat' dir='ltr'><strong>rebus</strong></span> <span class='ocrx_word' id='word_1_372' title='bbox 2914 2520 3210 2589; x_wconf 84' lang='lat' dir='ltr'><strong>agnoscitur</strong></span> <span class='ocrx_word' id='word_1_373' title='bbox 3261 2535 3278 2572; x_wconf 88' lang='lat'><strong><em>:</em></strong></span> <span class='ocrx_word' id='word_1_374' title='bbox 3338 2538 3465 2591; x_wconf 84' lang='lat' dir='ltr'><strong>quo-</strong></span> 
     </span>
    </p>
   </div>
   <div class='ocr_carea' id='block_1_27' title="bbox 161 2604 1779 2678">
    <p class='ocr_par' dir='ltr' id='par_1_27' title="bbox 161 2604 1779 2678">
     <span class='ocr_line' id='line_1_27' title="bbox 161 2604 1779 2678; baseline -0.003 -17"><span class='ocrx_word' id='word_1_375' title='bbox 161 2608 256 2676; x_wconf 79' lang='lat' dir='ltr'><strong>qui</strong></span> <span class='ocrx_word' id='word_1_376' title='bbox 282 2616 482 2678; x_wconf 74' lang='lat' dir='ltr'><strong>sperat</strong></span> <span class='ocrx_word' id='word_1_377' title='bbox 510 2609 563 2660; x_wconf 88' lang='lat' dir='ltr'><strong>in</strong></span> <span class='ocrx_word' id='word_1_378' title='bbox 595 2617 660 2661; x_wconf 89' lang='lat' dir='ltr'><strong>te.</strong></span> <span class='ocrx_word' id='word_1_379' title='bbox 692 2605 811 2661; x_wconf 85' lang='lat' dir='ltr'><strong>Non</strong></span> <span class='ocrx_word' id='word_1_380' title='bbox 840 2606 1022 2675; x_wconf 83' lang='lat' dir='ltr'><strong>itaque</strong></span> <span class='ocrx_word' id='word_1_381' title='bbox 1048 2604 1306 2658; x_wconf 88' lang='lat' dir='ltr'><strong>convenit</strong></span> <span class='ocrx_word' id='word_1_382' title='bbox 1340 2618 1561 2672; x_wconf 90' lang='lat' dir='ltr'><strong>parvam</strong></span> <span class='ocrx_word' id='word_1_383' title='bbox 1592 2618 1779 2656; x_wconf 89' lang='lat' dir='ltr'><strong>curam</strong></span> 
     </span>
    </p>
   </div>
   <div class='ocr_carea' id='block_1_28' title="bbox 164 2694 1776 2766">
    <p class='ocr_par' dir='ltr' id='par_1_28' title="bbox 164 2694 1776 2766">
     <span class='ocr_line' id='line_1_28' title="bbox 164 2694 1776 2766; baseline -0.004 -15"><span class='ocrx_word' id='word_1_384' title='bbox 164 2708 379 2751; x_wconf 84' lang='lat' dir='ltr'><strong>eorum</strong></span> <span class='ocrx_word' id='word_1_385' title='bbox 414 2712 532 2766; x_wconf 70' lang='lat' dir='ltr'><strong>quae</strong></span> <span class='ocrx_word' id='word_1_386' title='bbox 560 2706 779 2751; x_wconf 84' lang='lat' dir='ltr'><strong>ventura</strong></span> <span class='ocrx_word' id='word_1_387' title='bbox 814 2704 939 2750; x_wconf 88' lang='lat' dir='ltr'><strong>sunt</strong></span> <span class='ocrx_word' id='word_1_388' title='bbox 989 2704 1216 2763; x_wconf 82' lang='lat' dir='ltr'><strong>angusto</strong></span> <span class='ocrx_word' id='word_1_389' title='bbox 1263 2703 1484 2764; x_wconf 88' lang='lat' dir='ltr'><strong>pectore</strong></span> <span class='ocrx_word' id='word_1_390' title='bbox 1523 2694 1776 2748; x_wconf 90' lang='lat' dir='ltr'><strong>retinere.</strong></span> 
     </span>
    </p>
   </div>
   <div class='ocr_carea' id='block_1_29' title="bbox 163 2784 1781 2857">
    <p class='ocr_par' dir='ltr' id='par_1_29' title="bbox 163 2784 1781 2857">
     <span class='ocr_line' id='line_1_29' title="bbox 163 2784 1781 2857; baseline -0.001 -17"><span class='ocrx_word' id='word_1_391' title='bbox 163 2784 287 2841; x_wconf 89' lang='lat' dir='ltr'><strong>Sed</strong></span> <span class='ocrx_word' id='word_1_392' title='bbox 317 2802 401 2841; x_wconf 83' lang='lat' dir='ltr'><strong>ne</strong></span> <span class='ocrx_word' id='word_1_393' title='bbox 446 2787 627 2857; x_wconf 86' lang='lat' dir='ltr'><strong>potius</strong></span> <span class='ocrx_word' id='word_1_394' title='bbox 655 2802 685 2841; x_wconf 86' lang='lat' dir='ltr'><strong>a</strong></span> <span class='ocrx_word' id='word_1_395' title='bbox 724 2787 999 2856; x_wconf 85' lang='lat' dir='ltr'><strong>promissis</strong></span> <span class='ocrx_word' id='word_1_396' title='bbox 1042 2785 1374 2849; x_wconf 74' lang='lat' dir='ltr'><strong>excidemus,</strong></span> <span class='ocrx_word' id='word_1_397' title='bbox 1400 2784 1633 2839; x_wconf 88' lang='lat' dir='ltr'><strong>studium</strong></span> <span class='ocrx_word' id='word_1_398' title='bbox 1681 2799 1781 2839; x_wconf 91' lang='lat' dir='ltr'><strong>nos</strong></span> 
     </span>
    </p>
   </div>
   <div class='ocr_carea' id='block_1_30' title="bbox 169 2876 1779 2955">
    <p class='ocr_par' dir='ltr' id='par_1_30' title="bbox 169 2876 1779 2955">
     <span class='ocr_line' id='line_1_30' title="bbox 169 2876 1779 2955; baseline -0.002 -21"><span class='ocrx_word' id='word_1_399' title='bbox 169 2887 417 2950; x_wconf 76' lang='lat' dir='ltr'><strong>oportet</strong></span> <span class='ocrx_word' id='word_1_400' title='bbox 440 2880 769 2950; x_wconf 90' lang='lat' dir='ltr'><strong>impendere.</strong></span> <span class='ocrx_word' id='word_1_401' title='bbox 796 2878 1256 2955; x_wconf 82' lang='lat' dir='ltr'><strong>Quemadmodum</strong></span> <span class='ocrx_word' id='word_1_402' title='bbox 1287 2878 1431 2932; x_wconf 88' lang='lat' dir='ltr'><strong>enim</strong></span> <span class='ocrx_word' id='word_1_403' title='bbox 1460 2877 1504 2932; x_wconf 92' lang='lat' dir='ltr'><strong>si</strong></span> <span class='ocrx_word' id='word_1_404' title='bbox 1537 2876 1657 2945; x_wconf 91' lang='lat' dir='ltr'><strong>quis</strong></span> <span class='ocrx_word' id='word_1_405' title='bbox 1692 2890 1779 2931; x_wconf 90' lang='lat' dir='ltr'><strong>me</strong></span> 
     </span>
    </p>
   </div>
   <div class='ocr_carea' id='block_1_31' title="bbox 170 2967 1841 3040">
    <p class='ocr_par' dir='ltr' id='par_1_31' title="bbox 170 2967 1841 3040">
     <span class='ocr_line' id='line_1_31' title="bbox 170 2967 1841 3040; baseline -0.005 -17"><span class='ocrx_word' id='word_1_406' title='bbox 170 2969 537 3040; x_wconf 81' lang='lat' dir='ltr'><strong>inexpertum</strong></span> <span class='ocrx_word' id='word_1_407' title='bbox 569 2970 864 3039; x_wconf 89' lang='lat' dir='ltr'><strong>rudemque</strong></span> <span class='ocrx_word' id='word_1_408' title='bbox 888 2976 1235 3040; x_wconf 85' lang='lat' dir='ltr'><strong>praemoneat,</strong></span> <span class='ocrx_word' id='word_1_409' title='bbox 1260 2968 1403 3036; x_wconf 92' lang='lat' dir='ltr'><strong>quod</strong></span> <span class='ocrx_word' id='word_1_410' title='bbox 1415 2967 1617 3022; x_wconf 63' lang='lat' dir='ltr'><strong>aestatis</strong></span> <span class='ocrx_word' id='word_1_411' title='bbox 1648 2974 1841 3027; x_wconf 40' lang='lat' dir='ltr'><strong>tem-.3,</strong></span> 
     </span>
    </p>
   </div>
   <div class='ocr_carea' id='block_1_32' title="bbox 1883 2607 3462 2679">
    <p class='ocr_par' dir='ltr' id='par_1_32' title="bbox 1883 2607 3462 2679">
     <span class='ocr_line' id='line_1_32' title="bbox 1883 2607 3462 2679; baseline 0.004 -21"><span class='ocrx_word' id='word_1_412' title='bbox 1883 2623 1995 2659; x_wconf 85' lang='lat' dir='ltr'><strong>rum</strong></span> <span class='ocrx_word' id='word_1_413' title='bbox 2042 2607 2174 2660; x_wconf 85' lang='lat' dir='ltr'><strong>nihil</strong></span> <span class='ocrx_word' id='word_1_414' title='bbox 2221 2609 2276 2661; x_wconf 87' lang='lat' dir='ltr'><strong>in</strong></span> <span class='ocrx_word' id='word_1_415' title='bbox 2331 2616 2521 2661; x_wconf 81' lang='lat' dir='ltr'><strong>natura</strong></span> <span class='ocrx_word' id='word_1_416' title='bbox 2563 2608 2739 2662; x_wconf 84' lang='lat' dir='ltr'><strong>divina</strong></span> <span class='ocrx_word' id='word_1_417' title='bbox 2787 2617 2954 2675; x_wconf 87' lang='lat' dir='ltr'><strong>potest</strong></span> <span class='ocrx_word' id='word_1_418' title='bbox 2994 2612 3197 2679; x_wconf 83' lang='lat' dir='ltr'><strong>penitus</strong></span> <span class='ocrx_word' id='word_1_419' title='bbox 3227 2612 3462 2665; x_wconf 88' lang='lat' dir='ltr'><strong>inveniri.</strong></span> 
     </span>
    </p>
   </div>
   <div class='ocr_carea' id='block_1_33' title="bbox 1883 2697 3465 2772">
    <p class='ocr_par' dir='ltr' id='par_1_33' title="bbox 1883 2697 3465 2772">
     <span class='ocr_line' id='line_1_33' title="bbox 1883 2697 3465 2772; baseline 0.005 -21"><span class='ocrx_word' id='word_1_420' title='bbox 1883 2697 2038 2763; x_wconf 86' lang='lat' dir='ltr'><strong>Quod</strong></span> <span class='ocrx_word' id='word_1_421' title='bbox 2090 2712 2220 2767; x_wconf 85' lang='lat' dir='ltr'><strong>ergo</strong></span> <span class='ocrx_word' id='word_1_422' title='bbox 2270 2699 2761 2754; x_wconf 88' lang='lat' dir='ltr'><strong>machinamentum</strong></span> <span class='ocrx_word' id='word_1_423' title='bbox 2809 2708 2928 2767; x_wconf 88' lang='lat' dir='ltr'><strong>est,</strong></span> <span class='ocrx_word' id='word_1_424' title='bbox 2983 2710 3039 2755; x_wconf 94' lang='lat' dir='ltr'><strong>ut</strong></span> <span class='ocrx_word' id='word_1_425' title='bbox 3085 2717 3152 2756; x_wconf 87' lang='lat' dir='ltr'><strong>ex</strong></span> <span class='ocrx_word' id='word_1_426' title='bbox 3207 2718 3273 2758; x_wconf 91' lang='lat' dir='ltr'><strong>eo</strong></span> <span class='ocrx_word' id='word_1_427' title='bbox 3320 2706 3465 2772; x_wconf 87' lang='lat' dir='ltr'><strong>quod</strong></span> 
     </span>
    </p>
   </div>
   <div class='ocr_carea' id='block_1_34' title="bbox 1883 2790 3463 2862">
    <p class='ocr_par' dir='ltr' id='par_1_34' title="bbox 1883 2790 3463 2862">
     <span class='ocr_line' id='line_1_34' title="bbox 1883 2790 3463 2862; baseline 0.003 -20"><span class='ocrx_word' id='word_1_428' title='bbox 1883 2790 2026 2843; x_wconf 89' lang='lat' dir='ltr'><strong>nulla</strong></span> <span class='ocrx_word' id='word_1_429' title='bbox 2054 2790 2305 2845; x_wconf 88' lang='lat' dir='ltr'><strong>distantia</strong></span> <span class='ocrx_word' id='word_1_430' title='bbox 2335 2792 2733 2861; x_wconf 82' lang='lat' dir='ltr'><strong>praescribitur,</strong></span> <span class='ocrx_word' id='word_1_431' title='bbox 2784 2800 2971 2846; x_wconf 92' lang='lat' dir='ltr'><strong>natura</strong></span> <span class='ocrx_word' id='word_1_432' title='bbox 3004 2794 3295 2861; x_wconf 91' lang='lat' dir='ltr'><strong>procedat,</strong></span> <span class='ocrx_word' id='word_1_433' title='bbox 3347 2810 3463 2862; x_wconf 76' lang='lat' dir='ltr'><strong>qua:</strong></span> 
     </span>
    </p>
   </div>
   <div class='ocr_carea' id='block_1_35' title="bbox 1881 2879 3463 2938">
    <p class='ocr_par' dir='ltr' id='par_1_35' title="bbox 1881 2879 3463 2938">
     <span class='ocr_line' id='line_1_35' title="bbox 1881 2879 3463 2938; baseline 0.003 -6"><span class='ocrx_word' id='word_1_434' title='bbox 1881 2879 2151 2934; x_wconf 90' lang='lat' dir='ltr'><strong>distantiis</strong></span> <span class='ocrx_word' id='word_1_435' title='bbox 2180 2882 2523 2936; x_wconf 88' lang='lat' dir='ltr'><strong>continetur?</strong></span> <span class='ocrx_word' id='word_1_436' title='bbox 2575 2882 2630 2936; x_wconf 91' lang='lat' dir='ltr'><strong>Si</strong></span> <span class='ocrx_word' id='word_1_437' title='bbox 2662 2883 2803 2936; x_wconf 90' lang='lat' dir='ltr'><strong>enim</strong></span> <span class='ocrx_word' id='word_1_438' title='bbox 2848 2882 2961 2937; x_wconf 68' lang='lat' dir='ltr'><strong>hmc</strong></span> <span class='ocrx_word' id='word_1_439' title='bbox 3000 2883 3192 2938; x_wconf 82' lang='lat' dir='ltr'><strong>exinde</strong></span> <span class='ocrx_word' id='word_1_440' title='bbox 3234 2884 3463 2938; x_wconf 86' lang='lat' dir='ltr'><strong>credun-</strong></span> 
     </span>
    </p>
   </div>
   <div class='ocr_carea' id='block_1_36' title="bbox 1881 2971 3461 3044">
    <p class='ocr_par' dir='ltr' id='par_1_36' title="bbox 1881 2971 3461 3044">
     <span class='ocr_line' id='line_1_36' title="bbox 1881 2971 3461 3044; baseline 0.003 -20"><span class='ocrx_word' id='word_1_441' title='bbox 1881 2980 1966 3025; x_wconf 89' lang='lat' dir='ltr'><strong>tur</strong></span> <span class='ocrx_word' id='word_1_442' title='bbox 2017 2972 2287 3037; x_wconf 82' lang='lat' dir='ltr'><strong>existere,</strong></span> <span class='ocrx_word' id='word_1_443' title='bbox 2344 2982 2546 3028; x_wconf 88' lang='lat' dir='ltr'><strong>certum</strong></span> <span class='ocrx_word' id='word_1_444' title='bbox 2605 2980 2688 3028; x_wconf 92' lang='lat' dir='ltr'><strong>est</strong></span> <span class='ocrx_word' id='word_1_445' title='bbox 2740 2974 2884 3044; x_wconf 92' lang='lat' dir='ltr'><strong>quod</strong></span> <span class='ocrx_word' id='word_1_446' title='bbox 2943 2971 3204 3028; x_wconf 61' lang='lat' dir='ltr'><strong>inhaerere</strong></span> <span class='ocrx_word' id='word_1_447' title='bbox 3235 2975 3351 3039; x_wconf 92' lang='lat' dir='ltr'><strong>illi,</strong></span> <span class='ocrx_word' id='word_1_448' title='bbox 3409 2987 3461 3029; x_wconf 89' lang='lat' dir='ltr'><strong>et</strong></span> 
     </span>
    </p>
   </div>
   <div class='ocr_carea' id='block_1_37' title="bbox 171 3058 3461 3131">
    <p class='ocr_par' dir='ltr' id='par_1_37' title="bbox 171 3058 3461 3131">
     <span class='ocr_line' id='line_1_37' title="bbox 171 3058 3461 3131; baseline -0.001 -14"><span class='ocrx_word' id='word_1_449' title='bbox 171 3078 321 3131; x_wconf 85' lang='lat' dir='ltr'><strong>pore</strong></span> <span class='ocrx_word' id='word_1_450' title='bbox 353 3062 624 3117; x_wconf 83' lang='lat' dir='ltr'><strong>fructuum</strong></span> <span class='ocrx_word' id='word_1_451' title='bbox 652 3061 745 3116; x_wconf 89' lang='lat' dir='ltr'><strong>ﬁat</strong></span> <span class='ocrx_word' id='word_1_452' title='bbox 766 3062 1018 3131; x_wconf 89' lang='lat' dir='ltr'><strong>opulenta</strong></span> <span class='ocrx_word' id='word_1_453' title='bbox 1048 3060 1323 3123; x_wconf 91' lang='lat' dir='ltr'><strong>collectio,</strong></span> <span class='ocrx_word' id='word_1_454' title='bbox 1349 3067 1405 3113; x_wconf 89' lang='lat' dir='ltr'><strong>et</strong></span> <span class='ocrx_word' id='word_1_455' title='bbox 1427 3058 1776 3127; x_wconf 88' lang='lat' dir='ltr'><strong>replebuutur</strong></span> <span class='ocrx_word' id='word_1_456' title='bbox 1802 3071 1845 3131; x_wconf 71' lang='grc' dir='ltr'><strong>ρ</strong></span> <span class='ocrx_word' id='word_1_457' title='bbox 1876 3060 2031 3129; x_wconf 83' lang='lat' dir='ltr'><strong>juxta</strong></span> <span class='ocrx_word' id='word_1_458' title='bbox 2063 3061 2388 3115; x_wconf 77' lang='lat' dir='ltr'><strong>ineffabilem</strong></span> <span class='ocrx_word' id='word_1_459' title='bbox 2421 3063 2715 3127; x_wconf 89' lang='lat' dir='ltr'><strong>rationem,</strong></span> <span class='ocrx_word' id='word_1_460' title='bbox 2745 3062 2822 3117; x_wconf 91' lang='lat' dir='ltr'><strong>sic</strong></span> <span class='ocrx_word' id='word_1_461' title='bbox 2850 3063 2901 3116; x_wconf 90' lang='lat' dir='ltr'><strong>in</strong></span> <span class='ocrx_word' id='word_1_462' title='bbox 2932 3063 3290 3130; x_wconf 80' lang='lat' dir='ltr'><strong>generationis</strong></span> <span class='ocrx_word' id='word_1_463' title='bbox 3318 3062 3461 3116; x_wconf 84' lang='lat' dir='ltr'><strong>ordi-</strong></span> 
     </span>
    </p>
   </div>
   <div class='ocr_carea' id='block_1_38' title="bbox 172 3150 1773 3225">
    <p class='ocr_par' dir='ltr' id='par_1_38' title="bbox 172 3150 1773 3225">
     <span class='ocr_line' id='line_1_38' title="bbox 172 3150 1773 3225; baseline -0.002 -16"><span class='ocrx_word' id='word_1_464' title='bbox 172 3156 409 3225; x_wconf 90' lang='lat' dir='ltr'><strong>quidem</strong></span> <span class='ocrx_word' id='word_1_465' title='bbox 458 3157 648 3211; x_wconf 89' lang='lat' dir='ltr'><strong>horrea</strong></span> <span class='ocrx_word' id='word_1_466' title='bbox 695 3155 953 3223; x_wconf 78' lang='lat' dir='ltr'><strong>frugibus,</strong></span> <span class='ocrx_word' id='word_1_467' title='bbox 1006 3168 1191 3208; x_wconf 91' lang='lat' dir='ltr'><strong>mensa</strong></span> <span class='ocrx_word' id='word_1_468' title='bbox 1235 3167 1363 3206; x_wconf 91' lang='lat' dir='ltr'><strong>vero</strong></span> <span class='ocrx_word' id='word_1_469' title='bbox 1402 3150 1555 3220; x_wconf 87' lang='lat' dir='ltr'><strong>c0pia</strong></span> <span class='ocrx_word' id='word_1_470' title='bbox 1605 3150 1773 3220; x_wconf 84' lang='lat' dir='ltr'><strong>ipsius</strong></span> 
     </span>
    </p>
   </div>
   <div class='ocr_carea' id='block_1_39' title="bbox 173 3244 1772 3314">
    <p class='ocr_par' dir='ltr' id='par_1_39' title="bbox 173 3244 1772 3314">
     <span class='ocr_line' id='line_1_39' title="bbox 173 3244 1772 3314; baseline 0 -15"><span class='ocrx_word' id='word_1_471' title='bbox 173 3245 457 3302; x_wconf 82' lang='lat' dir='ltr'><strong>ubertatis</strong></span> <span class='ocrx_word' id='word_1_472' title='bbox 505 3247 637 3302; x_wconf 90' lang='lat' dir='ltr'><strong>cibis</strong></span> <span class='ocrx_word' id='word_1_473' title='bbox 694 3246 797 3301; x_wconf 88' lang='lat' dir='ltr'><strong>erit</strong></span> <span class='ocrx_word' id='word_1_474' title='bbox 848 3246 1044 3301; x_wconf 87' lang='lat' dir='ltr'><strong>referta</strong></span> <span class='ocrx_word' id='word_1_475' title='bbox 1098 3244 1534 3314; x_wconf 89' lang='lat' dir='ltr'><strong>quamplurimis,</strong></span> <span class='ocrx_word' id='word_1_476' title='bbox 1603 3258 1772 3299; x_wconf 87' lang='lat' dir='ltr'><strong>vanus</strong></span> 
     </span>
    </p>
   </div>
   <div class='ocr_carea' id='block_1_40' title="bbox 176 3335 1772 3405">
    <p class='ocr_par' dir='ltr' id='par_1_40' title="bbox 176 3335 1772 3405">
     <span class='ocr_line' id='line_1_40' title="bbox 176 3335 1772 3405; baseline 0.001 -15"><span class='ocrx_word' id='word_1_477' title='bbox 176 3339 436 3405; x_wconf 87' lang='lat' dir='ltr'><strong>profecto</strong></span> <span class='ocrx_word' id='word_1_478' title='bbox 468 3338 751 3399; x_wconf 86' lang='lat' dir='ltr'><strong>videbitur,</strong></span> <span class='ocrx_word' id='word_1_479' title='bbox 784 3337 830 3391; x_wconf 91' lang='lat' dir='ltr'><strong>si</strong></span> <span class='ocrx_word' id='word_1_480' title='bbox 859 3337 1149 3391; x_wconf 84' lang='lat' dir='ltr'><strong>adventum</strong></span> <span class='ocrx_word' id='word_1_481' title='bbox 1185 3336 1443 3405; x_wconf 88' lang='lat' dir='ltr'><strong>temporis</strong></span> <span class='ocrx_word' id='word_1_482' title='bbox 1473 3335 1772 3405; x_wconf 89' lang='lat' dir='ltr'><strong>anticipare</strong></span> 
     </span>
    </p>
   </div>
   <div class='ocr_carea' id='block_1_41' title="bbox 176 3425 1795 3497">
    <p class='ocr_par' dir='ltr' id='par_1_41' title="bbox 176 3425 1795 3497">
     <span class='ocr_line' id='line_1_41' title="bbox 176 3425 1795 3497; baseline 0.001 -16"><span class='ocrx_word' id='word_1_483' title='bbox 176 3425 428 3491; x_wconf 69' lang='lat' dir='ltr'><strong>festinet,</strong></span> <span class='ocrx_word' id='word_1_484' title='bbox 462 3428 550 3496; x_wconf 89' lang='lat' dir='ltr'><strong>qui</strong></span> <span class='ocrx_word' id='word_1_485' title='bbox 597 3427 761 3481; x_wconf 88' lang='lat' dir='ltr'><strong>debet</strong></span> <span class='ocrx_word' id='word_1_486' title='bbox 789 3428 973 3497; x_wconf 88' lang='lat' dir='ltr'><strong>utique</strong></span> <span class='ocrx_word' id='word_1_487' title='bbox 999 3428 1229 3497; x_wconf 87' lang='lat' dir='ltr'><strong>primum</strong></span> <span class='ocrx_word' id='word_1_488' title='bbox 1260 3428 1464 3482; x_wconf 90' lang='lat' dir='ltr'><strong>semina</strong></span> <span class='ocrx_word' id='word_1_489' title='bbox 1493 3440 1767 3497; x_wconf 84' lang='lat' dir='ltr'><strong>spargere,</strong></span> <span class='ocrx_word' id='word_1_490' title='bbox 1784 3446 1795 3459; x_wconf 60' lang='grc' dir='ltr'><strong>-λ</strong></span> 
     </span>
    </p>
   </div>
   <div class='ocr_carea' id='block_1_42' title="bbox 176 3514 1767 3587">
    <p class='ocr_par' dir='ltr' id='par_1_42' title="bbox 176 3514 1767 3587">
     <span class='ocr_line' id='line_1_42' title="bbox 176 3514 1767 3587; baseline 0.003 -20"><span class='ocrx_word' id='word_1_491' title='bbox 176 3514 501 3586; x_wconf 76' lang='lat' dir='ltr'><strong>fructusque</strong></span> <span class='ocrx_word' id='word_1_492' title='bbox 529 3518 629 3573; x_wconf 89' lang='lat' dir='ltr'><strong>sibi</strong></span> <span class='ocrx_word' id='word_1_493' title='bbox 670 3518 944 3586; x_wconf 79' lang='lat' dir='ltr'><strong>diligentia</strong></span> <span class='ocrx_word' id='word_1_494' title='bbox 969 3518 1080 3587; x_wconf 89' lang='lat' dir='ltr'><strong>ipsa</strong></span> <span class='ocrx_word' id='word_1_495' title='bbox 1106 3532 1428 3587; x_wconf 59' lang='lat' dir='ltr'><strong>praeparare,</strong></span> <span class='ocrx_word' id='word_1_496' title='bbox 1457 3517 1585 3572; x_wconf 84' lang='lat' dir='ltr'><strong>velit</strong></span> <span class='ocrx_word' id='word_1_497' title='bbox 1612 3519 1767 3573; x_wconf 89' lang='lat' dir='ltr'><strong>nolit.</strong></span> 
     </span>
    </p>
   </div>
   <div class='ocr_carea' id='block_1_43' title="bbox 178 3606 1768 3679">
    <p class='ocr_par' dir='ltr' id='par_1_43' title="bbox 178 3606 1768 3679">
     <span class='ocr_line' id='line_1_43' title="bbox 178 3606 1768 3679; baseline 0.004 -20"><span class='ocrx_word' id='word_1_498' title='bbox 178 3606 429 3679; x_wconf 86' lang='lat' dir='ltr'><strong>Tempus</strong></span> <span class='ocrx_word' id='word_1_499' title='bbox 452 3609 594 3663; x_wconf 90' lang='lat' dir='ltr'><strong>enim</strong></span> <span class='ocrx_word' id='word_1_500' title='bbox 625 3611 765 3663; x_wconf 91' lang='lat' dir='ltr'><strong>sicut</strong></span> <span class='ocrx_word' id='word_1_501' title='bbox 794 3608 1069 3678; x_wconf 60' lang='lat' dir='ltr'><strong>praeﬁxum</strong></span> <span class='ocrx_word' id='word_1_502' title='bbox 1101 3616 1184 3663; x_wconf 89' lang='lat' dir='ltr'><strong>est</strong></span> <span class='ocrx_word' id='word_1_503' title='bbox 1239 3608 1441 3674; x_wconf 90' lang='lat' dir='ltr'><strong>veniet,</strong></span> <span class='ocrx_word' id='word_1_504' title='bbox 1489 3610 1631 3678; x_wconf 91' lang='lat' dir='ltr'><strong>quod</strong></span> <span class='ocrx_word' id='word_1_505' title='bbox 1661 3625 1768 3665; x_wconf 85' lang='lat' dir='ltr'><strong>non</strong></span> 
     </span>
    </p>
   </div>
   <div class='ocr_carea' id='block_1_44' title="bbox 179 3702 1765 3773">
    <p class='ocr_par' dir='ltr' id='par_1_44' title="bbox 179 3702 1765 3773">
     <span class='ocr_line' id='line_1_44' title="bbox 179 3702 1765 3773; baseline 0.002 -19"><span class='ocrx_word' id='word_1_506' title='bbox 179 3702 437 3756; x_wconf 89' lang='lat' dir='ltr'><strong>similiter</strong></span> <span class='ocrx_word' id='word_1_507' title='bbox 457 3703 727 3773; x_wconf 85' lang='lat' dir='ltr'><strong>excipient</strong></span> <span class='ocrx_word' id='word_1_508' title='bbox 756 3704 808 3757; x_wconf 90' lang='lat' dir='ltr'><strong>hi</strong></span> <span class='ocrx_word' id='word_1_509' title='bbox 838 3704 929 3773; x_wconf 90' lang='lat' dir='ltr'><strong>qui</strong></span> <span class='ocrx_word' id='word_1_510' title='bbox 960 3702 1059 3758; x_wconf 91' lang='lat' dir='ltr'><strong>sibi</strong></span> <span class='ocrx_word' id='word_1_511' title='bbox 1077 3702 1363 3772; x_wconf 91' lang='lat' dir='ltr'><strong>provident</strong></span> <span class='ocrx_word' id='word_1_512' title='bbox 1384 3704 1765 3759; x_wconf 89' lang='lat' dir='ltr'><strong>abundantiam</strong></span> 
     </span>
    </p>
   </div>
   <div class='ocr_carea' id='block_1_45' title="bbox 179 3791 1768 3865">
    <p class='ocr_par' dir='ltr' id='par_1_45' title="bbox 179 3791 1768 3865">
     <span class='ocr_line' id='line_1_45' title="bbox 179 3791 1768 3865; baseline 0.003 -22"><span class='ocrx_word' id='word_1_513' title='bbox 179 3791 419 3861; x_wconf 88' lang='lat' dir='ltr'><strong>frugum,</strong></span> <span class='ocrx_word' id='word_1_514' title='bbox 453 3802 507 3848; x_wconf 91' lang='lat' dir='ltr'><strong>et</strong></span> <span class='ocrx_word' id='word_1_515' title='bbox 535 3795 625 3863; x_wconf 90' lang='lat' dir='ltr'><strong>qui</strong></span> <span class='ocrx_word' id='word_1_516' title='bbox 652 3795 796 3849; x_wconf 90' lang='lat' dir='ltr'><strong>omni</strong></span> <span class='ocrx_word' id='word_1_517' title='bbox 827 3802 1088 3865; x_wconf 87' lang='lat' dir='ltr'><strong>apparatu</strong></span> <span class='ocrx_word' id='word_1_518' title='bbox 1128 3794 1283 3847; x_wconf 88' lang='lat' dir='ltr'><strong>vacui</strong></span> <span class='ocrx_word' id='word_1_519' title='bbox 1315 3794 1447 3848; x_wconf 88' lang='lat' dir='ltr'><strong>hora</strong></span> <span class='ocrx_word' id='word_1_520' title='bbox 1498 3794 1611 3862; x_wconf 87' lang='lat' dir='ltr'><strong>ipsa</strong></span> <span class='ocrx_word' id='word_1_521' title='bbox 1650 3796 1768 3848; x_wconf 87' lang='lat' dir='ltr'><strong>fue-</strong></span> 
     </span>
    </p>
   </div>
   <div class='ocr_carea' id='block_1_46' title="bbox 182 3882 1805 3953">
    <p class='ocr_par' dir='ltr' id='par_1_46' title="bbox 182 3882 1805 3953">
     <span class='ocr_line' id='line_1_46' title="bbox 182 3882 1805 3953; baseline 0.002 -20"><span class='ocrx_word' id='word_1_522' title='bbox 182 3882 287 3937; x_wconf 89' lang='lat' dir='ltr'><strong>rint</strong></span> <span class='ocrx_word' id='word_1_523' title='bbox 308 3884 687 3953; x_wconf 89' lang='lat' dir='ltr'><strong>comprehensi</strong></span> <span class='ocrx_word' id='word_1_524' title='bbox 711 3902 723 3936; x_wconf 95' lang='lat'><strong>:</strong></span> <span class='ocrx_word' id='word_1_525' title='bbox 752 3884 829 3938; x_wconf 91' lang='lat' dir='ltr'><strong>sic</strong></span> <span class='ocrx_word' id='word_1_526' title='bbox 843 3892 898 3945; x_wconf 80' lang='lat' dir='ltr'><strong>et</strong></span> <span class='ocrx_word' id='word_1_527' title='bbox 921 3883 1075 3939; x_wconf 90' lang='lat' dir='ltr'><strong>nobis</strong></span> <span class='ocrx_word' id='word_1_528' title='bbox 1094 3883 1326 3937; x_wconf 89' lang='lat' dir='ltr'><strong>arbitror</strong></span> <span class='ocrx_word' id='word_1_529' title='bbox 1347 3883 1618 3952; x_wconf 80' lang='lat' dir='ltr'><strong>expedire,</strong></span> <span class='ocrx_word' id='word_1_530' title='bbox 1645 3892 1805 3942; x_wconf 41' lang='lat' dir='ltr'><strong>eumn</strong></span> 
     </span>
    </p>
   </div>
   <div class='ocr_carea' id='block_1_47' title="bbox 183 3973 1766 4045">
    <p class='ocr_par' dir='ltr' id='par_1_47' title="bbox 183 3973 1766 4045">
     <span class='ocr_line' id='line_1_47' title="bbox 183 3973 1766 4045; baseline 0.002 -18"><span class='ocrx_word' id='word_1_531' title='bbox 183 3973 251 4027; x_wconf 89' lang='lat' dir='ltr'><strong>sit</strong></span> <span class='ocrx_word' id='word_1_532' title='bbox 304 3974 560 4030; x_wconf 88' lang='lat' dir='ltr'><strong>omnibus</strong></span> <span class='ocrx_word' id='word_1_533' title='bbox 612 3975 937 4043; x_wconf 89' lang='lat' dir='ltr'><strong>patefactum</strong></span> <span class='ocrx_word' id='word_1_534' title='bbox 990 3975 1372 4045; x_wconf 71' lang='lat' dir='ltr'><strong>praedicatione</strong></span> <span class='ocrx_word' id='word_1_535' title='bbox 1420 3975 1598 4029; x_wconf 75' lang='lat' dir='ltr'><strong>divina</strong></span> <span class='ocrx_word' id='word_1_536' title='bbox 1648 3993 1766 4045; x_wconf 72' lang='lat' dir='ltr'><strong>quze</strong></span> 
     </span>
    </p>
   </div>
   <div class='ocr_carea' id='block_1_48' title="bbox 186 4063 1768 4135">
    <p class='ocr_par' dir='ltr' id='par_1_48' title="bbox 186 4063 1768 4135">
     <span class='ocr_line' id='line_1_48' title="bbox 186 4063 1768 4135; baseline 0.003 -19"><span class='ocrx_word' id='word_1_537' title='bbox 186 4079 327 4120; x_wconf 90' lang='lat' dir='ltr'><strong>nunc</strong></span> <span class='ocrx_word' id='word_1_538' title='bbox 352 4065 573 4133; x_wconf 83' lang='lat' dir='ltr'><strong>geritur,</strong></span> <span class='ocrx_word' id='word_1_539' title='bbox 606 4063 841 4118; x_wconf 84' lang='lat' dir='ltr'><strong>futurum</strong></span> <span class='ocrx_word' id='word_1_540' title='bbox 862 4072 1075 4135; x_wconf 88' lang='lat' dir='ltr'><strong>tempus</strong></span> <span class='ocrx_word' id='word_1_541' title='bbox 1105 4074 1301 4118; x_wconf 67' lang='lat' dir='ltr'><strong>nostra:</strong></span> <span class='ocrx_word' id='word_1_542' title='bbox 1330 4066 1768 4121; x_wconf 88' lang='lat' dir='ltr'><strong>commutationis</strong></span> 
     </span>
    </p>
   </div>
   <div class='ocr_carea' id='block_1_49' title="bbox 184 4154 1762 4225">
    <p class='ocr_par' dir='ltr' id='par_1_49' title="bbox 184 4154 1762 4225">
     <span class='ocr_line' id='line_1_49' title="bbox 184 4154 1762 4225; baseline -0.001 -16"><span class='ocrx_word' id='word_1_543' title='bbox 184 4154 451 4222; x_wconf 86' lang='lat' dir='ltr'><strong>insistere,</strong></span> <span class='ocrx_word' id='word_1_544' title='bbox 484 4172 592 4210; x_wconf 91' lang='lat' dir='ltr'><strong>non</strong></span> <span class='ocrx_word' id='word_1_545' title='bbox 625 4163 865 4224; x_wconf 88' lang='lat' dir='ltr'><strong>tempora</strong></span> <span class='ocrx_word' id='word_1_546' title='bbox 895 4157 1166 4211; x_wconf 87' lang='lat' dir='ltr'><strong>discutere</strong></span> <span class='ocrx_word' id='word_1_547' title='bbox 1212 4171 1332 4225; x_wconf 64' lang='lat' dir='ltr'><strong>quae</strong></span> <span class='ocrx_word' id='word_1_548' title='bbox 1361 4164 1589 4210; x_wconf 80' lang='lat' dir='ltr'><strong>ventura</strong></span> <span class='ocrx_word' id='word_1_549' title='bbox 1617 4164 1762 4218; x_wconf 89' lang='lat' dir='ltr'><strong>sunt,</strong></span> 
     </span>
    </p>
   </div>
   <div class='ocr_carea' id='block_1_50' title="bbox 185 4246 1766 4317">
    <p class='ocr_par' dir='ltr' id='par_1_50' title="bbox 185 4246 1766 4317">
     <span class='ocr_line' id='line_1_50' title="bbox 185 4246 1766 4317; baseline -0.001 -15"><span class='ocrx_word' id='word_1_550' title='bbox 185 4248 309 4317; x_wconf 80' lang='lat' dir='ltr'><strong>quia</strong></span> <span class='ocrx_word' id='word_1_551' title='bbox 337 4264 444 4303; x_wconf 90' lang='lat' dir='ltr'><strong>non</strong></span> <span class='ocrx_word' id='word_1_552' title='bbox 468 4263 590 4303; x_wconf 90' lang='lat' dir='ltr'><strong>esse</strong></span> <span class='ocrx_word' id='word_1_553' title='bbox 620 4254 863 4302; x_wconf 89' lang='lat' dir='ltr'><strong>nostrum</strong></span> <span class='ocrx_word' id='word_1_554' title='bbox 908 4246 981 4301; x_wconf 90' lang='lat' dir='ltr'><strong>ait</strong></span> <span class='ocrx_word' id='word_1_555' title='bbox 1010 4247 1287 4317; x_wconf 89' lang='lat' dir='ltr'><strong>Scriptura</strong></span> <span class='ocrx_word' id='word_1_556' title='bbox 1329 4261 1487 4301; x_wconf 91' lang='lat' dir='ltr'><strong>nosse</strong></span> <span class='ocrx_word' id='word_1_557' title='bbox 1525 4255 1766 4317; x_wconf 89' lang='lat' dir='ltr'><strong>tempora</strong></span> 
     </span>
    </p>
   </div>
   <div class='ocr_carea' id='block_1_51' title="bbox 1876 3152 3460 3223">
    <p class='ocr_par' dir='ltr' id='par_1_51' title="bbox 1876 3152 3460 3223">
     <span class='ocr_line' id='line_1_51' title="bbox 1876 3152 3460 3223; baseline 0.001 -18"><span class='ocrx_word' id='word_1_558' title='bbox 1876 3166 1999 3206; x_wconf 91' lang='lat' dir='ltr'><strong>nem</strong></span> <span class='ocrx_word' id='word_1_559' title='bbox 2030 3152 2338 3223; x_wconf 84' lang='lat' dir='ltr'><strong>pervenisse</strong></span> <span class='ocrx_word' id='word_1_560' title='bbox 2368 3152 2601 3220; x_wconf 90' lang='lat' dir='ltr'><strong>putanda</strong></span> <span class='ocrx_word' id='word_1_561' title='bbox 2624 3160 2767 3207; x_wconf 91' lang='lat' dir='ltr'><strong>sunt.</strong></span> <span class='ocrx_word' id='word_1_562' title='bbox 2800 3152 2853 3207; x_wconf 92' lang='lat' dir='ltr'><strong>Si</strong></span> <span class='ocrx_word' id='word_1_563' title='bbox 2879 3162 3057 3207; x_wconf 87' lang='lat' dir='ltr'><strong>autem</strong></span> <span class='ocrx_word' id='word_1_564' title='bbox 3084 3152 3136 3206; x_wconf 91' lang='lat' dir='ltr'><strong>in</strong></span> <span class='ocrx_word' id='word_1_565' title='bbox 3170 3168 3235 3207; x_wconf 90' lang='lat' dir='ltr'><strong>eo</strong></span> <span class='ocrx_word' id='word_1_566' title='bbox 3265 3168 3349 3207; x_wconf 91' lang='lat' dir='ltr'><strong>res</strong></span> <span class='ocrx_word' id='word_1_567' title='bbox 3378 3164 3460 3207; x_wconf 89' lang='lat' dir='ltr'><strong>est</strong></span> 
     </span>
    </p>
   </div>
   <div class='ocr_carea' id='block_1_52' title="bbox 1876 3243 3457 3313">
    <p class='ocr_par' dir='ltr' id='par_1_52' title="bbox 1876 3243 3457 3313">
     <span class='ocr_line' id='line_1_52' title="bbox 1876 3243 3457 3313; baseline 0.001 -16"><span class='ocrx_word' id='word_1_568' title='bbox 1876 3244 2203 3309; x_wconf 88' lang='lat' dir='ltr'><strong>materialis,</strong></span> <span class='ocrx_word' id='word_1_569' title='bbox 2235 3244 2506 3313; x_wconf 90' lang='lat' dir='ltr'><strong>quomodo</strong></span> <span class='ocrx_word' id='word_1_570' title='bbox 2535 3243 2828 3299; x_wconf 87' lang='lat' dir='ltr'><strong>materialis</strong></span> <span class='ocrx_word' id='word_1_571' title='bbox 2858 3244 2974 3313; x_wconf 88' lang='lat' dir='ltr'><strong>ipse</strong></span> <span class='ocrx_word' id='word_1_572' title='bbox 3003 3259 3109 3298; x_wconf 91' lang='lat' dir='ltr'><strong>non</strong></span> <span class='ocrx_word' id='word_1_573' title='bbox 3139 3252 3249 3309; x_wconf 89' lang='lat' dir='ltr'><strong>est,</strong></span> <span class='ocrx_word' id='word_1_574' title='bbox 3282 3245 3371 3312; x_wconf 86' lang='lat' dir='ltr'><strong>qui</strong></span> <span class='ocrx_word' id='word_1_575' title='bbox 3406 3245 3457 3298; x_wconf 92' lang='lat' dir='ltr'><strong>in</strong></span> 
     </span>
    </p>
   </div>
   <div class='ocr_carea' id='block_1_53' title="bbox 1875 3318 3492 3403">
    <p class='ocr_par' dir='ltr' id='par_1_53' title="bbox 1875 3318 3492 3403">
     <span class='ocr_line' id='line_1_53' title="bbox 1875 3318 3492 3403; baseline 0.001 -15"><span class='ocrx_word' id='word_1_576' title='bbox 1875 3348 1935 3389; x_wconf 88' lang='lat' dir='ltr'><strong>se</strong></span> <span class='ocrx_word' id='word_1_577' title='bbox 1977 3333 2259 3388; x_wconf 89' lang='lat' dir='ltr'><strong>materiam</strong></span> <span class='ocrx_word' id='word_1_578' title='bbox 2291 3335 2577 3388; x_wconf 87' lang='lat' dir='ltr'><strong>continet?</strong></span> <span class='ocrx_word' id='word_1_579' title='bbox 2625 3334 2884 3389; x_wconf 86' lang='lat' dir='ltr'><strong>Similiter</strong></span> <span class='ocrx_word' id='word_1_580' title='bbox 2912 3342 3129 3403; x_wconf 87' lang='lat' dir='ltr'><strong>autem,</strong></span> <span class='ocrx_word' id='word_1_581' title='bbox 3180 3344 3235 3390; x_wconf 87' lang='lat' dir='ltr'><strong>et</strong></span> <span class='ocrx_word' id='word_1_582' title='bbox 3277 3318 3492 3390; x_wconf 29' lang='lat' dir='ltr'><strong>omnia.</strong></span> 
     </span>
    </p>
   </div>
   <div class='ocr_carea' id='block_1_54' title="bbox 1862 3414 3457 3496">
    <p class='ocr_par' dir='ltr' id='par_1_54' title="bbox 1862 3414 3457 3496">
     <span class='ocr_line' id='line_1_54' title="bbox 1862 3414 3457 3496; baseline 0.001 -18"><span class='ocrx_word' id='word_1_583' title='bbox 1862 3424 2066 3494; x_wconf 61' lang='lat' dir='ltr'><strong>&quot;quibus</strong></span> <span class='ocrx_word' id='word_1_584' title='bbox 2094 3424 2389 3479; x_wconf 90' lang='lat' dir='ltr'><strong>materialis</strong></span> <span class='ocrx_word' id='word_1_585' title='bbox 2416 3432 2604 3479; x_wconf 90' lang='lat' dir='ltr'><strong>natura</strong></span> <span class='ocrx_word' id='word_1_586' title='bbox 2635 3414 2893 3492; x_wconf 86' lang='lat' dir='ltr'><strong>ﬁguratur</strong></span> <span class='ocrx_word' id='word_1_587' title='bbox 2926 3444 2936 3477; x_wconf 89' lang='lat'><strong>:</strong></span> <span class='ocrx_word' id='word_1_588' title='bbox 2962 3425 3008 3480; x_wconf 89' lang='lat' dir='ltr'><strong>si</strong></span> <span class='ocrx_word' id='word_1_589' title='bbox 3036 3425 3157 3481; x_wconf 91' lang='lat' dir='ltr'><strong>ideo</strong></span> <span class='ocrx_word' id='word_1_590' title='bbox 3183 3440 3311 3496; x_wconf 84' lang='lat' dir='ltr'><strong>ergo</strong></span> <span class='ocrx_word' id='word_1_591' title='bbox 3335 3442 3457 3481; x_wconf 82' lang='lat' dir='ltr'><strong>crc-</strong></span> 
     </span>
    </p>
   </div>
   <div class='ocr_carea' id='block_1_55' title="bbox 1872 3516 3460 3586">
    <p class='ocr_par' dir='ltr' id='par_1_55' title="bbox 1872 3516 3460 3586">
     <span class='ocr_line' id='line_1_55' title="bbox 1872 3516 3460 3586; baseline 0.001 -16"><span class='ocrx_word' id='word_1_592' title='bbox 1872 3517 2018 3571; x_wconf 87' lang='lat' dir='ltr'><strong>ditur</strong></span> <span class='ocrx_word' id='word_1_593' title='bbox 2055 3532 2178 3571; x_wconf 90' lang='lat' dir='ltr'><strong>esse</strong></span> <span class='ocrx_word' id='word_1_594' title='bbox 2215 3516 2484 3585; x_wconf 86' lang='lat' dir='ltr'><strong>quantitas</strong></span> <span class='ocrx_word' id='word_1_595' title='bbox 2507 3555 2522 3580; x_wconf 87' lang='lat'><strong>,</strong></span> <span class='ocrx_word' id='word_1_596' title='bbox 2573 3516 2846 3586; x_wconf 90' lang='lat' dir='ltr'><strong>quomodo</strong></span> <span class='ocrx_word' id='word_1_597' title='bbox 2890 3517 3007 3572; x_wconf 87' lang='lat' dir='ltr'><strong>sine</strong></span> <span class='ocrx_word' id='word_1_598' title='bbox 3049 3518 3348 3586; x_wconf 83' lang='lat' dir='ltr'><strong>quantitate</strong></span> <span class='ocrx_word' id='word_1_599' title='bbox 3377 3529 3460 3573; x_wconf 88' lang='lat' dir='ltr'><strong>est</strong></span> 
     </span>
    </p>
   </div>
   <div class='ocr_carea' id='block_1_56' title="bbox 1872 3609 3459 3680">
    <p class='ocr_par' dir='ltr' id='par_1_56' title="bbox 1872 3609 3459 3680">
     <span class='ocr_line' id='line_1_56' title="bbox 1872 3609 3459 3680; baseline -0.001 -13"><span class='ocrx_word' id='word_1_600' title='bbox 1872 3611 2049 3667; x_wconf 88' lang='lat' dir='ltr'><strong>Deus?</strong></span> <span class='ocrx_word' id='word_1_601' title='bbox 2079 3610 2135 3665; x_wconf 92' lang='lat' dir='ltr'><strong>Si</strong></span> <span class='ocrx_word' id='word_1_602' title='bbox 2160 3612 2214 3664; x_wconf 88' lang='lat' dir='ltr'><strong>in</strong></span> <span class='ocrx_word' id='word_1_603' title='bbox 2242 3624 2308 3665; x_wconf 91' lang='lat' dir='ltr'><strong>eo</strong></span> <span class='ocrx_word' id='word_1_604' title='bbox 2335 3609 2479 3680; x_wconf 88' lang='lat' dir='ltr'><strong>quod</strong></span> <span class='ocrx_word' id='word_1_605' title='bbox 2522 3610 2879 3679; x_wconf 90' lang='lat' dir='ltr'><strong>compositum</strong></span> <span class='ocrx_word' id='word_1_606' title='bbox 2907 3618 3009 3672; x_wconf 94' lang='lat' dir='ltr'><strong>est,</strong></span> <span class='ocrx_word' id='word_1_607' title='bbox 3040 3610 3313 3678; x_wconf 88' lang='lat' dir='ltr'><strong>quomodo</strong></span> <span class='ocrx_word' id='word_1_608' title='bbox 3344 3611 3459 3680; x_wconf 70' lang='lat' dir='ltr'><strong>ipse</strong></span> 
     </span>
    </p>
   </div>
   <div class='ocr_carea' id='block_1_57' title="bbox 1871 3699 3458 3774">
    <p class='ocr_par' dir='ltr' id='par_1_57' title="bbox 1871 3699 3458 3774">
     <span class='ocr_line' id='line_1_57' title="bbox 1871 3699 3458 3774; baseline -0.003 -15"><span class='ocrx_word' id='word_1_609' title='bbox 1871 3704 2100 3774; x_wconf 84' lang='lat' dir='ltr'><strong>simplex</strong></span> <span class='ocrx_word' id='word_1_610' title='bbox 2146 3709 2202 3756; x_wconf 89' lang='lat' dir='ltr'><strong>et</strong></span> <span class='ocrx_word' id='word_1_611' title='bbox 2245 3700 2365 3755; x_wconf 88' lang='lat' dir='ltr'><strong>sine</strong></span> <span class='ocrx_word' id='word_1_612' title='bbox 2399 3700 2793 3769; x_wconf 84' lang='lat' dir='ltr'><strong>compositione</strong></span> <span class='ocrx_word' id='word_1_613' title='bbox 2821 3701 2946 3755; x_wconf 87' lang='lat' dir='ltr'><strong>est?</strong></span> <span class='ocrx_word' id='word_1_614' title='bbox 3004 3699 3154 3755; x_wconf 85' lang='lat' dir='ltr'><strong>Unde</strong></span> <span class='ocrx_word' id='word_1_615' title='bbox 3200 3715 3321 3754; x_wconf 90' lang='lat' dir='ltr'><strong>eum</strong></span> <span class='ocrx_word' id='word_1_616' title='bbox 3365 3712 3458 3755; x_wconf 91' lang='lat' dir='ltr'><strong>aut</strong></span> 
     </span>
    </p>
   </div>
   <div class='ocr_carea' id='block_1_58' title="bbox 1871 3791 3457 3860">
    <p class='ocr_par' dir='ltr' id='par_1_58' title="bbox 1871 3791 3457 3860">
     <span class='ocr_line' id='line_1_58' title="bbox 1871 3791 3457 3860; baseline -0.004 -10"><span class='ocrx_word' id='word_1_617' title='bbox 1871 3794 2205 3851; x_wconf 88' lang='lat' dir='ltr'><strong>materialem</strong></span> <span class='ocrx_word' id='word_1_618' title='bbox 2234 3808 2356 3847; x_wconf 90' lang='lat' dir='ltr'><strong>esse</strong></span> <span class='ocrx_word' id='word_1_619' title='bbox 2387 3806 2606 3846; x_wconf 90' lang='lat' dir='ltr'><strong>necesse</strong></span> <span class='ocrx_word' id='word_1_620' title='bbox 2635 3800 2747 3855; x_wconf 92' lang='lat' dir='ltr'><strong>est,</strong></span> <span class='ocrx_word' id='word_1_621' title='bbox 2781 3792 2905 3860; x_wconf 88' lang='lat' dir='ltr'><strong>quia</strong></span> <span class='ocrx_word' id='word_1_622' title='bbox 2935 3807 2999 3845; x_wconf 91' lang='lat' dir='ltr'><strong>ex</strong></span> <span class='ocrx_word' id='word_1_623' title='bbox 3030 3792 3146 3860; x_wconf 89' lang='lat' dir='ltr'><strong>ipso</strong></span> <span class='ocrx_word' id='word_1_624' title='bbox 3170 3791 3457 3845; x_wconf 82' lang='lat' dir='ltr'><strong>subsistere</strong></span> 
     </span>
    </p>
   </div>
   <div class='ocr_carea' id='block_1_59' title="bbox 1869 3882 3453 3951">
    <p class='ocr_par' dir='ltr' id='par_1_59' title="bbox 1869 3882 3453 3951">
     <span class='ocr_line' id='line_1_59' title="bbox 1869 3882 3453 3951; baseline -0.004 -11"><span class='ocrx_word' id='word_1_625' title='bbox 1869 3885 2150 3939; x_wconf 89' lang='lat' dir='ltr'><strong>materiam</strong></span> <span class='ocrx_word' id='word_1_626' title='bbox 2175 3882 2515 3936; x_wconf 87' lang='lat' dir='ltr'><strong>ratiocinatio</strong></span> <span class='ocrx_word' id='word_1_627' title='bbox 2533 3883 2647 3951; x_wconf 90' lang='lat' dir='ltr'><strong>ipsa</strong></span> <span class='ocrx_word' id='word_1_628' title='bbox 2662 3883 2957 3951; x_wconf 87' lang='lat' dir='ltr'><strong>compellit.</strong></span> <span class='ocrx_word' id='word_1_629' title='bbox 2984 3882 3087 3935; x_wconf 83' lang='lat' dir='ltr'><strong>Aut</strong></span> <span class='ocrx_word' id='word_1_630' title='bbox 3115 3882 3453 3951; x_wconf 87' lang='lat' dir='ltr'><strong>siquisqnam</strong></span> 
     </span>
    </p>
   </div>
   <div class='ocr_carea' id='block_1_60' title="bbox 1868 3973 3450 4040">
    <p class='ocr_par' dir='ltr' id='par_1_60' title="bbox 1868 3973 3450 4040">
     <span class='ocr_line' id='line_1_60' title="bbox 1868 3973 3450 4040; baseline -0.003 -11"><span class='ocrx_word' id='word_1_631' title='bbox 1868 3976 1975 4031; x_wconf 90' lang='lat' dir='ltr'><strong>hoc</strong></span> <span class='ocrx_word' id='word_1_632' title='bbox 2002 3974 2228 4040; x_wconf 81' lang='lat' dir='ltr'><strong>refugit,</strong></span> <span class='ocrx_word' id='word_1_633' title='bbox 2261 3973 2596 4028; x_wconf 84' lang='lat' dir='ltr'><strong>extrinsecus</strong></span> <span class='ocrx_word' id='word_1_634' title='bbox 2628 3973 2988 4029; x_wconf 90' lang='lat' dir='ltr'><strong>introductam</strong></span> <span class='ocrx_word' id='word_1_635' title='bbox 3020 3989 3139 4027; x_wconf 86' lang='lat' dir='ltr'><strong>esse</strong></span> <span class='ocrx_word' id='word_1_636' title='bbox 3168 3973 3450 4027; x_wconf 87' lang='lat' dir='ltr'><strong>materiam</strong></span> 
     </span>
    </p>
   </div>
   <div class='ocr_carea' id='block_1_61' title="bbox 1870 4063 3452 4119">
    <p class='ocr_par' dir='ltr' id='par_1_61' title="bbox 1870 4063 3452 4119">
     <span class='ocr_line' id='line_1_61' title="bbox 1870 4063 3452 4119; baseline -0.002 -1"><span class='ocrx_word' id='word_1_637' title='bbox 1870 4065 1935 4118; x_wconf 88' lang='lat' dir='ltr'><strong>ad</strong></span> <span class='ocrx_word' id='word_1_638' title='bbox 1962 4064 2405 4119; x_wconf 89' lang='lat' dir='ltr'><strong>constitutionem</strong></span> <span class='ocrx_word' id='word_1_639' title='bbox 2441 4063 2812 4116; x_wconf 86' lang='lat' dir='ltr'><strong>universorum</strong></span> <span class='ocrx_word' id='word_1_640' title='bbox 2855 4063 3199 4116; x_wconf 86' lang='lat' dir='ltr'><strong>nihilominus</strong></span> <span class='ocrx_word' id='word_1_641' title='bbox 3218 4065 3452 4117; x_wconf 70' lang='lat' dir='ltr'><strong>aestima-</strong></span> 
     </span>
    </p>
   </div>
   <div class='ocr_carea' id='block_1_62' title="bbox 1870 4154 3449 4223">
    <p class='ocr_par' dir='ltr' id='par_1_62' title="bbox 1870 4154 3449 4223">
     <span class='ocr_line' id='line_1_62' title="bbox 1870 4154 3449 4223; baseline -0.001 -14"><span class='ocrx_word' id='word_1_642' title='bbox 1870 4156 1968 4209; x_wconf 87' lang='lat' dir='ltr'><strong>bit.</strong></span> <span class='ocrx_word' id='word_1_643' title='bbox 1994 4154 2050 4209; x_wconf 91' lang='lat' dir='ltr'><strong>Si</strong></span> <span class='ocrx_word' id='word_1_644' title='bbox 2080 4156 2241 4223; x_wconf 81' lang='lat' dir='ltr'><strong>igitur</strong></span> <span class='ocrx_word' id='word_1_645' title='bbox 2270 4162 2584 4207; x_wconf 89' lang='lat' dir='ltr'><strong>extraneum</strong></span> <span class='ocrx_word' id='word_1_646' title='bbox 2611 4161 2746 4217; x_wconf 90' lang='lat' dir='ltr'><strong>erat,</strong></span> <span class='ocrx_word' id='word_1_647' title='bbox 2777 4154 2919 4208; x_wconf 88' lang='lat' dir='ltr'><strong>aliud</strong></span> <span class='ocrx_word' id='word_1_648' title='bbox 2948 4166 3141 4223; x_wconf 62' lang='lat' dir='ltr'><strong>prceter</strong></span> <span class='ocrx_word' id='word_1_649' title='bbox 3164 4154 3449 4208; x_wconf 91' lang='lat' dir='ltr'><strong>Dominum</strong></span> 
     </span>
    </p>
   </div>
   <div class='ocr_carea' id='block_1_63' title="bbox 1868 4245 3453 4315">
    <p class='ocr_par' dir='ltr' id='par_1_63' title="bbox 1868 4245 3453 4315">
     <span class='ocr_line' id='line_1_63' title="bbox 1868 4245 3453 4315; baseline 0 -16"><span class='ocrx_word' id='word_1_650' title='bbox 1868 4246 2029 4300; x_wconf 88' lang='lat' dir='ltr'><strong>fuisse</strong></span> <span class='ocrx_word' id='word_1_651' title='bbox 2055 4246 2344 4309; x_wconf 69' lang='lat' dir='ltr'><strong>constabit,</strong></span> <span class='ocrx_word' id='word_1_652' title='bbox 2378 4246 2470 4314; x_wconf 90' lang='lat' dir='ltr'><strong>qui</strong></span> <span class='ocrx_word' id='word_1_653' title='bbox 2501 4245 2658 4298; x_wconf 90' lang='lat' dir='ltr'><strong>simul</strong></span> <span class='ocrx_word' id='word_1_654' title='bbox 2691 4245 3020 4315; x_wconf 82' lang='lat' dir='ltr'><strong>intelligatur</strong></span> <span class='ocrx_word' id='word_1_655' title='bbox 3047 4246 3342 4300; x_wconf 88' lang='lat' dir='ltr'><strong>secundum</strong></span> <span class='ocrx_word' id='word_1_656' title='bbox 3365 4261 3453 4299; x_wconf 81' lang='lat' dir='ltr'><strong>ra-</strong></span> 
     </span>
    </p>
   </div>
   <div class='ocr_carea' id='block_1_64' title="bbox 185 4337 3451 4409">
    <p class='ocr_par' dir='ltr' id='par_1_64' title="bbox 185 4337 3451 4409">
     <span class='ocr_line' id='line_1_64' title="bbox 185 4337 3451 4409; baseline 0 -18"><span class='ocrx_word' id='word_1_657' title='bbox 185 4337 269 4391; x_wconf 86' lang='lat' dir='ltr'><strong>vel</strong></span> <span class='ocrx_word' id='word_1_658' title='bbox 303 4347 596 4407; x_wconf 89' lang='lat' dir='ltr'><strong>momenta,</strong></span> <span class='ocrx_word' id='word_1_659' title='bbox 627 4354 804 4407; x_wconf 89' lang='lat' dir='ltr'><strong>neque</strong></span> <span class='ocrx_word' id='word_1_660' title='bbox 833 4339 1191 4407; x_wconf 84' lang='lat' dir='ltr'><strong>cogitationes</strong></span> <span class='ocrx_word' id='word_1_661' title='bbox 1220 4339 1426 4407; x_wconf 89' lang='lat' dir='ltr'><strong>aliquas</strong></span> <span class='ocrx_word' id='word_1_662' title='bbox 1456 4339 1849 4408; x_wconf 56' lang='lat' dir='ltr'><strong>exquirere,?|5”</strong></span> <span class='ocrx_word' id='word_1_663' title='bbox 1870 4340 2070 4394; x_wconf 89' lang='lat' dir='ltr'><strong>tionem</strong></span> <span class='ocrx_word' id='word_1_664' title='bbox 2100 4338 2452 4409; x_wconf 84' lang='lat' dir='ltr'><strong>perennitatis</strong></span> <span class='ocrx_word' id='word_1_665' title='bbox 2481 4353 2602 4392; x_wconf 92' lang='lat' dir='ltr'><strong>cum</strong></span> <span class='ocrx_word' id='word_1_666' title='bbox 2633 4339 2871 4405; x_wconf 84' lang='lat' dir='ltr'><strong>ingenito</strong></span> <span class='ocrx_word' id='word_1_667' title='bbox 2912 4337 3235 4403; x_wconf 90' lang='lat' dir='ltr'><strong>substitisse,</strong></span> <span class='ocrx_word' id='word_1_668' title='bbox 3269 4338 3344 4392; x_wconf 92' lang='lat' dir='ltr'><strong>ita</strong></span> <span class='ocrx_word' id='word_1_669' title='bbox 3392 4338 3451 4391; x_wconf 89' lang='lat' dir='ltr'><strong>ut</strong></span> 
     </span>
    </p>
   </div>
   <div class='ocr_carea' id='block_1_65' title="bbox 188 4429 3443 4507">
    <p class='ocr_par' dir='ltr' id='par_1_65' title="bbox 188 4429 3443 4507">
     <span class='ocr_line' id='line_1_65' title="bbox 188 4429 3443 4507; baseline 0.001 -26"><span class='ocrx_word' id='word_1_670' title='bbox 188 4430 376 4497; x_wconf 88' lang='lat' dir='ltr'><strong>quibus</strong></span> <span class='ocrx_word' id='word_1_671' title='bbox 398 4447 426 4484; x_wconf 94' lang='lat' dir='ltr'><strong>a</strong></span> <span class='ocrx_word' id='word_1_672' title='bbox 459 4446 553 4501; x_wconf 89' lang='lat' dir='ltr'><strong>spe</strong></span> <span class='ocrx_word' id='word_1_673' title='bbox 592 4431 1005 4485; x_wconf 90' lang='lat' dir='ltr'><strong>resurrectionis</strong></span> <span class='ocrx_word' id='word_1_674' title='bbox 1044 4430 1222 4483; x_wconf 88' lang='lat' dir='ltr'><strong>anima</strong></span> <span class='ocrx_word' id='word_1_675' title='bbox 1255 4429 1530 4484; x_wconf 81' lang='lat' dir='ltr'><strong>debilitata</strong></span> <span class='ocrx_word' id='word_1_676' title='bbox 1564 4430 1762 4484; x_wconf 86' lang='lat' dir='ltr'><strong>lasses-</strong></span> <span class='ocrx_word' id='word_1_677' title='bbox 1797 4447 1843 4507; x_wconf 79' lang='grc' dir='ltr'>υ</span> <span class='ocrx_word' id='word_1_678' title='bbox 1868 4431 1974 4485; x_wconf 93' lang='lat' dir='ltr'><strong>duo</strong></span> <span class='ocrx_word' id='word_1_679' title='bbox 2017 4430 2279 4501; x_wconf 88' lang='lat' dir='ltr'><strong>principia</strong></span> <span class='ocrx_word' id='word_1_680' title='bbox 2306 4430 2509 4500; x_wconf 89' lang='lat' dir='ltr'><strong>pariter</strong></span> <span class='ocrx_word' id='word_1_681' title='bbox 2536 4430 2770 4501; x_wconf 82' lang='lat' dir='ltr'><strong>ingenita</strong></span> <span class='ocrx_word' id='word_1_682' title='bbox 2810 4430 3153 4485; x_wconf 88' lang='lat' dir='ltr'><strong>ratiocinatio</strong></span> <span class='ocrx_word' id='word_1_683' title='bbox 3206 4429 3443 4498; x_wconf 82' lang='lat' dir='ltr'><strong>colligat,</strong></span> 
     </span>
    </p>
   </div>
   <div class='ocr_carea' id='block_1_66' title="bbox 188 4521 1763 4593">
    <p class='ocr_par' dir='ltr' id='par_1_66' title="bbox 188 4521 1763 4593">
     <span class='ocr_line' id='line_1_66' title="bbox 188 4521 1763 4593; baseline 0.001 -19"><span class='ocrx_word' id='word_1_684' title='bbox 188 4528 291 4574; x_wconf 84' lang='lat' dir='ltr'><strong>cat.</strong></span> <span class='ocrx_word' id='word_1_685' title='bbox 322 4521 425 4577; x_wconf 89' lang='lat' dir='ltr'><strong>Sed</strong></span> <span class='ocrx_word' id='word_1_686' title='bbox 474 4524 517 4577; x_wconf 90' lang='lat' dir='ltr'><strong>si</strong></span> <span class='ocrx_word' id='word_1_687' title='bbox 548 4538 652 4593; x_wconf 91' lang='lat' dir='ltr'><strong>qua</strong></span> <span class='ocrx_word' id='word_1_688' title='bbox 676 4523 964 4578; x_wconf 88' lang='lat' dir='ltr'><strong>credulitas</strong></span> <span class='ocrx_word' id='word_1_689' title='bbox 995 4538 1180 4577; x_wconf 91' lang='lat' dir='ltr'><strong>eorum</strong></span> <span class='ocrx_word' id='word_1_690' title='bbox 1210 4537 1329 4591; x_wconf 79' lang='lat' dir='ltr'><strong>quze</strong></span> <span class='ocrx_word' id='word_1_691' title='bbox 1373 4522 1763 4591; x_wconf 90' lang='lat' dir='ltr'><strong>promittuntur</strong></span> 
     </span>
    </p>
   </div>
   <div class='ocr_carea' id='block_1_67' title="bbox 190 4606 1763 4682">
    <p class='ocr_par' dir='ltr' id='par_1_67' title="bbox 190 4606 1763 4682">
     <span class='ocr_line' id='line_1_67' title="bbox 190 4606 1763 4682; baseline 0.003 -20"><span class='ocrx_word' id='word_1_692' title='bbox 190 4606 245 4662; x_wconf 88' lang='lat' dir='ltr'><strong>in</strong></span> <span class='ocrx_word' id='word_1_693' title='bbox 272 4611 420 4666; x_wconf 89' lang='lat' dir='ltr'><strong>nobis</strong></span> <span class='ocrx_word' id='word_1_694' title='bbox 460 4621 561 4678; x_wconf 90' lang='lat' dir='ltr'><strong>est,</strong></span> <span class='ocrx_word' id='word_1_695' title='bbox 594 4613 870 4679; x_wconf 90' lang='lat' dir='ltr'><strong>debemus,</strong></span> <span class='ocrx_word' id='word_1_696' title='bbox 922 4614 1350 4669; x_wconf 88' lang='lat' dir='ltr'><strong>conversationis</strong></span> <span class='ocrx_word' id='word_1_697' title='bbox 1397 4614 1611 4682; x_wconf 73' lang='lat' dir='ltr'><strong>optima:</strong></span> <span class='ocrx_word' id='word_1_698' title='bbox 1648 4620 1763 4667; x_wconf 85' lang='lat' dir='ltr'><strong>stu-</strong></span> 
     </span>
    </p>
   </div>
   <div class='ocr_carea' id='block_1_68' title="bbox 192 4697 1759 4775">
    <p class='ocr_par' dir='ltr' id='par_1_68' title="bbox 192 4697 1759 4775">
     <span class='ocr_line' id='line_1_68' title="bbox 192 4697 1759 4775; baseline 0.004 -25"><span class='ocrx_word' id='word_1_699' title='bbox 192 4697 293 4753; x_wconf 89' lang='lat' dir='ltr'><strong>diis</strong></span> <span class='ocrx_word' id='word_1_700' title='bbox 321 4702 653 4768; x_wconf 81' lang='lat' dir='ltr'><strong>inhaerentes,</strong></span> <span class='ocrx_word' id='word_1_701' title='bbox 680 4705 912 4759; x_wconf 86' lang='lat' dir='ltr'><strong>futuram</strong></span> <span class='ocrx_word' id='word_1_702' title='bbox 937 4706 1124 4775; x_wconf 62' lang='lat' dir='ltr'><strong>gratiae</strong></span> <span class='ocrx_word' id='word_1_703' title='bbox 1166 4705 1542 4774; x_wconf 89' lang='lat' dir='ltr'><strong>antiquitatem</strong></span> <span class='ocrx_word' id='word_1_704' title='bbox 1590 4705 1759 4775; x_wconf 89' lang='lat' dir='ltr'><strong>ipsam</strong></span> 
     </span>
    </p>
   </div>
   <div class='ocr_carea' id='block_1_69' title="bbox 190 4794 1823 4865">
    <p class='ocr_par' dir='ltr' id='par_1_69' title="bbox 190 4794 1823 4865">
     <span class='ocr_line' id='line_1_69' title="bbox 190 4794 1823 4865; baseline 0.004 -23"><span class='ocrx_word' id='word_1_705' title='bbox 190 4794 542 4847; x_wconf 85' lang='lat' dir='ltr'><strong>venerabilem</strong></span> <span class='ocrx_word' id='word_1_706' title='bbox 570 4798 942 4865; x_wconf 74' lang='lat' dir='ltr'><strong>:equanimiter</strong></span> <span class='ocrx_word' id='word_1_707' title='bbox 970 4796 1227 4865; x_wconf 87' lang='lat' dir='ltr'><strong>opperiri.</strong></span> <span class='ocrx_word' id='word_1_708' title='bbox 1776 4806 1823 4849; x_wconf 62' lang='grc' dir='ltr'><strong>ει</strong></span> 
     </span>
    </p>
   </div>
   <div class='ocr_carea' id='block_1_70' title="bbox 741 4907 1190 4963">
    <p class='ocr_par' dir='ltr' id='par_1_70' title="bbox 741 4907 1190 4963">
     <span class='ocr_line' id='line_1_70' title="bbox 741 4907 1190 4963; baseline 0.002 -1"><span class='ocrx_word' id='word_1_709' title='bbox 741 4907 970 4962; x_wconf 84' lang='lat' dir='ltr'><strong>CAPUT</strong></span> <span class='ocrx_word' id='word_1_710' title='bbox 1000 4907 1190 4963; x_wconf 81' lang='lat' dir='ltr'><strong>XXIV.</strong></span> 
     </span>
    </p>
   </div>
   <div class='ocr_carea' id='block_1_71' title="bbox 195 4989 1759 5067">
    <p class='ocr_par' dir='ltr' id='par_1_71' title="bbox 195 4989 1759 5067">
     <span class='ocr_line' id='line_1_71' title="bbox 195 4989 1759 5067; baseline 0.004 -24"><span class='ocrx_word' id='word_1_711' title='bbox 195 4989 332 5054; x_wconf 86' lang='lat' dir='ltr'><strong>Quod</strong></span> <span class='ocrx_word' id='word_1_712' title='bbox 355 5000 441 5064; x_wconf 78' lang='lat' dir='ltr'><strong>qui</strong></span> <span class='ocrx_word' id='word_1_713' title='bbox 480 4996 748 5050; x_wconf 74' lang='lat' dir='ltr'><strong>exordium</strong></span> <span class='ocrx_word' id='word_1_714' title='bbox 779 4999 1157 5051; x_wconf 80' lang='lat' dir='ltr'><strong>consti.‘utionis</strong></span> <span class='ocrx_word' id='word_1_715' title='bbox 1188 4998 1370 5050; x_wconf 83' lang='lat' dir='ltr'><strong>mundi</strong></span> <span class='ocrx_word' id='word_1_716' title='bbox 1400 4999 1623 5067; x_wconf 72' lang='lat' dir='ltr'><strong>fatetur,</strong></span> <span class='ocrx_word' id='word_1_717' title='bbox 1676 5013 1759 5050; x_wconf 86' lang='lat' dir='ltr'><strong>ne-</strong></span> 
     </span>
    </p>
   </div>
   <div class='ocr_carea' id='block_1_72' title="bbox 438 5069 1492 5138">
    <p class='ocr_par' dir='ltr' id='par_1_72' title="bbox 438 5069 1492 5138">
     <span class='ocr_line' id='line_1_72' title="bbox 438 5069 1492 5138; baseline 0.001 -20"><span class='ocrx_word' id='word_1_718' title='bbox 438 5069 662 5121; x_wconf 80' lang='lat' dir='ltr'><strong>cessario</strong></span> <span class='ocrx_word' id='word_1_719' title='bbox 691 5070 801 5138; x_wconf 88' lang='lat' dir='ltr'><strong>ejus</strong></span> <span class='ocrx_word' id='word_1_720' title='bbox 831 5069 987 5121; x_wconf 84' lang='lat' dir='ltr'><strong>etiam</strong></span> <span class='ocrx_word' id='word_1_721' title='bbox 1012 5069 1074 5120; x_wconf 90' lang='lat' dir='ltr'><strong>de</strong></span> <span class='ocrx_word' id='word_1_722' title='bbox 1095 5069 1201 5137; x_wconf 78' lang='lat' dir='ltr'><strong>ﬁne</strong></span> <span class='ocrx_word' id='word_1_723' title='bbox 1227 5073 1492 5120; x_wconf 84' lang='lat' dir='ltr'><strong>concedat.</strong></span> 
     </span>
    </p>
   </div>
   <div class='ocr_carea' id='block_1_73' title="bbox 258 5154 1756 5228">
    <p class='ocr_par' dir='ltr' id='par_1_73' title="bbox 258 5154 1756 5228">
     <span class='ocr_line' id='line_1_73' title="bbox 258 5154 1756 5228; baseline 0.001 -17"><span class='ocrx_word' id='word_1_724' title='bbox 258 5154 309 5211; x_wconf 90' lang='lat' dir='ltr'><strong>Si</strong></span> <span class='ocrx_word' id='word_1_725' title='bbox 328 5159 442 5227; x_wconf 94' lang='lat' dir='ltr'><strong>quis</strong></span> <span class='ocrx_word' id='word_1_726' title='bbox 469 5168 647 5214; x_wconf 87' lang='lat' dir='ltr'><strong>autem</strong></span> <span class='ocrx_word' id='word_1_727' title='bbox 681 5160 863 5214; x_wconf 89' lang='lat' dir='ltr'><strong>mundi</strong></span> <span class='ocrx_word' id='word_1_728' title='bbox 891 5175 1102 5214; x_wconf 89' lang='lat' dir='ltr'><strong>cursum</strong></span> <span class='ocrx_word' id='word_1_729' title='bbox 1134 5159 1226 5227; x_wconf 91' lang='lat' dir='ltr'><strong>qui</strong></span> <span class='ocrx_word' id='word_1_730' title='bbox 1251 5175 1394 5213; x_wconf 89' lang='lat' dir='ltr'><strong>nunc</strong></span> <span class='ocrx_word' id='word_1_731' title='bbox 1422 5167 1505 5214; x_wconf 88' lang='lat' dir='ltr'><strong>est</strong></span> <span class='ocrx_word' id='word_1_732' title='bbox 1523 5158 1756 5228; x_wconf 88' lang='lat' dir='ltr'><strong>quadam</strong></span> 
     </span>
    </p>
   </div>
   <div class='ocr_carea' id='block_1_74' title="bbox 193 5248 1809 5319">
    <p class='ocr_par' dir='ltr' id='par_1_74' title="bbox 193 5248 1809 5319">
     <span class='ocr_line' id='line_1_74' title="bbox 193 5248 1809 5319; baseline 0.002 -19"><span class='ocrx_word' id='word_1_733' title='bbox 193 5263 300 5303; x_wconf 88' lang='lat' dir='ltr'><strong>sese</strong></span> <span class='ocrx_word' id='word_1_734' title='bbox 326 5248 435 5317; x_wconf 87' lang='lat' dir='ltr'><strong>lege</strong></span> <span class='ocrx_word' id='word_1_735' title='bbox 463 5261 771 5305; x_wconf 89' lang='lat' dir='ltr'><strong>moventem</strong></span> <span class='ocrx_word' id='word_1_736' title='bbox 800 5249 1175 5319; x_wconf 91' lang='lat' dir='ltr'><strong>conspiciens,</strong></span> <span class='ocrx_word' id='word_1_737' title='bbox 1205 5265 1302 5317; x_wconf 88' lang='lat' dir='ltr'><strong>per</strong></span> <span class='ocrx_word' id='word_1_738' title='bbox 1330 5265 1491 5317; x_wconf 89' lang='lat' dir='ltr'><strong>quam</strong></span> <span class='ocrx_word' id='word_1_739' title='bbox 1522 5251 1753 5318; x_wconf 88' lang='lat' dir='ltr'><strong>spatium</strong></span> <span class='ocrx_word' id='word_1_740' title='bbox 1796 5252 1809 5281; x_wconf 74' lang='grc' dir='ltr'><strong><em>ί</em></strong></span> 
     </span>
    </p>
   </div>
   <div class='ocr_carea' id='block_1_75' title="bbox 193 5336 1757 5411">
    <p class='ocr_par' dir='ltr' id='par_1_75' title="bbox 193 5336 1757 5411">
     <span class='ocr_line' id='line_1_75' title="bbox 193 5336 1757 5411; baseline 0.001 -22"><span class='ocrx_word' id='word_1_741' title='bbox 193 5336 369 5393; x_wconf 84' lang='lat' dir='ltr'><strong>labitur</strong></span> <span class='ocrx_word' id='word_1_742' title='bbox 404 5340 720 5411; x_wconf 88' lang='lat' dir='ltr'><strong>temporale,</strong></span> <span class='ocrx_word' id='word_1_743' title='bbox 777 5354 1114 5409; x_wconf 88' lang='lat' dir='ltr'><strong>nequaquam</strong></span> <span class='ocrx_word' id='word_1_744' title='bbox 1152 5338 1295 5393; x_wconf 85' lang='lat' dir='ltr'><strong>dicat</strong></span> <span class='ocrx_word' id='word_1_745' title='bbox 1322 5339 1597 5392; x_wconf 89' lang='lat' dir='ltr'><strong>mobilium</strong></span> <span class='ocrx_word' id='word_1_746' title='bbox 1639 5354 1757 5393; x_wconf 84' lang='lat' dir='ltr'><strong>ces-</strong></span> 
     </span>
    </p>
   </div>
   <div class='ocr_carea' id='block_1_76' title="bbox 193 5430 1759 5503">
    <p class='ocr_par' dir='ltr' id='par_1_76' title="bbox 193 5430 1759 5503">
     <span class='ocr_line' id='line_1_76' title="bbox 193 5430 1759 5503; baseline 0 -20"><span class='ocrx_word' id='word_1_747' title='bbox 193 5431 431 5486; x_wconf 87' lang='lat' dir='ltr'><strong>sationem</strong></span> <span class='ocrx_word' id='word_1_748' title='bbox 461 5448 581 5502; x_wconf 62' lang='lat' dir='ltr'><strong>quae</strong></span> <span class='ocrx_word' id='word_1_749' title='bbox 611 5433 871 5503; x_wconf 69' lang='lat' dir='ltr'><strong>praedicta</strong></span> <span class='ocrx_word' id='word_1_750' title='bbox 903 5440 985 5487; x_wconf 87' lang='lat' dir='ltr'><strong>est</strong></span> <span class='ocrx_word' id='word_1_751' title='bbox 1014 5446 1173 5502; x_wconf 89' lang='lat' dir='ltr'><strong>posse</strong></span> <span class='ocrx_word' id='word_1_752' title='bbox 1201 5431 1530 5499; x_wconf 89' lang='lat' dir='ltr'><strong>contingere,</strong></span> <span class='ocrx_word' id='word_1_753' title='bbox 1584 5430 1759 5483; x_wconf 90' lang='lat' dir='ltr'><strong>mani-</strong></span> 
     </span>
    </p>
   </div>
   <div class='ocr_carea' id='block_1_77' title="bbox 194 5519 1755 5597">
    <p class='ocr_par' dir='ltr' id='par_1_77' title="bbox 194 5519 1755 5597">
     <span class='ocr_line' id='line_1_77' title="bbox 194 5519 1755 5597; baseline 0.004 -26"><span class='ocrx_word' id='word_1_754' title='bbox 194 5519 363 5577; x_wconf 85' lang='lat' dir='ltr'><strong>festum</strong></span> <span class='ocrx_word' id='word_1_755' title='bbox 401 5532 485 5579; x_wconf 88' lang='lat' dir='ltr'><strong>est</strong></span> <span class='ocrx_word' id='word_1_756' title='bbox 532 5527 619 5580; x_wconf 90' lang='lat' dir='ltr'><strong>hic</strong></span> <span class='ocrx_word' id='word_1_757' title='bbox 662 5526 807 5597; x_wconf 90' lang='lat' dir='ltr'><strong>quod</strong></span> <span class='ocrx_word' id='word_1_758' title='bbox 837 5540 935 5579; x_wconf 91' lang='lat' dir='ltr'><strong>nec</strong></span> <span class='ocrx_word' id='word_1_759' title='bbox 965 5524 1015 5578; x_wconf 91' lang='lat' dir='ltr'><strong>in</strong></span> <span class='ocrx_word' id='word_1_760' title='bbox 1046 5523 1308 5592; x_wconf 90' lang='lat' dir='ltr'><strong>principio</strong></span> <span class='ocrx_word' id='word_1_761' title='bbox 1339 5521 1534 5577; x_wconf 85' lang='lat' dir='ltr'><strong>factum</strong></span> <span class='ocrx_word' id='word_1_762' title='bbox 1565 5536 1595 5574; x_wconf 94' lang='lat' dir='ltr'><strong>a</strong></span> <span class='ocrx_word' id='word_1_763' title='bbox 1640 5521 1755 5577; x_wconf 91' lang='lat' dir='ltr'><strong>Deo</strong></span> 
     </span>
    </p>
   </div>
   <div class='ocr_carea' id='block_1_78' title="bbox 195 5612 1752 5687">
    <p class='ocr_par' dir='ltr' id='par_1_78' title="bbox 195 5612 1752 5687">
     <span class='ocr_line' id='line_1_78' title="bbox 195 5612 1752 5687; baseline 0.003 -25"><span class='ocrx_word' id='word_1_764' title='bbox 195 5612 364 5668; x_wconf 65' lang='lat' dir='ltr'><strong>malum</strong></span> <span class='ocrx_word' id='word_1_765' title='bbox 382 5623 687 5687; x_wconf 89' lang='lat' dir='ltr'><strong>terramque</strong></span> <span class='ocrx_word' id='word_1_766' title='bbox 713 5615 961 5672; x_wconf 89' lang='lat' dir='ltr'><strong>fateatur.</strong></span> <span class='ocrx_word' id='word_1_767' title='bbox 988 5614 1091 5682; x_wconf 86' lang='lat' dir='ltr'><strong>Qui</strong></span> <span class='ocrx_word' id='word_1_768' title='bbox 1115 5616 1257 5669; x_wconf 90' lang='lat' dir='ltr'><strong>enim</strong></span> <span class='ocrx_word' id='word_1_769' title='bbox 1281 5613 1602 5684; x_wconf 89' lang='lat' dir='ltr'><strong>principium</strong></span> <span class='ocrx_word' id='word_1_770' title='bbox 1637 5629 1752 5667; x_wconf 86' lang='lat' dir='ltr'><strong>mo-</strong></span> 
     </span>
    </p>
   </div>
   <div class='ocr_carea' id='block_1_79' title="bbox 195 5703 1749 5776">
    <p class='ocr_par' dir='ltr' id='par_1_79' title="bbox 195 5703 1749 5776">
     <span class='ocr_line' id='line_1_79' title="bbox 195 5703 1749 5776; baseline 0.004 -22"><span class='ocrx_word' id='word_1_771' title='bbox 195 5708 270 5756; x_wconf 88' lang='lat' dir='ltr'><strong>tus</strong></span> <span class='ocrx_word' id='word_1_772' title='bbox 311 5703 527 5770; x_wconf 74' lang='lat' dir='ltr'><strong>credit,</strong></span> <span class='ocrx_word' id='word_1_773' title='bbox 567 5706 633 5761; x_wconf 78' lang='lat' dir='ltr'><strong>de</strong></span> <span class='ocrx_word' id='word_1_774' title='bbox 681 5706 787 5763; x_wconf 88' lang='lat' dir='ltr'><strong>ﬁne</strong></span> <span class='ocrx_word' id='word_1_775' title='bbox 817 5708 1037 5763; x_wconf 89' lang='lat' dir='ltr'><strong>omnino</strong></span> <span class='ocrx_word' id='word_1_776' title='bbox 1070 5724 1175 5762; x_wconf 86' lang='lat' dir='ltr'><strong>non</strong></span> <span class='ocrx_word' id='word_1_777' title='bbox 1206 5704 1425 5774; x_wconf 79' lang='lat' dir='ltr'><strong>ambigit</strong></span> <span class='ocrx_word' id='word_1_778' title='bbox 1457 5723 1468 5758; x_wconf 89' lang='lat'>:</span> <span class='ocrx_word' id='word_1_779' title='bbox 1500 5704 1589 5776; x_wconf 89' lang='lat' dir='ltr'><strong>qui</strong></span> <span class='ocrx_word' id='word_1_780' title='bbox 1622 5720 1749 5761; x_wconf 85' lang='lat' dir='ltr'><strong>vero</strong></span> 
     </span>
    </p>
   </div>
   <div class='ocr_carea' id='block_1_80' title="bbox 1866 4520 3447 4591">
    <p class='ocr_par' dir='ltr' id='par_1_80' title="bbox 1866 4520 3447 4591">
     <span class='ocr_line' id='line_1_80' title="bbox 1866 4520 3447 4591; baseline 0 -15"><span class='ocrx_word' id='word_1_781' title='bbox 1866 4520 1979 4589; x_wconf 90' lang='lat' dir='ltr'><strong>ejus</strong></span> <span class='ocrx_word' id='word_1_782' title='bbox 1989 4521 2194 4576; x_wconf 91' lang='lat' dir='ltr'><strong>scilicet</strong></span> <span class='ocrx_word' id='word_1_783' title='bbox 2210 4520 2298 4588; x_wconf 92' lang='lat' dir='ltr'><strong>qui</strong></span> <span class='ocrx_word' id='word_1_784' title='bbox 2313 4520 2654 4576; x_wconf 89' lang='lat' dir='ltr'><strong>artiﬁciosius</strong></span> <span class='ocrx_word' id='word_1_785' title='bbox 2669 4531 2943 4591; x_wconf 90' lang='lat' dir='ltr'><strong>operatur,</strong></span> <span class='ocrx_word' id='word_1_786' title='bbox 2960 4529 3014 4575; x_wconf 89' lang='lat' dir='ltr'><strong>et</strong></span> <span class='ocrx_word' id='word_1_787' title='bbox 3027 4521 3117 4590; x_wconf 91' lang='lat' dir='ltr'><strong>qui</strong></span> <span class='ocrx_word' id='word_1_788' title='bbox 3134 4520 3269 4576; x_wconf 91' lang='lat' dir='ltr'><strong>hanc</strong></span> <span class='ocrx_word' id='word_1_789' title='bbox 3280 4520 3447 4576; x_wconf 89' lang='lat' dir='ltr'><strong>disci-</strong></span> 
     </span>
    </p>
   </div>
   <div class='ocr_carea' id='block_1_81' title="bbox 1866 4611 3445 4684">
    <p class='ocr_par' dir='ltr' id='par_1_81' title="bbox 1866 4611 3445 4684">
     <span class='ocr_line' id='line_1_81' title="bbox 1866 4611 3445 4684; baseline 0.001 -17"><span class='ocrx_word' id='word_1_790' title='bbox 1866 4614 2174 4684; x_wconf 89' lang='lat' dir='ltr'><strong>plinabilem</strong></span> <span class='ocrx_word' id='word_1_791' title='bbox 2204 4612 2427 4668; x_wconf 90' lang='lat' dir='ltr'><strong>formam</strong></span> <span class='ocrx_word' id='word_1_792' title='bbox 2453 4614 2610 4681; x_wconf 88' lang='lat' dir='ltr'><strong>hujus</strong></span> <span class='ocrx_word' id='word_1_793' title='bbox 2628 4613 2958 4684; x_wconf 89' lang='lat' dir='ltr'><strong>operationis</strong></span> <span class='ocrx_word' id='word_1_794' title='bbox 2978 4613 3229 4682; x_wconf 85' lang='lat' dir='ltr'><strong>excipiet.</strong></span> <span class='ocrx_word' id='word_1_795' title='bbox 3248 4611 3305 4668; x_wconf 92' lang='lat' dir='ltr'><strong>Si</strong></span> <span class='ocrx_word' id='word_1_796' title='bbox 3320 4613 3445 4683; x_wconf 88' lang='lat' dir='ltr'><strong>quis</strong></span> 
     </span>
    </p>
   </div>
   <div class='ocr_carea' id='block_1_82' title="bbox 1864 4704 3447 4775">
    <p class='ocr_par' dir='ltr' id='par_1_82' title="bbox 1864 4704 3447 4775">
     <span class='ocr_line' id='line_1_82' title="bbox 1864 4704 3447 4775; baseline 0.002 -18"><span class='ocrx_word' id='word_1_797' title='bbox 1864 4712 2041 4758; x_wconf 91' lang='lat' dir='ltr'><strong>autem</strong></span> <span class='ocrx_word' id='word_1_798' title='bbox 2065 4704 2229 4758; x_wconf 90' lang='lat' dir='ltr'><strong>veluti</strong></span> <span class='ocrx_word' id='word_1_799' title='bbox 2254 4705 2572 4759; x_wconf 89' lang='lat' dir='ltr'><strong>necessitate</strong></span> <span class='ocrx_word' id='word_1_800' title='bbox 2600 4705 2931 4773; x_wconf 91' lang='lat' dir='ltr'><strong>compulsus,</strong></span> <span class='ocrx_word' id='word_1_801' title='bbox 2951 4711 3220 4773; x_wconf 89' lang='lat' dir='ltr'><strong>supponat</strong></span> <span class='ocrx_word' id='word_1_802' title='bbox 3247 4706 3447 4775; x_wconf 90' lang='lat' dir='ltr'><strong>sempi-</strong></span> 
     </span>
    </p>
   </div>
   <div class='ocr_carea' id='block_1_83' title="bbox 1864 4795 3446 4865">
    <p class='ocr_par' dir='ltr' id='par_1_83' title="bbox 1864 4795 3446 4865">
     <span class='ocr_line' id='line_1_83' title="bbox 1864 4795 3446 4865; baseline 0.003 -18"><span class='ocrx_word' id='word_1_803' title='bbox 1864 4805 2069 4848; x_wconf 88' lang='lat' dir='ltr'><strong>ternam</strong></span> <span class='ocrx_word' id='word_1_804' title='bbox 2118 4796 2354 4849; x_wconf 90' lang='lat' dir='ltr'><strong>omnium</strong></span> <span class='ocrx_word' id='word_1_805' title='bbox 2405 4796 2743 4850; x_wconf 89' lang='lat' dir='ltr'><strong>conditormn</strong></span> <span class='ocrx_word' id='word_1_806' title='bbox 2793 4795 3096 4858; x_wconf 90' lang='lat' dir='ltr'><strong>materiam,</strong></span> <span class='ocrx_word' id='word_1_807' title='bbox 3128 4810 3288 4865; x_wconf 92' lang='lat' dir='ltr'><strong>quam</strong></span> <span class='ocrx_word' id='word_1_808' title='bbox 3318 4804 3446 4851; x_wconf 90' lang='lat' dir='ltr'><strong>tunc</strong></span> 
     </span>
    </p>
   </div>
   <div class='ocr_carea' id='block_1_84' title="bbox 1864 4882 3447 4952">
    <p class='ocr_par' dir='ltr' id='par_1_84' title="bbox 1864 4882 3447 4952">
     <span class='ocr_line' id='line_1_84' title="bbox 1864 4882 3447 4952; baseline 0.003 -17"><span class='ocrx_word' id='word_1_809' title='bbox 1864 4882 2189 4938; x_wconf 82' lang='lat' dir='ltr'><strong>Manichacus</strong></span> <span class='ocrx_word' id='word_1_810' title='bbox 2209 4900 2426 4938; x_wconf 88' lang='lat' dir='ltr'><strong>suorum</strong></span> <span class='ocrx_word' id='word_1_811' title='bbox 2450 4884 2757 4952; x_wconf 78' lang='lat' dir='ltr'><strong>dogmatum</strong></span> <span class='ocrx_word' id='word_1_812' title='bbox 2781 4884 3018 4940; x_wconf 86' lang='lat' dir='ltr'><strong>favorem</strong></span> <span class='ocrx_word' id='word_1_813' title='bbox 3049 4883 3447 4941; x_wconf 89' lang='lat' dir='ltr'><strong>defensionem-</strong></span> 
     </span>
    </p>
   </div>
   <div class='ocr_carea' id='block_1_85' title="bbox 1864 4975 3443 5045">
    <p class='ocr_par' dir='ltr' id='par_1_85' title="bbox 1864 4975 3443 5045">
     <span class='ocr_line' id='line_1_85' title="bbox 1864 4975 3443 5045; baseline 0.001 -18"><span class='ocrx_word' id='word_1_814' title='bbox 1864 4990 1969 5043; x_wconf 90' lang='lat' dir='ltr'><strong>que</strong></span> <span class='ocrx_word' id='word_1_815' title='bbox 1999 4976 2265 5043; x_wconf 90' lang='lat' dir='ltr'><strong>reperiet,</strong></span> <span class='ocrx_word' id='word_1_816' title='bbox 2309 4976 2401 5043; x_wconf 91' lang='lat' dir='ltr'><strong>qui</strong></span> <span class='ocrx_word' id='word_1_817' title='bbox 2424 4976 2755 5029; x_wconf 86' lang='lat' dir='ltr'><strong>materialem</strong></span> <span class='ocrx_word' id='word_1_818' title='bbox 2785 4992 3000 5031; x_wconf 88' lang='lat' dir='ltr'><strong>causam</strong></span> <span class='ocrx_word' id='word_1_819' title='bbox 3024 4975 3177 5045; x_wconf 82' lang='lat' dir='ltr'><strong>juxta</strong></span> <span class='ocrx_word' id='word_1_820' title='bbox 3221 4975 3443 5042; x_wconf 85' lang='lat' dir='ltr'><strong>ingeniti</strong></span> 
     </span>
    </p>
   </div>
   <div class='ocr_carea' id='block_1_86' title="bbox 1862 5064 3443 5135">
    <p class='ocr_par' dir='ltr' id='par_1_86' title="bbox 1862 5064 3443 5135">
     <span class='ocr_line' id='line_1_86' title="bbox 1862 5064 3443 5135; baseline 0 -17"><span class='ocrx_word' id='word_1_821' title='bbox 1862 5064 2321 5133; x_wconf 87' lang='lat' dir='ltr'><strong>ingenerationem</strong></span> <span class='ocrx_word' id='word_1_822' title='bbox 2371 5066 2524 5120; x_wconf 72' lang='lat' dir='ltr'><strong>bona:</strong></span> <span class='ocrx_word' id='word_1_823' title='bbox 2556 5076 2758 5120; x_wconf 72' lang='lat' dir='ltr'><strong>naturze</strong></span> <span class='ocrx_word' id='word_1_824' title='bbox 2785 5082 3068 5135; x_wconf 70' lang='lat' dir='ltr'><strong>cozeqnare</strong></span> <span class='ocrx_word' id='word_1_825' title='bbox 3114 5064 3391 5119; x_wconf 92' lang='lat' dir='ltr'><strong>contendit</strong></span> <span class='ocrx_word' id='word_1_826' title='bbox 3419 5065 3443 5118; x_wconf 72' lang='grc' dir='ltr'><em>ἲ</em></span> 
     </span>
    </p>
   </div>
   <div class='ocr_carea' id='block_1_87' title="bbox 1861 5155 3441 5225">
    <p class='ocr_par' dir='ltr' id='par_1_87' title="bbox 1861 5155 3441 5225">
     <span class='ocr_line' id='line_1_87' title="bbox 1861 5155 3441 5225; baseline 0 -16"><span class='ocrx_word' id='word_1_827' title='bbox 1861 5155 1966 5210; x_wconf 86' lang='lat' dir='ltr'><strong>Sed</strong></span> <span class='ocrx_word' id='word_1_828' title='bbox 1999 5172 2096 5210; x_wconf 93' lang='lat' dir='ltr'><strong>nos</strong></span> <span class='ocrx_word' id='word_1_829' title='bbox 2126 5157 2409 5212; x_wconf 88' lang='lat' dir='ltr'><strong>audientes</strong></span> <span class='ocrx_word' id='word_1_830' title='bbox 2432 5172 2498 5211; x_wconf 85' lang='lat' dir='ltr'><strong>ex</strong></span> <span class='ocrx_word' id='word_1_831' title='bbox 2528 5157 2639 5212; x_wconf 92' lang='lat' dir='ltr'><strong>Deo</strong></span> <span class='ocrx_word' id='word_1_832' title='bbox 2671 5174 2790 5212; x_wconf 87' lang='lat' dir='ltr'><strong>esse</strong></span> <span class='ocrx_word' id='word_1_833' title='bbox 2817 5160 3026 5220; x_wconf 84' lang='lat' dir='ltr'><strong>onmia,</strong></span> <span class='ocrx_word' id='word_1_834' title='bbox 3048 5157 3324 5225; x_wconf 90' lang='lat' dir='ltr'><strong>Scriptura</strong></span> <span class='ocrx_word' id='word_1_835' title='bbox 3353 5156 3441 5210; x_wconf 86' lang='lat' dir='ltr'><strong>di-</strong></span> 
     </span>
    </p>
   </div>
   <div class='ocr_carea' id='block_1_88' title="bbox 1862 5246 3441 5317">
    <p class='ocr_par' dir='ltr' id='par_1_88' title="bbox 1862 5246 3441 5317">
     <span class='ocr_line' id='line_1_88' title="bbox 1862 5246 3441 5317; baseline 0.003 -19"><span class='ocrx_word' id='word_1_836' title='bbox 1862 5253 2017 5299; x_wconf 91' lang='lat' dir='ltr'><strong>cente</strong></span> <span class='ocrx_word' id='word_1_837' title='bbox 2048 5246 2359 5311; x_wconf 88' lang='lat' dir='ltr'><strong>retinemus,</strong></span> <span class='ocrx_word' id='word_1_838' title='bbox 2392 5256 2447 5301; x_wconf 90' lang='lat' dir='ltr'><strong>et</strong></span> <span class='ocrx_word' id='word_1_839' title='bbox 2476 5248 2709 5315; x_wconf 90' lang='lat' dir='ltr'><strong>qualiter</strong></span> <span class='ocrx_word' id='word_1_840' title='bbox 2737 5263 2804 5302; x_wconf 81' lang='lat' dir='ltr'><strong>ex</strong></span> <span class='ocrx_word' id='word_1_841' title='bbox 2836 5247 2945 5301; x_wconf 90' lang='lat' dir='ltr'><strong>Deo</strong></span> <span class='ocrx_word' id='word_1_842' title='bbox 2972 5248 3098 5313; x_wconf 89' lang='lat' dir='ltr'><strong>sint,</strong></span> <span class='ocrx_word' id='word_1_843' title='bbox 3128 5247 3252 5315; x_wconf 88' lang='lat' dir='ltr'><strong>quia</strong></span> <span class='ocrx_word' id='word_1_844' title='bbox 3279 5262 3441 5317; x_wconf 86' lang='lat' dir='ltr'><strong>super</strong></span> 
     </span>
    </p>
   </div>
   <div class='ocr_carea' id='block_1_89' title="bbox 1861 5335 3440 5411">
    <p class='ocr_par' dir='ltr' id='par_1_89' title="bbox 1861 5335 3440 5411">
     <span class='ocr_line' id='line_1_89' title="bbox 1861 5335 3440 5411; baseline 0.003 -22"><span class='ocrx_word' id='word_1_845' title='bbox 1861 5335 2190 5390; x_wconf 89' lang='lat' dir='ltr'><strong>intellectum</strong></span> <span class='ocrx_word' id='word_1_846' title='bbox 2224 5346 2464 5392; x_wconf 88' lang='lat' dir='ltr'><strong>nostrum</strong></span> <span class='ocrx_word' id='word_1_847' title='bbox 2490 5348 2591 5403; x_wconf 90' lang='lat' dir='ltr'><strong>est,</strong></span> <span class='ocrx_word' id='word_1_848' title='bbox 2625 5354 2960 5407; x_wconf 88' lang='lat' dir='ltr'><strong>nequaquam</strong></span> <span class='ocrx_word' id='word_1_849' title='bbox 2988 5339 3197 5393; x_wconf 91' lang='lat' dir='ltr'><strong>curiose</strong></span> <span class='ocrx_word' id='word_1_850' title='bbox 3220 5342 3440 5411; x_wconf 82' lang='lat' dir='ltr'><strong>perqui-</strong></span> 
     </span>
    </p>
   </div>
   <div class='ocr_carea' id='block_1_90' title="bbox 1857 5428 3437 5496">
    <p class='ocr_par' dir='ltr' id='par_1_90' title="bbox 1857 5428 3437 5496">
     <span class='ocr_line' id='line_1_90' title="bbox 1857 5428 3437 5496; baseline 0.004 -15"><span class='ocrx_word' id='word_1_851' title='bbox 1857 5428 2057 5496; x_wconf 85' lang='lat' dir='ltr'><strong>rimus,</strong></span> <span class='ocrx_word' id='word_1_852' title='bbox 2105 5428 2338 5484; x_wconf 90' lang='lat' dir='ltr'><strong>divinam</strong></span> <span class='ocrx_word' id='word_1_853' title='bbox 2369 5440 2611 5485; x_wconf 90' lang='lat' dir='ltr'><strong>naturam</strong></span> <span class='ocrx_word' id='word_1_854' title='bbox 2657 5430 2973 5485; x_wconf 86' lang='lat' dir='ltr'><strong>creatriccm</strong></span> <span class='ocrx_word' id='word_1_855' title='bbox 3003 5431 3288 5486; x_wconf 90' lang='lat' dir='ltr'><strong>credentes</strong></span> <span class='ocrx_word' id='word_1_856' title='bbox 3315 5448 3437 5489; x_wconf 89' lang='lat' dir='ltr'><strong>esse</strong></span> 
     </span>
    </p>
   </div>
   <div class='ocr_carea' id='block_1_91' title="bbox 1856 5520 3438 5590">
    <p class='ocr_par' dir='ltr' id='par_1_91' title="bbox 1856 5520 3438 5590">
     <span class='ocr_line' id='line_1_91' title="bbox 1856 5520 3438 5590; baseline 0.003 -18"><span class='ocrx_word' id='word_1_857' title='bbox 1856 5527 2191 5584; x_wconf 85' lang='lat' dir='ltr'><strong>cunctorum,</strong></span> <span class='ocrx_word' id='word_1_858' title='bbox 2218 5537 2339 5575; x_wconf 92' lang='lat' dir='ltr'><strong>cum</strong></span> <span class='ocrx_word' id='word_1_859' title='bbox 2364 5530 2417 5576; x_wconf 92' lang='lat' dir='ltr'><strong>et</strong></span> <span class='ocrx_word' id='word_1_860' title='bbox 2443 5520 2585 5589; x_wconf 92' lang='lat' dir='ltr'><strong>quod</strong></span> <span class='ocrx_word' id='word_1_861' title='bbox 2609 5522 2745 5574; x_wconf 88' lang='lat' dir='ltr'><strong>ratio</strong></span> <span class='ocrx_word' id='word_1_862' title='bbox 2774 5520 3207 5590; x_wconf 87' lang='lat' dir='ltr'><strong>eratconstituit,</strong></span> <span class='ocrx_word' id='word_1_863' title='bbox 3230 5531 3283 5578; x_wconf 90' lang='lat' dir='ltr'><strong>et</strong></span> <span class='ocrx_word' id='word_1_864' title='bbox 3310 5540 3438 5578; x_wconf 81' lang='lat' dir='ltr'><strong>con-</strong></span> 
     </span>
    </p>
   </div>
   <div class='ocr_carea' id='block_1_92' title="bbox 1853 5612 3436 5683">
    <p class='ocr_par' dir='ltr' id='par_1_92' title="bbox 1853 5612 3436 5683">
     <span class='ocr_line' id='line_1_92' title="bbox 1853 5612 3436 5683; baseline 0.003 -17"><span class='ocrx_word' id='word_1_865' title='bbox 1853 5612 2094 5667; x_wconf 89' lang='lat' dir='ltr'><strong>stitutum</strong></span> <span class='ocrx_word' id='word_1_866' title='bbox 2133 5615 2242 5682; x_wconf 88' lang='lat' dir='ltr'><strong>jam</strong></span> <span class='ocrx_word' id='word_1_867' title='bbox 2290 5616 2340 5669; x_wconf 93' lang='lat' dir='ltr'><strong>in</strong></span> <span class='ocrx_word' id='word_1_868' title='bbox 2390 5629 2553 5682; x_wconf 90' lang='lat' dir='ltr'><strong>quam</strong></span> <span class='ocrx_word' id='word_1_869' title='bbox 2610 5614 2841 5668; x_wconf 87' lang='lat' dir='ltr'><strong>voluerit</strong></span> <span class='ocrx_word' id='word_1_870' title='bbox 2891 5612 3248 5683; x_wconf 86' lang='lat' dir='ltr'><strong>quantitatem</strong></span> <span class='ocrx_word' id='word_1_871' title='bbox 3302 5618 3436 5670; x_wconf 87' lang='lat' dir='ltr'><strong>mira</strong></span> 
     </span>
    </p>
   </div>
   <div class='ocr_carea' id='block_1_93' title="bbox 1853 5706 3433 5778">
    <p class='ocr_par' dir='ltr' id='par_1_93' title="bbox 1853 5706 3433 5778">
     <span class='ocr_line' id='line_1_93' title="bbox 1853 5706 3433 5778; baseline -0.001 -16"><span class='ocrx_word' id='word_1_872' title='bbox 1853 5709 2272 5763; x_wconf 87' lang='lat' dir='ltr'><strong>commutatione</strong></span> <span class='ocrx_word' id='word_1_873' title='bbox 2296 5708 2648 5778; x_wconf 84' lang='lat' dir='ltr'><strong>perquirerct.</strong></span> <span class='ocrx_word' id='word_1_874' title='bbox 2682 5706 3093 5776; x_wconf 81' lang='lat' dir='ltr'><strong>Consequenter</strong></span> <span class='ocrx_word' id='word_1_875' title='bbox 3118 5722 3248 5777; x_wconf 83' lang='lat' dir='ltr'><strong>ergo</strong></span> <span class='ocrx_word' id='word_1_876' title='bbox 3291 5709 3404 5762; x_wconf 69' lang='grc' dir='ltr'><strong>ιιι-ἰή</strong></span> <span class='ocrx_word' id='word_1_877' title='bbox 3432 5742 3433 5745; x_wconf 60' lang='grc' dir='ltr'><strong>η</strong></span> 
     </span>
    </p>
   </div>
  </div>
