4060 6364
614 320 713 382 337
1892 313 2245 370 DIONYSIUS
2286 311 2608 370 EX-IGUUS.
3847 306 3965 361 31:2:

615 452 820 498 tramur
865 455 927 495 ea
954 444 1204 508 quasunt
1232 435 1299 491 ad
1330 432 1471 490 illam
1506 433 1896 489 institutionem
1924 448 2043 502 qua:
2071 447 2194 487 nec-
2220 439 2267 493 Α
2297 430 2546 485 confesso
2577 427 2779 483 inducit
2814 445 2825 479 :
2867 426 2925 481 Si
2954 435 3135 481 autem
3165 425 3390 493 doleret,
3449 428 3756 482 undenam
3794 436 3966 480 esset

614 532 737 587 dum
768 538 878 593 cst,
929 529 1121 583 divinas
1148 529 1358 583 virtutis
1379 529 1658 583 voluntate
1689 543 1851 598 posse
1880 526 2192 589 subsistere,
2298 521 2444 591 quod
2472 521 2722 576 sanaret?
2746 519 2897 574 Nunc
2913 528 3095 574 autem
3123 535 3228 574 non
3253 528 3332 573 est
3354 535 3519 574 unum
3541 520 3697 588 quod
3732 529 3963 585 sanat,

559 603 574 617 ’
612 624 654 678 si
686 630 742 677 et
786 621 1308 676 consummationem
1354 634 1533 673 rerum
1565 619 1629 673 ad
1682 619 1849 688 ipsius
1876 616 2195 686 spotentiam
2298 611 2394 666 sed
2417 612 2617 676 multa;
2641 610 2860 665 minime
2888 624 3016 680 ergo
3041 626 3104 663 ex
3128 626 3234 664 uno
3258 610 3525 664 elemento
3545 610 3960 665 constituitur

611 715 924 778 referentes,
962 714 1013 767 in
1045 713 1193 768 nullo
1223 712 1514 781 disciplina:
1557 720 1754 767 nostrae
1778 711 2043 765 rationem
2070 724 2197 778 pro-
2300 703 2483 757 homo.
2536 702 2801 756 therum
2848 717 2916 756 ex
2944 701 3138 771 quibus
3168 700 3269 770 ipsi
3300 694 3566 755 conantur
3606 700 3957 771 proprium

611 810 731 875 pter
754 804 806 859 id
827 804 970 876 quod
1000 803 1183 859 dicere
1206 803 1495 871 credimus,
1515 817 1931 866 assumeremus,
1951 799 2196 870 quamvis
2224 806 2281 857 5*
2300 796 2527 865 quisque
2567 792 2901 849 communire
2931 792 3145 860 dogma,
3194 792 3277 846 his
3322 791 3555 845 maxime
3585 788 3955 847 ostenditur

610 911 891 965 possemus
936 896 1169 964 quadam
1197 896 1503 951 inventione
1528 896 1818 949 verborum
1843 891 2070 947 suadere
2092 891 2196 945 illis
2298 894 2531 956 quatuor
2559 900 2678 940 esse
2709 885 3007 949 elementa;
3040 885 3241 939 etenim
3264 883 3459 939 Thales
3486 898 3680 952 aquam
3727 883 3949 938 solam

611 991 704 1062 qui
730 991 798 1046 de
822 990 1047 1045 materia
1065 990 1503 1044 contentionibus
1522 987 1817 1056 disputant,
1836 1000 1905 1038 ne
1934 983 2198 1037 auderent
2300 975 2486 1030 dicens
2532 975 2880 1039 elementum.
2911 974 3282 1029 demonstrare
3328 974 3517 1028 nititur
3545 974 3784 1044 reliqua
3836 973 3947 1026 tria

614 1082 772 1140 facile
800 1079 1152 1150 disputationi
1184 1086 1385 1135 nostra:
1413 1078 1669 1147 deinceps
1700 1076 1939 1131 obviare.

2343 1063 2370 1119 b
2412 1064 2514 1119 hac
2559 1065 2825 1132 generari,
2878 1079 2999 1118 nam
3030 1064 3361 1136 bypostasim
3392 1063 3507 1133 ejus
3536 1073 3763 1120 terram
3812 1062 3946 1116 ﬁeri

1302 1202 1529 1275 om
2227 1156 2905 1275 λῗῗῗῗλξῗῖῗέῖἶεθέῖῖῖξῗῗ

2331 1156 2443 1223 μοι]
2456 1157 2916 1231 λεπτομερέστερον
2929 1162 3029 1217 est,
3050 1170 3250 1219 aerem,
3279 1156 3423 1224 quod
3457 1157 3671 1210 tenuius
3699 1164 3934 1208 autem

2342 1264 2432 1275 ,ιι-Λ
2483 1248 2657 1275 tam“...
2724 1249 2848 1275 Ann.
2870 1252 3067 1275 ίηπηηηη
3100 1264 3226 1275 “In...
3250 1264 3427 1275 ,ιι-..Λη-
3452 1249 3622 1275 ρ,.1...η.
3658 1263 3915 1275 ηηιιηην-

1302 1248 1478 1275 ωπυ
1497 1248 1519 1271 ³
2047 1307 2059 1318 ,
2194 1266 2254 1319 ιο
2305 1263 2453 1313 aere,
2482 1248 2679 1316 ignem.
2715 1249 3070 1301 Anaximenes
3100 1264 3228 1302 vero
3250 1264 3429 1302 aerem
3452 1249 3624 1302 solum
3658 1263 3939 1317 ponens,

1042 1315 1079 1360 ἰ.
1116 1313 1251 1360 mmd
1275 1330 1376 1360 non
1408 1313 1557 1360 sitm:
1587 1318 1805 1360 mtatuor
1825 1307 2084 1360 elementis
2110 1321 2193 1358 86-
2308 1340 2578 1360 --μ-,μμ
2619 1356 2643 1360 _
2671 1358 2706 1360 μ
2731 1358 2751 1360 _
2806 1357 2816 1360 -
2861 1351 2903 1360 ._
2931 1350 3026 1360 κ.-.
3067 1342 3154 1360 _.-_
3203 1344 3267 1360 _._
3299 1359 3322 1360 γέ
3501 1358 3550 1360 μ.
3591 1358 3603 1360 ,
3633 1358 3666 1360 _,
3699 1358 3709 1360 Α
3784 1358 3812 1360 η
3853 1358 3896 1360 Α

613 1312 693 1369 De
722 1324 910 1369 natura
941 1314 1052 1368 εωιὶ
1068 1353 1081 1379 ,
1116 1313 1251 1381 quod
1275 1330 1376 1366 non
1408 1313 1473 1365 sit
1494 1326 1557 1363 ea:
1587 1318 1805 1379 quatuor
1825 1312 2084 1360 elementis
2110 1312 2204 1358 θεέ

1109 1384 1331 1436 cundum
1364 1383 1712 1434 Aristotelem.

2328 1340 2584 1394 isteudere
2612 1356 2827 1409 quoque
2861 1350 3031 1395 tentat
3059 1342 3163 1395 alia
3193 1344 3458 1396 elementa
3490 1358 3556 1396 ex
3585 1358 3722 1397 aere
3780 1358 3931 1411 pro-

690 1493 745 1507 m
863 1501 874 1507 _
984 1493 997 1507 ,
1565 1430 1752 1507 μέμ-ω
1797 1502 1902 1507 ___
1937 1484 2167 1507 HJ“.
2300 1430 2445 1484 duci.
2476 1431 2785 1486 Heraclitus
2814 1432 2941 1485 item
2973 1442 3027 1486 et
3055 1432 3393 1503 Hipparchus
3422 1432 3685 1488 Ponticus
3715 1434 3931 1500 ignem

690 1493 880 1563 'Caput
918 1493 1251 1559 subsequens
1281 1490 1345 1543 ad
1392 1490 1533 1543 hunc
1564 1488 1756 1541 librum
1797 1502 1905 1539 non
1937 1488 2193 1553 pertinet,

610 1517 706 1618 sed
737 1580 767 1618 e
798 1565 933 1617 libro
963 1563 1028 1615 de
1059 1547 1351 1615 Elementis
1381 1559 1485 1612 huc
1514 1574 1579 1612 ex
1613 1556 1912 1624 argumenti
1942 1554 2195 1608 similitu-

2327 1520 2591 1575 iil‘crentes
2616 1562 2631 1587 ,
2683 1521 2871 1577 iisdem
2900 1521 3445 1577 demonstrationibus
3474 1533 3725 1578 utuntur.
3772 1522 3930 1577 Cum

610 1612 1025 1688 iiiﬁe'ro'nsésie'
1044 1612 1299 1701 irrepsit,
1320 1612 1427 1699 quo
1456 1629 1574 1683 loco
1604 1612 1854 1696 quartum
1878 1633 2039 1694 caput
2066 1624 2191 1691 est.)
2305 1612 2485 1681 itaQUc
2514 1621 2571 1668 et
2599 1614 2650 1668 hi
2679 1614 2860 1669 dicant
2890 1615 3065 1683 ignem
3093 1615 3321 1670 aliorum
3347 1616 3752 1671 elementorum
3793 1630 3931 1669 esse

682 1726 1004 1781 Aristoteles
1033 1700 1213 1780 ante,“
1251 1723 1497 1794 quintum
1528 1720 1735 1775 inducit
1759 1733 1982 1789 corpus,
2024 1716 2196 1771 male-
2220 1700 2688 1794 ib’generativum,
2713 1715 2769 1760 et
2792 1706 2891 1761 iste
2913 1708 3159 1761 similiter
3181 1723 3383 1776 aerem,
3405 1708 3493 1763 ille
3514 1725 3647 1764 vero
3664 1726 3838 1780 aqua
3850 1727 3925 1767 ιιι.

612 1831 784 1881 reum,
811 1816 1211 1888 inquam’quoj
1240 1793 1294 1870 εί,
1321 1816 1548 1871 circuitu
1580 1814 1767 1875 rerum
1792 1812 1982 1867 nolens
2005 1810 2198 1865 ρωιυιη
2232 1816 2279 1875 Β
2305 1793 2583 1851 manifeste
2613 1797 2779 1866 liquet
2807 1798 3060 1866 quoniam
3087 1799 3266 1854 omnia
3300 1796 3567 1856 elementa
3596 1802 3927 1857 vicissatim

610 1926 679 1965 ex
709 1919 940 1980 quatuor
968 1910 1249 1964 elementis
1287 1918 1602 1977 generatum
1656 1920 1818 1971 esse;
1870 1905 1923 1957 in
1971 1902 2201 1957 circuitu

2321 1902 2362 1939 te
2394 1895 2783 1949 transmutant,
2834 1888 2995 1957 inque
3023 1904 3082 1944 se
3114 1890 3342 1946 invicem
3371 1900 3678 1960 vertuntur,
3710 1893 3924 1962 quod-

610 1975 790 2054 ηυιέω
814 1999 937 2054 rem
967 1999 1098 2053 dicit
1120 2001 1226 2054 hoc
1252 1975 1497 2067 quinum,
1528 2012 1747 2065 corpus,
1772 1994 1921 2063 quod
1950 1992 2200 2049 δίκαιαι-ί
2302 1975 2647 2067 ἰξὺοιᾲιιοτυιῐι
2670 1978 2995 2033 elementum
3024 1996 3146 2037 esse
3176 1984 3483 2038 necessario
3513 1985 3920 2054 consequitur.

609 2090 1094 2162 εῖτουηιεγηιίοηθ
1139 2065 1422 2145 πηονξεεωι.
1444 2128 1458 2152 ,
1506 2088 1652 2157 quod
1701 2087 1856 2140 pla“,
1900 2101 1967 2140 ex
1997 2085 2118 2153 igne
2145 2076 2235 2138 οι
2303 2065 2671 2162 Quodcunque
2687 2068 3073 2138 enimquatuor
3097 2072 3925 2145 elementorumabsumpseris,

614 2191 760 2236 terra
789 2157 1039 2237 constare
1064 2181 1346 2235 manifeste
1377 2180 1608 2243 disserit,
1646 2179 1717 2231 ita
1750 2177 1999 2246 inquiens
2032 2193 2045 2228 :
2075 2164 2355 2231 Cor-sit“?l
2384 2157 2487 2213 hoc
2509 2159 2577 2213 ab
2604 2159 2712 2214 alio
2742 2159 2857 2215 ﬁeri
2886 2164 3271 2231 εοπηυθΐίριιπο

613 2292 787 2346 porca:
828 2275 1035 2346 speciei,
1088 2284 1137 2327 et
1176 2273 1374 2329 visibite
1401 2282 1449 2327 et
1481 2271 1755 2343 tangibite,
1810 2268 1946 2341 quod
1973 2271 2060 2335 sit,
2092 2284 2204 2323 esse

754 2375 764 2381 .
805 2374 815 2381 _
926 2366 938 2377 .
1000 2380 1005 2381 γ
1272 2374 1283 2381 ,
1614 2378 1680 2381 Α
1840 2361 2042 2381 “sum
2088 2358 2177 2381 Λ,

2092 2284 2204 2323 esse
2883 2251 3014 2307 CAP
3026 2252 3112 2307 UT
3142 2253 3311 2308 XXV.

2088 2358 2139 2381 η,
2161 2368 2177 2381 ,
2303 2319 2557 2375 Adversus
2584 2338 2670 2376 eos
2700 2338 2786 2381 aut
2825 2324 3018 2376 audent
3047 2340 3275 2379 asserere
3300 2335 3611 2381 cateternam
3644 2326 3690 2381 ι)

612 2374 849 2437 oportet,
897 2366 1012 2421 sine
1046 2366 1167 2434 igne
1197 2374 1377 2420 autem
1410 2364 1541 2419 nihil
1575 2378 1810 2432 unquam
1839 2361 2047 2417 visibile
2088 2358 2201 2424 fiet,
2303 2338 2557 2375 Adversus
2584 2338 2670 2376 eos
2700 2338 2786 2393 qm
2825 2338 3275 2448 αηαεέιξιᾶξξξνθ
3300 2338 3611 2382 coma-nam
3644 2338 3756 2381 "eo
3797 2343 3922 2381 ⁸⁸⁵⁸

620 2472 796 2526 neque
825 2457 942 2512 sine
971 2456 1144 2513 solido
1174 2457 1458 2524 tangibile,
1508 2463 1563 2508 at
1590 2454 1819 2509 solidum
1865 2467 2201 2523 nequaquam
2376 2459 2492 2514 Non
2539 2461 2681 2516 enim
2722 2460 2877 2531 juxta
2924 2478 3112 2519 eorum
3159 2480 3280 2534 qua;
3316 2481 3415 2536 per
3443 2469 3917 2539 consequentiam

618 2549 834 2624 absque
854 2557 996 2603 terra
1040 2548 1241 2604 existit.
1276 2547 1508 2601 Proinde
1538 2562 1606 2601 ex
1635 2546 1757 2617 igne
1786 2554 1841 2602 et
1872 2553 2013 2601 terra
2045 2544 2203 2614 hujus
2272 2551 2651 2627 Areperiuntur
2677 2554 2918 2608 materiae
2960 2553 3131 2609 fertur
3173 2558 3354 2626 opinio
3400 2572 3520 2627 qua:
3565 2575 3631 2615 ex
3674 2560 3915 2615 intelle-

618 2636 868 2692 UniVeTSi
897 2652 1094 2707 corpus
1124 2637 1383 2692 inChoans
1405 2636 1545 2691 Deus
1575 2635 1721 2701 fecti,
1748 2635 1854 2690 duo
1876 2642 2054 2689 autem
2084 2618 2295 2692 Sine-15
2306 2644 2469 2698 ctuali
2492 2644 2633 2699 hanc
2655 2658 2871 2715 quoque
2896 2646 3015 2701 sine
3041 2649 3267 2702 materia
3291 2650 3522 2705 existere
3552 2654 3911 2721 pronuntiat.

619 2728 781 2783 tertio
801 2729 938 2783 bene
960 2728 1258 2783 consistere
1282 2735 1574 2797 nequeunt,
1596 2726 1809 2782 vinculo
1831 2727 1971 2781 enim
1997 2734 2203 2780 utrum-
2304 2731 2533 2789 omnem
2590 2750 2824 2805 namque
2874 2737 3157 2793 materiam
3218 2740 3538 2808 quibusdam
3592 2743 3910 2798 subsistere

608 2818 1671 2889 quecoagmentautiopusest;villculum
1684 2833 1813 2873 vero
1827 2818 2200 2887 οριῐιηυεηεει,
2307 2827 2654 2897 qualitatibus
2683 2828 3004 2895 invenimus,
3029 2832 3221 2901 quibus
3260 2833 3305 2887 si
3338 2834 3605 2903 privetur,
3631 2836 3785 2890 nulla
3816 2850 3912 2889 ra-

530 2928 533 2931 ‘
619 2910 765 2979 quod
795 2917 938 2999 et‘se
969 2911 1141 2982 ipsum
1172 2919 1226 2965 et
1253 2924 1372 2981 qua:
1399 2910 1720 2980 colligantur
1772 2925 1932 2978 quam
1963 2909 2202 2964 maxime
2310 2919 2454 2973 tione
2502 2922 2705 2990 poterit
2751 2924 3154 2992 comprehendi.
3207 2925 3313 2980 Sed
3364 2927 3508 2982 enim
3555 2944 3910 2999 unaquaeque

612 3014 778 3054 unum
802 2997 997 3064 efﬁcit;
1032 3000 1133 3055 hoc
1156 3007 1335 3054 autem
1363 2999 1870 3054 convenientissime
1893 2999 2201 3070 proportio-

2364 3008 2577 3063 ialitatis
2623 3010 2830 3079 species
2873 3011 3116 3081 subjecta
3163 3016 3374 3069 ratione
3418 3017 3696 3072 dividitur.
3730 2997 3907 3072 Ratio

618 3101 746 3143 nata
780 3098 862 3145 est
900 3090 1190 3160 perlicere,
1234 3090 1507 3145 vinculum
1534 3092 1719 3146 dicens
1748 3092 1921 3145 media
1952 3091 2058 3145 (Ιυο
2085 3091 2282 3159 618-30
2308 3112 2487 3156 autem
2529 3104 2907 3160 intellectualis
2935 3115 3043 3171 est,
3094 3121 3194 3161 nec
3222 3114 3305 3161 est
3333 3107 3448 3175 ejus
3475 3110 3779 3178 corporalis
3809 3112 3905 3165 in-
3966 3140 3967 3145 π

608 3190 790 3236 menta
839 3197 907 3237 ex
954 3181 1259 3251 hujusmodi
1301 3183 1655 3252 proportione
1685 3191 1980 3253 assumpta.
2015 3183 2084 3236 At
2112 3183 2201 3251 qui

2307 3194 2513 3261 spectio
2538 3211 2550 3247 ;
2571 3202 2629 3248 ut
2656 3204 2785 3265 puta
2815 3196 2886 3251 sit
2911 3197 2966 3251 in
2995 3197 3451 3269 contemplatione
3480 3209 3661 3255 nostra
3687 3217 3904 3271 propo-

608 3273 958 3329 Hebraeorum
980 3274 1283 3329 doctrinam
1309 3273 1512 3337 colunt,
1545 3272 1612 3327 de
1644 3272 1785 3327 cmlo
1812 3282 1868 3327 et
1890 3282 2034 3327 terra
2065 3288 2193 3327 eva-

2306 3285 2465 3338 situm
2495 3284 2691 3338 animal
2710 3286 2942 3355 aliquod,
2961 3288 3049 3342 vel
3072 3288 3293 3357 lignum,
3309 3289 3396 3344 vel
3416 3289 3543 3358 quid
3560 3290 3722 3357 aliud,
3746 3293 3902 3360 quod

608 3366 768 3431 ι’ίαῐηι
788 3380 909 3419 “3m
931 3365 983 3419 hi
1006 3366 1222 3434 quidem
1245 3365 1357 3419 fere
1379 3379 1568 3419 omnes
1588 3379 1657 3419 ex
1679 3365 1823 3418 "una
1852 3364 2196 3434 Ρηοθάθηῑθ
2310 3377 2573 3430 materiali
2597 3378 2983 3434 constitutione
3002 3380 3264 3444 subsistit,
3281 3381 3444 3435 multa
3466 3380 3531 3437 de
3552 3382 3737 3437 eodem
3761 3385 3901 3438 sub-

609 3458 839 3511 materia
868 3456 1107 3525 genitum
1137 3472 1257 3512 esse
1298 3456 1495 3511 cmlum
1521 3463 1574 3510 et
1606 3464 1803 3511 terram
1833 3456 2045 3523 dicunt,
2076 3458 2203 3527 quia
2282 3465 2451 3543 jecto
2480 3468 2825 3537 cogitationis
2853 3470 3179 3526 discretione
3217 3472 3621 3542 perpendimus,
3653 3489 3898 3543 quorum

610 3548 789 3604 Moses
816 3548 893 3602 ait
934 3566 948 3601 :
992 3547 1058 3601 In
1089 3548 1343 3618 principio
1374 3546 1494 3617 fecit
1524 3545 1664 3600 Deus
1693 3547 1874 3631 cretum
1902 3556 1952 3600 et
1979 3556 2213 3611 terram.;

2306 3560 2516 3628 singula
2545 3575 2666 3631 qua:
2693 3563 2852 3618 simul
2882 3565 3121 3635 inspecta
3166 3575 3329 3630 sunt,
3377 3567 3492 3621 sine
3529 3565 3895 3636 permixtione

612 3640 976 3711 Apollinarius
1006 3648 1186 3694 autem
1209 3638 1324 3693 vult
1350 3654 1419 3693 ex
1447 3639 1640 3709 abysso
1670 3639 1862 3694 fecisse
1890 3638 2055 3693 Deum
2084 3655 2197 3695 coe-
2306 3650 2486 3721 aliqua
2514 3652 2727 3708 ratione
2771 3662 2828 3709 et
2855 3654 3044 3710 ordine
3080 3656 3444 3711 continentur.
3494 3656 3611 3709 Alia
3658 3670 3893 3724 namque
3964 3700 3967 3719 ,

611 3733 722 3788 ium
754 3742 809 3788 et
839 3741 1067 3799 terram;
1090 3748 1278 3788 verum
1304 3732 1480 3803 abyssi
1504 3742 1564 3788 ut
1584 3733 1795 3801 genitae,
1820 3732 1996 3788 Moses
2019 3733 2086 3789 de
2111 3749 2205 3804 ge-

2361 3743 2502 3798 iiOl‘iS
2530 3752 2614 3799 est
2653 3745 2811 3811 ratio,
2857 3755 2912 3801 et
2955 3747 3059 3801 alia
3089 3748 3367 3816 ponderis,
3394 3748 3730 3817 quantitatis.
3752 3746 3889 3800 Item

612 3782 722 3788 ----
758 3782 807 3788 -ν
841 3782 1067 3799 --------,
1104 3782 1278 3788 -τ--η-
1306 3782 1479 3803 ττι-υ
1509 3782 1561 3788 -ν
1584 3782 1795 3801 unum.
1822 3782 1992 3788 "m—
2022 3782 2084 3789 -ν
2111 3782 2177 3804 o—
2306 3782 2502 3798 wn"...
2531 3782 2614 3799 νο.
2654 3782 2811 3811 .α..υ,
2857 3782 2912 3801 υ.
2955 3782 3059 3801 ω...
3089 3782 3367 3816 vomens,
3394 3782 3730 3817 quam”...

612 3827 897 3882 notatione
944 3826 1069 3882 caeli
1100 3841 1209 3881 non
1239 3824 1506 3881 meminit.
1556 3825 1613 3880 In
1660 3824 1762 3880 Job
1792 3834 1971 3881 autem
2001 3826 2205 3881 dictum
2306 3840 2360 3887 et
2379 3835 2653 3902 qualitatis
2673 3836 2795 3903 alia,
2813 3844 2868 3892 et
2891 3837 2994 3891 alia
3016 3838 3361 3893 nihilominus
3384 3846 3732 3903 lactus;ttam
3749 3837 3892 3891 lilOl-

616 3925 701 3974 est
742 3916 887 3987 quod
914 3917 1039 3973 fecit
1069 3916 1319 3987 abyssum
1346 3932 1361 3983 ;
1413 3931 1481 3971 ex
1503 3916 1605 3972 hoc
1628 3916 1787 3985 igitur
1816 3926 2001 3972 censet
2023 3917 2204 3973 omnia
2306 3920 2447 3978 lities
2476 3932 2532 3979 et
2575 3925 2824 3995 bipedale
2852 3936 2908 3981 et
2928 3927 3135 3996 reliqua
3174 3942 3294 3998 quae
3331 3927 3474 3982 dicta
3505 3935 3658 3991 sunt,
3706 3941 3886 3996 neque

612 4009 718 4064 alia
749 4015 1005 4077 generali!
1052 4022 1202 4073 esse;
1240 4022 1347 4061 ηοη
1378 4014 1556 4061 tamen
1587 4007 1878 4076 ίηεειιίιειη
1908 4008 2053 4072 Villii
2104 4007 2405 4071 sed‘lcsibi
2437 4017 2684 4082 invicem,
2708 4033 2881 4088 neque
2909 4020 3123 4089 corpori
3154 4020 3259 4074 ulla
3288 4018 3654 4074 similitudinis
3675 4019 3889 4073 ratione

612 4109 738 4156 ante
767 4109 960 4156 cuncta
984 4114 1212 4169 corpora
1235 4098 1550 4168 productam
1568 4114 1687 4153 eam
1706 4113 1846 4163 esse,
1874 4107 1929 4154 et
1949 4114 2211 4168 praesume

2306 4106 2670 4161 consentiunt.
2702 4106 2935 4176 Singulis
2957 4108 3097 4162 enim
3125 4109 3340 4178 pr0pria
3362 4106 3604 4176 quaedam
3637 4107 3774 4160 ratio
3804 4107 3886 4160 iu-

610 4193 785 4262 pslsse
823 4207 853 4246 a
884 4191 1166 4247 conditore
1212 4192 1279 4245 ad
1327 4190 1553 4245 aliorum
1585 4191 1988 4245 subsistentiam
2022 4190 2199 4245 mani-
2308 4202 2519 4265 terpres
2545 4196 2798 4265 adjuncta
2829 4205 2942 4260 est,
2992 4197 3124 4251 nulli
3164 4211 3350 4251 earum
3376 4212 3502 4265 qua:
3546 4196 3598 4250 in
3644 4195 3886 4263 subjecto
3970 4190 3971 4277 ξ

611 4283 969 4338 testationem.
1007 4278 1161 4336 Unde
1185 4281 1364 4351 abyssi
1396 4282 1540 4346 ὕλης,
1591 4281 1681 4336 sed
1715 4281 2206 4351 quomodocunque
2306 4298 2405 4337 suo
2431 4293 2726 4339 cernuntur
2754 4284 2997 4355 qualitati
3026 4285 3446 4339 communicans.
3493 4283 3549 4338 Si
3596 4284 3754 4351 igitur
3798 4285 3884 4338 in-
3970 4282 3971 4359 ᾗ

612 4370 716 4431 hoc
736 4390 796 4429 se
819 4375 1035 4436 habeat,
1068 4372 1203 4426 nihil
1230 4370 1415 4426 refert.
1441 4371 1572 4425 Nam
1600 4380 1656 4425 et
1686 4372 1759 4425 ita
1783 4372 2025 4425 omnium
2051 4370 2195 4425 Deus
2306 4372 2596 4441 telligibilis
2628 4373 2847 4443 quidem
2878 4374 3058 4437 color,
3112 4373 3460 4441 intelligibilis
3504 4374 3666 4428 etiam
3696 4373 3880 4442 ﬁgura,
3970 4372 3971 4375 “

614 4466 869 4521 conditor
895 4465 1198 4519 ostenditur
1245 4479 1312 4517 ex
1357 4479 1467 4519 non
1510 4464 1723 4518 entibus
1750 4462 1942 4519 fecisse
1987 4463 2279 4527 omniasis
2305 4478 2406 4517 nec
2438 4480 2542 4519 non
2573 4473 2629 4520 et
2656 4466 2928 4534 quantitas
2969 4474 3269 4536 cazteraque
3306 4464 3612 4534 hujusmodi
3643 4468 3881 4536 proprie-
3970 4502 3971 4543 γ

612 4558 881 4611 Adversus
924 4573 1021 4612 eos
1042 4573 1172 4611 vero
1214 4557 1305 4625 qui
1328 4572 1493 4611 unum
1519 4557 1697 4612 solum
1725 4556 2049 4610 elementum
2078 4571 2197 4611 esse
2230 4554 2273 4611 υ
2301 4562 2502 4622 talum;
2560 4558 2750 4612 horum
2803 4573 2931 4612 vero
2960 4548 3166 4626 singula
3206 4559 3250 4613 si
3299 4557 3509 4613 auferas
3548 4574 3577 4612 a
3607 4559 3867 4628 subjecto,

613 4646 880 4712 astruunt,
909 4656 1128 4712 terram,
1152 4648 1353 4716 ignem,
1381 4647 1468 4702 vel
1498 4661 1699 4711 aerem,
1726 4646 1809 4700 vel
1839 4661 2051 4716 aquam,
2075 4661 2197 4714 quas
2303 4645 2463 4700 etiam
2488 4650 2626 4704 ratio
2652 4650 2898 4718 corporis
2930 4659 3039 4705 tota
3070 4650 3381 4705 dissolvitur
3404 4669 3416 4701 :
3436 4648 3766 4719 consequens
3791 4661 3883 4707 est

613 4740 680 4794 ab
708 4737 1035 4808 Hippocrate
1081 4739 1225 4805 dicta
1275 4746 1400 4792 sunt
1443 4737 1732 4793 suﬂicient.
1782 4736 1839 4791 Si
1863 4736 2008 4791 enim
2057 4736 2195 4791 dun-
2302 4747 2361 4790 ut
2406 4753 2633 4806 quorum
2664 4740 2958 4795 absentiam
3004 4742 3346 4796 resolutionis
3382 4743 3625 4813 corporis
3659 4757 3871 4798 causam

615 4836 763 4883 taxat
790 4843 953 4882 unum
984 4836 1164 4893 esset,
1216 4842 1488 4897 nunquam
1529 4826 1737 4881 doleret
1776 4826 1972 4892 homo,
2024 4842 2197 4896 neque
2304 4839 2423 4880 esse
2450 4829 2857 4895 cognoscimus,
2889 4830 3079 4884 horum
3110 4840 3433 4886 conventum
3464 4840 3625 4900 atque
3653 4846 3875 4886 concur-

612 4920 755 4975 enim
784 4928 930 4976 esset
970 4936 998 4974 a
1023 4938 1130 4991 quo
1159 4920 1371 4975 doleret
1398 4921 1443 4975 si
1466 4935 1627 4973 unum
1658 4920 1944 4981 existeret;
1975 4920 2119 4989 quod
2150 4920 2279 4979 sise.
2303 4931 2420 4969 sum
2449 4918 2707 4985 perlicere
2730 4921 3062 4975 materialem
3096 4930 3342 4976 naturam
3372 4923 3641 4977 aestimare
3681 4923 3871 4977 debeaa

612 5010 843 5077 doleret,
865 5012 1132 5068 undenam
1160 5018 1304 5066 esset
1320 5010 1461 5080 quod
1482 5011 1739 5065 sanaret?
1765 5008 1990 5080 Oportet
2018 5019 2197 5064 autem
2303 5021 2443 5062 mus.
2470 5006 2621 5063 Sicut
2647 5010 2789 5063 enim
2818 5025 3016 5080 corpus
3038 5027 3144 5066 non
3173 5021 3255 5067 est
3283 5012 3434 5067 color
3454 5020 3545 5065 aut
3574 5010 3757 5079 ﬁgura,
3784 5023 3871 5067 aut

611 5118 812 5173 mgrum
844 5119 965 5160 cum
994 5118 1155 5159 sensu
1180 5102 1548 5158 transmutari.
1578 5100 1635 5155 Si
1664 5116 1796 5157 vero
1827 5116 1991 5156 unum
2021 5101 2196 5156 solum
2301 5098 2557 5153 distantia
2588 5108 2679 5155 aut
2708 5102 2939 5171 pondus,
2970 5111 3063 5157 aut
3092 5104 3295 5172 reliqua
3326 5103 3731 5174 proprietatum,
3761 5104 3867 5157 cui—

613 5204 757 5252 esset
771 5197 1121 5264 elementum,
1155 5211 1261 5251 non
1285 5196 1542 5250 existeret
1568 5194 1752 5265 utique
1780 5194 1832 5248 in
1850 5193 1994 5262 quod
2024 5202 2201 5248 trans-
2301 5202 2512 5258 cunque
2537 5190 2749 5256 adsunt,
2765 5191 2830 5246 ad
2847 5192 3039 5248 borum
3067 5193 3295 5261 singula,
3327 5194 3466 5247 sicut
3492 5191 3738 5257 diximus,
3756 5207 3861 5246 coro

614 5297 939 5355 mutaretur;
969 5305 1073 5345 non
1099 5296 1510 5343 transmutatum
1539 5297 1739 5349 autem,
1770 5286 1862 5341 sed
1891 5301 2115 5340 manens
2145 5286 2197 5339 in
2301 5299 2401 5353 pus
2439 5297 2559 5338 esse
2584 5298 2691 5338 non
2730 5293 2989 5352 possunt,
3018 5284 3113 5340 sed
3144 5283 3286 5338 aliud
3314 5283 3442 5353 quid
3471 5291 3666 5353 printer
3686 5298 3865 5353 corpus

612 5391 675 5433 se
703 5379 840 5448 ipso,
871 5394 1209 5448 nequaquam
1236 5378 1473 5444 doleret,
1502 5380 1712 5434 etiamsi
1742 5377 1992 5433 sensibile
2017 5377 2153 5431 foret
2180 5384 2281 5441 $3
2298 5376 2449 5444 juxta
2476 5391 2629 5430 suam
2654 5376 3041 5446 proprietatem
3072 5391 3190 5431 esse
3214 5383 3547 5431 monstratur
3571 5393 3584 5428 :
3618 5376 3689 5429 ita
3710 5390 3861 5429 econ-

613 5474 672 5522 ιιι
692 5470 836 5538 quod
864 5472 1064 5538 patitur
1092 5472 1159 5525 ab
1199 5472 1379 5541 aliquo
1418 5471 1529 5541 pati
1562 5485 1781 5527 necesse
1803 5477 1905 5524 est.
1937 5468 1992 5523 Si
2017 5471 2195 5538 itaque
2299 5469 2464 5523 trario
2485 5468 2790 5537 ubicunque
2815 5477 3112 5524 memorata
3140 5474 3486 5533 concurrunt,
3518 5466 3854 5521 substantiam

617 5574 779 5613 unum
802 5560 963 5614 modo
985 5572 1129 5616 esset
1143 5563 1492 5629 elementum,
1508 5570 1705 5631 praeter
1719 5560 1859 5616 illius
1881 5562 2195 5632 qualitatem
2298 5559 2584 5630 perficiunt
2603 5562 2961 5631 corporalem.
2980 5559 3191 5614 Etenim
3216 5560 3261 5613 si
3292 5559 3668 5615 intellectualis
3685 5558 3857 5615 borum

618 5651 760 5705 nulla
784 5650 886 5705 alia
916 5651 1052 5707 foret
1082 5670 1112 5707 τι
1141 5669 1245 5723 qua
1275 5662 1553 5724 pateretur
1582 5653 1809 5719 animal;
1853 5653 1999 5721 quod
2028 5654 2071 5709 si
2104 5669 2197 5708 ne-
2302 5654 2559 5723 probatur
2586 5653 2870 5724 inspectio,
2891 5651 3268 5707 intellectualis
3287 5659 3466 5705 autem
3488 5651 3662 5705 divina
3686 5658 3854 5705 natura

615 5756 720 5811 que
765 5743 1129 5803 transmutari,
1178 5758 1352 5811 neque
1380 5743 1491 5812 pati
1522 5743 1729 5810 quiret,
1779 5758 2012 5812 quonam
2040 5752 2199 5812 pacto
2300 5754 2401 5808 est,
2449 5744 2579 5799 nihil
2609 5747 2969 5811 incongruens
2999 5758 3067 5796 ex
3108 5742 3425 5811 incorporea
3458 5749 3648 5795 natura
3689 5740 3855 5794 intelli-

616 5831 872 5888 doleret?
920 5830 1220 5889 Ostendens
1258 5834 1415 5903 igitur
1446 5833 1547 5888 hoc
1578 5832 1908 5906 impossibile
1938 5848 2080 5902 esse,
2132 5850 2259 5899 ext:
2301 5834 2447 5905 gibili
2485 5834 2582 5888 has
2624 5832 2937 5889 occasiones
2981 5830 3048 5886 ad
3090 5830 3429 5902 corporalem
3475 5830 3851 5901 generationem

3968 3078 3971 3119 ἑ
