4060 6364
92 332 227 387 333
966 322 1143 378 unm
1186 319 1271 376 DE
1303 314 1692 377 CREATIONE
1731 306 2007 369 limitle
2051 280 2603 365 tarsumenno
3326 286 3434 362 3'90

95 463 311 519 posse
357 446 682 508 subsistere,
724 458 846 500 cum
876 441 1253 497 intellectualis
1288 437 1504 508 quidem
1550 446 1738 491 natura
1771 440 1816 495 Α
1846 445 1964 483 esse
2013 429 2243 484 felicem.
2282 427 2381 483 Ubt
2413 435 2573 496 igitur
2598 426 2726 481 illud
2751 439 2994 494 regnum,
3030 421 3120 479 ubi
3152 424 3432 493 templum,

98 541 518 611 intelligibiles
544 536 817 609 potentias
846 535 1028 601 faciat,
1054 549 1239 587 earum
1272 547 1401 585 vero
1448 536 1742 585 conventus
1847 521 1936 574 ubi
1970 537 2244 574 murorum
2274 528 2329 574 et
2361 520 2585 574 turrium
2614 519 2897 584 celsitudo,
2946 516 3034 571 ubi
3066 515 3431 571 Israelitarum

97 634 165 689 in
230 634 488 688 invicem
537 628 873 684 materialem
917 634 1166 679 naturam
1223 639 1287 677 ac
1335 621 1741 690 generationem
1846 606 1934 667 illa
1958 613 2447 683 potentia?Nonne
2470 612 2545 665 illi
2566 612 2781 682 quidem
2805 626 3106 682 peromnes
3130 610 3238 666 fere
3264 620 3436 665 terras

97 730 556 791 consequenter
576 721 787 776 educat.
814 718 919 773 Sed
948 717 1063 771 haec
1090 717 1143 769 in
1171 724 1477 768 transcursu
1502 713 1741 768 discussa
1845 706 1982 759 alius
2013 704 2139 758 alibi
2164 704 2412 758 videntur
2440 718 2559 758 esse
2588 703 2835 772 dispersi,
2864 710 2919 757 et
2947 718 3065 758 cum
3091 718 3279 757 corum
3310 702 3436 756 sub-

98 823 293 868 sunt.
328 813 497 868 Nobis
520 820 700 866 autem
729 823 913 864 rursus
934 807 999 861 ad
1014 806 1167 860 ﬁdem
1185 804 1323 859 ratio
1339 812 1449 858 tota
1463 803 1744 858 referenda
1772 794 1833 861 ς
1845 798 2095 852 versione
2141 811 2367 864 regnum
2417 809 2632 864 quoque
2681 803 2765 848 est
2813 794 3183 851 destructum?
3212 794 3438 850 Videtur

102 914 235 968 est,
260 920 373 974 per
386 918 549 974 quam
566 916 633 955 ex
651 916 758 955 non
772 897 1107 953 exstantibus
1128 895 1305 950 omnia
1324 894 1607 949 substituta
1625 908 1744 948 esse
1847 896 2028 943 autem
2056 886 2184 941 mibi
2216 887 2330 940 haec
2351 893 2406 939 et
2433 885 2627 939 horum
2656 884 2848 938 similia
2874 884 3130 938 Dominus
3150 900 3259 938 non
3289 885 3435 953 ipsa-

102 1002 462 1065 didicimus,
480 1008 535 1056 et
555 1012 741 1056 rursus
763 997 816 1051 in
840 996 1003 1050 alium
1025 992 1311 1063 quemdam
1335 987 1743 1045 transmutanda
1846 993 1967 1033 rum
1996 992 2175 1031 rerum
2206 976 2380 1043 gratia
2409 985 2534 1029 ante
2563 974 2787 1039 dixisse,
2822 974 2972 1044 (quid
3003 974 3145 1029 enim
3176 974 3311 1028 lucri
3342 990 3431 1026 auo

104 1098 353 1145 statum
371 1088 668 1160 Scripturis
694 1084 1091 1139 venerabilibus
1119 1081 1316 1141 edocti.
1348 1080 1568 1135 minime
1589 1077 1746 1133 dubi-
1848 1070 2111 1125 ditoribus
2136 1067 2353 1124 afferret
2373 1084 2564 1123 eorum
2586 1081 2705 1137 quae
2722 1075 2878 1121 erant
2898 1075 3154 1121 eventura
3177 1066 3435 1134 cognitio,

108 1193 353 1236 tamus.
497 1156 513 1160 -
1848 1177 1968 1231 qua:
1998 1161 2099 1215 etsi
2130 1168 2256 1214 ante
2284 1159 2559 1214 nescirent
2612 1157 2945 1227 experientia
2990 1156 3103 1226 ipsa
3142 1170 3407 1224 cognosce

1849 1252 2039 1321 rent?)
2094 1251 2189 1305 sed
2220 1259 2279 1305 ut
2305 1265 2403 1319 per
2424 1250 2540 1304 11ωο
2571 1264 2713 1303 nunc
2745 1247 2810 1302 de
2838 1246 3001 1301 rebus
3031 1245 3279 1300 maximis
3311 1245 3443 1299 ﬁdes

1850 1349 2247 1409 consequenter
2275 1339 2584 1393 haberetur.
2612 1336 2747 1390 Nam
2776 1334 3083 1390 testiﬁcatio
3105 1347 3225 1403 qua:
3248 1335 3300 1388 in
3326 1334 3442 1388 istis

1852 1430 2105 1506 operibus
2133 1439 2369 1498 constat,
2413 1431 2465 1485 in
2498 1431 2601 1485 illis
2627 1444 2845 1499 quoque
2875 1428 3120 1482 veritatis
3149 1442 3269 1482 esse
3312 1444 3443 1498 pro-

742 1246 969 1307 CAPUT
986 1243 1176 1301 xxvr.
1706 1310 1715 1313 _
1758 1270 1787 1313 ,.

111 1322 608 1404 Qﬂfmadmodum
656 1323 768 1404 quis
810 1322 967 1404 etiam
1004 1318 1080 1404 ab‘
1098 1318 1179 1404 Itis
1207 1316 1293 1386 qui
1324 1315 1451 1404 foris
1498 1310 1746 1404 wn‘tLad:

195 1396 469 1518 dueéztur,
495 1402 549 1447 ut
563 1382 850 1463 Scriptum
872 1387 1080 1444 docenti
1091 1388 1155 1441 de
1170 1382 1745 1476 resurrectionedebeat

202 1482 314 1519 cre
354 1482 461 1518 ere.

203 1557 339 1614 Sed
358 1557 499 1613 forte
526 1556 792 1627 quispiam
815 1568 1046 1624 corpora
1062 1552 1175 1621 jam
1196 1550 1372 1606 soluta
1387 1545 1749 1616 conspiciens,

116 1659 186 1704 et
222 1665 345 1720 pro
375 1647 540 1704 modo
565 1662 784 1702 suarum
810 1644 1004 1700 virium
1032 1643 1268 1698 divinam
1297 1637 1637 1711 perpendens
1663 1652 1751 1690 ra-

1851 1528 2011 1582 batur
2040 1526 2301 1581 ostensio.
2349 1521 2816 1590 Quemadmodum
2849 1522 2892 1575 si
2920 1521 3039 1590 quis
3070 1520 3304 1588 agricola
3338 1521 3443 1573 vim

1852 1622 2115 1677 seminum
2140 1620 2424 1688 inexperto
2455 1617 2718 1679 referens,
2744 1617 2810 1670 ab
2832 1632 2898 1671 eo
2927 1615 3147 1669 minime
3168 1615 3441 1678 credatur,

119 1705 394 1804 ιῖοὲιεῐῃ,
423 1739 809 1795 resolutionem
1268 1705 1656 1788 egse-faleatur
1698 1721 1831 1784 ειις
1854 1713 2052 1769 sufﬁcit
2103 1710 2153 1767 ei
2204 1710 2271 1765 ad
2319 1706 2697 1780 probationem
2732 1707 2971 1761 veritatis
3003 1705 3056 1760 ill
3090 1722 3196 1760 uno
3225 1706 3447 1760 seminis

120 1842 308 1888 sure
336 1798 456 1903 qim
484 1838 788 1896 movemur,
821 1798 945 1883 imo'
969 1837 1025 1883 ει
1056 1841 1277 1895 surgere
1303 1840 1423 1895 qua,
1451 1821 1614 1877 modo
1642 1835 1751 1876 ηοη
1786 1823 1827 1880 Β
1855 1819 2025 1873 grano
2053 1818 2244 1858 eorum
2274 1802 2647 1856 demonstrare
2676 1798 2999 1869 potentiam,
3033 1803 3093 1852 ut
3120 1798 3188 1853 de
3222 1798 3447 1868 reliquis

119 1932 472 1992 moventur,
496 1921 609 1979 ﬁeri
637 1938 745 1978 non
768 1936 927 1991 posse
947 1919 1277 1991 pronuntiet.
1310 1916 1419 1972 Sed
1441 1915 1751 1984 quicunque

118 2028 227 2075 est
251 2020 355 2075 ille
378 2020 607 2092 primum
634 2015 850 2087 quidem
879 2022 934 2069 et
961 2013 1254 2068 maximum
1270 2011 1338 2065 de
1351 2005 1752 2063 resurrectione

117 2112 410 2169 veritatis
434 2109 665 2181 accipiat
693 2114 1093 2176 argumentum,
1115 2103 1259 2173 quod
1281 2100 1608 2173 prmdicator
1636 2095 1753 2167 ejus

1855 1896 1971 1969 ejus
2000 1890 2151 1949 ﬁrma
2182 1893 2441 1963 probetur
2468 1891 2731 1956 assertio;
2763 1890 2851 1959 qui
2876 1890 3019 1944 enim
3048 1887 3243 1942 viderit
3281 1904 3446 1942 unum

1854 2001 2107 2055 granum,
2139 1992 2198 2037 ut
2228 1988 2355 2053 puta
2409 1980 2592 2047 tritici,
2647 1987 2742 2033 aut
2796 1977 3006 2044 hordei,
3055 1987 3149 2032 aut
3201 1975 3427 2047 alicujus

1853 2088 2173 2135 cancrorum
2214 2091 2334 2146 qua:
2379 2076 2433 2130 in
2472 2074 2751 2128 medicinae
2787 2087 3037 2141 mensura
3095 2086 3216 2126 esse
3270 2072 3449 2126 conti-

122 2203 426 2273 probetur
454 2201 600 2256 omni
642 2199 746 2254 ﬁde
789 2198 1165 2267 dignissimus,
1218 2208 1409 2250 eorum
1453 2205 1584 2246 vero
1634 2204 1772 2259 quae:

1861 2170 2013 2238 gerit,
2041 2176 2395 2239 posteaquam
2420 2164 2724 2234 depositum
2753 2164 2915 2219 fuerit
2946 2172 3103 2218 terrm
3126 2163 3450 2229 visceribus,

119 2298 418 2354 dicuntur
446 2294 576 2351 ﬁdes
603 2310 670 2349 ex
690 2294 774 2349 his
799 2308 920 2363 qua:
948 2290 1206 2362 praedicta
1234 2286 1590 2357 accompleta
1630 2291 1756 2339 sunt

122 2403 317 2443 suam
347 2387 545 2442 retinet
574 2384 902 2439 firmitatem.
936 2381 1073 2448 Quia
1117 2394 1247 2435 vero
1277 2378 1460 2450 plures
1490 2373 1645 2430 nobis
1670 2374 1754 2428 di-

124 2493 463 2547 versosque
492 2491 771 2533 sermones
811 2473 1005 2528 divinae
1035 2471 1325 2541 Scriptum
1355 2464 1758 2523 commendavit

129 2572 484 2635 auctoritas,
516 2570 673 2625 facile
720 2583 844 2623 reor
873 2573 1054 2621 utrum
1085 2564 1215 2619 falsa
1262 2578 1327 2615 an
1359 2575 1487 2614 vera
1533 2558 1642 2613 sint
1687 2572 1753 2610 ea

1856 2264 1910 2317 in
1938 2262 2143 2332 spicam
2173 2273 2423 2329 surgere,
2456 2272 2524 2313 ex
2553 2257 2657 2311 hoc
2682 2271 2790 2310 uno
2816 2254 2927 2325 jam
2957 2255 3025 2310 de
3054 2255 3267 2311 czeteris
3292 2254 3451 2309 dubi-

1857 2364 1971 2410 tare
2002 2371 2108 2410 non
2138 2352 2358 2424 poterit,
2383 2351 2456 2407 ita
2484 2350 2615 2405 mihi
2644 2348 2712 2405 de
2743 2348 3001 2421 mysterio
3028 2348 3449 2403 resurrectionis

1858 2447 2223 2502 testimonium
2247 2446 2462 2501 videtur
2486 2446 2739 2500 idoneum
2764 2444 2879 2512 ipsa
2901 2443 3102 2497 veritas
3123 2442 3380 2512 przedicta
3397 2448 3454 2494 et

1856 2537 2126 2608 completa
2155 2536 2449 2602 factorum,
2499 2550 2596 2590 seu
2638 2534 2818 2604 potius
2848 2533 3016 2603 ipsius
3054 2532 3170 2601 jam
3203 2545 3451 2586 resurre-

130 2680 283 2734 quae
304 2663 449 2718 dicta
479 2668 606 2716 sunt
645 2675 712 2716 ex
732 2658 817 2713 bis
842 2672 961 2728 qum
986 2655 1097 2724 jam
1125 2652 1393 2721 completa
1420 2657 1543 2705 sunt
1570 2642 1839 2715 explo—‘o’
1858 2629 2053 2686 οῑίοηίε
2072 2630 2430 2699 experientia,
2458 2642 2621 2697 quam
2649 2644 2756 2683 ηοη
2781 2636 2889 2681 tam
2914 2625 3090 2681 verbis
3109 2640 3269 2694 (ιιιειη
3292 2622 3454 2679 rebus

1862 2722 1874 2733 .
1949 2730 1960 2734 ,
2071 2721 2104 2734 _.
2328 2720 2339 2731 .
2512 2719 2555 2734 ι,
2766 2732 2772 2734 Α
2829 2718 2863 2734 .ν
2896 2732 2924 2734 η
3252 2712 3448 2734 in-”

131 2774 310 2820 rare.
345 2766 402 2811 et
428 2771 526 2827 per
568 2754 654 2808 illa
702 2753 808 2808 hoc
851 2764 1067 2819 quoque
1108 2746 1302 2814 dogma
1346 2737 1759 2797 resurrectionis

134 2850 454 2919 inspicere.
479 2846 612 2901 Nam
637 2845 683 2899 si
711 2845 765 2898 in
793 2842 913 2897 aliis
936 2839 1101 2894 rebus
1118 2836 1236 2891 falsi
1259 2847 1536 2888 sermones
1559 2839 1613 2884 et
1634 2845 1753 2900 pro-

134 2942 252 2998 cul
277 2956 309 2995 a
331 2940 559 2995 veritate
587 2940 974 2995 monstrantur,
1000 2945 1101 2984 nec
1116 2928 1221 2982 hoc
1236 2932 1387 2980 extra
1419 2922 1758 2976 mendacium

136 3047 290 3087 esse
320 3028 682 3098 cognoscitur.
714 3024 772 3079 Si
817 3037 948 3078 vero
977 3028 1170 3076 caetera
1200 3014 1377 3069 omnia
1410 3027 1557 3076 vera,
1592 3025 1759 3077 expe-

140 3124 364 3179 rientia
394 3122 506 3190 ipsa
538 3124 771 3173 testante
789 3154 804 3180 ,
859 3124 1196 3179 consequens
1225 3113 1309 3160 est
1334 3119 1429 3173 per
1458 3102 1558 3156 ista
1579 3104 1807 3159 veramj

144 3210 616 3286 praedicationem
671 3202 1083 3258 resurrectionis
1123 3198 1376 3253 existere.
1420 3192 1765 3261 Quapropter
1791 3204 1830 3261 ε

148 3306 334 3361 unius
352 3301 439 3356 vel
462 3298 687 3353 duorum
718 3294 784 3349 de
805 3294 889 3348 his
914 3306 1034 3360 qua:
1058 3298 1184 3346 sunt
1209 3288 1463 3359 praedicta
1493 3298 1762 3339 memore-

154 3409 320 3459 mus,
337 3387 603 3457 simulque
625 3398 810 3440 eorum
834 3380 1171 3451 proferamus
1193 3384 1465 3440 eventum,
1494 3381 1760 3444 quatenus

157 3495 471 3553 agnoscere
501 3477 767 3549 possimus
802 3482 982 3528 utrum
1010 3470 1224 3527 veritati
1253 3469 1428 3524 oratio
1459 3476 1644 3523 nostra
1673 3481 1762 3521 re-

161 3573 464 3646 spondeat.
495 3570 626 3638 Quis
656 3570 815 3640 igitur
840 3567 1056 3637 ignoret
1082 3563 1313 3633 qualiter
1338 3562 1634 3631 antiquitus
1660 3558 1761 3615 flo-

162 3665 349 3721 ruerit
376 3662 699 3718 israeliticus
728 3659 975 3730 populus,
999 3655 1248 3712 omnibus
1275 3670 1335 3709 se
1369 3651 1762 3725 propemodum

166 3756 362 3811 mundi
378 3752 739 3826 potestatibus
752 3749 1000 3813 efferens,
1020 3747 1201 3817 qualia
1222 3761 1409 3801 eorum
1428 3758 1593 3813 regna
1609 3748 1765 3797 erant

165 3853 231 3906 in
253 3850 391 3905 urbe
417 3846 814 3917 Hierosolyma,
842 3841 1033 3912 quales
1056 3840 1194 3895 muri
1216 3838 1303 3893 vel
1334 3846 1530 3904 turres,
1577 3833 1765 3903 templi

165 3956 397 4013 quoque
439 3947 643 4009 quanta
697 3932 1130 4006 magniﬁcentia,
1182 3938 1243 3985 ut
1282 3930 1446 3985 etiam
1490 3926 1766 3997 discipulis

167 4031 397 4088 Christi.
430 4028 740 4082 viderentur
787 4023 1087 4085 miraculo,
1144 4022 1429 4089 ipsumque
1476 4017 1825 4072 Dominum‘“

166 4128 537 4196 precarentur
565 4117 869 4173 attendere.
902 4114 1099 4181 Sicque
1128 4120 1370 4167 erantex
1402 4111 1485 4164 his
1514 4126 1632 4179 quae
1657 4124 1770 4163 cer-

169 4217 386 4271 nebant
415 4219 637 4281 stupore
667 4206 1043 4283 admirationis
1071 4204 1270 4270 affecti,
1304 4211 1362 4257 ut
1389 4202 1562 4257 sancti
1592 4201 1769 4253 Evan-

169 4306 309 4376 gelii
338 4303 579 4359 declarat
627 4298 868 4361 historia,
901 4297 1141 4351 dicentes
1173 4314 1185 4348 ς
1217 4294 1407 4361 Qualia
1431 4307 1619 4362 opera,
1643 4305 1773 4360 qua-

173 4399 372 4465 lesque
396 4399 578 4449 essent
599 4387 1012 4445 (ediﬁcationes!
1046 4386 1303 4440 Dominus
1332 4392 1510 4439 autem
1538 4383 1771 4437 futuram

179 4488 293 4543 loci
314 4485 675 4541 desertionem
697 4491 753 4536 et
774 4480 1187 4552 pulchritudinis
1208 4479 1352 4533 illius
1368 4477 1829 4538 extenuiniumpl:

1860 2721 2106 2776 instructi
2124 2720 2487 2790 percepimus.
2512 2719 2645 2772 Nam
2676 2718 2934 2789 quoniam
2964 2730 3218 2784 magnum
3248 2712 3453 2782 aliquid

1861 2818 1917 2865 et
1961 2826 2124 2881 supra
2174 2810 2332 2864 tidem
2382 2816 2501 2864 erat
2544 2808 2611 2863 de
2658 2807 3062 2863 resurrectione
3105 2805 3453 2870 miraculum,

1863 2900 2124 2957 Dominus
2154 2901 2221 2955 ab
2250 2899 2508 2955 inferiore
2538 2901 2692 2969 signo
2724 2899 2936 2953 virtutis
2966 2898 3249 2969 incipiens,
3272 2896 3457 2967 paula-

1862 2992 1959 3046 tim
1987 2991 2144 3047 ﬁdem
2175 3000 2418 3047 nostram
2450 2989 2519 3045 ad
2548 2990 2783 3045 celsiora
2810 2988 3135 3058 quibusdam
3180 2988 3453 3057 processi-

1812 3110 1831 3139 1
1864 3084 1965 3140 bus
1993 3084 2275 3138 assuescit.
2326 3083 2476 3138 Sicut
2503 3083 2643 3137 enim
2664 3082 2919 3164 quaedam
2946 3088 3117 3133 mater
3137 3086 3455 3148 competens

1866 3186 1949 3232 ter
1992 3176 2275 3246 parvulum
2303 3174 2513 3229 lactans
2542 3174 2757 3228 interim
2787 3172 3001 3227 labellis
3036 3172 3203 3225 ubera
3247 3169 3453 3224 teneris

1864 3267 2175 3335 immulget,
2224 3272 2309 3319 ast
2350 3264 2437 3320 ubi
2469 3264 2771 3335 producere
2799 3262 2989 3318 dentes
3016 3259 3262 3331 coeperit,
3294 3257 3455 3314 offert

1862 3361 1911 3416 ei
1940 3376 2159 3431 panem,
2190 3376 2322 3427 non,
2351 3360 2493 3415 sicut
2515 3367 2619 3424 est,
2647 3358 2840 3413 durum
2870 3364 2965 3413 aut
2993 3354 3244 3424 rigidum,
3287 3368 3357 3408 ne
3379 3348 3453 3408 ibi

1861 3452 2107 3509 soliditas
2139 3459 2427 3522 exasperet
2456 3449 2739 3506 mollitiem
2771 3448 3130 3517 gingivarum,
3173 3443 3270 3500 sed
3297 3460 3455 3499 man-

1776 3560 1803 3603 ῖλΔ
1832 3546 1859 3599 ἴ
1862 3543 1995 3600 dens
2021 3546 2251 3615 propriis
2279 3543 2531 3599 dentibus
2558 3539 2894 3605 mordiﬁcat,
2928 3547 2983 3594 et
3015 3537 3214 3592 viribus
3242 3532 3455 3606 parvuli

1863 3637 2042 3692 cibum
2066 3643 2334 3707 praeparat
2347 3641 2759 3702 congruentem,
2776 3630 2971 3687 deinde
2990 3630 3147 3699 juxta
3178 3626 3456 3698 profectus

1862 3729 2037 3787 aetatis
2063 3730 2113 3785 ei
2142 3730 2235 3798 qui
2263 3734 2382 3783 erat
2410 3725 2751 3781 mollioribus
2779 3730 3028 3778 assuetus
3058 3734 3212 3775 escas
3245 3732 3459 3790 praepa-

1865 3831 1952 3879 rat
2003 3819 2299 3882 fortiores;
2356 3815 2434 3871 sic
2461 3816 2753 3870 humanam
2801 3813 3149 3886 pusillitatem
3197 3809 3459 3865 Dominus

1866 3913 2018 3969 velut
2045 3908 2418 3980 imperfectam
2458 3907 2739 3962 infantiam
2774 3906 2935 3960 tantis
2962 3902 3159 3959 alendo
3187 3899 3463 3956 miraculis

1868 4010 2032 4073 atque
2060 3998 2299 4068 regendo
2328 4013 2426 4067 per
2462 4012 2584 4052 eam
2623 4010 2743 4066 qua:
2772 3995 3055 4065 desperata
3104 3990 3467 4048 decumbebat

1869 4092 2209 4160 aegritudine,
2233 4089 2285 4143 ei
2312 4088 2565 4142 virtutem
2597 4086 3015 4163 resurrectionis
3042 4085 3315 4147 informat,
3342 4097 3463 4152 qua!

1871 4201 1958 4239 res
1989 4182 2057 4237 ad
2087 4178 2575 4236 consummandum
2605 4185 2723 4233 erat
2751 4178 2966 4244 quidem
2998 4176 3338 4237 miserabilis,
3370 4174 3467 4227 sed

1874 4288 1984 4328 non
2012 4272 2133 4326 talis
2156 4279 2216 4324 ut
2245 4269 2466 4323 minime
2495 4267 2612 4323 fieri
2641 4282 2801 4339 posse
2822 4266 3155 4321 crederetur.
3184 4265 3466 4334 lmperans

1873 4365 2016 4419 enim
2061 4361 2195 4417 febri
2238 4374 2358 4431 qua:
2398 4358 2610 4414 fortiter
2638 4348 2864 4414 socrum‘
2898 4356 3136 4412 Simonis
3180 4356 3462 4418 exurebat,

1836 4462 1871 4518 ἴ
1875 4466 2078 4512 tantam
2109 4454 2235 4509 mali
2263 4467 2481 4508 causam
2513 4452 2590 4508 sic
2618 4467 2649 4506 e
2674 4450 2905 4518 vestigio
2937 4448 3230 4516 transtulit,
3262 4456 3320 4501 ut
3348 4447 3468 4501 sine

181 4580 273 4636 his
291 4578 382 4648 qui
405 4576 458 4630 in
481 4575 888 4647 prtesentiarum
907 4573 1065 4628 nimis
1088 4569 1765 4632 admirabanturinsinuat,

1876 4568 2027 4609 mora
2059 4564 2387 4619 consurgens
2416 4547 2774 4604 ministerium
2803 4554 2989 4619 posset
3034 4546 3294 4602 exhibere
3323 4561 3465 4616 prte-

188 4672 323 4728 nibil
349 4686 534 4726 eorum
558 4684 677 4739 quae
696 4667 1017 4722 videbantur
1047 4674 1171 4736 post
1202 4664 1418 4735 paulum
1441 4663 1624 4718 dicens
1652 4675 1772 4716 esse

190 4776 521 4819 mansurum.
552 4760 659 4815 Sed
689 4767 744 4814 et
773 4771 1016 4827 tempore
1036 4757 1327 4826 passionis,
1354 4769 1476 4809 cum
1501 4768 1623 4808 eum
1652 4767 1772 4805 mu-

194 4853 355 4907 lieres
420 4858 772 4921 sequerentur
821 4849 1134 4918 plangentes
1205 4852 1367 4913 atque
1413 4845 1771 4898 lamentantes

195 4940 342 5012 quod
367 4941 649 4996 damnatus
668 4947 812 4996 esset
837 4940 1020 5008 iniqua
1049 4937 1317 4993 sententia
1354 4935 1603 5007 (necdum
1627 4934 1769 4989 enim

195 5031 649 5104 dispensationem
697 5044 884 5084 eorum
933 5043 1052 5098 qua:
1106 5027 1433 5095 gerebantur
1472 5024 1811 5115 intelligere.

196 5121 786 5195 poterant),consilium
806 5119 1053 5188 prtebuit,
1085 5126 1141 5172 et
1170 5132 1268 5187 pro
1294 5118 1377 5172 his
1397 5132 1515 5187 quae
1544 5116 1685 5171 circa
1717 5130 1776 5169 se

199 5215 395 5270 ﬁebant
422 5212 783 5283 quiescerent,
816 5208 940 5279 quia
974 5207 1225 5277 lacrymis
1247 5208 1409 5276 digna
1435 5221 1543 5261 non
1571 5212 1776 5272 essent,

201 5305 476 5363 differrent
503 5309 684 5358 autem
709 5299 1124 5355 lamentationes
1154 5298 1236 5352 vel
1268 5298 1517 5368 planctus
1546 5297 1599 5351 in
1643 5303 1780 5351 tem-

204 5414 298 5469 pus
320 5395 446 5450 illud
482 5410 590 5465 quo
621 5407 774 5448 veras
798 5389 1198 5460 exprimerent,
1231 5403 1353 5443 cum
1382 5388 1571 5442 civitas
1591 5401 1777 5441 eorum
1816 5438 1821 5441 .

202 5497 535 5561 premeretur
563 5488 629 5543 ab
654 5484 1041 5549 obsidentibus,
1091 5489 1146 5537 et
1190 5482 1242 5536 in
1272 5481 1377 5536 hoc
1411 5479 1775 5547 angustiarum

204 5589 257 5632 et
279 5580 598 5637 calamitatis
624 5579 887 5640 venirent,
911 5584 971 5630 ut
989 5575 1207 5629 beatum
1228 5579 1358 5630 tunc
1379 5571 1469 5640 qui
1502 5585 1609 5624 non
1633 5577 1780 5624 esset

205 5675 358 5723 natus
385 5683 452 5723 eo
480 5675 724 5738 tempore
762 5670 1043 5720 testarent.
1090 5662 1150 5717 111
1180 5662 1375 5731 quibus
1406 5661 1567 5715 etiam
1604 5659 1780 5714 scelus

204 5758 350 5824 illud,
367 5756 512 5827 quod
532 5772 659 5813 suos
678 5771 775 5825 pro
796 5755 933 5809 fame
956 5754 1095 5809 filios
1120 5759 1392 5813 vorarent,
1409 5748 1797 5820 pronuntiavit

208 5849 376 5909 verbis
402 5846 585 5905 dicens
613 5847 665 5903 in
691 5846 878 5903 diebus
900 5846 1002 5902 illis
1021 5844 1259 5902 sterilem
1286 5857 1405 5913 quae
1428 5856 1535 5900 non
1558 5849 1775 5912 pareret
1800 5882 1801 5885 η

1878 4645 2141 4713 sentibus,
2192 4660 2313 4714 qua:
2354 4643 2673 4713 sperabatur
2720 4641 2968 4711 protinus
3010 4654 3131 4694 esse
3177 4639 3462 4696 moritura.

1878 4737 2009 4793 Post
2050 4738 2162 4792 11ωο
2188 4750 2477 4807 parumper
2503 4734 2716 4790 virtutis
2758 4732 3038 4802 adjiciens,
3095 4732 3270 4801 reguli
3300 4730 3466 4785 lilium

1879 4830 2224 4898 languentem
2255 4827 2355 4882 sub
2382 4824 2630 4895 professo
2656 4823 2900 4892 periculo
2923 4822 3152 4878 sanavit.
3191 4822 3285 4877 Sic
3324 4821 3469 4876 enim

1844 4940 1855 4981 :
1879 4928 2065 4975 narrat
2087 4918 2395 4988 evangelica
2420 4915 2641 4971 historia
2677 4931 2689 4967 :
2728 4911 3020 4985 Incipiebat
3044 4914 3179 4966 enim
3200 4912 3348 4972 mori,
3374 4926 3472 4979 pa-

1881 5022 1963 5067 tre
1986 5010 2316 5066 vociferante
2342 5023 2405 5063 ac
2430 5007 2683 5061 dicente:
2715 5003 2995 5066 Descende,
3028 5001 3268 5064 Domine,
3301 5000 3473 5069 priua-
3548 5008 3575 5037 ’ν

1877 5120 2031 5176 quam
2055 5102 2307 5156 moriatur
2333 5115 2457 5169 puer
2472 5116 2488 5161 ;
2503 5104 2755 5167 operator
2774 5097 2903 5151 item
2926 5090 3333 5149 resurrectionis
3353 5088 3471 5156 ejus

1880 5196 1971 5265 qui
2015 5193 2335 5249 credebatur
2373 5204 2493 5246 esse
2521 5189 2814 5246 moriturus
2851 5185 3170 5241 miraculum
3225 5180 3468 5252 potentia

1880 5286 2252 5361 praestantiore
2280 5282 2588 5357 perﬁciens,
2612 5290 2671 5337 ut
2698 5296 2798 5337 nec
2822 5280 3033 5335 veniret
3054 5276 3119 5330 ad
3150 5276 3350 5337 locum,
3372 5271 3469 5327 sed

1852 5382 2091 5438 "entiuus
2110 5378 2410 5435 custoditus
2432 5376 2593 5431 vitam
2619 5390 2788 5445 puero
2811 5370 3064 5442 praecepti
3090 5369 3286 5423 virtute
3302 5375 3475 5422 trans-

1882 5473 2149 5536 mitteret;
2174 5467 2369 5524 deinde
2391 5482 2491 5522 nos
2514 5470 2906 5533 consequenter
2925 5459 3196 5522 erudiens,
3212 5457 3280 5513 ad
3301 5458 3473 5537 virtu-

1884 5574 1999 5620 tum
2047 5562 2358 5619 sublimiora
2408 5557 2672 5630 perducit.
2723 5554 2854 5609 Nam
2898 5553 2964 5609 ad
3007 5551 3169 5606 ﬁliam
3211 5551 3472 5622 principis

1887 5666 2079 5729 sponte
2106 5655 2425 5727 perveniens
2452 5651 2764 5707 occasiones
2790 5648 2999 5703 itineris
3026 5646 3301 5718 praestitit,
3335 5652 3393 5697 ut
3417 5652 3471 5697 et

1889 5750 2091 5806 sanitas
2110 5747 2228 5817 ejus
2252 5759 2373 5815 qua:
2390 5741 2676 5798 laborabat
2696 5738 2958 5811 profluvio
2982 5737 3256 5808 sanguinis
3287 5735 3470 5802 vulga-

1892 5848 2059 5909 retur,
2084 5847 2138 5894 et
2166 5845 2312 5893 tanta
2342 5848 2493 5892 mora
2523 5831 2783 5905 temporis
2802 5846 2946 5890 mors
2962 5827 3281 5901 prmvaleret
3298 5839 3470 5894 διεω-
