4060 6364
3735 230 3865 284 591

544 243 640 295 tm
1809 229 2163 290 DlONYSlUS
2202 229 2521 289 EXIGUUS.

544 364 702 429 tanti,
726 362 817 417 sed
849 375 987 415 nunc
1014 356 1188 412 anima
1218 358 1462 422 separata
1486 351 1553 405 de
1578 362 1829 419 corpore,
1862 348 2119 401 turbatis-
2151 354 2193 406 Α
2226 354 2522 399 memorata
2555 345 2669 399 loca
2700 344 3070 405 declinabant.
3102 342 3318 399 exitiale
3348 359 3411 400 ac
3438 346 3868 415 periculosum

544 465 646 519 que
695 452 1017 506 clamoribus
1056 446 1311 500 luctuosis
1341 444 1421 497 his
1450 444 1541 511 qui
1589 456 1769 496 casum
1818 440 2123 510 planctibus
2228 446 2481 508 putante:
2512 453 2695 493 rursus
2724 439 2775 491 in
2805 435 3039 491 Judmam
3065 449 3308 506 pergere,
3333 446 3385 491 et
3416 439 3555 493 inter
3578 437 3870 493 homici-

545 538 859 605 eil‘erebant,
893 539 1054 593 veluti
1084 553 1113 592 e
1142 524 1332 590 somno
1378 534 1609 602 puellam
1658 531 1977 600 imperativo
2007 544 2123 582 ser-
2226 528 2322 581 das
2345 527 2643 597 impiosque
2671 528 2893 591 versari,
2925 536 2979 580 et
3007 526 3127 581 ideo
3152 534 3488 582 remorantes
3517 538 3704 599 atque
3743 525 3871 581 dif—

547 649 707 689 tnone
738 631 1074 687 resuscitavit
1104 629 1168 682 ad
1215 630 1397 680 vitam.
1428 626 1525 677 Via
1558 622 1791 693 quadam
1830 629 1885 676 et
1930 634 2125 675 conse—
2174 691 2183 693 Α
2227 616 2480 682 ferentes,
2510 633 2578 672 ne
2600 617 2795 671 ibidem
2826 625 3225 671 reverterentur
3254 626 3495 688 tempora
3521 618 3865 689 protraho-

547 723 765 789 quentia
796 721 1135 788 fragilitatem
1169 718 1456 770 humanam
1486 712 1550 767 ad
1578 691 1784 779 majora
1813 691 2185 770 sustollens,§
2227 706 2379 761 bant.
2401 705 2641 761 Obtinuit
2670 706 2953 775 imperium
2976 706 3207 769 Domini,
3226 721 3397 777 eoque
3426 709 3863 777 proiiciscente

552 820 735 863 rurs".s
765 811 877 863 haec
905 823 1120 877 quoque
1150 804 1405 859 miracula
1436 802 1593 857 solita
1623 802 1821 855 virtute
1855 808 2129 853 transcen-

553 899 683 955 dens
713 900 939 955 celsiore
961 899 1219 969 potentia,
1243 898 1344 950 iter
1368 896 1494 948 facit
1516 890 1819 947 hominibus
1843 906 1949 959 quo
1973 888 2127 942 fidem

556 984 971 1041 resurrectionis
993 985 1355 1039 admitterent.
1376 982 1659 1035 Civitatem
1672 979 1954 1051 quamdam
1980 978 2130 1031 Naim

556 1080 774 1133 nomine
802 1078 855 1132 in
883 1074 1065 1131 Judzea
1095 1090 1213 1130 esse
1234 1090 1385 1128 sacra
1416 1072 1692 1142 Scriptura
1721 1076 2129 1127 commemorat.

557 1170 615 1225 In
659 1172 762 1225 hac
790 1168 889 1224 fuit
917 1165 1091 1222 viduae
1120 1165 1393 1234 cujusdam
1425 1164 1612 1218 unicus
1643 1162 1781 1216 filius
1812 1176 1973 1232 puer,
2026 1174 2133 1212 non
2154 1156 2197 1193 τί

559 1278 692 1332 puer
720 1261 841 1316 talis
871 1260 961 1330 qui
985 1266 1388 1329 computaretur
1413 1258 1463 1310 in
1495 1256 1755 1325 parvulis,
1785 1251 1879 1308 sed
1907 1268 1970 1306 ex
2000 1265 2133 1320 pue-

562 1352 686 1409 ritia
717 1354 769 1408 in
792 1352 1128 1422 juventutem
1160 1349 1270 1418 jam
1295 1348 1515 1417 jamque
1554 1345 1875 1417 profecerat.
1910 1340 2060 1396 Unde
2084 1349 2138 1394 et

561 1446 811 1516 juvenem
842 1438 990 1497 illum
1017 1456 1194 1496 sermo
1224 1437 1455 1496 cmlestis
1485 1438 1737 1507 appellat,
1772 1436 1922 1504 plura
1954 1432 2138 1503 paucis

566 1534 857 1590 insinuans.
883 1533 1219 1587 Lamentatio
1248 1546 1440 1600 magna
1471 1539 1554 1586 est
1578 1531 1691 1599 ipsa
1722 1527 1913 1583 relatio
1943 1545 1954 1579 :
1981 1525 2135 1591 Erat,

566 1624 755 1693 inquit,
788 1623 944 1677 vidua
974 1632 1139 1675 mater
1166 1622 1414 1692 defuncti.
1450 1620 1714 1689 Perspicis
1754 1618 1962 1688 pondus
1989 1606 2209 1671 cala-ss’

2232 797 2479 866 discipuli
2510 797 2927 865 subsequuntur,
2958 804 3016 849 ut
3038 796 3090 849 in
3114 796 3370 851 Bethania
3395 798 3670 868 primitias
3713 798 3863 851 uni-

2230 887 2457 941 versalis
2524 888 2921 955 quodammodo
2992 888 3403 943 resurrectionis
3458 888 3860 957 inspicerent.

2230 976 2465 1042 Quartus
2488 986 2603 1030 erat
2619 977 2729 1045 jam
2758 978 2969 1047 sepulto
2998 977 3111 1032 dies
3128 1019 3144 1043 ,
3171 988 3468 1047 cunctaque
3495 980 3865 1033 videbantur

2231 1082 2357 1137 erga
2381 1069 2533 1122 busta
2550 1068 2851 1138 persoluta;
2877 1070 3158 1122 constabat
3173 1084 3368 1137 corpus
3389 1070 3441 1122 in
3461 1076 3861 1123 monumento

2233 1162 2554 1231 depositum,
2581 1171 2657 1228 et,
2676 1162 2819 1232 quod
2835 1172 2950 1217 erat
2977 1178 3332 1232 consequens,
3355 1164 3462 1234 jam
3485 1165 3692 1222 timore
3725 1164 3859 1221 dis—

2235 1261 2446 1307 tentum
2478 1254 2837 1323 corruptionis
2871 1254 3091 1309 interitu
3113 1255 3437 1310 solvebatur.
3461 1256 3656 1311 Sanies
3684 1258 3856 1312 enim

2236 1345 2288 1398 in
2318 1352 2514 1397 terram
2538 1344 2652 1412 ipsa
2680 1345 3004 1399 necessitate
3032 1344 3319 1410 deﬂuebat,
3346 1344 3589 1415 fugienda
3628 1349 3855 1417 procul

2235 1431 2398 1487 dubio
2427 1446 2532 1499 res,
2563 1440 2788 1500 cogente
2810 1442 3021 1500 natura,
3054 1433 3106 1488 id
3135 1434 3277 1502 quod
3320 1436 3616 1489 resolutum
3648 1434 3858 1489 fuerat

2238 1523 2378 1579 fetor
2399 1524 2705 1579 teterrimus
2726 1525 3029 1579 exhalabat.
3066 1526 3177 1581 Hoc
3207 1535 3385 1579 autem
3415 1524 3613 1580 factum
3636 1530 3759 1580 'est
3793 1535 3857 1579 ut

2240 1616 2509 1686 generalis
2555 1618 2964 1674 resurrectionis
3012 1633 3175 1688 opus,
3227 1618 3370 1688 quod
3404 1619 3469 1672 ab
3515 1617 3853 1672 infidelibus

566 1712 795 1777 mitatis,
844 1712 1116 1781 quomodo
1146 1712 1450 1780 passionem
1490 1710 1729 1764 breviter
1760 1707 1968 1762 extulit.
2002 1707 2142 1773 Quid
2174 1709 2221 1767 B
2249 1708 2422 1762 minus
2465 1707 2718 1773 creditur,
2764 1707 3029 1763 manifesti
3058 1708 3305 1763 miraculi
3347 1709 3661 1763 ostensione
3706 1723 3853 1777 pro-

569 1804 713 1858 euim
734 1812 817 1858 est
844 1803 987 1873 quod
1016 1803 1245 1858 dicitur?
1267 1801 1399 1868 Quia
1430 1817 1537 1857 non
1565 1812 1680 1856 erat
1702 1796 1868 1855 etiam
1892 1816 2014 1870 spes
2038 1800 2142 1853 ulla

567 1906 675 1961 qua
705 1904 885 1964 posset
913 1893 1049 1949 ﬁlios
1077 1910 1343 1957 recreare,
1379 1902 1647 1961 tantmque
1669 1893 1911 1947 levamen
1942 1892 2141 1946 orbita.

570 1984 639 2038 tis
660 1998 950 2038 assumere.
982 1983 1153 2037 Vidua
1174 1984 1371 2053 quippe
1391 1992 1527 2050 erat,
1547 1998 1643 2037 nec
1666 1983 1897 2038 habebat
1919 1982 2145 2037 alterum

570 2087 729 2142 quem
752 2088 851 2142 pro
874 2071 1125 2127 defuncto
1155 2074 1506 2143 conspiceret.
1541 2072 1670 2127 Nam
1693 2081 1880 2142 partus
1905 2075 1953 2128 ei
1982 2074 2161 2127 exsti-J
2184 2098 2191 2111 ν

571 2170 712 2216 terat
736 2162 1041 2231 singularis.
1068 2162 1334 2228 Quantum
1355 2176 1485 2216 vero
1514 2163 1619 2217 hoc
1647 2164 1842 2217 malum
1872 2163 1962 2228 sit,
1993 2163 2149 2218 facile

570 2266 759 2306 omnes
774 2250 1097 2320 intelligunt,
1123 2252 1213 2322 qui
1240 2260 1441 2306 natura:
1458 2252 1579 2321 jura
1593 2262 1939 2320 cognoscunt.
1964 2252 2147 2308 Solum

577 2341 722 2398 hunc
766 2344 819 2398 in
865 2343 1141 2403 doloribus
1184 2353 1442 2409 noverat,
1494 2345 1664 2399 solum
1714 2345 1824 2400 suis
1853 2346 2153 2402 iactaverat

575 2433 849 2498 uberibus,
882 2434 1029 2488 solus
1055 2433 1356 2488 illustrabat
1387 2433 1500 2503 ejus
1526 2436 1847 2499 convivium,
1879 2436 2152 2505 totiusque

2247 1798 2485 1852 baretur.
2518 1798 2635 1853 Non
2664 1798 2808 1853 enim
2838 1799 2959 1866 quis
2986 1798 3225 1852 elevatur
3247 1812 3314 1852 ex
3341 1798 3684 1866 :egritudine,
3738 1812 3849 1851 nec

2248 1890 2303 1944 in
2343 1890 2599 1945 extremis
2646 1890 2855 1946 locatus
2895 1890 3156 1944 retinetur
3185 1890 3239 1944 in
3267 1890 3407 1955 vita,
3451 1906 3554 1947 nec
3593 1890 3847 1961 parvula

2250 1995 2421 2050 nuper
2434 1988 2644 2035 mortua
2666 1981 2941 2043 suscitata,
2959 1996 3057 2036 nec
3078 1990 3424 2035 monumento
3443 1981 3735 2053 proximus
3752 1982 3846 2049 ju-

2248 2070 2401 2125 venis
2428 2086 2584 2125 suum
2616 2070 2870 2126 feretrum
2902 2071 3129 2135 deserit,
3178 2070 3273 2126 sed
3313 2072 3395 2125 vir
3420 2074 3685 2142 primatus
3733 2088 3845 2141 pu—

2254 2169 2490 2217 trescens
2520 2170 2681 2231 atque
2709 2160 2988 2227 difﬂuens,
3020 2163 3092 2216 ita
3134 2171 3193 2217 ut
3242 2177 3343 2217 nec
3385 2163 3667 2219 sororibus
3719 2162 3843 2231 ejus

2252 2261 2397 2307 esset
2445 2253 2727 2307 tolerabile
2784 2262 2844 2307 ut
2888 2253 3144 2308 Dominus
3196 2254 3580 2323 propinquaret
3628 2270 3843 2309 manus

2252 2352 2456 2408 mento,
2506 2352 2729 2415 propter
2755 2345 2964 2398 insitam
2995 2338 3295 2399 inolestiam
3322 2345 3432 2414 jam
3460 2346 3711 2400 resoluto
3738 2360 3839 2399 ca-

2257 2435 2489 2489 davere:
2518 2450 2623 2489 una
2655 2444 2833 2490 tamen
2859 2450 2993 2489 voce
3022 2436 3339 2500 vivificatus,
3364 2434 3518 2491 fidem
3541 2437 3669 2491 facit
3696 2452 3840 2506 pra!-

574 2524 801 2591 doloris,
826 2524 972 2579 solus
1000 2533 1117 2578 erat
1143 2540 1306 2579 causa
1334 2525 1547 2589 laetitize,
1573 2540 1691 2579 cum
1714 2526 1921 2581 luderet
1947 2537 2039 2580 aut
2061 2527 2185 2580 ali-r2
2204 2506 2497 2590 b’dicatori,
2531 2542 2648 2596 qua:
2677 2542 2826 2596 spem
2858 2526 3265 2581 resurrectionis
3292 2526 3541 2581 affirmat.
3586 2525 3711 2582 Hoc
3755 2536 3837 2581 est

574 2617 702 2686 quid
748 2625 953 2685 ageret,
1001 2632 1122 2672 cum
1167 2617 1539 2671 institueretur
1569 2625 1663 2671 aut
1690 2626 1998 2682 ornaretur,
2029 2633 2151 2672 cum

575 2708 771 2763 coaevis
798 2708 851 2762 in
881 2708 1399 2777 processionibus,in
1423 2708 1704 2777 palcestris,
1722 2708 1773 2762 in
1800 2708 2152 2764 conventibus

574 2798 910 2865 jungeretur,
942 2811 1103 2851 omne
1127 2795 1384 2865 quidquid
1430 2798 1616 2851 matris
1645 2798 1813 2853 oculis
1839 2797 1997 2852 dulce
2024 2814 2152 2867 pre-

579 2886 887 2953 tiosumque
916 2886 1160 2950 suberat,
1210 2885 1357 2940 solus
1388 2885 1576 2940 unicus
1605 2886 1884 2941 offerebat.
1927 2884 2154 2957 Jamque

581 2976 821 3046 nuptiale
848 2984 1059 3046 tempus
1086 2976 1398 3043 advenerat,
1420 2979 1582 3048 stirps
1610 2979 1892 3034 videbatur
1919 2980 2173 3048 generis,-
2202 2996 2219 3003 "

2253 2613 2396 2684 quod
2440 2616 2506 2668 de
2556 2608 2819 2668 universis
2850 2615 2901 2668 in
2940 2629 3223 2669 commune
3252 2616 3559 2683 credamus,
3599 2616 3837 2687 quodin

2254 2704 2495 2773 partibus
2524 2705 2855 2773 experientia
2884 2704 2997 2773 ipsa
3026 2704 3325 2761 didicimus.
3358 2704 3508 2759 Sicut
3534 2707 3677 2760 enim
3712 2707 3837 2760 uui-

2252 2794 2448 2847 versali
2478 2794 2874 2848 resurrectione
2902 2793 3329 2864 dicitApostolus
3345 2795 3515 2864 ipsum
3539 2795 3832 2850 Dominum

2255 2885 2323 2939 de
2350 2884 2489 2939 ctelo
2514 2884 2839 2940 descendere
2868 2885 2921 2938 in
2941 2884 3092 2954 jussu
3123 2892 3177 2939 et
3198 2886 3249 2939 in
3277 2901 3410 2941 voce
3432 2886 3749 2954 archangeli
3781 2896 3835 2940 et

2257 2975 2447 3028 intuba
2461 2974 2574 3039 Dei,
2592 2975 2730 3028 utad
2757 2975 3314 3044 incorruptibilitatem
3340 2984 3581 3031 mortuos
3606 2979 3831 3040 excitet,
3886 3008 3891 3017 ν
3918 3020 3921 3021 ν

577 3067 914 3123 ramusculus
940 3069 1313 3133 successionis,
1338 3070 1559 3127 baculus
1585 3072 1875 3127 senectutis
1902 3081 1956 3126 et
1982 3074 2155 3128 tctatis
2182 3078 2225 3139 c
2259 3066 2331 3120 ita
2348 3076 2403 3121 et
2424 3075 2805 3121 nuncmortem
2829 3066 2993 3121 veluti
3021 3081 3270 3121 somnum
3295 3067 3577 3135 quemdam
3601 3068 3833 3137 imperio
3870 3104 3881 3125 ι

581 3158 992 3213 incrementum.
1037 3158 1164 3212 Erat
1192 3166 1246 3213 et
1274 3160 1444 3213 altera
1486 3160 1885 3215 iamentationis
1915 3162 2151 3216 occasio.

581 3249 684 3316 Qui
707 3250 849 3304 enim
875 3250 1128 3317 juvenem
1145 3251 1327 3304 retulit
1351 3252 1705 3306 floremsimul
1736 3253 1827 3322 qui
1854 3262 2155 3308 marcuerat

585 3341 863 3407 indicavit,
895 3340 1047 3409 cujus
1075 3343 1249 3397 adhuc
1272 3342 1449 3396 vultus
1475 3344 1725 3413 lanugine
1753 3344 2070 3407 vestiretur,
2100 3351 2155 3399 et

580 3442 835 3496 genarum
867 3428 1028 3483 decor
1057 3438 1211 3496 grato
1236 3429 1441 3497 fulgore
1477 3431 1785 3485 nitesceret.
1821 3430 1957 3497 Quid
1996 3432 2185 3499 igitur?

585 3531 749 3585 super
776 3517 889 3584 ejus
918 3517 1067 3571 obitu
1095 3527 1269 3572 mater
1297 3520 1539 3588 pertulit,
1575 3528 1777 3588 quanto
1805 3522 2008 3576 viscera
2039 3522 2156 3591 ejus

579 3606 701 3675 igne
741 3615 955 3675 perusta
982 3611 1140 3662 sunt?
1170 3608 1340 3673 Quam
1372 3611 1769 3679 copiosissimas
1795 3619 1855 3667 et
1880 3613 2153 3669 amarissi-

582 3712 699 3752 mas
722 3713 885 3767 super
911 3714 1033 3752 eum
1064 3700 1326 3771 lacrymas
1356 3697 1533 3754 fudit?
1559 3698 1863 3757 Tabescens
1894 3702 2155 3771 quodam-

591 3788 753 3842 modo
782 3796 837 3842 et
865 3789 1095 3844 cadaver
1119 3790 1235 3857 ejus
1262 3791 1612 3859 amplectens,
1660 3807 1727 3846 ne
1774 3802 2155 3862 properaretur

578 3879 853 3948 sepultura
883 3880 1017 3947 ejus,
1050 3888 1308 3949 tantoque
1337 3897 1465 3937 casu
1494 3884 1678 3937 satiari
1707 3883 2033 3947 desiderans,
2060 3885 2150 3939 diu
2172 3894 2223 3949 ’ξι

581 3967 767 4037 longas
793 3969 846 4022 in
871 3968 999 4024 ﬂetu
1026 3985 1185 4025 voces
1209 3972 1455 4026 emittere
1480 3973 1749 4042 cupiebat,
1784 3973 1854 4027 ita
1880 3982 1939 4027 ut
1966 3989 2153 4029 omnes

581 4059 860 4113 audientes
906 4070 1148 4113 moveret
1176 4059 1243 4112 ad
1274 4060 1495 4114 luctum.
1538 4060 1648 4116 Nec
1678 4061 1784 4116 hoc
1816 4063 2152 4131 praetermisit

581 4148 722 4201 enim
753 4156 939 4203 sancta
966 4148 1179 4204 relatio.
1237 4149 1448 4216 Videas,
1482 4150 1674 4219 inquit,
1720 4168 1836 4205 eam
1875 4151 2147 4217 Dominus,

581 4240 934 4295 misericordia
973 4251 1138 4295 motus
1168 4250 1272 4307 est,
1317 4254 1367 4296 et
1409 4244 1655 4298 accedens
1686 4246 1847 4314 tetigit
1884 4244 2148 4308 loculum;

2212 4330 2235 4349 κ

578 4337 663 4407 qui
685 4346 850 4389 autem
876 4336 1152 4406 portabant
1173 4345 1454 4401 steterunt;
1480 4346 1529 4390 et
1549 4338 1682 4390 dixit
1705 4338 1945 4406 defuncto
1970 4354 1987 4390 :
2010 4337 2157 4391 Ado-‘
2178 4338 2219 4389 ιτῖ

2255 3156 2537 3212 dominica:
2555 3158 2723 3224 vocis,
2738 3159 2784 3212 is
2808 3157 3029 3227 quierat
3057 3158 3110 3212 in
3139 3167 3487 3213 monumento
3508 3158 3828 3222 discutiens,

2255 3256 2311 3301 et
2331 3250 2728 3317 corruptionem
2752 3263 2869 3317 qua:
2890 3247 2956 3302 de
2985 3256 3159 3302 morte
3185 3256 3509 3319 provenerat
3534 3264 3565 3302 a
3588 3263 3646 3302 se
3668 3249 3832 3317 longe

2240 3338 2557 3413 secludens,
2576 3339 2781 3407 integer
2802 3346 2963 3407 atque
2983 3336 3252 3408 perfectus
3272 3339 3422 3393 exilit
3457 3338 3523 3393 de
3554 3340 3824 3409 sepulcro,

2214 3416 2356 3482 'jnec
2386 3428 2515 3498 ipsis
2543 3428 2771 3483 vinculis
2799 3428 2993 3496 quibus
3020 3436 3137 3482 erat
3171 3429 3423 3483 astrictus
3464 3430 3531 3482 ad
3575 3430 3826 3497 gradien-

2255 3516 2380 3571 dum
2421 3518 2640 3573 omnino
2675 3518 2994 3587 prohibitus.
3043 3517 3210 3571 Parva
3242 3519 3358 3573 haec
3386 3520 3618 3573 :estimas
3646 3520 3713 3573 ad
3744 3518 3823 3572 fa-

2258 3606 2502 3662 ciendam
2558 3606 2716 3662 ﬁdem
2758 3608 2901 3677 quod
2938 3593 3387 3664 resurrectionem
3417 3608 3532 3663 fore
3559 3610 3827 3664 credimus

2254 3706 2588 3751 mortuorum
2613 3700 2635 3752 ?
2685 3697 2765 3751 An
2794 3700 2987 3767 quaeris
3015 3708 3069 3753 et
3098 3714 3161 3753 ex
3192 3700 3308 3754 aliis
3338 3701 3476 3755 hanc
3502 3701 3594 3755 tibi
3624 3699 3823 3754 ﬁrmari

2253 3789 2436 3844 deberi
2468 3790 2782 3845 sententiam
2806 3790 2971 3861 {Non
3002 3791 3127 3844 mihi
3158 3791 3375 3847 videtur
3397 3792 3591 3847 frustra
3619 3792 3701 3847 his
3730 3794 3820 3861 qui

2254 3888 2408 3933 erant
2435 3880 2809 3950 Capharnaum
2837 3881 3001 3934 veluti
3027 3897 3092 3935 ex
3121 3897 3350 3950 persona
3395 3898 3582 3936 eorum
3623 3883 3823 3937 dixisse

2256 3970 2535 4025 Dominum
2568 3989 2580 4023 :
2618 3971 2803 4040 Utique
2828 3972 2999 4025 dicitis
3027 3973 3151 4025 mihi
3182 3973 3315 4025 hanc
3337 3972 3657 4043 parubolam.
3704 3972 3822 4027 Me-

2254 4062 2387 4130 dice,
2412 4079 2536 4115 cura
2565 4064 2797 4128 teipsum.
2827 4059 3123 4131 Oportebat
3150 4064 3311 4127 enim,
3340 4071 3397 4117 ut
3423 4063 3564 4132 quod
3606 4065 3659 4117 in
3689 4064 3822 4117 alio-

2254 4171 2371 4209 rum
2422 4154 2737 4224 corporibus
2782 4153 2984 4207 fecerat
3033 4155 3442 4209 resurrectionis
3482 4154 3817 4214 miraculum,

2252 4248 2595 4301 innotescens
2620 4245 2673 4300 in
2714 4259 2771 4299 se
2800 4245 2917 4314 ipso
2942 4244 3093 4313 juxta
3125 4245 3175 4298 id
3204 4245 3345 4314 quod
3390 4246 3552 4300 homo
3582 4261 3701 4301 esse
3741 4246 3821 4299 di-

2253 4344 2447 4403 gnatus
2474 4343 2574 4400 est,
2606 4335 2948 4404 approbaret,
2975 4335 3156 4389 multis
3183 4350 3396 4403 sperum
3437 4337 3609 4391 modis
3630 4338 3813 4405 praedi-

580 4426 797 4492 lescem,
827 4426 921 4479 tibi
958 4427 1102 4491 dico,
1138 4427 1330 4498 Surge.
1374 4438 1429 4481 et
1456 4429 1700 4496 protinus
1728 4443 1851 4482 eum
1880 4430 2149 4483 viventem
2184 4441 2227 4498 ι)
2257 4426 2526 4479 cationem
2550 4440 2701 4479 suam
2723 4426 2883 4479 etiam
2912 4426 3127 4494 propria
3159 4434 3332 4479 morte
3359 4426 3701 4481 conﬁrmans.
3724 4426 3817 4480 Vi-

580 4515 737 4567 matri
764 4516 1168 4580 iustituit,nunc
1193 4533 1299 4571 non
1325 4518 1377 4571 in
1400 4534 1563 4587 parva
1590 4534 1739 4572 mora
1763 4528 1923 4586 atque
1949 4519 2155 4575 distan-

581 4604 673 4668 tia,
698 4605 940 4673 quamvis
967 4606 1202 4661 nondum
1225 4607 1441 4676 sepulti,
1468 4615 1643 4661 tamen
1664 4607 1949 4676 sepultura:
1971 4609 2154 4676 vicini,

581 4696 690 4748 vita
712 4694 937 4751 Domino
969 4698 1293 4751 resurrectio
1315 4698 1533 4761 mortui,
1564 4698 1813 4764 equidem
1844 4698 2151 4753 miraculum

582 4785 774 4854 majus,
800 4786 892 4840 sed
920 4786 1125 4855 :equale
1159 4801 1380 4855 prorsus
1408 4786 1707 4853 imperium.
1741 4787 1781 4841 Δ
1808 4789 1930 4841 thuc
1974 4794 2229 4853 autem!"

582 4874 1011 4944 magnificentius
1044 4885 1364 4945 promuntur
1392 4877 1541 4943 signa
1579 4878 1834 4930 virtutum
1854 4919 1869 4944 ,
1900 4885 1958 4931 ut
1988 4881 2155 4947 magis

582 4982 647 5021 ac
690 4966 856 5034 magis
886 4968 1271 5035 propinquetur
1312 4967 1387 5021 illi
1422 4967 1500 5021 rei
1529 4982 1631 5021 tua
1660 4967 1869 5022 videtur
1896 4967 1963 5023 de
2008 4985 2156 5023 mor-

584 5062 794 5111 tuorum
835 5058 1231 5110 resurrectione
1277 5056 1531 5110 dubitari.
1579 5056 1883 5111 Inﬁrmatur
1928 5059 2046 5127 quis
2084 5059 2152 5115 de

580 5146 930 5201 familiaribus
956 5146 1154 5201 Christi
1183 5149 1397 5201 nomine
1424 5147 1675 5213 Lazarus,
1706 5165 1864 5218 quem
1895 5150 2153 5206 Dominus

581 5238 826 5305 quamvis
841 5239 1071 5292 amicum
1093 5237 1291 5292 idcirco
1313 5237 1518 5291 distulit
1540 5240 1775 5304 visitare,
1809 5249 1863 5294 et
1891 5241 1958 5293 ab
1981 5230 2187 5308 :egroo‘i

583 5332 729 5380 tante
757 5327 941 5395 procul
969 5327 1157 5392 abfuit,
1182 5335 1257 5390 ut,
1277 5326 1497 5383 absente
1523 5330 1651 5393 vita,
1672 5346 1816 5384 mors
1844 5329 2043 5383 aditum
2066 5346 2152 5384 re-

582 5416 801 5483 periret,
829 5426 881 5470 et
904 5434 1001 5486 per
1029 5418 1387 5472 infirmitatem
1412 5419 1553 5487 quod
1574 5436 1724 5473 suum
1752 5429 1867 5474 erat
1894 5419 2148 5473 efﬁceret.

583 5503 783 5557 Iudicat
802 5505 1075 5574 discipulis
1104 5507 1229 5573 quid
1262 5507 1313 5561 in
1340 5506 1557 5562 Galilcea
1588 5509 1885 5576 contigerat
1924 5508 2150 5573 Lazaro,

580 5604 635 5650 et
657 5594 797 5661 quod
837 5596 963 5650 illuc
1005 5597 1102 5650 sibi
1133 5599 1527 5667 properandum
1558 5609 1719 5667 esset,
1754 5609 1949 5655 uteum
1978 5600 2150 5656 susci-

582 5694 719 5741 taret
744 5700 774 5740 a
798 5686 1036 5741 mortuis.
1063 5685 1141 5739 Illi
1167 5703 1294 5743 vero
1325 5698 1543 5758 propter
1561 5688 1861 5747 Judreorum
1892 5691 2205 5745 saevitiamt'

2257 4515 2379 4570 disti
2404 4516 2636 4585 puellam
2664 4531 2833 4585 nuper
2852 4518 3031 4572 vivere
3050 4516 3399 4581 desinentem,
3422 4518 3675 4585 juvenem
3696 4533 3819 4587 quo-

2256 4620 2361 4673 que
2389 4608 2835 4676 pr0pinquantem
2863 4608 3109 4679 sepulcro
3133 4650 3148 4673 ,
3197 4621 3297 4662 nec
3325 4624 3431 4662 non
3480 4617 3535 4662 et
3564 4607 3816 4662 Lazarum

2255 4710 2395 4764 pene
2420 4696 2734 4764 resolutum,
2766 4714 2954 4753 omnes
2991 4699 3269 4767 aequaliter
3292 4699 3359 4752 ad
3388 4699 3553 4752 vitam
3580 4716 3685 4754 una
3709 4699 3817 4768 jus-

2254 4787 2405 4841 sione
2435 4787 2606 4842 vocati
2650 4797 2803 4853 sunt;
2848 4790 3039 4856 quaeris
3066 4799 3121 4843 et
3146 4805 3239 4845 eos
3265 4790 3354 4857 qui
3381 4790 3447 4844 ad
3476 4799 3703 4845 mortem
3727 4806 3816 4860 per

2257 4878 2570 4943 sanguinem
2600 4886 2655 4931 et
2681 4878 2902 4931 vulnera
2931 4889 3306 4945 pervenerunt,
3354 4896 3421 4935 ne
3450 4881 3569 4949 quis
3598 4881 3810 4935 forsitan

2258 4966 2310 5021 in
2331 4968 2435 5022 hoc
2455 4966 2695 5022 defectus
2717 4968 2805 5030 sit,
2828 4970 3114 5035 quominus
3142 4972 3309 5038 gratia
3338 4982 3529 5027 cuncta
3560 4974 3813 5028 viviﬁcan-

2246 5050 2322 5111 'tis
2344 5065 2616 5126 appareat.
2648 5055 2820 5111 Cerne
2858 5058 3019 5113 clavis
3046 5060 3256 5114 Domini
3285 5076 3474 5116 manus
3497 5078 3615 5117 esse
3646 5072 3811 5117 trans—

2257 5145 2410 5212 fixas,
2447 5160 2607 5200 cerne
2636 5145 2774 5200 latus
2797 5149 3014 5215 cuspide
3043 5150 3389 5217 perforatum,
3424 5153 3711 5209 circumfer
3736 5154 3811 5208 di-

2202 5224 2392 5302 fgitos
2421 5245 2539 5289 tuos
2573 5251 2668 5304 per
2696 5247 2977 5305 aperturas
3002 5239 3296 5305 clavorum,
3340 5243 3493 5297 mitte
3521 5259 3735 5296 manum
3765 5245 3809 5296 in

2256 5325 2443 5378 vulnus
2466 5325 2606 5393 quod
2630 5340 2694 5380 ex
2719 5327 2903 5382 lancea
2920 5338 3131 5383 constat
3151 5320 3427 5397 effectum;
3443 5333 3663 5402 conjicis
3684 5333 3811 5386 forte

2254 5426 2511 5487 quantum
2561 5417 2630 5471 ad
2681 5418 2937 5475 interiora
2983 5422 3217 5488 cuspidis
3262 5438 3486 5477 acumen
3536 5434 3806 5493 penetrare

2256 5510 2489 5579 potuerit
2518 5525 2583 5564 ex
2629 5510 2911 5567 latitudine
2939 5514 3205 5568 cicatricis
3235 5514 3379 5582 ejus;
3425 5516 3554 5571 libet
3582 5518 3807 5571 metiaris

2255 5602 2546 5668 ingressum
2568 5641 2581 5667 ,
2613 5602 2765 5671 plaga
2794 5604 2990 5657 etenim
3020 5604 3133 5674 ipsa
3163 5605 3392 5675 impulsu
3420 5608 3587 5663 virilis
3631 5623 3806 5662 manus

2255 5690 2461 5753 effecta.
2493 5701 2748 5762 quantum
2781 5694 2831 5747 in
2863 5693 3028 5748 altum
3058 5693 3414 5762 descenderit,
3443 5699 3671 5755 ostendit
3700 5700 3801 5753 cvi-
