4060 6364
216 245 367 305 393'

221 460 543 524 opportune
560 448 689 505 illud
706 447 947 517 Apostoli
967 443 1317 515 proferimus:
1337 437 1603 504 Quomodo
1616 434 1823 507 quidam

223 547 418 612 dicunt
447 544 503 597 in
533 542 676 597 vobis
704 541 826 612 quia
865 538 1169 592 resurrectio
1197 542 1514 588 mortuorum
1557 547 1662 584 non
1705 528 1827 582 est?

226 638 379 705 Quia
413 636 574 704 igitur
598 630 966 704 pronuntiatio
989 628 1165 684 omnis
1187 625 1398 681 Domini
1418 639 1544 679 vera
1561 629 1840 688 monstra--~

224 690 327 786 {In
352 690 471 799 ips;
497 690 876 782 testificatione
904 721 1192 788 factorum,
1219 719 1270 773 id
1299 718 1446 773 enim
1467 732 1576 772 non
1620 690 1909 779 tantum5/

1045 236 1221 295 LIBRI
1265 234 1349 291 DE
1389 228 1778 288 CREATlONE
1820 224 2097 281 “Oblile
2134 222 2703 280 lNTERPRETATIO.

219 364 451 427 denter.
500 356 565 414 Si
586 356 749 428 igitur
792 355 873 411 sic
911 352 1137 409 affectus
1164 350 1461 405 resurrexit
1498 362 1530 401 a
1570 343 1819 406 mortuis,
1856 346 1895 397 Α

1864 604 1911 641 ιγ

3410 224 3516 287 59η
3540 250 3556 263 η

2382 356 2383 359 γ
2470 378 2700 436 caper
2737 362 2995 437 xxvm.‘

1933 491 2083 568 Quod
2111 490 2458 568 possibilesit,
2484 494 2536 546 in
2562 496 2735 547 omnia
2765 493 3014 568 elementa
3036 494 3270 551 humanis
3286 501 3519 568 carnario

2002 562 2094 641 bus
2114 562 2373 641 resolutis,
2404 565 2588 617 iterum
2615 582 2680 618 ex
2701 567 2956 619 communi
2996 568 3260 637 proprium
3302 562 3521 641 singulis

2000 635 2272 705 integrari.

2003 746 2110 801 Sed
2139 746 2359 802 forsitan
2390 747 2456 802 ad
2495 748 2761 804 elementa
2793 753 2957 806 totius
2985 752 3168 808 mundi
3208 755 3522 826 reSpieiens,

225 820 411 877 verbo
437 818 743 918 didicimus.
774 815 868 871 58d
897 828 1064 885 ορθνθ
1087 813 1211 917 ,ίιξεο
1238 808 1581 918 ηκξηίξθδίίωξ
1602 804 1832 877 promis'
1933 837 2148 895 difficile
2173 848 2331 910 putas
2361 848 2561 896 statuat
2595 804 2835 899 nostrum

232 913 416 971 sionis
444 911 564 980 ejus
588 924 740 979 spem
770 924 868 978 per
888 923 983 963 eos
1010 905 1103 976 qui
1128 905 1241 975 jam
1262 902 1330 957 ad
1358 902 1524 956 vitam
1551 899 1620 956 de
1645 913 1830 952 resur-

229 1005 490 1066 Lectione
508 1007 775 1056 venerunt
810 1014 907 1053 nos
932 996 1209 1067 accepisse
1233 993 1552 1063 gloriamur,
1576 1003 1697 1058 quae.
1719 988 1833 1056 jam

230 1093 536 1152 incredulis
560 1092 666 1147 ulla
689 1091 991 1147 remanebit
1020 1087 1273 1144 occasio?
1307 1084 1497 1139 Nonne
1520 1080 1833 1137 renuntian-

233 1196 325 1244 tes
352 1186 436 1242 bis
471 1185 566 1256 qui
610 1198 707 1255 per
746 1181 1142 1254 philosOphiam
1192 1186 1247 1232 et
1276 1177 1515 1237 ,inanem
1564 1170 1833 1226 fallaciam

234 1275 946 1348 despicere,simplicitatem
978 1271 1099 1325 fidei
1136 1268 1458 1331 moliuntur,
1494 1262 1833 1335 purissimam

235 1369 643 1429 confessionem
673 1365 787 1437 spei
819 1373 1017 1419 nostra:
1049 1359 1401 1418 retinebimus
1424 1357 1477 1410 in
1505 1348 1703 1426 parvo,
1749 1349 1847 1403 di-t

238 1474 434 1519 centes
459 1458 529 1515 ad
561 1458 838 1529 propheta:
867 1455 1086 1510 modum
1117 1452 1304 1523 gratiae
1336 1449 1520 1519 ipsius,
1551 1460 1675 1501 cum
1704 1440 1839 1509 dicit

241 1556 316 1613 ad
346 1554 635 1611 Dominum
666 1570 681 1608 :
713 1552 933 1622 Auferes
961 1549 1202 1618 spiritum
1226 1546 1455 1616 ipsorum
1493 1550 1543 1593 et
1571 1537 1831 1608 deﬁcient,

238 1648 379 1705 etin
400 1646 654 1711 pulverem
678 1660 827 1699 suum
848 1648 1192 1702 revertentur;
1219 1638 1393 1691 emitte
1416 1632 1670 1707 Spiritum
1692 1637 1863 1698 tuum.

237 1746 293 1794 et
322 1736 667 1801 creabantur,
708 1745 758 1790 et
786 1731 1057 1788 renovabir
1086 1732 1272 1803 {aciem
1302 1736 1487 1790 teme,
1534 1720 1750 1792 quando
1775 1724 1832 1773 et
1863 1730 1912 1790 Β

238 1829 417 1888 ltetari
441 1829 723 1886 Dominum
750 1827 804 1882 in
833 1825 1091 1896 operibus
1117 1822 1230 1879 suis
1256 1819 1510 1882 affirmat,
1538 1812 1831 1885 cumdetip

239 1920 391 1977 cient
415 1924 731 1989 peceatores
759 1932 789 1971 a
817 1925 982 1970 terra.
1029 1910 1313 1981 Quomodo
1347 1908 1491 1963 enim
1532 1904 1653 1974 quis
1700 1917 1845 1979 pec-pp

240 2019 398 2069 catur
444 2010 582 2066 ultra
609 2008 937 2073 vocabitur,
987 2021 1108 2063 cum
1135 2002 1247 2075 jam
1296 2007 1517 2072 peccata
1558 2010 1678 2052 esse
1723 2008 1834 2049 non

242 2102 503 2175 possint?

803 2213 1031 2270 CAPUT
1071 2211 1281 2268 XXVII.

249 2367 405 2439 Quod
434 2384 538 2423 non
576 2369 646 2423 sit
674 2378 863 2423 contra
886 2368 942 2422 id
970 2366 1106 2438 quod
1148 2366 1327 2421 deceat
1358 2363 1664 2419 resurrectio
1694 2378 1837 2419 mor-

931 2448 1157 2493 tuorum.

1938 941 2047 988 tum
2087 933 2226 988 aeris
2268 941 2590 1000 attractnm,
2622 935 2851 990 calidum
2879 953 3094 1007 quoque
3131 948 3185 994 et
3227 940 3524 1006 humidum.

1935 1032 2098 1092 atque
2128 1032 2400 1079 terrenum
2443 1033 2639 1079 nostra:
2667 1027 2979 1091 substantiae
3006 1028 3254 1084 similiter
3294 1010 3524 1101 propriis

1866 1139 1917 1181 is
1935 1119 2178 1190 partibus
2199 1118 2521 1186 immixtum,
2549 1120 2743 1174 iterum
2764 1119 2831 1175 de
2852 1122 3122 1176 communi
3144 1124 3363 1193 singulis
3383 1125 3524 1193 quod

1936 1217 2018 1263 est
2048 1209 2323 1280 proprium
2352 1220 2514 1280 pOSse
2539 1212 2769 1265 restitui.
2801 1209 3030 1269 Proinde
3070 1221 3127 1267 tu
3153 1214 3239 1268 vel
3269 1216 3526 1286 exemplis

1937 1304 2187 1360 humanis
2235 1308 2343 1360 non
2393 1305 2598 1372 cogitas
2642 1306 2747 1362 hoc
2806 1322 3023 1378 quoque
3086 1308 3277 1365 divina:
3317 1312 3527 1368 virtutis

1940 1399 2071 1455 lines
2100 1416 2207 1457 non
2237 1412 2395 1471 posse
2424 1402 2827 1457 transcendere.
2854 1401 3040 1458 Vidisti
3069 1404 3312 1474 profecto
3335 1404 3547 1462 alicubi

1938 1494 1992 1548 in
2036 1490 2554 1549 commorationibus
2597 1494 2873 1550 hominum
2926 1510 3265 1554 communem
3312 1513 3529 1569 gregem

1870 1578 2098 1641 «(simul
2125 1585 2180 1640 in
2204 1588 2491 1641 commune
2527 1596 2836 1657 pascentem
2859 1630 2873 1654 ,
2906 1588 2999 1644 sed
3038 1606 3159 1644 cum
3189 1607 3373 1647 rursus
3402 1607 3531 1663 grex

1939 1691 2036 1746 per
2083 1690 2425 1746 possessores
2453 1676 2707 1732 dividitur
2734 1678 3011 1748 proprios,
3054 1695 3148 1735 seu
3190 1681 3531 1737 consuetudo

1937 1768 2208 1832 locorum,
2241 1782 2334 1822 seu
2375 1767 2526 1837 signa
2553 1768 2837 1838 pecoribus
2879 1769 3163 1839 imposita,
3203 1772 3348 1843 quod
3375 1789 3534 1829 suum

1936 1865 2020 1914 est
2041 1856 2275 1915 restituit
2300 1859 2555 1927 singulis:
2590 1859 2696 1915 tale
2735 1859 2861 1931 quid
2900 1868 2958 1916 et
2996 1860 3063 1915 de
3103 1863 3387 1934 temetipso
3412 1880 3534 1935 per-

1940 1958 2201 2016 tractans,
2231 1951 2453 2006 minime
2482 1952 2550 2006 ab
2579 1967 2645 2007 eo
2674 1952 2821 2022 quod
2857 1952 3015 2009 decet
3044 1955 3339 2012 aberrabis.
3370 1956 3534 2013 Dcnl-

1868 2033 2043 2113 mque
2066 2058 2187 2097 cum
2213 2043 2441 2097 naturali
2463 2044 2678 2100 vinculo
2699 2052 2859 2116 atque
2882 2046 3147 2103 charitate
3169 2048 3310 2105 circa
3340 2044 3535 2121 corpus

1939 2149 2094 2190 suum
2124 2133 2267 2204 quod
2298 2133 2616 2190 inbabitavit
2644 2137 2821 2191 anima
2848 2137 3065 2193 detenta
3084 2137 3184 2205 sit,
3217 2139 3358 2196 inest
3382 2141 3432 2196 ei
3457 2140 3525 2196 la-

1920 2235 2065 2283 ttens
2093 2228 2335 2298 qtnedam
2378 2228 2667 2300 permixtio
2698 2244 2859 2300 quam
2903 2246 3043 2287 nunc
3071 2232 3272 2288 habent
3306 2234 3535 2290 invicem
3586 2276 3593 2287 .
3638 2262 3651 2271 ν

1942 2317 2156 2374 affectio
2184 2319 2426 2390 quaedam
2474 2327 2637 2390 atque
2663 2321 2918 2391 cognitio,
2947 2323 3113 2377 veluti
3142 2339 3172 2378 a
3204 2332 3391 2379 natura
3418 2326 3537 2394 qui.

1941 2410 2168 2468 busdam
2200 2411 2365 2482 signis
2393 2411 2678 2482 impositis,
2704 2428 2803 2484 per
2825 2428 2943 2483 quae
2966 2416 3324 2471 communitas
3351 2416 3537 2472 incon-

1804 2502 1809 2505 “
1850 2484 1929 2549 ἃς
1941 2502 2059 2559 fusa
2102 2519 2426 2575 permanens
2468 2504 2804 2560 discernatur
2847 2506 3267 2577 proprietatibus
3296 2509 3536 2578 singulo-

318 2599 427 2657 Sed
473 2608 600 2655 sunt
649 2598 867 2669 quidam
909 2597 1002 2667 qui
1044 2597 1407 2651 humanarum
1445 2594 1837 2665 cogitationum

248 2693 491 2759 defectu,
538 2690 605 2746 ad
652 2704 959 2745 mensuram
989 2697 1231 2743 nostram
1260 2688 1497 2742 divinam
1539 2685 1838 2759 potentiam

1942 2612 2082 2653 rum.
2129 2595 2262 2653 Cum
2318 2596 2480 2666 igitur
2524 2597 2701 2653 anima
2737 2606 3021 2667 cognatam
3076 2607 3239 2669 atque
3268 2601 3538 2671 propriam

1943 2705 2057 2745 rem
2080 2689 2145 2744 ad
2167 2690 2513 2760 semetipsum
2534 2706 2717 2746 rursus
2737 2691 3040 2761 attraxerit,
3066 2693 3205 2762 quis,
3233 2709 3353 2758 oro,
3387 2694 3538 2751 labor

249 2783 572 2855 iudicantes,
601 2779 747 2851 quod
776 2780 877 2850 ipsi
907 2794 1101 2849 capere
1128 2788 1423 2848 nequeunt,
1453 2793 1555 2832 nec
1578 2776 1689 2831 Deo
1718 2790 1840 2830 esse
1944 2781 2124 2835 divina
2185 2782 2484 2852 praesertim
2551 2797 2661 2837 non
2730 2782 3050 2853 prohibente
3109 2793 3299 2839 natura
3365 2786 3541 2840 virtu-'

251 2874 511 2947 possibile
535 2872 878 2929 conﬁrmant.
917 2870 1219 2926 Ostendunt
1245 2870 1387 2925 enim
1412 2868 1569 2923 nobis
1597 2868 1842 2937 antiquo-
1944 2879 2086 2939 tem,
2127 2881 2186 2928 ut
2225 2888 2321 2928 sua
2363 2888 2548 2929 rursus
2594 2874 2649 2928 in
2687 2888 2748 2929 se
2790 2876 3141 2942 conveniant,
3186 2885 3241 2932 et
3284 2876 3539 2935 ineffabili

253 2985 372 3025 rum
396 2967 654 3036 reliquias
674 2971 1011 3019 mortuorum
1035 2976 1259 3034 prorsus
1280 2962 1610 3030 absumptas.
1630 2968 1687 3014 et
1706 2973 1840 3029 quas
1868 2980 1915 3019 ετ
1944 2967 2174 3038 quadam
2201 2970 2412 3021 natum
2431 2966 2785 3023 concursione
2810 2968 2875 3021 ad
2900 2969 3113 3038 propria
3156 2984 3381 3040 qumque
3410 2984 3539 3025 (σου-

194 3059 203 3067 “
254 3060 391 3129 ignis
419 3058 628 3127 redegit
670 3059 724 3113 in
753 3056 996 3122 cineres,
1044 3063 1097 3110 et
1126 3069 1289 3124 super
1318 3054 1431 3108 bmc
1473 3052 1674 3107 bestias
1720 3066 1839 3122 qua:
1868 3116 1915 3142 η
1946 3058 2211 3114 tendant?
2242 3057 2396 3126 Quod
2442 3067 2623 3114 autem
2655 3060 2844 3113 animm
2891 3067 2945 3113 et
2989 3067 3111 3129 post
3156 3060 3539 3117 resolutionem

253 3160 546 3208 vescuntur
596 3150 873 3219 carnibus,
921 3148 1045 3203 huic
1094 3146 1291 3202 rationi
1340 3143 1633 3200 admovere
1679 3157 1838 3197 mon-

254 3236 526 3315 strantur,
570 3254 625 3301 et
665 3247 871 3316 piscem
898 3242 989 3312 qui
1019 3255 1237 3297 carnem
1277 3237 1512 3294 hominis
1561 3235 1841 3305 naufragio

256 3338 532 3411 pereuntis
561 3338 615 3392 in
643 3353 799 3393 suum
846 3334 1048 3404 trajicit
1077 3349 1274 3405 corpus
1296 3374 1311 3397 ,
1365 3340 1421 3387 et
1469 3332 1614 3386 hunc
1654 3347 1842 3390 rursus

1944 3150 2097 3219 signa
2142 3151 2388 3221 quaedam
2437 3149 2882 3205 conformationis
2924 3157 3118 3205 nostrae
3153 3159 3533 3222 permaneant,

1947 3240 2183 3329 ostendit
2212 3240 2299 3296 illa
2346 3241 2638 3311 diSpntatio
2685 3257 2805 3311 qua:
2846 3240 2987 3312 apud
3028 3236 3226 3296 infcros
3258 3240 3397 3296 facta
3426 3251 3539 3309 est,

1945 3334 2162 3405 quando
2191 3333 2510 3404 corporibus
2532 3331 2642 3403 jam
2672 3333 2962 3404 sepulturae
3003 3333 3230 3400 traditis,
3261 3333 3541 3390 animabus

256 3429 503 3486 effectum
530 3430 764 3486 hominis
786 3443 990 3494 escam,
1023 3436 1186 3497 atque
1216 3426 1268 3482 in
1298 3428 1631 3495 comedentis
1672 3444 1845 3501 quan-
1872 3408 2231 3485 ifs’inharserat
2257 3428 2501 3499 quaadam
2549 3427 2737 3482 notitia
2785 3426 3111 3499 corporalis,
3160 3442 3257 3498 per
3297 3441 3458 3497 quam
3488 3436 3543 3484 et

257 3524 465 3578 titatem
498 3539 595 3594 per
620 3523 978 3592 digestionem
1009 3537 1129 3577 esse
1176 3536 1519 3586 conversum,
1568 3523 1844 3594 multaque

258 3618 360 3672 alia
390 3617 547 3675 nimis
577 3618 779 3687 inepta,
810 3626 866 3672 et
897 3616 1075 3685 magni
1108 3615 1203 3671 Dei
1235 3615 1415 3671 virtuti
1446 3624 1609 3686 atque
1633 3616 1843 3689 magni-

261 3708 487 3765 licentia:
515 3724 737 3780 prorsus
764 3708 982 3776 indigna
1010 3707 1078 3761 ad
1108 3707 1447 3762 eversionem
1477 3707 1588 3762 veri
1620 3704 1846 3776 dogma-

260 3801 323 3855 tis
351 3798 663 3871 proferunt;
698 3808 952 3869 tanquam
983 3813 1090 3853 non
1119 3798 1286 3867 possit
1315 3796 1456 3852 Deus
1481 3813 1577 3870 per
1604 3797 1720 3853 haec
1749 3812 1843 3853 ea-

1949 3522 2182 3579 Lazarns
2209 3521 2445 3592 agnosci,
2469 3534 2568 3575 nec
2588 3520 2737 3576 dives
2763 3519 2939 3591 potuit
2965 3519 3218 3589 ignorari.
3244 3518 3384 3574 Nihil
3413 3531 3542 3587 ergo

1947 3624 2100 3678 extra
2120 3620 2385 3676 rationem
2416 3625 2516 3683 est,
2549 3616 2593 3674 si
2618 3615 2870 3672 credatur
2896 3630 2962 3670 ex
2988 3613 3259 3671 communi
3298 3614 3542 3686 proprie-

1948 3721 2061 3768 tate
2090 3710 2495 3782 resurgentibns
2538 3708 2713 3764 redire
2741 3707 3093 3780 corporibus,
3125 3714 3180 3760 et
3213 3706 3450 3761 maxime
3490 3706 3543 3761 id

1949 3802 2327 3858 animadvertit
2371 3802 2461 3871 qui
2504 3809 2751 3855 naturam
2779 3797 3069 3855 studiosius
3098 3796 3421 3867 investigare
3450 3813 3544 3853 cu-

260 3894 379 3950 deln
422 3909 610 3949 rursus
651 3907 715 3947 ex
748 3881 1213 3947 cdnsummalione
1245 3890 1389 3959 quod
1433 3899 1518 3945 est
1563 3891 1842 3960 proprium
1876 3895 2105 3957 ‘tnravit.
2130 3893 2248 3949 Non
2268 3892 2411 3949 enim
2436 3906 2534 3965 per
2560 3891 2741 3948 omnia
2767 3890 2936 3946 linunt
2962 3898 3123 3959 atque
3145 3898 3544 3946 commutantur

260 3985 489 4041 hominis
517 3983 832 4040 reformare.
867 3983 974 4040 Sed
999 4002 1098 4041 nos
1129 3987 1182 4040 in
1213 3986 1364 4041 brevi
1393 3985 1636 4063 prolixos
1659 3986 1843 4041 vanis-

261 4080 404 4138 sima:
430 4076 659 4132 rationis
688 4092 874 4131 eorum
906 4078 1245 4133 succidamus
1273 4093 1555 4141 excursus,
1588 4076 1848 4133 confiten-

260 4179 342 4225 tes
372 4168 735 4224 resolutiones
764 4168 1010 4238 corporis
1038 4168 1091 4222 in
1121 4183 1185 4222 ea
1219 4167 1332 4221 fieri
1361 4183 1460 4240 pro
1489 4168 1685 4237 quibus
1715 4184 1847 4222 con-

264 4271 384 4327 stat,
412 4278 513 4318 nec
541 4261 715 4317 solum
749 4269 968 4327 terram,
990 4261 1146 4330 juxta
1177 4262 1343 4320 divini
1366 4263 1631 4318 sermonis
1660 4270 1847 4317 aucto-

1949 4000 2014 4041 ea
2067 4001 2187 4055 quae
2235 3992 2418 4039 nostra
2464 3991 2623 4050 sunt;
2694 3981 2931 4053 alioquin
2981 3979 3543 4053 incomprehensibilia

1948 4092 2171 4150 prorsus
2216 4076 2536 4142 existerent,
2586 4074 2789 4130 nullam
2841 4074 3131 4129 stationem
3168 4074 3420 4130 habentia
3448 4088 3545 4145 per

1951 4180 2221 4224 naturam.
2253 4167 2360 4223 Sed
2407 4166 2714 4235 diligentius
2762 4164 3042 4236 explorata
3072 4164 3302 4228 ratione,
3333 4165 3547 4220 videtur

1951 4278 2139 4319 eorum
2166 4276 2287 4332 qua:
2330 4262 2384 4316 in
2430 4260 2586 4316 nobis
2629 4266 2753 4313 sunt
2797 4257 2998 4327 aliquid
3035 4266 3210 4324 stare,
3242 4256 3385 4312 aliud
3414 4270 3549 4313 vero

263 4355 494 4431 ritatem,
517 4354 569 4409 in
597 4361 800 4408 terram
829 4353 1159 4422 reverti,sed
1189 4362 1245 4410 et
1266 4370 1445 4410 aerem
1470 4361 1632 4422 atque
1659 4352 1927 4421 humo-4:,
1951 4355 2253 4411 mutatione
2274 4352 2530 4409 deﬂuere.
2559 4349 2769 4422 Corpus
2789 4350 2933 4406 enim
2961 4365 3059 4421 per
3084 4349 3417 4404 incrementa
3446 4349 3543 4405 de-

264 4462 371 4501 rem
394 4461 503 4501 sua:
530 4444 813 4504 simillima:
834 4444 1067 4516 portioni
1093 4445 1395 4513 restitni,et
1417 4444 1626 4514 singula
1652 4460 1770 4514 qua:
1793 4445 1845 4500 in

265 4540 412 4595 nobis
442 4548 592 4609 sunt,
637 4540 705 4595 ad
746 4540 1116 4611 origineman
1144 4539 1415 4612 propriam
1463 4538 1840 4607 commigrare.

263 4629 465 4687 Etiicet
485 4631 795 4687 volucribus
820 4646 983 4686 carne
1011 4630 1375 4693 vescentibus,
1392 4630 1516 4685 licet
1535 4627 1660 4684 feris
1683 4643 1847 4684 carne

265 4722 599 4777 vescentibus
630 4723 919 4778 humanum
948 4736 1147 4793 corpus
1177 4718 1421 4774 tradatur
1443 4719 1495 4773 in
1519 4718 1719 4783 cibum,
1751 4717 1851 4773 cis-

227 4826 365 4884 .qne
392 4812 474 4863 his
502 4811 714 4866 casibus
742 4812 1047 4877 misceatur,
1080 4813 1207 4867 licet
1235 4810 1334 4867 sub
1356 4810 1603 4865 dentibus
1625 4809 1849 4880 piscium

270 4902 475 4969 veniat,
507 4910 563 4956 et
597 4918 694 4975 per
733 4902 908 4971 ignem
935 4904 988 4958 in
1019 4920 1246 4974 vapores
1275 4910 1619 4959 convertatur
1644 4911 1701 4957 et
1733 4902 1850 4974 pul-

270 5009 463 5058 verem,
495 4992 798 5063 ubicunque
820 4993 973 5062 juxta
996 4995 1288 5064 subiectam
1318 4995 1583 5050 rationem
1604 4995 1725 5065 quis
1745 4994 1849 5050 cir-

269 5087 571 5145 cumtnferit
599 5085 892 5150 hominem,
925 5086 1062 5139 intra
1102 5086 1248 5142 hunc
1295 5087 1549 5142 mundum
1579 5104 1701 5143 eum
1732 5102 1852 5143 esse

270 5194 487 5235 necesse
515 5178 615 5247 sit,
659 5192 820 5246 quem
862 5175 955 5231 Dei
1005 5192 1166 5232 manu
1207 5180 1469 5235 contineri
1501 5196 1603 5235 vox
1635 5180 1851 5236 instruit

271 5271 520 5327 divinitus
547 5269 824 5341 inspirata,
858 5282 980 5323 cum
1006 5266 1154 5333 dicit,
1183 5268 1309 5338 quia
1333 5270 1382 5322 in
1407 5287 1568 5325 manu
1588 5270 1704 5339 ejus
1724 5278 1852 5327 sunt
1878 5322 1881 5325 .

273 5379 451 5419 omnes
500 5362 631 5418 fines
676 5370 852 5417 terrm.
905 5359 1058 5430 Quod
1086 5361 1131 5417 si
1179 5369 1234 5414 tu
1272 5376 1376 5414 non
1407 5371 1562 5434 potes
1602 5365 1851 5431 ignorare

273 5470 385 5528 qua:
436 5464 525 5511 tuo
572 5455 752 5527 palmo
798 5454 1105 5519 contineas,
1149 5452 1386 5527 opinaris
1427 5452 1702 5509 scientiam
1732 5456 1847 5522 Dei,

273 5563 386 5619 quae
412 5556 494 5602 est
532 5555 623 5601 tua
650 5546 847 5602 virtute
881 5546 1145 5616 superior,
1175 5560 1363 5600 eorum
1403 5559 1522 5615 quae
1549 5545 1743 5602 virtute
1773 5546 1853 5601 dl-

274 5639 389 5693 vina
418 5653 577 5692 manu
604 5638 949 5695 continentur
978 5638 1029 5694 id
1058 5637 1202 5709 quod
1255 5645 1461 5694 certum
1516 5647 1598 5694 est
1636 5640 1854 5711 minime

273 5730 625 5802 perscrutari?

502 5843 775 5903 PATROL.
810 5842 1033 5905 LXVII

1954 4451 2312 4520 trim‘entaque
2339 4456 2598 4513 mutatur,
2620 4446 2786 4503 veluti
2807 4454 2985 4504 vestes
3015 4444 3271 4516 quasdam
3292 4441 3391 4517 per
3418 4454 3553 4501 πρωί

1952 4556 2031 4601 tes
2059 4544 2317 4615 quasdam
2352 4558 2411 4598 se
2461 4541 2690 4597 imluens
2739 4548 3164 4610 consequentes;
3213 4547 3322 4594 stat
3365 4548 3548 4595 autem

1950 4655 2047 4711 per
2078 4652 2267 4693 omnes
2295 4637 2392 4691 has
2436 4636 2760 4690 mutationes
2807 4634 3016 4705 species
3042 4631 3548 4701 inconverliliiliter,

1952 4735 2005 4787 in
2035 4747 2094 4787 se
2122 4731 2271 4801 signa
2302 4745 2423 4800 qua:
2466 4727 2568 4783 sibi
2595 4726 2764 4783 semel
2815 4740 2846 4781 a
2872 4735 3079 4780 natura
3116 4733 3243 4781 sunt
3287 4724 3549 4797 impressa

1955 4840 2061 4879 non
2088 4823 2370 4887 deserens,
2419 4820 2614 4890 quibus
2660 4833 2757 4891 per
2784 4816 3061 4873 universas
3087 4814 3332 4895 corporis
3373 4824 3550 4870 mula-

1955 4918 2131 4974 tiones
2158 4931 2311 4970 suam
2341 4914 2587 4970 notitiam
2613 4913 2831 4967 retinet.
2860 4909 3235 4966 Subtrabenda
3261 4917 3343 4964 est
3366 4916 3550 4964 autem

1953 5012 2078 5068 huic
2106 5010 2301 5065 rationi
2347 5009 2437 5064 illa
2494 5005 2816 5078 permutatio
2843 5019 2964 5074 quae.
3010 5002 3207 5074 speciei
3238 5001 3418 5070 aliqua
3457 5015 3550 5055 oc-

1954 5105 2175 5162 casione
2213 5100 2588 5171 conjungitur;
2636 5114 2762 5156 nam
2791 5097 2953 5153 veluti
2993 5095 3223 5149 alienam
3263 5091 3550 5162 quamdam
3586 5109 3592 5116 ·

1955 5212 2244 5271 personam
2277 5195 2573 5251 fmditatem
2615 5192 2779 5248 sumit
2826 5189 3060 5261 species,
3103 5202 3265 5259 quam
3294 5201 3393 5257 per
3435 5186 3551 5241 lan-

1956 5288 2139 5359 guoris
2166 5285 2503 5344 incommoda
2526 5285 2773 5348 sustinet,
2794 5296 2897 5350 qua
2927 5280 3137 5335 ratione
3164 5277 3395 5352 quadam
3424 5279 3552 5333 sub-

1958 5381 2088 5447 lata,
2115 5380 2254 5436 sicut
2275 5396 2306 5434 a
2332 5379 2571 5436 Naaman
2602 5376 2759 5447 Syro,
2791 5374 2878 5428 vel
2908 5372 2973 5428 ab
3000 5372 3083 5428 his
3124 5385 3261 5442 quos
3304 5370 3551 5445 Evange-

1959 5476 2031 5531 lia
2058 5474 2319 5542 referuut,
2349 5487 2534 5529 rursus
2561 5470 2771 5542 species
2784 5482 2904 5539 quae
2923 5467 3021 5523 sub
3048 5467 3297 5537 passione
3329 5468 3551 5537 latebat,

1960 5570 2014 5624 in
2043 5584 2195 5623 suam
2220 5567 2465 5621 notitiam
2494 5563 2786 5620 revertitur
2811 5560 3090 5630 sospitate.
3120 5560 3304 5628 igitur,
3325 5560 3477 5629 juxta
3501 5564 3553 5620 id

1961 5659 2105 5730 quod
2129 5658 2241 5714 Deo
2270 5666 2353 5713 est
2373 5656 2579 5719 similis,
2605 5653 2747 5708 nulla
2776 5651 3072 5708 mutatione
3099 5649 3215 5707 ﬂuit
3236 5661 3396 5722 atque
3422 5670 3551 5711 con-

1866 5794 1879 5813 ,
1910 5772 1923 5809 ὲ
1962 5750 2204 5818 vertitur,
2224 5748 2317 5805 sed
2349 5747 2447 5807 fixa
2482 5755 2779 5821 permanet,
2806 5744 3034 5815 idipsum
3058 5757 3269 5816 semper
3292 5743 3550 5818 existens,

3032 5826 3181 5897 ιδ’
