4060 6364
512 222 620 283 sos
656 208 659 211 ’
1802 220 2159 279 ntom'sws
2197 222 2518 281 manus.
3194 212 3201 219 ’
3711 226 3833 287 sco

508 337 809 396 secundum
834 350 994 407 quam
1024 335 1337 405 reformatio
1369 345 1554 393 nostra
1583 333 1820 391 divinam
1860 336 2106 391 similitu-
2136 342 2184 400 Α
2212 339 2554 409 perquiratur
2597 354 2628 393 a
2657 340 2812 397 nobis
2849 341 2992 412 quod
3041 342 3095 398 in
3124 341 3367 399 ecclesiis
3413 340 3713 415 ambigitur
3760 347 3839 404 de

511 435 689 492 dinem
719 432 987 499 continet;
1020 440 1074 485 et
1103 433 1357 501 quoniam
1387 429 1719 487 dill‘ercntias
1745 431 1944 502 speciei
1975 437 2111 484 tem-
2216 432 2409 488 animm
2436 435 2823 490 constitutione
2852 436 2937 491 vel
2960 437 3225 507 corporis.
3254 434 3582 504 Quibusdam
3610 440 3837 496 etenim

509 533 949 599 peramentorum
1000 524 1291 595 qualitates
1345 539 1464 593 qua:
1511 532 1787 579 mutantur
1837 521 2108 585 efficiunt,
2217 526 2387 581 visum
2415 535 2519 595 est,
2562 530 2654 598 qui
2686 538 2814 583 ante
2846 544 2945 583 nos
2974 528 3040 584 de
3070 529 3457 601 principatibus
3476 531 3840 603 disputantes

513 618 833 692 temperatio
860 632 993 673 vero
1042 616 1173 671 nihil
1203 614 1349 670 aliud
1389 631 1551 685 quam
1604 616 1999 673 elementorum
2027 620 2115 667 est
2165 689 2185 694 _
2215 620 2382 675 veluti
2429 621 2713 691 quamdam
2762 620 3123 691 pestilentiam
3150 621 3516 691 protulerunt,
3564 624 3717 694 quod
3778 624 3842 681 in

513 689 747 779 habitus,
779 711 1047 767 elementa
1077 717 1260 765 autem
1289 708 1515 763 dicimus
1548 723 1669 777 qua:
1697 708 1957 763 universa:
1986 689 2185 769 εσυ-ς
2216 689 2631 769 conversatione
2656 689 2889 785 propriae
2927 714 3122 767 anima:
3151 689 3279 769 ante
3320 689 3632 769 subsistant.
3663 714 3841 769 Sint-

511 804 703 861 ιιίιιοιιί
731 802 975 873 subjecta
1001 808 1150 871 sunt,
1181 815 1249 855 ex
1278 800 1473 869 quibus
1502 808 1557 855 et
1594 799 1887 853 humanum
1915 810 2115 866 corpus
2216 821 2323 875 que
2362 806 2471 862 illic
2511 814 2616 861 [am
2647 806 2866 861 malitia:
2892 821 3054 877 quam
3082 806 3295 863 viﬂmis
3336 809 3587 879 exempla
3616 823 3844 879 propo—

511 895 805 952 snbsistere
834 893 1170 965 profitemur,
1214 891 1525 947 necessario
1568 890 1778 960 species
1821 889 1985 944 veluti
2016 889 2118 942 im-

2219 899 2348 953 sita:
2369 908 2422 953 et
2444 907 2883 971 perseverantem
2907 900 3124 969 quidem
3149 902 3204 954 in
3223 900 3383 956 bonis
3404 902 3641 955 ‘animam
3666 902 3841 955 nulla

512 1003 698 1059 pressa
726 985 1005 1055 signaculo
1028 991 1311 1055 permanet
1336 979 1549 1046 animm,
1580 980 1920 1049 formamque
1942 979 2116 1048 ipsam

513 1078 864 1150 cxpressione
936 1084 1243 1145 susceptam
1306 1074 1611 1129 nullatenus
1673 1071 1905 1139 ignorat.
1963 1068 2117 1125 Unde

2218 991 2517 1061 corporalis
2540 991 2936 1060 conjunctionis
2961 992 3331 1063 experimenta
3361 994 3591 1057 sentire;
3616 995 3659 1049 si
3688 1008 3841 1050 vero

2217 1082 2347 1137 boni
2377 1083 2788 1153 participatione
2814 1082 3116 1152 deduxerit,
3143 1093 3269 1140 tunc
3289 1084 3356 1140 ad
3382 1085 3523 1141 hanc
3542 1086 3717 1140 vitam
3742 1102 3843 1141 re-

514 1180 759 1243 tetnpore
779 1168 1199 1225 resurrectionis
1242 1181 1307 1223 ea
1338 1166 1565 1237 recipiat
1592 1180 1777 1219 rursus
1805 1164 1858 1218 in
1888 1178 1966 1227 se.
1997 1175 2117 1233 (ιιιω
2140 1184 2183 1227 εί
2220 1175 2436 1238 cedere,
2466 1184 2628 1247 atque
2654 1177 2707 1230 in
2733 1192 2961 1249 corpore
2984 1176 3329 1233 commorari.
3356 1176 3461 1234 Alii
3483 1193 3613 1234 vero
3642 1177 3839 1234 tradi-

514 1263 701 1320 forma:
744 1263 845 1336 ipsi
887 1263 1269 1333 congruerint,
1311 1268 1613 1330 congruunt
1642 1269 1823 1316 autem
1852 1260 1943 1314 illa
1972 1273 2119 1328 qua:-

516 1370 729 1426 cunqne
756 1356 825 1410 ab
854 1355 1009 1410 initio
1031 1354 1232 1426 speciei
1264 1355 1559 1424 probantur
1580 1367 1700 1408 esse
1729 1353 1967 1418 inserta;
1988 1366 2117 1420 ergo

517 1449 648 1505 nihil
678 1458 832 1504 extra
862 1448 1129 1503 rationem
1179 1447 1409 1513 videtur,
1436 1461 1622 1500 rursus
1650 1461 1717 1500 ex
1751 1443 2022 1501 communi
2049 1442 2117 1498 ad

516 1540 757 1610 singulos
806 1539 985 1595 redire
1025 1537 1170 1608 quod
1218 1553 1373 1593 suum
1422 1544 1527 1592 est.
1576 1535 1779 1591 Dicitur
1826 1544 2007 1590 autem
2061 1541 2117 1590 et

2219 1273 2331 1320 tum
2362 1280 2393 1320 a
2423 1265 2607 1337 Moyse
2633 1264 2878 1321 ordinem
2909 1265 2975 1320 de
2996 1266 3308 1323 conditione
3336 1268 3571 1323 hominis
3600 1268 3841 1324 intuen-

2218 1363 2334 1425 tes,
2362 1356 2603 1413 secundo
2633 1357 2788 1423 loco,
2821 1357 2873 1411 id
2901 1365 2982 1412 est
3014 1365 3138 1428 post
3169 1374 3371 1430 corpus
3400 1360 3638 1415 animam
3662 1361 3836 1431 juxta

2220 1456 2432 1517 tempus
2457 1444 2749 1517 allirmant,
2777 1462 2898 1503 cum
2924 1447 3155 1518 primum
3178 1450 3451 1521 accipiens
3473 1450 3614 1506 Deus
3633 1451 3837 1508 limum

2220 1538 2288 1607 de
2316 1545 2459 1594 terra
2487 1537 2738 1595 formavit
2764 1539 3062 1606 hominem,
3090 1549 3145 1595 et
3168 1540 3241 1595 ita
3272 1556 3368 1612 per
3397 1541 3841 1599 insuﬂlationem

515 1600 891 1707 ὐδρέιργύριον,
940 1600 1086 1702 quo-d
1116 1638 1399 1700 argentum
1431 1629 1611 1683 vivum
1638 1627 1829 1699 vulgus
1857 1626 2112 1698 appellat,
2142 1604 2219 1689 ιζ
2219 1600 2479 1700 deinceps
2518 1630 2798 1686 animavit.
2831 1630 2943 1687 Hac
2990 1600 3170 1687 autem
3217 1600 3434 1690 ratione
3476 1638 3839 1706 praestantius

514 1726 558 1783 si
588 1741 683 1796 per
711 1740 880 1796 prona
920 1739 984 1780 ac
1026 1724 1400 1795 pulverulenta
1446 1721 1566 1778 loca
1603 1720 1855 1776 fundatur
1884 1721 1939 1775 in
1978 1720 2117 1791 pilas
2152 1723 2192 1781 Β
2219 1721 2511 1776 ostendunt
2530 1736 2728 1792 corpus
2752 1737 2871 1777 esse
2893 1738 3054 1793 quam
3099 1723 3331 1778 animam
3362 1740 3483 1796 quae
3507 1734 3590 1781 est
3617 1729 3668 1783 ei
3693 1744 3839 1784 eon-

515 1815 898 1872 minutissimas
926 1831 1024 1888 per
1049 1825 1250 1871 terram
1278 1815 1463 1882 dividi,
1496 1829 1599 1872 nec
1621 1814 1727 1871 illis
1749 1813 2120 1871 concurrenti-

516 1909 618 1974 bus
646 1907 878 1963 invicem
935 1922 1095 1979 posse
1125 1907 1358 1963 misceri.
1391 1904 1450 1962 Si
1488 1907 1609 1977 quis
1637 1916 1816 1962 autem
1844 1922 2029 1962 rursus
2064 1904 2120 1960 id

515 1999 659 2075 quod
690 1999 1058 2073 multipliciter
1084 1998 1389 2070 dispersum
1442 2007 1527 2055 est
1579 1998 1633 2052 in
1676 2015 1840 2054 unum
1887 1998 2117 2067 redigat,

518 2090 741 2165 proprio
764 2091 951 2169 generi
974 2089 1179 2147 fontem
1206 2091 1486 2161 conjungi,
1517 2090 1678 2146 nullis
1700 2091 1768 2146 ad
1788 2091 2124 2146 commixtio-

516 2197 641 2241 Item
667 2197 822 2239 suam
868 2182 1334 2253 interjectionihus
1378 2182 1670 2239 irretitum.
1698 2181 1830 2239 Tale
1876 2182 2006 2253 quid
2030 2197 2120 2237 ar-

517 2274 688 2331 bitror
757 2283 1032 2347 oportere,
1079 2284 1136 2331 et
1188 2276 1334 2332 circa
1387 2275 1837 2347 compositionem
1888 2274 2122 2332 hominis

517 2367 963 2424 animadvertere.
994 2367 1120 2424 Mox
1150 2370 1293 2425 enim
1325 2378 1381 2425 ut
1408 2385 1441 2425 a
1469 2368 1582 2425 Deo
1603 2368 1829 2426 facultas
1853 2368 2011 2425 fuerit
2036 2377 2122 2425 at—

513 2459 715 2521 tributa
733 2500 752 2530 ,
794 2460 935 2517 ultro
960 2460 1065 2517 sibi
1095 2469 1275 2532 partes
1319 2462 1526 2518 similes
1555 2462 1789 2533 propriis
1817 2462 2123 2518 miscebun-

515 2563 608 2611 tur
636 2554 913 2628 partibus,
962 2554 1080 2611 sine
1110 2554 1215 2609 ulla
1244 2553 1561 2611 difficultate
1589 2554 1707 2625 ejus
1746 2555 1839 2625 qui
1869 2564 2159 2610 naturain.

519 2645 822 2703 reformare
859 2645 1127 2719 dignatur.
1172 2644 1306 2699 Nam
1340 2654 1396 2700 et
1424 2646 1481 2699 in
1508 2645 1593 2700 his
1620 2660 1740 2715 qua:
1769 2654 2061 2703 nascuntur
2087 2659 2121 2700 ε

521 2749 666 2809 terra
693 2738 899 2795 nullum
922 2738 1163 2793 laborem
1185 2746 1392 2793 natura:
1420 2737 1808 2808 conspicimus,
1831 2754 1955 2793 cum
1983 2736 2121 2792 triti-

512 2847 664 2900 cum,
700 2832 785 2886 vel
807 2831 1058 2897 milicem,
1086 2830 1173 2886 vel
1200 2828 1330 2900 quid
1351 2829 1499 2885 aliud
1522 2830 1740 2886 seminis
1760 2828 2012 2885 frumenti
2039 2829 2123 2886 vel

517 2922 801 2995 leguminis
829 2923 883 2979 in
908 2923 1165 2991 culmum,
1188 2922 1381 2979 aristas
1402 2923 1689 2995 Spicasque
1716 2921 1984 2978 convertit
2004 2921 2121 2976 sine

511 3014 863 3083 difﬁcultate;
894 3029 1128 3085 namque
1177 3014 1319 3071 ultro
1356 3029 1663 3086 congruens
1708 3028 1831 3070 esca
1878 3012 1946 3068 de
1973 3018 2169 3071 com-34

2220 1816 2400 1877 serta,
2450 1824 2518 1865 eo
2566 1811 2713 1881 quod
2758 1818 2885 1865 ante
2932 1812 3219 1867 formatum
3275 1822 3379 1868 est.
3435 1812 3625 1871 Dicunt
3673 1816 3839 1872 enim

2221 1910 2444 1973 propter
2484 1916 2680 1973 corpus
2708 1903 2942 1958 animam
2978 1905 3209 1971 factam,
3240 1920 3311 1962 ne
3338 1908 3454 1963 sine
3480 1910 3669 1980 spiritu
3710 1909 3837 1965 for-

2221 1995 2388 2050 matio
2416 1995 2703 2050 immobilis
2735 2005 3097 2066 permaneret.
3129 1994 3302 2053 Omne
3340 2015 3472 2056 vero
3498 2001 3643 2071 quod
3691 2016 3835 2073 pro-

2222 2095 2341 2157 pter
2388 2086 2531 2140 aliud
2578 2085 2829 2153 efficitur,
2874 2088 3033 2143 vilius
3081 2098 3165 2144 est
3209 2090 3453 2161 profecto
3494 2107 3561 2147 eo
3598 2102 3835 2165 propter

2221 2178 2365 2250 quod
2421 2179 2694 2246 efﬁcitur,
2745 2181 2885 2236 sicut
2939 2179 3229 2251 Evangelia
3291 2185 3641 2254 proﬁtentur,
3697 2202 3833 2243 cum

2221 2273 2398 2326 anima
2428 2272 2542 2343 plus
2572 2282 2648 2327 est
2694 2291 2849 2345 quam
2877 2292 3013 2340 esca,
3058 2284 3109 2329 et
3137 2292 3327 2347 corpus
3366 2294 3518 2349 quam
3550 2278 3833 2333 uestimen-

2223 2370 2351 2431 tum,
2392 2362 2516 2433 quia
2546 2372 2765 2433 propter
2788 2364 2899 2418 hmo
2937 2365 3038 2420 ista
3064 2379 3320 2421 concessa
3350 2375 3508 2432 sunt;
3540 2382 3646 2422 non
3676 2368 3830 2423 enim

2220 2461 2443 2524 propter
2480 2468 2658 2508 escam
2700 2453 2839 2509 facta
2879 2464 2963 2509 est
3004 2455 3219 2525 anima,
3252 2471 3351 2513 nec
3380 2459 3833 2517 vestimentorum

2180 2534 2391 2615 {gratia
2430 2554 2642 2601 constat
2688 2560 2807 2602 esse
2835 2561 3065 2617 corpora
3093 2545 3359 2615 formata;
3406 2550 3499 2605 sed
3544 2566 3666 2606 cum
3706 2552 3831 2608 haec

2220 2636 2537 2704 existerent,
2568 2636 2657 2691 illa
2683 2646 2904 2709 propter
2926 2655 3078 2694 usum
3102 2641 3402 2697 necessaria
3432 2652 3557 2697 sunt
3583 2644 3833 2717 provisa.

2220 2729 2489 2797 Quoniam
2535 2730 2697 2801 igitur
2724 2732 2952 2787 assertio
2997 2733 3275 2802 utriusque
3316 2734 3582 2804 opinionis
3609 2736 3832 2808 vitupe-

2219 2821 2433 2879 ratione
2458 2836 2567 2877 non
2599 2829 2772 2889 caret,
2800 2830 2854 2877 et
2883 2836 3072 2878 eorum
3100 2823 3190 2893 qui
3221 2824 3368 2895 prius
3395 2825 3582 2881 vivere
3615 2828 3834 2885 animas

2221 2909 2275 2965 in
2301 2925 2400 2964 suo
2428 2909 2663 2980 quodam
2690 2917 2832 2965 statu
2864 2918 3027 2981 atque
3066 2912 3257 2967 ordine
3290 2913 3599 2984 Opinantur,
3641 2924 3699 2971 et
3725 2931 3831 2973 eo-

2220 3018 2342 3057 rum
2368 3004 2459 3072 qui
2486 3018 2579 3059 eas
2607 3010 2729 3074 post
2755 3018 2986 3074 corpora
3027 3011 3239 3059 creatas
3273 3005 3606 3074 existimant,
3635 3022 3832 3063 neces-

516 3109 668 3164 nmni
694 3107 762 3162 ad
792 3107 1207 3178 uniuscujusque
1237 3107 1627 3178 proprietatem
1651 3106 1872 3162 seminis
1901 3105 2113 3161 transit.
2145 3110 2189 3173 ρ
2220 3094 2419 3151 sarium
2466 3109 2588 3151 esse
2633 3110 2758 3150 reor
2797 3109 2861 3150 ea
2889 3110 3010 3165 qua!
3052 3095 3107 3150 in
3135 3111 3324 3151 eorum
3364 3096 3708 3166 dogmatibus
3734 3113 3833 3152 as-

513 3202 574 3257 Si
620 3201 786 3270 igitur
829 3201 1079 3256 omnibus
1123 3214 1157 3254 ε
1208 3207 1351 3255 terra
1387 3198 1719 3270 germinibus
1758 3196 2123 3254 communiter

520 3294 718 3349 humor
745 3292 1051 3362 exponitur,
1072 3298 1129 3346 et
1150 3290 1569 3361 unumquodque
1597 3305 1696 3362 per
1714 3305 1839 3346 eum
1865 3290 2122 3355 nutritur,

519 3384 752 3457 etquod
794 3385 895 3439 sibi
936 3385 1215 3460 competit,
1254 3384 1321 3438 ad
1346 3383 1565 3457 propria
1589 3383 1757 3439 trahit
1802 3390 2120 3453 augmenta,

2224 3193 2479 3240 seruntur
2534 3184 2870 3254 aliquatenus
2934 3185 3239 3257 explorare.
3296 3185 3428 3243 Nam
3482 3188 3527 3244 si
3578 3189 3832 3246 volumus

2224 3285 2576 3345 utrorumque
2601 3275 2910 3345 diligentius
2937 3277 3262 3348 invegtigare
3289 3294 3596 3347 sermones,
3626 3288 3679 3335 et
3704 3280 3832 3336 uni-

2214 3383 2410 3465 ἔρρεπε
2440 3366 2667 3439 ineptias
2698 3367 3006 3439 patefacere
3042 3385 3162 3440 quae
3198 3371 3437 3442 ipsorum
3481 3373 3831 3443 opinionkus

516 3482 648 3551 quid
667 3478 921 3535 novumsi
932 3487 985 3534 et
996 3479 1050 3534 in
1063 3479 1406 3548 reparatione
1421 3485 1616 3534 nostra:
1628 3493 1820 3549 repara
1828 3479 1986 3534 tionis
2003 3478 2120 3549 (sic)

2219 3460 2795 3532 Tprobanturtannexcc,
2827 3460 3001 3531 spatio
3031 3461 3174 3531 longi
3218 3464 3475 3534 temporis
3501 3464 3831 3532 indigemus,

522 3574 628 3629 hoc
659 3572 777 3638 liat,
819 3586 939 3625 cum
985 3587 1018 3625 a
1060 3568 1285 3639 singulis
1322 3570 1726 3639 resurgentibus
1770 3569 1826 3624 id
1855 3567 2003 3642 quod
2041 3577 2125 3625 est

520 3661 823 3735 proprium,
847 3661 984 3717 sicut
1012 3660 1067 3715 in
1095 3660 1394 3717 seminibus
1422 3660 1637 3727 accidit,
1659 3661 1994 3717 attrahatur?
2015 3659 2122 3733 lgi-

525 3762 615 3808 tur
638 3768 707 3809 ex
736 3752 985 3809 omnibus
1014 3750 1272 3826 possibile
1300 3759 1385 3807 est
1407 3751 1682 3808 addiscere
1716 3753 1850 3809 nihil
1876 3762 2028 3809 extra
2057 3768 2123 3809 ea

522 3860 646 3916 quae
675 3845 832 3901 nobis
858 3845 1193 3916 experientia
1220 3845 1337 3915 ipsa
1368 3853 1494 3901 nota
1531 3853 1656 3901 sunt
1684 3844 2122 3921 praedicationem

527 3936 942 3993 resurrectionis
967 3936 1223 3993 existere.
1253 3934 1324 3992 Et
1348 3936 1566 4008 quidem
1592 3936 1660 3992 de
1687 3937 1772 3993 his
1789 3953 1910 4009 qua:
1938 3948 2122 3997 nostra
2148 3935 2207 3997 Ψ

526 4036 684 4095 sunt,
712 4027 766 4084 id
799 4028 943 4099 quod
972 4035 1059 4083 est
1099 4029 1439 4086 notissimum
1468 4028 1683 4086 silentio
1725 4044 1866 4101 pene
1897 4031 2122 4087 transie-

526 4137 677 4191 ram,
708 4122 886 4193 ipsum
914 4119 1034 4178 dico
1061 4130 1263 4192 nostrae
1296 4118 1638 4178 formationis
1662 4121 1962 4177 exordium.
1992 4121 2124 4190 Quis

521 4217 669 4274 enim
711 4217 920 4274 nesciat
944 4216 1338 4274 miriﬁcentiam
1368 4226 1604 4286 naturas,
1653 4226 1710 4272 et
1735 4217 1863 4288 quid
1892 4217 2124 4287 accipiat

520 4316 766 4366 materna
787 4309 969 4381 vulva,
990 4310 1186 4380 quidve
1206 4308 1481 4381 perficiat?
1502 4307 1695 4365 Cernis
1715 4325 1878 4380 quam
1896 4310 2125 4379 simplex

518 4402 922 4473 quodammodo
951 4410 1037 4458 est
1063 4412 1120 4457 et
1156 4403 1411 4472 exiguum
1453 4402 1597 4471 quod
1625 4401 1923 4457 visceribus
1950 4402 2003 4457 in
2032 4400 2167 4460 oc—“i

2225 3562 2281 3629 et
2304 3552 2424 3607 ideo
2447 3552 2650 3629 paucis,
2679 3554 2816 3608 sicut
2835 3561 2917 3608 est
2937 3553 3213 3624 possibile,
3242 3569 3303 3609 ea
3334 3570 3452 3625 qna:
3478 3555 3545 3609 ab
3574 3555 3653 3611 eis
3680 3555 3831 3610 dicta

2226 3652 2353 3719 sunt
2382 3628 2673 3710 intuentes,
2698 3658 2760 3697 ea
2782 3643 3027 3699 refellere
3056 3660 3163 3699 non
3188 3660 3478 3700 moremur.
3506 3644 3608 3713 Qui
3637 3646 3831 3718 prima:

2227 3734 2547 3811 professioni
2600 3734 2956 3806 patrocinium
3005 3744 3297 3806 prmstant,
3355 3746 3412 3792 et
3464 3737 3829 3807 antiquiorem

2226 3830 2527 3885 animarum
2564 3829 3031 3884 conversationem
3070 3838 3292 3899 propter
3332 3830 3470 3885 hanc
3506 3830 3670 3884 vitam
3702 3844 3827 3885 coro

2227 3924 2374 3999 poris
2411 3930 2691 3990 asserunt,
2719 3937 2827 3976 non
2856 3920 2988 3976 mihi
3016 3921 3265 3976 videntur
3292 3922 3569 3992 gentilium
3596 3922 3826 3992 dogma-

2227 4025 2339 4072 tum
2364 4016 2639 4072 erroribus
2661 4030 2869 4086 carere,
2893 4016 2983 4088 qui
3015 4015 3179 4071 multa
3203 4015 3269 4071 de
3294 4016 3592 4070 animarum
3624 4016 3676 4069 in
3704 4030 3826 4071 cor-

2226 4124 2360 4183 pora
2411 4107 2883 4164 transformatione
2931 4106 3173 4164 fabulosa
3232 4107 3524 4162 tinxerunt.
3578 4104 3729 4173 Quos
3780 4104 3826 4163 si

2226 4202 2347 4271 quis
2385 4200 2672 4271 diligenter
2712 4199 3009 4266 examinet,
3039 4199 3105 4253 ad
3137 4199 3241 4254 hoc
3270 4198 3594 4255 assertiones
3633 4212 3824 4253 eorum

2228 4292 2448 4367 perduci
2493 4292 2607 4364 ipsa
2657 4290 2980 4347 necessitate
3022 4288 3409 4359 deprehendet.
3443 4287 3597 4356 Quod
3641 4295 3823 4342 autem

2224 4372 2514 4456 quemdam
2545 4383 2792 4439 retulisse
2818 4383 2911 4451 qui
2954 4381 3097 4452 apud
3140 4397 3236 4438 eos
3261 4381 3476 4453 sapiens
3503 4394 3622 4435 esse
3662 4389 3822 4451 puta-

525 4471 800 4561 casionem
846 4492 1245 4550 constitutionis
1290 4493 1462 4548 nostri
1509 4492 1758 4563 corporis
1800 4492 2117 4562 deponitur;
2152 4510 2197 4571 ι)
2229 4479 2408 4538 υίιιυτν
2454 4475 2598 4545 (μιοά
2622 4475 2806 4571 λεὶ-νῖν
2834 4474 3076 4571 fuerit“
3106 4471 3336 4571 ἷέιηίιιίι)
3364 4472 3557 4571 deiide
3587 4472 3639 4526 ίη
3669 4471 3825 4571 imi"-

523 4590 843 4667 varietatem
871 4603 1002 4644 vero
1030 4586 1282 4659 perfecta:
1307 4586 1623 4643 substantia:
1645 4586 1765 4655 quis
1791 4587 1993 4657 poterit
2020 4602 2116 4644 ex-

521 4681 727 4753 plicare
753 4680 1038 4736 sermone?
1084 4678 1216 4745 Quis
1241 4685 1425 4733 autem
1453 4685 1658 4733 natura:
1686 4680 1994 4734 communis
2018 4680 2119 4735 hu-

521 4772 817 4841 juscemodi
840 4786 980 4844 opus
1001 4786 1120 4828 esse
1149 4784 1514 4841 (agnoscens,
1548 4787 1655 4827 non
1685 4773 1941 4844 possibile
1962 4782 2118 4843 putet

521 4971 661 5035 pene
688 4969 789 5027 pro
828 4954 998 5011 nihilo
1020 4954 1255 5022 ducitur,
1285 4953 1447 5023 hujus
1488 4960 1653 5009 tanta:
1681 4956 1761 5010 rei
1791 4955 2115 5027 principium

519 5063 641 5105 csse
660 5055 936 5123 noscatur,
968 5059 1218 5116 magnum
1240 5053 1423 5101 autem
1444 5046 1568 5102 dico
1590 5062 1695 5102 non
1719 5047 1894 5103 soluat
1916 5048 1981 5101 ad
2010 5046 2118 5101 for-

521 5143 817 5198 mationem
869 5138 1168 5211 respiciens
1216 5138 1490 5211 corporis,
1536 5139 1633 5196 sed
1684 5140 1834 5212 prius
1881 5140 2115 5195 animam

522 5240 935 5309 ipsamprorsus
957 5234 1314 5291 admiratione
1336 5234 1549 5306 dignam
1579 5249 1700 5291 esse
1722 5234 2036 5306 pronuntio,
2063 5238 2118 5288 et
2160 5302 2173 5309 α
2204 5286 2221 5293 ,

2144 5302 2197 5361 Ξῖ-
2226 5309 2331 5369 est,
2361 5300 2504 5371 quod
2533 5309 2659 5355 ante
2686 5301 2979 5357 subsistere
3009 5301 3215 5356 animas
3240 5301 3585 5356 arbitrantur.
3610 5297 3819 5355 Conse-

520 5344 584 5391 ea
613 5344 735 5399 qua:
757 5327 898 5385 circa
927 5327 1095 5397 ipsam
1124 5335 1365 5383 mentem
1392 5335 1707 5383 cernuntur.

1084 5438 1312 5497 CAPUT
1349 5436 1542 5495 XXIX.

518 5530 715 5590 Contra
741 5546 831 5588 eos
848 5531 932 5603 qui
952 5529 1128 5586 dicunt
1151 5539 1357 5587 exstare
1383 5530 1588 5583 animus
1610 5536 1733 5603 ante
1754 5544 1973 5603 corpora
1997 5544 2115 5594 sua,

589 5603 667 5659 rel
693 5601 983 5659 econtrario
1010 5613 1130 5655 ante
1155 5604 1360 5671 animas
1387 5614 1616 5671 corpora
1638 5602 1884 5669 formari,
1931 5601 1984 5654 in
2015 5616 2115 5671 quo

590 5673 829 5747 quaedam
857 5672 1093 5745 fabulosa
1123 5673 1298 5745 opinio
1326 5669 1389 5723 de
1417 5667 1709 5724 animabus.

596 5766 733 5823 Puto
762 5780 991 5835 namque
1018 5774 1167 5819 extra
1216 5763 1549 5835 propositum
1597 5778 1715 5820 esse
1758 5766 2031 5837 negotium
2063 5774 2116 5819 ut

2227 4585 2345 4626 cres
2366 4568 2692 4635 evolaverit;
2714 4568 2951 4637 itemque
2972 4568 3112 4623 idem
3143 4567 3407 4622 interdum
3429 4564 3744 4628 eflloruerit,
3768 4571 3822 4619 et

2224 4662 2290 4717 ad
2328 4671 2659 4732 postremum
2689 4660 2855 4714 vitam
2885 4660 2953 4714 sit
3003 4660 3058 4715 in
3105 4660 3387 4715 humorem
3424 4659 3676 4727 sortitus,
3722 4673 3822 4713 nec

2223 4753 2413 4824 procul
2452 4752 2615 4808 distat
2658 4767 2688 4806 a
2720 4766 2872 4817 vero,
2920 4760 2976 4807 et
3003 4752 3218 4823 quidem
3244 4750 3395 4820 juxta
3419 4750 3677 4821 judicium
3704 4748 3822 4819 ejus

521 4840 643 4922 “se
680 4863 828 4935 quod
850 4840 1093 4933 εει-ειπερ
1130 4840 1286 4930 ρηρά
1324 4862 1370 4919 εί
1418 4861 1550 4917 illud
1592 4840 1842 4934 par—vum,
1872 4872 1930 4919 οι
1963 4840 2197 4936 hum;
2223 4860 2383 4916 quem
2417 4845 2542 4899 talia
2582 4843 2827 4915 proferre
2854 4843 3199 4936 nonpuduit.
3224 4843 3363 4899 Vere
3407 4840 3851 4936 namquerana-'

2223 4951 2342 4990 rum
2386 4951 2781 5005 corvorumque
2809 4935 3212 5004 garrulitatibus
3256 4944 3311 4989 et
3356 4933 3822 4990 irrationabilitato

2227 5027 2474 5097 piscium,
2503 5034 2557 5082 et
2587 5026 2843 5081 arborum
2867 5027 3277 5082 insensibilitate
3306 5026 3464 5095 digna
3494 5024 3608 5081 hmc
3631 5038 3819 5080 eormn

2224 5116 2476 5186 dogmata
2518 5118 2956 5189 comprobantur,
2988 5132 3108 5188 qua:
3140 5133 3298 5172 unam
3328 5118 3559 5172 animam
3605 5132 3702 5188 per
3742 5123 3821 5169 tot

2225 5223 2313 5264 res
2340 5210 2666 5279 pertransire
2694 5209 3036 5265 confirmant.
3081 5208 3301 5281 ineptiae
3331 5208 3485 5279 huius
3515 5209 3629 5264 haec
3656 5220 3819 5262 causa

2226 5401 2455 5464 quenter
2490 5393 2632 5447 enim
2677 5393 2991 5465 principium
3034 5393 3300 5463 dogmatis
3341 5408 3528 5449 eorum
3573 5393 3625 5446 in
3668 5397 3821 5445 ante-

2224 5491 2368 5544 riora
2401 5487 2626 5544 tendens
2653 5502 2718 5542 ac
2747 5502 3099 5558 promovens,
3132 5502 3304 5556 usque
3333 5485 3401 5541 ad
3430 5486 3545 5544 lucc
3578 5492 3818 5539 monstra

2225 5581 2511 5638 delabitur.
2544 5580 2600 5635 Si
2640 5580 2782 5636 enim
2826 5589 3045 5651 propter
3088 5578 3351 5633 malitiam
3394 5580 3625 5647 aliquam
3671 5593 3701 5631 a
3731 5591 3820 5630 su-

2226 5675 2472 5729 blimiore
2500 5681 2643 5729 statu
2668 5672 2923 5728 decidens
2949 5671 3146 5736 anima,
3180 5671 3318 5725 sicut
3340 5679 3614 5730 asserunt.
3646 5669 3815 5723 cilici-

2186 5762 2197 5809 ἒ
2230 5775 2315 5820 tur
2344 5766 2537 5829 boum,
2570 5764 2815 5818 vitiosior
2844 5770 3021 5815 autem
3070 5760 3313 5830 profecto
3357 5769 3437 5817 est
3480 5754 3818 5816 coaversatio
