4060 6364
172 271 283 329 397

171 386 480 460 corporalis
506 399 667 457 quam
710 384 801 440 illa
826 379 1235 447 intellectualis,
1284 374 1580 433 necessitas
1608 370 1784 429 onmis
1815 371 1859 425 Α

171 486 283 549 est,
314 494 435 535 eant
464 479 521 534 in
550 476 643 534 tali
665 475 773 532 vita
800 475 1061 548 positam,
1104 472 1158 528 in
1187 487 1293 542 qua
1319 470 1503 541 plures
1532 467 1777 524 occasio-

174 586 277 628 nes
305 569 567 642 peccandi
588 570 777 625 deesse
801 583 907 623 non
939 565 1163 638 possint,
1193 562 1537 635 amplioribus
1558 559 1781 614 malitiis

172 663 357 731 allici,
380 672 438 719 et
461 661 793 717 vitiosiorem
825 674 986 728 quam
1012 666 1172 714 antea
1201 652 1481 713 declarari.
1522 650 1780 705 Humana:

173 771 312 812 vero
342 755 536 810 anima:
555 753 835 819 vitiositas,
863 750 1243 807 irrationabilis
1263 747 1341 803 rei
1360 743 1654 802 similitudo
1675 730 1845 810 est,§

174 850 270 907 cui
312 846 649 903 familiariter
699 845 953 916 adjuncta
1014 844 1069 899 in
1124 854 1368 898 naturam
1415 838 1781 909 jumentorum

176 940 589 1011 quodammodo
617 938 826 994 recidit.
860 935 1039 995 Semel
1069 934 1211 989 enim
1236 947 1334 1004 per
1360 929 1617 986 malitiam
1658 941 1784 998 pro-

178 1050 387 1108 perans
414 1035 577 1090 etiam
617 1049 738 1089 cum
780 1028 1164 1120 irralim'abm?
1206 1021 1626 1120 cnbc'aumcrit'
1669 1030 1789 1075 ΜΨ
1887 1060 2100 1109 constet
2140 1021 2381 1106 alterius:
2421 1049 2485 1104 Et
2515 1050 2567 1105 in
2597 1047 2882 1120 prtcsentia
2911 1021 3140 1117 quidem
3157 1026 3349 1102 divina:
3381 1040 3491 1103 virs

181 1144 352 1201 quam
380 1143 411 1183 a
438 1127 701 1197 majortuu
729 1123 1099 1197 propositione
1127 1118 1360 1176 desistit.
1392 1115 1517 1213 lilali
1892 1144 2020 1198 tuus
2055 1142 2212 1213 juxta
2254 1142 2519 1196 rationem
2570 1115 2730 1210 p‘aulo
2776 1146 2902 1193 ante
2930 1115 3233 1206 'digesmm,
3274 1151 3493 1192 omnem

182 1221 353 1277 statio
381 1220 594 1275 virtutis
633 1228 717 1274 est
756 1218 987 1281 initium,
1010 1215 1184 1269 virtus
1207 1221 1387 1307 autem
1412 1206 1841 1307 irrationa-bilt-io
1889 1206 2278 1307 plenil'udincm
2334 1206 2586 1288 humana;
2639 1226 2963 1285 conditionis
3018 1235 3144 1284 ante
3201 1228 3496 1283 subsismm

182 1313 292 1370 bus
315 1313 460 1367 nulla
491 1319 592 1367 est.
619 1310 846 1380 Semper
875 1309 1036 1378 igitur
1060 1308 1113 1361 in
1145 1303 1298 1376 pejus
1329 1304 1442 1373 ipsa
1468 1299 1790 1355 necessitate

186 1403 505 1467 mutabitur,
542 1402 593 1456 in
625 1401 677 1457 id
717 1400 860 1471 quod
891 1409 973 1455 est
1009 1397 1246 1453 deterius
1270 1393 1639 1465 abjectiusquc
1667 1405 1795 1462 per-
1894 1393 2048 1481 hic“,
2078 1429 2238 1471 nosse
2266 1414 2553 1469 Dominum
2584 1412 2765 1467 omnia
2797 1419 3087 1480 antequam
3120 1408 3268 1463 nam.
3298 1406 3356 1464 In
3385 1410 3500 1465 si".

189 1497 413 1564 ﬁdem,
462 1502 517 1552 εί
564 1496 631 1549 ad
674 1495 777 1550 hoc
808 1493 950 1565 (ιυοδ
981 1500 1282 1548 “mimum
1331 1496 1414 1544 εει
1463 1486 1577 1557 iugi
1610 1494 1791 1540 mum"
1894 1508 2142 1578 gulorum
2172 1522 2303 1562 vero
2342 1502 2769 1561 conformatione
2798 1503 3117 1557 alterutrum
3160 1518 3267 1557 non
3309 1499 3501 1572 przefeo

190 1589 345 1645 tione
374 1586 720 1659 pertendens.
746 1585 898 1640 Sicut
936 1593 1118 1640 autem
1156 1581 1487 1640 transcendit
1514 1578 1795 1636 rationalis
1844 1652 1871 1677 Ι
1895 1600 2065 1657 rimus
2084 1597 2259 1665 alter],
2293 1613 2393 1653 nec
2418 1605 2543 1651 ante
2571 1609 2768 1665 corpus
2790 1595 3046 1661 animam,
3070 1608 3169 1648 nec
3193 1591 3499 1647 cccmmrio

190 1690 389 1736 natura
416 1677 755 1746 scnsibilem,
785 1678 861 1732 sic
888 1677 956 1731 ab
986 1676 1087 1732 hac
1130 1675 1195 1729 ad
1242 1672 1607 1729 insensibilem
1636 1672 1865 1757 casusi‘
1897 1693 2148 1757 dicimus,
2180 1706 2249 1746 ne
2277 1688 2482 1744 divisus
2504 1689 2666 1743 homo
2682 1686 2839 1757 juxta
2862 1684 3220 1742 dmemmiam
3244 1683 3503 1755 temporis

992 266 1168 321 LIBRI
1211 262 1295 320 DF.
1338 258 1728 320 CllEATIONE
1767 257 2048 315 ιῐολιιλἹε
2088 254 2658 312 ΙΝΤΕΠΡΒΕΤΑΤΙΟ.

2470 363 2697 421 CRPUT
2738 361 2904 418 XXX.

1878 484 2108 537 Asscrtio
2139 480 2278 552 quod
2306 496 2408 552 una
2441 479 2719 549 eademqu
2763 480 2953 552 animo:
2978 484 3026 530 et
3067 474 3295 546 corporis
3324 490 3483 530 causa

2302 550 2615 606 Subsistendi
2643 566 2754 603 esse
2784 550 3033 603 videnlur.

3373 250 3481 308 598

1924 746 1927 749 λ
1954 688 2063 743 Sed
2105 704 2226 742 eum
2258 685 2327 741 sit
2361 701 2496 739 unus
2529 683 2710 749 homo,
2752 684 2841 752 qui
2872 699 2937 738 ex
2981 681 3156 737 anima
3187 688 3401 738 constat
3430 691 3487 735 et

1885 791 2145 850 corpore,
2175 794 2338 832 unum
2382 776 2430 833 ei
2472 785 2526 831 et
2550 789 2834 829 commune
2874 773 3002 828 dare
3030 780 3244 843 oportet
3271 772 3488 827 inrtitu-

1886 875 2049 928 tionis
2078 872 2357 927 exordium
2377 912 2391 939 ,
2437 885 2503 924 ne
2534 869 2633 925 sibi
2683 869 2798 941 ipse
2845 868 3083 923 anterior
3110 867 3487 939 posteriorque

1887 964 2152 1027 videatur,
2182 972 2240 1018 ut
2266 961 2511 1033 corporis
2534 963 2585 1017 in
2607 976 2672 1016 eo
2696 957 2932 1015 conditio
2953 960 3144 1037 prima,
3175 958 3488 1029 etsecunda

1892 1325 2227 1396 profitemur,
2260 1319 2583 1379 testiﬁcante
2629 1320 2866 1377 nobisin
2908 1321 3012 1376 hoc
3058 1312 3352 1391 propheta,
3403 1316 3497 1389 qui

190 1780 301 1829 est.
324 1771 430 1827 Sed
456 1771 713 1826 hactenus
734 1784 922 1824 eorum
948 1782 1126 1823 sermo
1149 1763 1465 1838 procedens,
1493 1762 1618 1817 licet
1637 1767 1790 1815 extra
1825 1748 1869 1808 Β

192 1864 484 1920 veritatem
526 1860 746 1923 feratur,
797 1870 975 1914 tamen
1020 1857 1251 1928 quadam
1301 1850 1687 1921 consequentia
1728 1864 1795 1905 ex

195 1954 399 2027 ineptis
428 1955 606 2025 inepta
633 1951 1003 2020 consequitur.
1026 1949 1162 2004 llinc
1184 1947 1348 2003 etiam
1376 1960 1476 2016 per
1503 1944 1798 2010 incongrua

197 2058 257 2106 et
285 2048 635 2122 impossibilia
657 2044 955 2101 fabulosum
984 2043 1063 2100 eis
1100 2041 1293 2111 dogma
1317 2045 1624 2108 generatur,
1657 2042 1800 2104 quou

1897 1785 1951 1839 in
1980 1783 2272 1854 semetipso
2301 1780 2560 1836 discedat.
2604 1777 2738 1832 Nam
2777 1794 2900 1833 eum
2937 1777 3136 1848 duplex
3173 1776 3503 1845 intelligatur
3544 1772 3557 1791 "

1898 1885 2080 1932 nostra
2106 1883 2298 1929 natura
2328 1870 2623 1929 secundum
2652 1869 2954 1924 doctrinam
2984 1868 3247 1939 Apostoli,
3280 1864 3505 1921 visibilis

1900 1968 2107 2023 scilicet
2126 1965 2361 2022 hominis
2390 1977 2444 2020 et
2473 1962 2707 2025 latentis,
2741 1961 2784 2015 si
2814 1959 2955 2016 aliud
2976 1960 3191 2031 quidem
3222 1968 3348 2013 ante
3378 1960 3503 2012 sub-

1900 2061 2078 2122 sistat,
2112 2056 2255 2112 aliud
2284 2064 2466 2113 antem
2495 2062 2619 2126 post
2646 2053 3010 2124 superveniat,
3044 2047 3355 2122 imperfecta
3385 2047 3507 2121 qui.

200 2141 403 2197 anima:
430 2144 828 2210 consequenter
853 2132 1224 2191 omnimodum
1250 2131 1584 2187 demonstret
1612 2120 1882 2182 interi-1:5
1904 2149 2027 2205 dem
2055 2120 2228 2204 ﬁnus
2258 2120 2527 2203 videbim'l.
2552 2120 2869 2206 compluris,
2900 2158 3020 2214 qua,
3043 2120 3151 2198 Πολι
3173 2142 3329 2197 simul
3360 2120 3510 2197 uim-
3567 2180 3576 2187 ,

200 2245 341 2291 tum.
366 2236 495 2304 Qum
517 2234 660 2290 enim
682 2231 851 2289 semel
872 2247 902 2285 a
925 2229 1141 2287 sublimi
1161 2226 1576 2285 conversatione
1597 2219 1804 2287 deﬂuit,

204 2331 266 2386 in
296 2329 440 2384 nulla
471 2341 724 2383 mensura
754 2325 974 2380 malitia:
997 2333 1143 2380 stare
1165 2321 1278 2393 jam
1306 2318 1525 2391 poterit,
1556 2314 1653 2372 sed
1680 2329 1806 2387 pas-

205 2424 419 2487 sionum
450 2419 825 2476 alTectionibus
868 2416 1077 2473 irretita
1098 2462 1111 2483 ,
1144 2431 1177 2470 a
1202 2411 1453 2470 rationali
1483 2407 1701 2481 quidem
1741 2404 1812 2460 ad

207 2512 523 2570 irrationale
552 2512 769 2576 transit,
802 2510 870 2566 ab
911 2525 979 2566 eo
1003 2522 1222 2577 quoque
1243 2508 1296 2562 in
1322 2503 1551 2573 virgulta
1578 2497 1811 2556 insensi-

1904 2240 2067 2312 bique
2096 2239 2365 2303 sulllciat,
2396 2237 2492 2294 sed
2522 2237 2694 2294 diviso
2723 2250 2889 2307 opere
2918 2250 3162 2290 seorsum
3192 2234 3244 2289 in
3275 2233 3511 2304 singulo.

1908 2351 2027 2390 rum
2058 2331 2436 2389 medietatibus
2456 2338 2769 2403 occupetur.
2803 2328 3266 2397 Quemadmodhm
3299 2343 3427 2384 vero
3458 2326 3509 2381 in

1912 2427 2091 2484 tritico
2120 2433 2215 2481 aut
2259 2426 2313 2481 in
2343 2426 2451 2480 alio
2479 2423 2722 2494 quolibet
2768 2422 2975 2477 semine
3003 2429 3249 2477 cunctam
3278 2420 3513 2491 speciem

1910 2522 2062 2593 spica
2091 2520 2335 2575 videmus
2373 2517 2603 2591 quadam
2630 2516 2871 2588 potentia
2901 2516 3345 2587 comprehensam
3364 2550 3379 2579 ,
3411 2515 3517 2570 hcc

209 2607 340 2662 bilia
371 2604 785 2660 transferentur.
813 2601 1130 2659 lnsensibile
1161 2613 1290 2654 vero
1321 2604 1377 2651 et
1403 2594 1651 2652 exanime
1678 2580 1883 2662 qua-13
1916 2580 1997 2669 e'sl
2023 2611 2227 2675 fenum,
2264 2580 2544 2677 culu'sum’
2578 2580 2911 2675 ίηὶεηιοάίθ,
2944 2580 3153 2663 ηεέηοη
3179 2604 3407 2662 fructum
3430 2617 3517 2661 ab

209 2699 337 2754 dam
371 2698 581 2753 ratione
610 2697 787 2751 vicina
817 2703 970 2764 sunt,
1000 2693 1249 2750 exanime
1280 2699 1460 2747 autem
1489 2686 1735 2756 sequitur
1762 2682 1816 2738 id

208 2779 497 2861 quodnon
543 2799 645 2847 est.
692 2789 770 2845 lta
804 2805 1025 2863 prorsus
1052 2788 1154 2842 hac
1179 2800 1367 2842 eorum
1408 2777 1813 2841 conseculione,

210 2884 282 2939 ad
305 2883 357 2939 id
387 2884 531 2957 quod
561 2900 669 2939 non
715 2884 942 2957 existet,
990 2881 1169 2936 anima
1197 2877 1517 2940 resolvetur,
1556 2874 1683 2943 quia
1720 2871 1821 2925 im-

211 2975 487 3047 possibilis
515 2982 633 3031 erat
661 2974 713 3029 ei
758 2989 856 3045 per
882 2971 1262 3029 necessitatem
1290 2966 1361 3023 ad
1391 2966 1616 3021 meliora
1649 2970 1823 3017 trans-

1918 2718 2024 2777 que
2051 2702 2266 2770 aristas,
2298 2709 2353 2757 et
2375 2700 2506 2755 nihil
2536 2716 2722 2755 eorum
2751 2707 2874 2754 ante
2902 2699 3194 2754 subsistere
3225 2700 3278 2753 in
3316 2705 3519 2753 natura:

1920 2794 2164 2860 ratione,
2192 2802 2285 2847 aut
2322 2799 2444 2863 post
2478 2790 2723 2846 accidere
2764 2790 3018 2857 dicimus,
3050 2791 3145 2845 sed
3173 2790 3387 2847 insitam
3411 2790 3519 2844 vim

1922 2885 2114 2944 semini
2150 2885 2383 2955 quodam
2410 2884 2639 2939 naturali
2670 2883 2851 2949 omine
2889 2883 3185 2952 declarari,
3219 2899 3320 2939 nec
3360 2884 3520 2938 aliam

1926 2980 1977 3037 ei
2000 2978 2345 3051 superinduci
2373 2985 2621 3033 naturam
2654 2994 2667 3029 :
2696 2974 2849 3046 juxta
2878 2976 3019 3037 hanc
3045 2976 3313 3033 rationem
3342 2985 3398 3033 et
3424 2956 3522 3032 hu;

213 3082 432 3138 gressus
461 3085 474 3120 :
507 3066 602 3124 sed
650 3065 794 3121 enim
823 3062 1092 3121 seducunt
1121 3062 1356 3116 animam
1386 3073 1455 3113 ex
1492 3053 1726 3111 dumetis
1754 3049 1845 3111 ad.

1929 3070 2075 3126 mani
2114 3083 2331 3125 causam
2373 3066 2591 3123 seminis
2636 3067 2922 3139 opinamur
2964 3067 3232 3134 existere,
3281 3068 3426 3140 quod
3472 3070 3524 3125 in

214 3158 528 3226 hominem;
560 3172 688 3228 ergo
713 3155 1143 3228 Pmsmmiomm
1173 3153 1338 3209 Vitam
1366 3163 1488 3221 Qui“
1514 3148 1567 3203 in
1594 3143 1825 3204 dumetis
1852 3124 1900 3190 ο
1932 3164 2103 3235 prima
2140 3159 2541 3218 constitutionis
2578 3159 2865 3218 occasione
2906 3168 3080 3225 satum
3123 3124 3340 3232 quidet-ii
3369 3161 3526 3221 simul

215 3259 301 3306 est
331 3249 554 3305 modum
600 3247 1030 3305 conversationis
1073 3245 1407 3317 incorporea:
1454 3256 1552 3315 per
1592 3239 1695 3295 ista
1732 3237 1829 3293 de-

220 3350 550 3399 monstrant.
582 3342 868 3399 05tensum
910 3348 994 3397 est
1045 3352 1313 3409 namque,
1355 3334 1503 3407 quod
1540 3346 1827 3403 processus

223 3438 421 3494 anima:
450 3436 671 3491 nitentis
702 3434 769 3491 ad
800 3433 963 3503 mala,
994 3438 1392 3501 consequenter
1417 3425 1737 3484 devolvatur
1763 3422 1830 3479 ad

224 3529 438 3596 infima,
471 3527 802 3599 infcriorquc
829 3528 899 3583 sit
940 3526 1203 3582 exanimis
1232 3531 1424 3579 natura
1453 3536 1615 3592 quam
1646 3518 1830 3574 iusen--
1870 3524 1921 3567 εκ

224 3622 417 3685 sibilis,
441 3622 505 3677 ad
524 3636 685 3692 quant
707 3620 1106 3676 extremitatem
1123 3616 1331 3672 initium
1355 3613 1620 3685 dogmatis
1642 3625 1831 3666 eorum

226 3715 469 3770 animam
500 3722 897 3784 consequenter
924 3712 1163 3767 adducit.
1196 3707 1302 3764 Sed
1333 3708 1459 3778 quia
1492 3707 1595 3761 hoc
1629 3703 1705 3759 illi
1736 3717 1833 3756 no-

228 3808 366 3876 lunt,
392 3817 485 3864 aut
508 3808 646 3864 intra
672 3806 945 3864 sensibilis
971 3802 1299 3862 concludunt
1318 3801 1579 3864 animam,
1610 3811 1835 3853 necesse

229 3894 343 3970 est,
375 3913 472 3957 aut
498 3902 543 3958 si
571 3901 699 3957 hinc
741 3915 807 3956 ea
848 3913 1035 3954 rursus
1080 3895 1148 3951 ad
1196 3895 1488 3949 humanum
1536 3889 1834 3944 reducunt,

231 3995 538 4059 meliorem,
566 3994 705 4049 sicut
732 3992 935 4048 dictum
964 3998 1081 4055 est,
1104 3988 1337 4057 ligneam
1367 3985 1531 4039 vitam
1562 3982 1747 4053 primae
1773 3977 1838 4033 il-
1868 4022 1875 4039 Γ

232 4090 338 4148 lius
367 4086 717 4145 institutionis
768 4082 1012 4148 ostendi,
1053 4077 1491 4151 quandoquidem
1539 4072 1734 4130 exinde
1771 4071 1838 4127 ad

236 4166 663 4240 malitiamfacta
692 4179 848 4235 ruina
878 4177 967 4233 sit.
992 4172 1130 4229 llinc
1158 4179 1339 4227 autem
1367 4167 1434 4224 ad
1458 4166 1711 4221 virtutem
1742 4160 1839 4216 tri-

239 4277 508 4332 buebatur
528 4287 806 4328 excursus.
837 4267 1000 4339 igitur
1028 4266 1145 4323 siue
1172 4261 1349 4335 capite
1378 4268 1432 4316 et
1454 4258 1571 4315 sine
1600 4254 1706 4311 ﬁne
1724 4254 1840 4309 lucc

238 4366 468 4424 assertio
497 4379 618 4422 esse
645 4361 1002 4423 convincitur,
1034 4371 1154 4428 qua:
1184 4354 1392 4410 animas
1428 4347 1571 4424 apud
1599 4363 1658 4403 se
1688 4346 1838 4418 prius

1932 3263 2045 3322 est,
2069 3253 2223 3324 juxta
2250 3261 2455 3308 natura:
2495 3250 2812 3322 potentiam,
2847 3250 3088 3311 tenditur
3112 3266 3242 3307 vero
3270 3260 3325 3307 et
3350 3250 3528 3307 decla-

1932 3360 2083 3406 ratur
2109 3346 2339 3420 quadam
2368 3343 2752 3414 consequentia
2784 3342 3036 3410 naturali,
3065 3340 3133 3397 ad
3157 3342 3211 3396 id
3234 3341 3376 3413 quod
3403 3358 3530 3414 per-

1914 3440 2129 3517 fectum
2159 3447 2242 3495 est
2286 3453 2645 3509 promovcns,
2697 3451 2798 3491 nte
2840 3434 3039 3505 aliquid
3086 3435 3424 3491 extrinsecus
3464 3434 3532 3491 ad

1935 3532 2274 3587 occasionem
2319 3544 2430 3585 sua:
2458 3525 2800 3599 perfectionis
2827 3540 3126 3583 assumens.
3174 3524 3533 3597 Semetipsum

1934 3638 2168 3693 namque
2197 3620 2263 3676 ad
2292 3620 2344 3675 id
2373 3619 2517 3690 quod
2546 3616 2841 3690 perfectum
2895 3625 2979 3674 est
3018 3626 3412 3688 consequenter
3440 3633 3534 3673 cx-

1936 3717 2135 3784 tendit,
2167 3716 2239 3770 ita
2270 3723 2327 3770 ut
2352 3729 2453 3769 nec
2491 3722 2618 3769 ante
2646 3728 2844 3785 corpus
2883 3712 3153 3789 animam,
3185 3727 3286 3767 nec
3316 3719 3535 3782 propter

1937 3811 2171 3865 animam
2201 3809 2494 3865 subsistere
2522 3823 2719 3877 corpus
2756 3806 3012 3861 allirmari
3042 3806 3309 3867 veraciter
3336 3803 3535 3874 possit,

1937 3903 2033 3967 sed
2054 3911 2231 3960 utrum
2253 3903 2324 3958 sit
2345 3901 2514 3957 utrius
2533 3900 2857 3973 principium
2873 3899 3029 3968 juxta
3051 3897 3295 3953 altiorem
3319 3894 3535 3968 quidem

1939 3995 2206 4050 rationem
2249 3995 2302 4049 in
2349 3992 2521 4065 prima
2549 3991 2830 4048 voluntate
2873 3989 2967 4045 Dei
3013 3987 3359 4059 dispositum,
3384 3987 3537 4056 juxta

1941 4088 2169 4141 alterum
2213 4097 2345 4139 vero
2396 4083 2449 4139 in
2500 4081 2866 4153 generationis
2911 4079 3287 4136 occasionibus
3328 4078 3537 4133 institu-

1942 4191 2072 4237 tum.
2105 4180 2258 4237 Sicut
2296 4179 2440 4234 enim
2487 4195 2594 4234 non
2635 4185 2815 4248 potest
2857 4175 3226 4245 membrorum
3266 4173 3539 4229 distinctio

1941 4280 2067 4327 ante
2106 4271 2487 4327 formationem
2527 4268 2578 4323 in
2605 4284 2672 4325 eo
2709 4265 2854 4347 quod
2883 4267 2950 4323 ad
2976 4256 3388 4336 conceptionem
3418 4279 3541 4319 cor-

1918 4424 1925 4431 η
1944 4368 2092 4441 poris
2134 4365 2332 4437 jacitur
2387 4364 2607 4436 inspici,
2657 4363 2729 4417 ita
2792 4376 2893 4418 nec
2945 4360 3140 4417 anima:
3185 4359 3542 4430 contemplari

192 4472 195 4473 ⁷
240 4466 437 4530 primo!
465 4457 629 4512 Vitam
658 4454 838 4510 carnis
881 4450 1074 4507 δεῑτυίι
1103 4449 1314 4515 νίνεῐθν
1345 4453 1401 4502 ει
1430 4450 1651 4516 ντοριεπ
1677 4438 1913 4530 ma'i‘l;
1945 4438 2306 4530 proprietates
2335 4456 2388 4510 in
2420 4470 2485 4512 eo
2516 4453 2770 4527 possibile
2798 4461 2898 4519 est,
2931 4452 3244 4524 priusquam
3268 4461 3467 4507 exeant
3495 4453 3545 4507 in

242 4552 371 4607 tiam
414 4550 736 4622 corporibus
769 4546 1017 4618 obligari.
1049 4542 1252 4599 Eorum
1281 4556 1412 4597 vero
1449 4537 1541 4610 qui
1564 4535 1838 4607 juniorem

241 4657 473 4711 corpore
501 4643 735 4697 animam
763 4654 885 4694 esse
925 4634 1289 4701 contendunt,
1322 4631 1628 4687 destruetur
1656 4627 1844 4683 incona

242 4735 477 4799 stantia,
506 4748 604 4805 per
642 4748 706 4789 ea
734 4746 853 4802 quas
883 4732 936 4785 in
978 4725 1434 4798 consequentibus
1480 4728 1843 4794 exponuntur.

248 4824 591 4894 Quapropter
618 4838 683 4876 ea
725 4821 1014 4890 rejicienda
1057 4830 1140 4876 est
1179 4818 1317 4874 ratio
1363 4828 1484 4886 qua:
1512 4813 1579 4868 ab
1610 4812 1848 4882 utrisque

1950 4549 2278 4622 operationis
2309 4546 2563 4615 ell'ectus;
2593 4554 2649 4602 et
2668 4546 2807 4602 sicut
2837 4545 3013 4602 nullus
3037 4544 3259 4613 ambigit
3287 4544 3339 4599 iu
3367 4559 3548 4599 mem-

1950 4640 2175 4698 brorum
2205 4648 2260 4696 et
2286 4640 2552 4695 viscerum
2579 4637 2892 4693 differentiis
2920 4636 3048 4692 illud
3087 4635 3231 4707 quod
3268 4644 3354 4693 est
3379 4636 3553 4705 depu-

1953 4734 2146 4799 situm,
2176 4732 2389 4801 ligurari
2419 4746 2525 4786 non
2566 4728 2667 4783 alia
2694 4728 2926 4800 quadam
2966 4727 3301 4784 subintrantc
3330 4728 3554 4787 virtute.

1953 4826 2050 4889 sed
2079 4841 2142 4881 ea
2182 4840 2300 4896 qua:
2329 4824 2528 4879 inserta
2568 4829 2773 4876 natura:
2796 4801 2885 4877 est.
2905 4820 2974 4876 ad
3014 4820 3151 4877 hanc
3179 4822 3551 4891 Operationem

247 4913 515 4982 defertur,
544 4926 641 4984 per
669 4913 900 4968 medium
933 4928 1062 4968 vero
1092 4912 1404 4983 opinionum
1444 4922 1569 4963 reor
1597 4912 1845 4977 oportere

1957 4932 2079 4973 sese
2106 4915 2305 4971 virtute
2345 4915 2653 4983 ingerente,
2680 4912 2758 4967 sic
2798 4919 2851 4966 et
2878 4911 2947 4966 de
2985 4911 3177 4966 anima:
3203 4890 3555 4982 proportione

250 5010 451 5077 dogma
482 5013 724 5063 nostrum
753 5004 807 5059 in
849 5006 1075 5059 veritate
1117 5004 1366 5075 dirigere.
1402 5002 1497 5058 Est
1537 5010 1716 5057 autem
1747 5000 1852 5055 hoc

250 5100 402 5175 quod
430 5115 533 5156 nec
555 5099 711 5170 juxta
757 5096 1035 5167 gentilium
1079 5098 1445 5152 seductionem
1492 5094 1695 5150 malitia
1723 5108 1857 5164 qna-

251 5193 384 5249 datu
411 5192 698 5265 depressas
727 5190 936 5245 animas
980 5189 1279 5258 opinamur,
1325 5205 1460 5259 quas
1499 5190 1575 5245 illi
1604 5187 1748 5261 quod
1788 5186 1858 5241 ad

254 5286 582 5346 rotationem
601 5285 768 5341 totius
779 5282 910 5356 poli,
925 5297 1044 5353 quae
1062 5280 1223 5336 nimia
1243 5280 1528 5336 velocitate
1548 5280 1736 5344 fertur,
1762 5293 1859 5350 per

1961 5009 2225 5065 rationale
2254 5009 2464 5064 ratione
2490 5006 2737 5062 similiter
2762 5005 3111 5071 arbitrantur,
3139 5005 3262 5075 quia
3288 5005 3391 5060 etsi
3417 5020 3555 5060 nou-

1962 5101 2090 5157 duin
2141 5114 2240 5171 per
2282 5099 2505 5171 aliquas
2542 5097 2779 5153 visibiles
2824 5095 3172 5167 operationes
3223 5094 3553 5163 agnoscitur,

1963 5192 2096 5249 nihil
2127 5199 2308 5247 tamen
2329 5191 2478 5251 ineo
2501 5190 2658 5246 unius
2686 5190 2764 5246 rei
2791 5191 3022 5245 existere
3048 5186 3375 5261 perridetur.
3401 5186 3555 5251 Nam,

1964 5286 2104 5343 sicut
2130 5283 2339 5357 species
2360 5282 2522 5338 futuri
2545 5281 2779 5338 hominis
2799 5280 2853 5337 in
2877 5295 2944 5337 co
2968 5287 3051 5335 est
3073 5278 3122 5334 vi
3143 5278 3375 5350 quadam
3399 5285 3561 5351 atque

224 5434 229 5437 _
258 5379 686 5438 imbecillitatem
709 5391 1035 5435 concurrere
1052 5383 1339 5449 nequeant,
1362 5375 1433 5430 ob
1454 5374 1558 5429 hoc
1581 5373 1635 5428 in
1661 5366 1891 5428 terram$
1916 5356 1945 5413 ἶ
1966 5356 2229 5449 potentia,
2257 5375 2389 5430 latet
2417 5382 2598 5429 autem
2639 5380 2929 5443 propterea
2960 5370 3105 5442 quod
3135 5378 3371 5442 nequeat
3398 5384 3561 5441 app“-

260 5470 508 5530 recidere
520 5471 869 5542 prolitentur;
890 5485 990 5525 nec
1002 5483 1188 5523 rursus
1200 5466 1473 5522 hominem
1487 5464 1635 5520 velut
1653 5464 1863 5520 instau-

264 5565 398 5620 tiam
418 5563 649 5634 quadam
668 5563 878 5619 ratione
897 5570 1024 5617 ante
1043 5559 1325 5615 formantis
1343 5557 1485 5632 (sic),
1507 5558 1554 5612 ei
1580 5563 1865 5627 propterea

265 5657 498 5715 dicimus
520 5658 752 5711 animam
781 5654 1146 5722 commodari;
1176 5652 1413 5722 alioquin
1435 5648 1754 5707 institutioni
1782 5648 1875 5725 lu-A

234 5824 239 5829 _
272 5761 377 5807 tete
399 5756 591 5805 natura
619 5748 965 5818 intelligibilis
996 5748 1218 5805 inferior
1245 5759 1365 5802 esse
1389 5744 1796 5801 monstrabitur.

1965 5486 2115 5538 rere,
2164 5469 2476 5541 priusquam
2526 5465 2829 5521 necessaria
2877 5462 3190 5519 consecutio
3234 5462 3373 5519 sinat
3404 5469 3565 5533 atque

1965 5560 2262 5633 permittat,
2294 5559 2373 5615 sic
2398 5567 2453 5613 et
2473 5556 2653 5612 anima
2693 5562 2776 5610 est
2812 5553 3026 5626 quidem
3058 5552 3110 5607 in
3138 5553 3251 5622 illo,
3281 5554 3406 5609 licet
3434 5569 3564 5609 non-

1967 5656 2093 5710 dum
2124 5657 2416 5724 appareat,
2444 5646 2724 5720 apparebit
2753 5655 2930 5701 autem
2961 5645 3240 5717 proprium
3266 5653 3322 5700 et
3350 5652 3564 5699 natura-

1969 5748 2075 5802 lem
2103 5742 2431 5811 operationis
2460 5724 2708 5794 eliectum
2736 5735 3006 5806 corporali
3036 5735 3194 5791 simul
3234 5734 3565 5790 incrementa
