4060 6364
565 246 669 305 59⁸)
700 264 703 265 ⁷

1810 256 2168 315 DIONYSIUS
2207 256 2532 315 EXIGUUS.

3754 257 3901 315 40y

564 366 845 435 prolicere.
872 368 1003 424 Nam
1032 371 1154 440 quia
1184 366 1291 426 non
1320 387 1349 425 a
1382 376 1595 427 mortuo
1625 388 1873 443 corpore,
1906 373 1999 428 sed
2027 388 2056 427 a
2082 372 2152 426 vi—
2183 376 2229 432 Α
2257 387 2397 426 rare.
2430 370 2562 438 Quis
2590 370 2736 427 enim
2780 386 2841 426 se
2889 372 3104 427 intuens
3130 370 3311 453 verbis
3342 370 3619 440 indigeat,
3660 372 3869 441 quibus

568 465 725 512 vente
748 465 909 527 atque
930 470 1188 529 spirante,
1217 462 1389 517 virtus
1409 463 1462 517 in
1483 464 1845 533 conceptione
1868 464 2159 534 peragitur.

565 545 763 603 ideirco
789 548 1015 606 dicimus
1036 552 1262 608 rationis
1281 568 1420 617 esse,
1444 561 1505 607 ut
1531 563 1805 609 mortuum
1834 564 1888 609 et
1912 546 2163 609 exanime

565 653 671 692 non
697 647 933 709 putetur,
961 643 1103 712 quod
1130 660 1161 698 a
1187 645 1402 701 vivente
1432 647 1483 700 in
1514 649 1854 703 occasionem
1885 648 2007 701 vita:
2034 648 2166 702 diri-

564 730 722 798 gitur.
769 729 914 788 Caro
959 750 1195 805 namque
1245 736 1507 791 exanimis
1556 737 1741 806 utique
1792 745 2005 792 mortua
2058 739 2226 803 θείη(

565 820 710 876 Mors
748 823 891 877 enim
917 825 1219 895 privatione
1247 823 1306 881 ﬁt
1334 827 1545 883 animae.
1577 826 1763 883 Nullus
1792 838 1972 883 autem
2000 844 2164 898 super

563 913 1053 985 hoc'antiquiorem
1094 919 1450 987 privationem
1480 936 1640 989 quam
1671 919 1908 975 habitum
1945 918 2159 985 dixerit,

562 1002 608 1059 si
639 1013 820 1062 tamen
838 1008 1088 1065 exanime
1113 1008 1259 1079 quod
1278 1018 1362 1066 est
1386 1020 1657 1066 mortuum
1679 1009 1958 1081 quisquam
1983 1009 2159 1064 anima

563 1097 834 1167 antiquius
861 1108 1152 1155 asseveret.
1198 1100 1257 1158 Si
1286 1102 1407 1171 quis
1436 1110 1614 1156 autem
1660 1099 1967 1167 evidentius
1996 1097 2161 1167 exigit

563 1198 935 1259 argumentum
965 1193 1108 1261 quod
1149 1195 1293 1247 vivat
1328 1193 1415 1247 illa
1464 1194 1640 1263 portio
1689 1207 1808 1261 qua:
1838 1189 2159 1262 principium

566 1281 829 1337 formandi
862 1284 1104 1339 animalis
1148 1284 1397 1351 edicitur,
1442 1283 1700 1356 possibile
1735 1292 1790 1338 et
1828 1298 1895 1337 ex
1943 1282 2061 1337 aliis
2089 1280 2160 1334 si-

556 1373 702 1441 gnis,
729 1375 920 1444 quibus
949 1376 1245 1432 animatum
1276 1377 1598 1433 discernitur
1627 1384 1789 1445 atque
1820 1382 2099 1442 separatur
2127 1388 2158 1427 a

564 1476 796 1535 mortuo,
827 1486 989 1540 super
1036 1472 1136 1526 bac
1182 1479 1333 1542 parte
1387 1470 1720 1540 conspicere.
1768 1464 2157 1538 Argumentum

565 1573 796 1628 namque
826 1561 1001 1618 vitalis
1021 1562 1098 1617 rei
1127 1562 1194 1617 de
1216 1562 1523 1618 hominibus
1550 1562 1843 1625 sumimus,
1887 1557 2031 1628 quod
2060 1557 2154 1612 ali-

562 1649 681 1718 quis
702 1647 893 1718 caleat,
923 1652 1065 1722 quod
1097 1661 1392 1719 moveatur,
1417 1652 1560 1724 quod
1590 1660 1843 1722 operetur
1868 1668 1883 1717 ;
1910 1647 2156 1719 frigidum
2182 1650 2229 1715 τε

2266 469 2471 516 natura:
2494 460 2616 531 jura
2662 463 2988 531 cognoscat?
3036 461 3133 518 Est
3178 464 3376 532 quippe
3423 460 3770 530 facillimum,
3803 474 3869 520 ut

2264 556 2385 626 quis
2429 556 2646 611 modum
2684 557 2804 611 vita:
2847 572 2958 611 sum
3000 557 3380 621 considerans,
3428 566 3486 613 et
3529 560 3765 630 qualiter
3792 563 3867 617 ad

2264 658 2479 698 omnem
2511 644 2688 700 vitalis
2715 645 3047 714 operationis
3069 643 3319 700 effectum
3343 657 3709 716 opportunum
3738 664 3868 703 cor-
3895 710 3903 715 η

2263 750 2363 806 pus
2390 744 2562 802 gerat,
2596 735 2905 804 expendens
2933 735 3348 799 animadvertat,
3383 750 3509 804 erga
3535 737 3668 805 quid
3696 754 3869 793 occu-
3896 775 3903 781 α

2262 836 2386 897 pata
2416 826 2486 885 sit
2513 826 2705 880 anima:
2735 826 3096 895 primordialis
3123 841 3220 882 seu
3246 828 3425 897 potius
3452 830 3767 897 germinalis
3795 846 3868 885 ex
3894 876 3901 881 _

2262 919 2477 974 vivente
2497 933 2726 987 corpore
2756 917 3052 973 detractum
3080 917 3296 989 opiﬁeio
3317 928 3520 975 natura:
3536 921 3863 991 deponitur;

2263 1028 2388 1067 nam
2431 1021 2484 1066 et
2516 1011 2783 1067 fructuum
2817 1012 3071 1066 interiora
3117 1023 3171 1068 et
3202 1014 3438 1069 radicum
3469 1015 3865 1084 pullulamenta

2263 1105 2498 1160 nondum
2529 1106 2733 1174 privata
2760 1106 3098 1160 vivacissimo
3123 1107 3325 1175 vigore,
3349 1122 3467 1176 qua:
3495 1116 3578 1162 est
3596 1109 3676 1163 eis
3699 1110 3864 1163 insita

2202 1210 2227 1245 τ’]
2260 1212 2360 1266 per
2390 1204 2655 1261 naturam,
2702 1211 2823 1251 cum
2856 1205 3011 1251 terra:
3036 1198 3463 1265 committuntur,
3491 1200 3738 1268 quamvis
3768 1215 3866 1254 oe-

2261 1288 2479 1353 cultam,
2498 1296 2675 1342 tamen
2700 1290 2949 1342 mundam
2976 1289 3291 1357 qualitatem
3314 1298 3662 1355 conservant;
3694 1290 3864 1344 talem

2263 1396 2391 1435 vero
2420 1381 2525 1435 vim
2581 1389 2739 1447 atque
2784 1380 3079 1452 potentiam
3134 1398 3242 1437 non
3289 1382 3499 1438 confert
3546 1392 3687 1437 terra
3738 1399 3863 1453 qua:

2262 1473 2524 1536 continet,
2560 1480 2700 1527 terra
2741 1473 2886 1528 velut
2925 1488 2955 1527 a
2998 1481 3168 1528 semet
3216 1473 3549 1528 extrinsecus
3590 1474 3858 1540 largiens;

2261 1565 2498 1633 alioquin
2523 1576 2577 1619 et
2606 1575 2816 1621 mortua
2841 1566 2981 1635 ligna
3011 1567 3215 1621 faceret
3239 1567 3574 1634 germinare:
3597 1568 3859 1637 sedquod

2216 1644 2343 1713 rest
2371 1658 2595 1715 insitum.
2618 1658 2866 1727 producit
2894 1658 2960 1712 ad
2992 1659 3162 1715 lucem
3202 1674 3387 1713 amore
3413 1676 3511 1715 suo
3550 1661 3604 1715 in
3636 1660 3859 1716 modum

561 1751 690 1793 vero
720 1749 881 1811 atque
928 1742 1201 1799 immobile
1251 1744 1303 1798 in
1345 1742 1664 1813 corporibus
1712 1743 1840 1797 nihil
1888 1750 1970 1796 est
2013 1741 2155 1795 aliud
2192 1759 2232 1816 Β
2262 1747 2481 1801 nutricis
2501 1747 2644 1816 quod
2675 1747 2970 1816 plantatum
2995 1757 3077 1801 est
3107 1747 3161 1801 in
3193 1747 3373 1803 radice
3398 1748 3462 1802 ad
3486 1749 3773 1803 medullam
3804 1760 3860 1805 et

562 1845 719 1899 quam
753 1831 865 1902 ipsa
896 1834 1215 1888 mortalitas.
1256 1832 1390 1901 Quia
1435 1835 1594 1904 igitur
1642 1832 1869 1888 calidum
1912 1830 2056 1901 quod
2100 1838 2156 1884 et

563 1938 794 1994 operans
835 1924 1063 1981 vidimus
1098 1941 1218 1982 esse
1255 1926 1323 1981 de
1353 1942 1459 1997 quo
1486 1924 1775 1996 loquimur,
1822 1923 1947 1978 hinc
1990 1923 2151 1977 etiam

2258 1839 2515 1893 corticem
2549 1854 2833 1908 ramosque
2865 1838 3149 1908 perliciens
3181 1856 3196 1891 :
3228 1838 3371 1909 quod
3403 1840 3675 1909 nequisset
3716 1840 3877 1903 ﬁeri,

2257 1928 2358 1984 nisi
2388 1930 2564 1999 aliqua
2596 1938 2845 1983 conserta
2877 1938 3019 1985 esset
3047 1930 3289 2000 polentia
3320 1931 3597 1996 naturalis,
3619 1946 3739 2001 qua:
3764 1948 3858 1988 co-

563 2011 709 2080 quod
754 2015 1000 2071 exanime
1048 2031 1155 2071 non
1202 2017 1271 2072 sit
1316 2024 1635 2088 argumenta
1683 2016 2002 2085 colligimus.
2045 2013 2153 2069 Sed
2256 2028 2470 2088 gnatam
2500 2028 2554 2075 et
2582 2035 2873 2090 congruam
2905 2036 2970 2075 ex
3002 2021 3371 2089 adjacentibus
3398 2022 3707 2079 alimoniam
3739 2031 3857 2078 tra-

563 2103 1017 2170 quemadmodum
1053 2105 1206 2176 juxta
1250 2107 1495 2178 corporis
1524 2106 1827 2178 portionem
1874 2122 1979 2160 non
2025 2105 2189 2160 illud)
2212 2118 2235 2153 Ἰ
2258 2110 2412 2175 hens,
2443 2109 2731 2177 virgultum
2764 2118 2857 2164 aut
2895 2112 3142 2166 arborem
3172 2120 3267 2167 aut
3292 2112 3494 2183 spicam
3524 2114 3613 2170 vel
3653 2114 3857 2185 aliquid

563 2193 790 2275 dicimus
818 2211 1032 2251 carnem
1057 2205 1112 2251 et
1138 2212 1258 2252 ossa
1292 2198 1374 2252 vel
1403 2198 1645 2268 capillos,
1679 2196 1766 2253 vel
1796 2196 2155 2269 quodcunque

563 2285 925 2354 conspicimus
956 2286 1006 2341 in
1037 2287 1274 2354 homine,
1300 2289 1395 2343 sed
1417 2288 1465 2344 vi
1487 2288 1700 2358 quidem
1724 2298 1883 2359 atque
1914 2289 2151 2360 potentia

563 2390 683 2430 esse
725 2378 914 2430 horum
957 2377 1194 2445 singula,
1238 2378 1475 2433 nondum
1522 2394 1647 2433 vero
1687 2378 1968 2433 visibiliter
1996 2394 2155 2449 appa«

563 2481 730 2522 rere:
771 2468 850 2523 sic
894 2468 1055 2522 etiam
1099 2468 1253 2538 juxta
1300 2468 1490 2523 anima:
1538 2470 1874 2539 portionem,
1925 2467 2151 2523 necdum

558 2651 741 2707 aldina
770 2652 1199 2722 considerantur,
1236 2654 1411 2709 locum
1444 2654 1496 2708 in
1539 2654 1630 2708 illo
1659 2653 1856 2708 habere
1886 2668 2154 2709 memora-

558 2758 713 2809 mus,
747 2744 1151 2815 proportionem
1183 2761 1309 2800 vero
1355 2743 1569 2799 formati
1610 2744 1880 2815 corporis,
1924 2752 1980 2798 et
2022 2759 2153 2798 cou-

556 2836 973 2891 summationem
1013 2836 1175 2891 etiam
1215 2836 1372 2891 simul
1410 2835 1633 2892 effectus
1668 2837 1859 2891 animm
1890 2821 2150 2904 dicimus,

2257 2216 2322 2255 ex
2354 2200 2602 2270 hujusmo
2623 2201 2655 2254 li
2684 2202 2843 2256 rebus
2871 2199 3066 2256 ell'ecit.

2826 2334 3057 2391 CAPUT
3096 2335 3284 2394 XXXI.

2256 2445 2633 2518 Contemplatio
2672 2446 2909 2520 quwdam
2946 2449 3299 2523 medicinalis,
3343 2451 3609 2523 potiusque
3646 2452 3710 2508 de
3736 2469 3857 2509 cor—

562 2558 775 2627 quidem
812 2559 1075 2614 rationale
1104 2559 1220 2629 ejus
1248 2568 1300 2616 et
1332 2560 1596 2615 irascibile
1632 2567 1688 2616 et
1716 2575 2048 2630 qumcunque
2086 2559 2154 2615 de
2169 2538 2277 2628 at;
2487 2534 2669 2589 parum
2693 2529 3093 2583 conumwone’
3121 2537 3298 2591 puum
3318 2521 3619 2576 “b‘olmmr'

2327 2649 2433 2706 Sed
2458 2651 2705 2721 quamvis
2727 2651 3024 2707 certissima
3054 2653 3297 2723 corporis
3325 2655 3491 2709 nostri
3536 2653 3857 2712 formatione

2260 2744 2626 2823 unusquisque
2648 2759 2677 2797 a
2706 2745 2997 2816 semetipso
3019 2744 3299 2813 doceatur,
3340 2762 3405 2801 ex
3435 2747 3628 2817 quibus
3657 2748 3857 2803 intelli-

2260 2834 2337 2903 git
2361 2842 2417 2889 et
2444 2833 2573 2888 vivit
2601 2843 2657 2888 et
2677 2835 2872 2901 sentit,
2906 2845 3150 2889 naturam
3189 2837 3460 2907 propriam
3508 2838 3709 2894 habens
3740 2855 3856 2893 ma-

557 2940 682 2979 cum
709 2924 951 2996 subjecto
990 2925 1316 2999 proﬁcimus.
1362 2926 1451 3005 Sic
1498 2927 1639 2981 enim
1686 2925 1954 2998 perfectus
1992 2925 2155 2981 homo
2255 2926 2477 2997 gistram
2501 2968 2515 2993 ,
2547 2932 2729 2979 tamen
2768 2934 2824 2980 et
2852 2941 2919 2980 ex
2950 2925 3100 2981 libris
3122 2928 3423 2997 sapientum
3446 2970 3462 2995 ,
3490 2927 3579 2997 qui
3612 2929 3712 2983 ista
3740 2939 3858 2983 stu-

561 3016 703 3075 iuter
728 3018 962 3089 majores
989 3020 1197 3077 obtinet
1221 3020 1421 3075 animze'
1442 3019 1785 3089 operationes
1804 3017 2075 3083 ell'ectum,
2100 3016 2151 3071 in
2172 3024 2238 3075 Bo
2256 3015 2460 3071 diosius
2480 3015 2704 3070 scrutati
2728 3024 2870 3081 sunt,
2890 3014 2968 3070 fas
2984 3024 3066 3071 est
3088 3016 3371 3085 diligenter
3390 3018 3692 3074 addiscere.
3710 3018 3858 3074 Non-

557 3111 784 3167 cxordio
834 3126 945 3169 sua}
992 3113 1390 3169 constitutionis
1431 3119 1587 3181 aptos
1612 3121 1668 3166 et
1716 3124 1983 3179 congruos
2015 3110 2068 3164 in
2094 3123 2154 3165 se
2182 3139 2229 3204 ϐ
2260 3106 2389 3164 nulli
2422 3122 2652 3176 namque
2680 3107 2912 3176 qualiter
2940 3109 3224 3179 positionis
3247 3109 3481 3164 habeant
3508 3110 3715 3180 singula
3736 3125 3856 3181 qua:

564 3205 811 3271 praesenti
839 3205 956 3261 usui
986 3206 1176 3261 animae
1204 3206 1540 3261 demonstrat
1560 3203 1807 3269 adnisus,
1839 3212 1899 3259 ut
1925 3204 2026 3259 sibi
2060 3218 2157 3276 per
2195 3199 2227 3204 “
2263 3199 2315 3254 ἰιι
2358 3199 2515 3255 nobis
2543 3207 2699 3267 sunt,
2730 3214 2827 3269 per
2855 3214 2973 3253 eam
3015 3214 3175 3268 quam
3208 3200 3398 3256 medici
3438 3200 3622 3256 dicunt
3660 3210 3857 3257 anato-

567 3296 794 3350 infusam
841 3298 1124 3352 materiam
1172 3296 1507 3368 aptissimum
1560 3295 1888 3350 domicilium
1942 3292 2156 3349 formet.
2213 3286 2220 3295 ’
2261 3294 2446 3361 niiam,
2478 3292 2532 3347 id
2574 3300 2656 3348 est
2683 3292 2996 3348 incisionem
3026 3293 3355 3362 singulorum
3399 3293 3665 3349 nodorum
3695 3303 3857 3364 atque

564 3386 673 3443 Nec
694 3390 837 3444 enim
867 3390 1121 3461 possibile
1149 3405 1269 3445 esse
1311 3388 1579 3445 credimus
1623 3388 1675 3443 in
1707 3388 1894 3444 alienis
1922 3388 2160 3444 :ediliciis
2252 3400 2539 3461 venarum,
2570 3392 2794 3454 propter
2828 3384 2973 3455 quod
3001 3384 3221 3439 en‘ectus
3252 3384 3305 3438 in
3336 3385 3582 3439 universa
3613 3387 3857 3457 corporis

564 3480 798 3535 animam
828 3458 1199 3553 competenter
1218 3480 1408 3547 inseri,
1437 3479 1573 3535 sicut
1595 3496 1703 3535 non
1732 3488 1909 3550 potest
1934 3480 2160 3550 impres-
2178 3458 2629 3534 iis/membrorum
2656 3477 2881 3532 interius
2909 3484 2963 3533 et
2993 3477 3231 3532 exterius
3260 3478 3609 3548 contemplati
3632 3487 3778 3545 sunt,
3804 3486 3857 3536 et

564 3588 684 3627 sum
728 3589 865 3628 cera:
893 3574 1222 3643 signaculum
1253 3572 1439 3627 aliena:
1468 3586 1687 3642 prorsus
1713 3570 1998 3642 sculptura:
2024 3586 2158 3626 con-

554 3652 818 3733 gruenter
840 3665 1031 3737 aptari.
1058 3664 1518 3733 Quemadmodum
1540 3680 1671 3721 vero
1686 3680 1884 3735 corpus
1904 3679 1971 3718 ex
1991 3674 2159 3734 parvo

567 3755 809 3825 procedit
836 3754 906 3810 ad
935 3756 987 3811 id
1016 3756 1159 3827 quod
1183 3763 1267 3812 est
1295 3754 1612 3829 perfectum,
1642 3757 1719 3812 sic
1739 3763 1794 3812 et
1815 3758 2160 3827 operatioues

566 3855 830 3902 conserta:
876 3848 1069 3902 anima:
1115 3847 1369 3916 subjecta:
1411 3848 1659 3905 similiter
1708 3856 2063 3904 concrescunt
2105 3855 2161 3903 et

2262 3572 2380 3627 aliis
2408 3569 2736 3637 retulerunt,
2789 3569 2861 3624 ita
2893 3577 2952 3624 ut
2979 3567 3251 3625 sumciens
3281 3568 3407 3625 huic
3433 3569 3679 3624 humana:
3709 3570 3858 3643 insti-

2264 3661 2454 3716 tutioni
2480 3660 2716 3729 cognitio
2740 3659 3031 3715 studiosius
3058 3660 3334 3714 existeret.
3356 3659 3413 3715 Si
3438 3660 3557 3730 quis
3583 3668 3762 3715 autem
3794 3660 3857 3717 de

2262 3751 2345 3806 his
2370 3750 2634 3821 perquirit
2662 3750 2729 3806 de
2759 3749 2943 3816 nobis,
2974 3749 3218 3819 profecto
3247 3750 3297 3805 ei
3326 3750 3690 3819 magisterium
3719 3766 3858 3820 prm-

2261 3845 2411 3901 bebit
2436 3842 2698 3899 Ecclesia.
2732 3842 2858 3898 litec
2878 3842 3021 3898 enim
3044 3843 3398 3915 spiritualium
3430 3843 3515 3898 lex
3543 3851 3628 3899 est
3649 3844 3855 3911 ovium,

567 3937 874 4010 proficiunt.
894 3936 1145 3995 Procedit
1165 3939 1381 4011 quidem
1398 3955 1462 3996 ea
1484 3940 1536 3995 in
1559 3939 1729 4011 prima
1751 3939 2155 4007 constitutione,
2174 3954 2233 4009 an
2261 3938 2400 3994 sicut
2428 3936 2686 3993 Dominus
2724 3937 2828 4002 ait,
2859 3945 2916 3991 ut
2944 3936 3241 3991 alienorum
3262 3951 3450 3991 vocem
3483 3952 3589 3991 non
3615 3935 3851 3991 audiant.

567 4029 729 4085 veluti
772 4030 1019 4102 quaedam
1058 4032 1214 4088 radix
1254 4032 1435 4088 abdita
1463 4032 1608 4088 cavis
1640 4032 2011 4089 tantummodo
2039 4048 2160 4104 qua:

565 4125 907 4181 nutrimentis
936 4142 1000 4181 ac
1043 4126 1387 4183 incrementis
1411 4135 1494 4183 est
1532 4127 1815 4184 distributa
1852 4130 1987 4198 (nec
2014 4130 2157 4184 enim

564 4215 800 4293 parvitas
829 4217 1090 4273 sumentis
1141 4218 1369 4288 amplius
1409 4216 1655 4297 recipit),
1707 4217 1903 4273 deinde
1940 4234 2060 4275 cum
2091 4218 2159 4274 ad

570 4310 739 4361 lucem
772 4308 1034 4377 prodierit
1054 4308 1105 4362 id
1127 4309 1269 4379 quod
1298 4309 1557 4365 insertum
1580 4317 1663 4365 est
1683 4322 2011 4381 germenque
2033 4322 2160 4381 pro—

565 4396 749 4451 tulerit
778 4414 792 4450 :
828 4405 953 4452 tunc
978 4398 1033 4453 in
1061 4414 1128 4454 eo
1156 4400 1327 4469 gratia
1357 4401 1622 4456 sensibilis
1651 4399 1967 4468 eﬂlorescit,
2013 4401 2193 4472 jam-‘5

2263 4029 2419 4087 Unde
2442 4046 2747 4087 sermonem
2773 4030 3011 4085 breviter
3038 4028 3343 4085 aﬂ‘eramus.
3374 4028 3497 4085 Tria
3521 4030 3765 4099 quaedam
3789 4029 3855 4085 de

2261 4129 2453 4175 natura
2507 4119 2754 4191 corporis
2807 4118 3154 4187 intelligenda
3200 4117 3575 4188 percepimus,
3625 4132 3853 4187 quorum

2262 4214 2433 4284 gratia
2458 4213 2667 4282 singula
2693 4228 2814 4283 quae
2843 4213 2896 4267 in
2928 4211 3084 4267 nobis
3110 4218 3237 4267 sunt
3261 4210 3554 4266 constituta
3582 4225 3706 4267 esse
3734 4225 3855 4266 eer-

2263 4312 2482 4360 nuntnr.
2516 4303 2768 4370 Quaedam
2820 4315 3049 4371 namque
3096 4309 3319 4371 propter
3364 4300 3568 4365 vitam,
3610 4300 3853 4372 quzedam

2208 4394 2245 4463 ς
2261 4413 2393 4453 vero
2421 4405 2639 4468 propter
2667 4394 2864 4450 bonam
2895 4393 3081 4459 vitam,
3103 4392 3346 4461 quzedam
3366 4391 3433 4446 ad
3456 4392 3854 4447 successionem

564 4505 670 4558 que
711 4491 1022 4546 coalescens
1046 4492 1184 4571 etin
1225 4492 1615 4562 magnitudines
1656 4503 2025 4564 competenter
2055 4510 2154 4550 ex-
2186 4521 2235 4582 Β
2262 4488 2594 4561 posteritatis
2622 4494 2927 4556 opportune
2958 4484 3187 4540 formata
3209 4492 3353 4540 sunt.
3385 4482 3729 4553 Quaacunque
3754 4483 3856 4552 igi-

565 4594 818 4643 rurrens,
851 4578 1013 4635 veluti
1042 4568 1245 4637 fructus
1273 4582 1486 4652 quidam
1512 4581 1790 4637 rationalis
1815 4584 1983 4637 virtus
2019 4584 2155 4639 inci-

566 4670 644 4738 pit
673 4668 906 4724 elueere.
937 4666 1052 4723 Non
1081 4669 1224 4724 enim
1254 4669 1429 4725 omnis
1456 4670 1614 4725 simul
1647 4686 1935 4743 apparens,
1962 4674 2005 4729 si
2036 4690 2156 4729 cum

566 4759 907 4815 instrumenti
953 4759 1035 4815 sui
1090 4758 1421 4830 permetione
1465 4761 1751 4831 diligenter
1801 4778 2152 4829 excresceas,

567 4858 884 4921 tantumque
911 4865 1128 4922 semper
1163 4850 1522 4919 fructiﬁcans,
1554 4865 1813 4924 quantum
1858 4871 2032 4927 capax
2074 4866 2159 4912 est
2174 4858 2241 4920 ξῗῐε

564 4938 790 5008 subjecti
818 4939 1082 5010 potentia.
1108 4938 1167 4995 Si
1188 4955 1317 4996 vero
1340 4940 1391 4995 in
1420 4944 1520 4999 hac
1549 4944 1869 5001 lormatione
1889 4946 2152 5017 corporis,

565 5032 914 5104 operationes
942 5033 1136 5087 animze
1165 5033 1408 5090 fortassis
1437 5036 1680 5106 inquiris,
1711 5036 1931 5092 attende
1960 5045 2155 5092 temet-

563 5125 737 5195 ipsum
757 5165 772 5191 ,
804 5123 943 5179 sicut
968 5124 1045 5178 ait
1072 5122 1316 5197 Moyses,
1348 5128 1576 5196 etquasi
1606 5128 1659 5182 in
1690 5127 1846 5196 libro,
1875 5126 1956 5184 sic
1983 5127 2155 5182 histo-

563 5218 698 5271 riam
728 5212 1058 5286 opcrationis
1084 5216 1277 5271 anima:
1304 5218 1579 5288 perleges;
1614 5218 1727 5287 ipsa
1757 5217 1901 5272 enim
1931 5217 2026 5272 tibi
2055 5232 2156 5271 na:

562 5318 683 5363 tura
735 5307 1133 5378 quodammodo
1178 5309 1504 5364 fabulahitur
1551 5310 1698 5365 omni
1744 5325 1845 5365 usu
1890 5310 2205 5380 sermonis;

562 5399 852 5467 eﬂicacius,
884 5400 1058 5455 varias
1084 5401 1136 5456 in
1163 5416 1392 5471 corpore
1416 5401 1799 5471 occupationes
1823 5399 2016 5455 anima:
2039 5400 2156 5455 sive

565 5497 616 5547 in
641 5492 817 5547 anima
835 5534 854 5561 ,
880 5494 995 5548 sive
1024 5493 1077 5547 in
1108 5494 1420 5558 universali,
1451 5494 1566 5548 sive
1594 5494 1646 5548 in
1672 5493 1981 5563 particulari
2024 5509 2157 5549 eon-

562 5584 768 5640 ditione
806 5584 1204 5643 demonstrans.
1239 5583 1353 5641 Sed
1380 5584 1449 5641 de
1491 5584 1645 5641 nobis
1673 5583 2000 5655 superﬂuum
2029 5594 2160 5656 puto

562 5678 903 5734 sermonibus
947 5693 1138 5749 agere.
1183 5685 1241 5735 et
1282 5680 1446 5738 veluti
1502 5682 1820 5752 quibusdam
1868 5684 2057 5754 procul
2106 5692 2161 5740 et
2201 5721 2213 5732 .

563 5777 721 5825 extra
771 5767 1028 5824 terminos
1072 5768 1381 5829 constituis
1430 5771 1686 5827 miracula
1735 5781 1987 5828 con-‘ueta
2036 5791 2197 5839 nar-p

2267 4592 2352 4637 tur
2372 4583 2425 4637 in
2449 4580 2602 4635 nobis
2627 4579 2753 4633 talia
2776 4578 2988 4638 dentur,
3021 4578 3135 4631 sine
3155 4577 3348 4647 quibus
3366 4575 3599 4630 humana
3626 4583 3857 4644 nequeat

2263 4675 2373 4728 vita
2401 4671 2714 4738 subsistere,
2746 4670 2859 4724 haec
2890 4668 2941 4723 iu
2971 4668 3142 4724 tribus
3172 4669 3297 4722 item
3327 4667 3567 4737 partibus
3588 4680 3710 4721 esse
3735 4679 3856 4720 sen-

2246 4767 2446 4833 timus,
2480 4764 2532 4819 id
2562 4771 2645 4818 est
2673 4762 2724 4816 in
2754 4760 2978 4817 cerebro
3008 4768 3063 4815 et
3090 4759 3252 4815 corde
3278 4766 3333 4813 et
3356 4758 3573 4829 jecore;
3603 4771 3858 4827 quacun-

2265 4876 2371 4932 que
2399 4874 2529 4913 vero
2555 4857 2607 4912 in
2630 4862 2975 4924 augmentum
2998 4853 3260 4906 bonorum
3291 4849 3536 4920 largitate
3564 4855 3771 4903 natnrze
3790 4846 3857 4901 ad

2266 4954 2405 5008 bene
2442 4947 2728 5005 vivendum
2758 4944 2963 5001 homini
3000 4943 3196 4998 collata
3234 4949 3389 5007 sunt,
3442 4941 3855 4996 instrumentum

2264 5058 2518 5099 sensuum
2549 5056 2667 5096 esse
2705 5040 3067 5095 declarantur.
3101 5035 3413 5106 llujusmodi
3458 5035 3657 5107 quippe
3693 5034 3857 5087 vitam

2232 5128 2239 5131 Α
2265 5134 2482 5206 quidem
2513 5138 2751 5186 nostram
2780 5140 2888 5185 non
2914 5129 3210 5193 continent,
3245 5128 3367 5198 quia
3404 5135 3461 5183 et
3488 5123 3860 5181 delleientibus

2264 5242 2330 5281 ex
2373 5226 2456 5280 his
2507 5237 2877 5294 saepenumero
2909 5222 3258 5292 quibusdam,
3301 5219 3645 5275 nihilominus
3674 5217 3860 5273 subest

2210 5296 2466 5379 {homini
2487 5333 2501 5381 ;
2526 5314 2620 5369 sed
2652 5313 2981 5385 impossibile
3007 5322 3087 5366 est
3114 5313 3231 5367 sine
3259 5312 3372 5366 istis
3400 5310 3676 5366 ellectibus
3700 5311 3859 5364 vitam

2263 5408 2632 5464 suavissimam
2662 5406 2951 5461 contineri.
2990 5403 3169 5458 Tertia
3200 5418 3416 5474 quoque
3457 5402 3737 5458 divisionis
3780 5402 3860 5455 in~

2264 5501 2433 5555 tentio
2462 5507 2856 5569 consequenter
2894 5498 3113 5566 respicit
3152 5497 3219 5552 ad
3257 5496 3615 5553 successionis
3660 5494 3859 5549 ofﬁcia.

2232 5576 2399 5645 ‘Sunt
2425 5598 2602 5644 autem
2633 5597 2688 5643 et
2716 5589 2819 5643 alia
2847 5588 3089 5659 quaedam
3120 5596 3315 5659 pneter
3343 5588 3473 5653 lucc,
3506 5600 3624 5656 qum
3643 5584 3711 5639 ad
3740 5599 3861 5655 per-

2261 5685 2614 5740 severantiam
2646 5684 2891 5753 corporis
2932 5685 3288 5739 communiter
3328 5681 3581 5737 membris
3617 5679 3861 5746 subjecta

2261 5787 2380 5832 sunt
2412 5775 2681 5837 erunibus,
2711 5774 3053 5838 operationes
3083 5792 3144 5830 ex
3172 5790 3229 5831 sc
3253 5789 3518 5839 congruas
3549 5772 3858 5834 afferentes,
