4060 6364
224 312 324 369 401
1021 309 1196 366 LIBRI
1240 307 1324 363 DE
1357 304 1745 394 CREATILNE
1787 305 2064 381 ιιολιιχιε
2103 302 2675 361 INTERPRETATIO.
3411 305 3519 359 ΑΜ

220 436 365 490 sicut
386 439 574 488 venter
596 438 652 486 et
671 429 875 503 pulmo,
895 428 985 484 bic
1007 428 1222 499 quidem
1242 427 1452 511 spiritu.
1476 442 1638 498 quem
1662 425 1827 511 sumit
1854 434 1896 489 Α
1926 442 2147 503 duriore
2170 442 2515 512 superﬁciem
2538 457 2658 513 qua,
2700 441 2983 514 passiones
3012 439 3177 496 αδηερε
3218 440 3517 496 involvens.

224 543 289 582 ac
317 523 491 581 reddit
519 522 689 589 cordi,
723 520 1057 591 signaculum
1081 558 1083 560 -
1103 517 1358 590 perﬂans,
1393 518 1482 573 ille
1509 532 1640 575 vero
1677 514 1826 571 cibos
1886 578 1889 583 ι
1927 532 2064 589 Huic
2093 532 2257 601 igitur
2285 532 2488 589 ossium
2516 542 2721 586 unum:
2740 532 3097 599 εθιίιιίςὶεεηκι)ν
3120 532 3282 587 vein“
3303 531 3521 603 φήμας,

224 616 522 673 visceribus
572 615 624 669 in
672 628 956 669 commune
1001 610 1320 681 suscipiens.
1370 610 1503 664 Cum
1545 608 1625 664 sic
1667 607 1829 676 igitur

228 710 481 768 formatio
505 716 687 763 nostra
715 705 1002 768 dividatur,
1032 703 1339 772 diligentius
1368 690 1682 757 intuendum
1711 707 1792 754 est
1810 737 1827 764 ,

227 801 373 872 quod
411 817 518 857 non
564 799 890 870 simpliciter
927 812 1024 868 per
1053 811 1218 852 unum
1266 792 1483 863 aliquod
1530 791 1830 847 membrum
1844 788 1903 853 ζ’

227 892 309 946 vis
337 890 426 946 illa
466 905 586 964 qua:
625 889 692 944 ad
723 888 888 942 vitam
936 893 1175 943 nostram
1205 885 1443 957 pertinet
1483 883 1830 956 transigatur,

228 984 324 1039 sed
348 981 590 1057 plurimis
611 981 849 1052 partibus
870 978 1185 1036 occasiones
1206 976 1361 1032 nobis
1382 975 1449 1031 ad
1468 973 1835 1031 conservatio-

231 1091 357 1130 nem
385 1081 625 1132 nostram
654 1080 846 1127 natura
875 1070 1163 1126 distribuat
1190 1066 1493 1124 necessaria
1520 1064 1589 1120 ad
1620 1063 1838 1120 univer-

232 1179 353 1218 smu
382 1178 616 1234 corpus,
647 1162 719 1216 ita
760 1169 821 1217 ut
858 1174 1194 1231 quaecunque
1219 1156 1287 1213 ad
1313 1156 1580 1215 cautelam
1620 1154 1745 1209 vitae
1771 1167 1837 1208 ac

1886 625 2053 680 ,‘dam
2088 624 2356 683 columnis
2397 623 2596 680 molem
2643 624 3032 680 sustinentibus
3072 624 3255 681 totius'
3278 624 3526 694 corporis

1927 732 2069 773 onus
2109 715 2387 787 imposuit.
2415 714 2529 770 Nec
2562 715 2791 771 indivisa
2847 724 2947 770 aut
2989 716 3278 772 indiscreta
3326 715 3529 784 ubique

1928 805 2118 865 eadem
2166 806 2638 876 ossacompegit,
2686 806 2925 875 alioquin
2976 807 3266 864 immobilis
3311 814 3368 862 et
3409 805 3530 861 sine

1930 897 2249 966 operatione
2276 898 2585 962 mansisset,
2611 905 2667 952 et
2686 898 2730 952 si
2748 898 2818 951 ita
2848 896 3222 953 fuissetbomo
3242 896 3529 963 formatus,

1935 988 2099 1043 veluti
2122 989 2369 1059 quaedam
2394 988 2558 1044 arbor
2578 988 2631 1043 in
2660 1004 2768 1044 uno
2788 989 2911 1045 Ioco
2938 988 3261 1055 consistens,
3283 1003 3404 1044 cum
3430 1002 3532 1044 nec

1933 1077 2141 1145 alterna
2167 1093 2387 1139 crurum
2418 1080 2659 1136 motione
2689 1079 2742 1135 in
2762 1079 3036 1134 anteriora
3065 1079 3402 1150 procederet,
3436 1094 3535 1135 nec

1936 1181 2192 1223 manuum
2220 1166 2521 1224 ministerio
2545 1168 2667 1222 vita:
2687 1168 2805 1237 ejus
2826 1168 3186 1223 commoditas
3226 1177 3533 1240 appareret.

234 1253 689 1329 pulchritudinem
714 1252 901 1309 cadent
925 1260 1117 1309 natura
1140 1258 1225 1305 est
1245 1247 1461 1317 molita,
1484 1246 1598 1302 haec
1619 1244 1851 1302 videan-t

1952 1257 2091 1313 Nunc
2122 1268 2301 1313 autem
2326 1270 2607 1326 grcssuum
2633 1266 2689 1314 et
2709 1268 2927 1314 actuum
2958 1261 3059 1316 bac
3089 1260 3397 1332 provisione
3428 1258 3539 1314 for—

236 1358 323 1404 tur
348 1364 474 1404 esse
500 1363 659 1420 quam
690 1346 949 1417 plurima,
985 1345 1208 1402 multam
1239 1342 1537 1399 adinviccm
1581 1338 1836 1395 dilTeren-

237 1443 367 1498 tiam
413 1456 631 1511 prorsus
680 1439 958 1494 habentia.
1001 1437 1108 1493 Sed
1146 1437 1382 1493 arbitror
1410 1432 1653 1490 dividere
1693 1430 1841 1502 prius

237 1541 493 1603 Oportere
522 1530 758 1587 breviter
787 1530 959 1601 prima
1008 1528 1269 1602 principia
1313 1543 1435 1598 qua:
1472 1526 1539 1580 ad
1581 1524 1842 1582 constitu-

238 1624 441 1678 tionem
470 1623 593 1678 vitze
620 1630 819 1678 nostra:
849 1622 1120 1693 pertinere
1165 1627 1563 1686 monstrantur;
1616 1616 1841 1672 materia

1940 1362 2146 1409 malum
2174 1360 2259 1408 est
2287 1352 2722 1418 instrumentum,
2762 1363 2823 1409 ut
2864 1362 3166 1424 spontaneo
3213 1355 3403 1426 spiritu
3447 1353 3539 1423 qui

1943 1447 2124 1505 nervis
2164 1446 2396 1503 insertus
2420 1455 2524 1511 est,
2554 1446 2788 1503 ultronei
2835 1456 3016 1502 motus
3055 1446 3305 1517 corporei
3352 1444 3540 1502 confc-

1943 1550 2152 1598 rantur.
2184 1539 2319 1597 Ilinc
2343 1540 2739 1596 administratio
2768 1556 3020 1596 manuum
3047 1541 3196 1596 varia
3222 1548 3385 1611 atque
3406 1540 3541 1594 mul-

1916 1630 2113 1702 itiplex
2141 1640 2199 1685 et
2241 1631 2798 1697 accommodatissima
2836 1631 2903 1686 ad
2940 1647 3102 1687 omne
3132 1646 3353 1702 prorsus
3381 1646 3539 1687 exco-

239 1729 372 1770 νθτο
401 1715 565 1769 ῑοίίυε
602 1713 852 1784 corporis
880 1727 1000 1782 quin
1042 1711 1403 1768 communiter
1444 1708 1700 1765 membris
1727 1699 1925 1785 Sin";
1946 1724 2166 1794 gitantis
2206 1722 2466 1789 oﬂiciutn,
2509 1721 2633 1779 hinc
2681 1723 2915 1779 cetvicis
2958 1699 3198 1789 inllexio,
3245 1730 3303 1776 et
3352 1720 3542 1792 capitis

241 1809 382 1879 gulis
410 1807 673 1878 subjaeet,
708 1823 847 1863 nunc
878 1822 908 1860 a
939 1805 1095 1861 nobis
1118 1812 1202 1861 est
1231 1802 1527 1869 reticenda,
1557 1817 1675 1857 cum
1708 1800 1837 1857 nibil

1952 1815 2222 1873 inclinatio
2248 1824 2413 1885 atque
2442 1815 2664 1880 erectio,
2690 1825 2746 1870 et
2784 1816 2932 1877 circa
2974 1822 3216 1871 mentum
3259 1813 3543 1891 efﬁcientia

242 1899 308 1953 ad
336 1914 571 1970 praesens
598 1898 962 1968 propositum,
981 1895 1051 1951 ad
1083 1893 1460 1967 particularctn
1502 1890 1841 1963 contempla-

244 1986 449 2049 tionem
497 1991 813 2047 universalis
843 1997 1044 2045 naturzc
1073 1987 1365 2059 disputatio
1391 1994 1637 2056 spectare
1664 1982 1846 2040 videa-

245 2094 353 2140 tur.
395 2083 620 2140 Cunctis
674 2098 804 2153 ergo
848 2080 1140 2137 fatentibus
1186 2077 1424 2134 omnium
1452 2076 1845 2131 elementorum

1945 1910 2213 1981 quedam,
2243 1909 2623 1979 palpebrarum
2663 1923 2881 1979 quoque
2919 1908 3192 1974 collectio,
3224 1907 3383 1965 simul
3424 1924 3545 1964 cunt

1947 1999 2229 2056 intellectu
2285 2001 2611 2072 proveniens
2655 2008 2997 2056 cmterorum.
3059 1999 3324 2066 Quoniam
3384 2000 3547 2056 etiam

1948 2100 2131 2151 motus
2159 2092 2273 2162 ipse
2296 2091 2668 2147 membrorum
2698 2089 2880 2147 nervis
2908 2089 3326 2146 extendentibus
3363 2104 3429 2145 ac
3464 2103 3547 2144 re-

247 2196 367 2254 ψιιῐῖ
398 2181 452 2234 in
484 2180 586 2235 hoc
616 2178 813 2233 mundo
840 2186 967 2232 sunt
995 2177 1046 2231 in
1075 2175 1228 2232 nobis
1256 2175 1489 2229 εχίδιθῐρ
1516 2172 1919 2244 portionem,”
1950 2183 2276 2249 laxantibus,
2303 2183 2470 2239 veluti
2495 2182 2817 2253 quibusdam
2847 2184 3111 2239 machinis
3156 2192 3415 2254 operatur
3454 2182 3547 2236 im.

226 2274 405 2329 ’κειιὶἀί
437 2273 641 2327 scilicet
674 2288 738 2327 ac
766 2270 970 2340 frigidi,
1001 2285 1211 2325 necnon
1253 2277 1309 2324 ct
1336 2268 1558 2324 alterius
1585 2266 1846 2336 conjuga-

251 2368 429 2432 tionis,
461 2382 579 2439 qua:
610 2366 661 2420 in
696 2367 922 2421 humore
953 2381 1016 2421 ac
1042 2365 1284 2420 siccitate
1312 2362 1593 2429 consistit,
1635 2360 1704 2416 de
1732 2360 1846 2415 sin-

250 2460 386 2530 gulis
415 2474 445 2513 a
490 2458 642 2512 nobis
682 2464 766 2513 est
808 2456 997 2525 utiq—ze
1040 2452 1434 2509 disserendum.
1485 2450 1849 2521 Perspicimus

249 2552 433 2619 itaque
465 2560 575 2603 tres
617 2564 738 2603 esse
768 2545 1190 2617 dispensatorias
1218 2543 1339 2599 vita:
1368 2544 1667 2614 potentias,
1715 2556 1852 2615 qua.-

252 2658 367 2697 rum
396 2656 499 2695 una
529 2639 745 2709 quidem
790 2639 1096 2694 universum
1126 2636 1383 2691 mundum
1412 2634 1595 2691 calore
1634 2632 1850 2704 proprio

238 2724 497 2797 refovet,
551 2731 722 2785 altera
750 2745 879 2784 vero
908 2728 1203 2783 madefacta
1234 2728 1459 2783 humore
1487 2724 1631 2797 quod
1672 2723 1854 2781 calore

253 2824 561 2881 confcctmn
589 2832 694 2889 est,
725 2823 798 2878 ita
827 2830 883 2877 ut
910 2838 1063 2892 requa
1087 2821 1351 2892 temperie
1371 2819 1570 2880 animal
1599 2818 1653 2875 in
1675 2817 1855 2877 medio

254 2938 321 2976 ex
353 2918 622 2975 contraria
645 2918 906 2990 qualitate
933 2926 1204 2984 servetur,
1228 2924 1494 2989 quatenus
1522 2931 1625 2972 nec
1664 2915 1856 2971 humo-

255 3028 369 3068 rem
397 3011 623 3080 desngat
663 3011 858 3066 caloris
887 3010 1247 3073 abundantia.
1294 3026 1395 3066 nec
1424 3008 1660 3067 calorem
1703 3009 1858 3079 c0pia

255 3104 497 3159 btnnoris
526 3104 851 3173 exstinguat.
883 3102 975 3161 Vis
1000 3112 1179 3157 autem
1211 3102 1370 3157 tertia
1394 3118 1490 3172 per
1507 3100 1855 3172 semetipsam
1882 3112 1899 3145 ξ

1950 2276 2163 2348 pulsus,
2188 2284 2428 2346 potestas
2455 2282 2637 2333 autem
2667 2291 2763 2345 per
2791 2276 2904 2331 luco
2929 2276 2979 2330 vi
3023 2290 3117 2330 sua
3164 2275 3341 2330 nitens
3384 2266 3547 2345 spon-

1954 2379 2172 2428 taneum
2202 2372 2345 2443 gerit
2388 2371 2690 2442 imperium,
2732 2373 3145 2428 att-voluntario
3162 2372 3352 2443 spiritu
3392 2371 3548 2441 juxta

1940 2462 2241 2535 quamdam
2258 2463 2940 2535 naturaedispensationem
2952 2466 3014 2520 in
3031 2465 3255 2534 singulis
3275 2465 3549 2536 proprium

1928 2555 2295 2645 idemonstrat
2330 2555 2601 2613 eﬂ‘ectum.
2636 2556 2892 2613 Radicem
2938 2558 3101 2627 igitur
3146 2566 3310 2628 atque
3349 2557 3550 2629 princi-

1910 2648 1929 2689 ‘3
1954 2649 2101 2722 pium
2125 2648 2363 2706 omnium
2397 2649 2760 2720 motuumqni
2789 2665 2888 2719 per
2929 2664 3122 2705 nervos
3151 2648 3290 2704 efﬁci
3323 2648 3551 2704 cred"..-

1948 2747 2064 2809 tur,
2088 2739 2453 2797 membranam
2481 2739 2627 2794 illam
2648 2753 2751 2810 qua
2771 2739 3055 2795 cerebrum
3084 2739 3391 2794 continetur
3411 2753 3550 2791 rom-

1957 2842 2176 2905 pactum
2203 2832 2383 2890 nervis
2412 2847 2533 2888 esse
2561 2832 2872 2902 perclaruit.
2902 2832 3019 2886 Non
3044 2832 3203 2900 igitur
3231 2831 3552 2885 arbitramur

1959 2924 2072 2995 jam
2101 2922 2367 2981 curiosius
2397 2938 2497 2979 nos
2526 2922 2728 2978 debere
2752 2921 3151 2993 perquirerede
3168 2920 3363 2976 cifeetu
3386 2934 3554 2975 mem~

1958 3015 2180 3071 brorum
2217 3013 2485 3079 animalis,
2516 3029 2638 3069 cum
2670 3013 3245 3083 huj'ttscemodintotus
3275 3011 3345 3067 sit
3388 3011 3440 3065 in
3470 3027 3555 3065 ce-

1906 3130 1935 3151 τη
1961 3106 2109 3167 rebri
2149 3104 2493 3161 formatione
2516 3104 2841 3161 declaratus.
2872 3103 3026 3171 Quod
3073 3113 3253 3158 autem
3296 3102 3556 3157 maximus

255 3192 408 3263 juxta
435 3192 719 3262 quamdam
769 3192 1175 3261 congruentiam
1223 3201 1386 3263 atque
1432 3191 1855 3249 modulationem
1890 3186 1932 3247 C
1963 3198 2122 3268 vigor,
2138 3196 2206 3252 ad
2235 3195 2490 3253 tuendam
2511 3196 2679 3252 vitam
2710 3196 2864 3251 nobis
2895 3210 2925 3249 a
2970 3195 3195 3251 cerebro
3232 3193 3558 3254 conferatur.

257 3285 502 3339 membra
539 3298 656 3351 anc
697 3282 950 3341 distincta
996 3290 1123 3341 sunt
1169 3282 1442 3347 continet,
1492 3281 1605 3337 suis
1648 3297 1713 3340 ea
1759 3297 1856 3338 co—

252 3365 457 3450 aptans
504 3379 765 3444 vinculis,
811 3388 871 3437 et
912 3379 1177 3435 omnibus
1227 3392 1536 3449 praerogans
1594 3392 1692 3448 per
1738 3391 1861 3433 sese

260 3472 519 3529 mobilem
568 3479 1031 3541 spontaneamque
1078 3470 1361 3535 virtutem,
1419 3485 1539 3540 qua:
1593 3470 1640 3527 si
1685 3469 1859 3537 desit,

261 3564 505 3639 solutum
571 3572 629 3621 et
701 3562 979 3621 immobile
1053 3577 1253 3632 corpus
1325 3562 1547 3629 existit,
1615 3561 1899 3618 ultronea"

261 3653 481 3726 spiritus
557 3652 846 3712 vivacitate
912 3660 1075 3723 atque
1149 3652 1438 3710 efﬁcientia
1504 3652 1863 3720 destitutum,

263 3746 538 3817 magisque
584 3744 735 3816 prius
796 3743 1085 3803 artiﬁcium
1137 3752 1301 3817 atque
1356 3744 1612 3800 molimen
1664 3752 1864 3800 nostrae

262 3834 470 3893 naturae
498 3838 552 3892 in
595 3837 708 3908 ipsa
751 3837 997 3912 corporis
1045 3837 1356 3894 conditione
1400 3838 1617 3909 dignum
1666 3846 1750 3894 est
1784 3838 1866 3892 in-

264 3932 424 3986 tueri.
454 3930 590 4003 Quia
634 3931 777 3987 enim
823 3946 987 3988 omne
1033 3931 1181 4000 quod
1224 3931 1417 3987 durum
1457 3940 1543 3989 est
1584 3933 1867 3989 sensibiles

265 4023 581 4082 cflicientias
605 4024 827 4084 omnino
849 4038 956 4081 non
977 4024 1192 4093 recipit,
1216 4024 1375 4079 sicuti
1395 4023 1640 4080 videmus
1663 4024 1717 4080 in
1737 4022 1902 4080 θροεῖς-ε

266 4115 366 4171 bus
388 4117 586 4173 nostris
607 4125 663 4173 et
689 4117 741 4175 in
771 4115 983 4172 frutetis
1012 4124 1178 4187 atque
1212 4116 1531 4182 arboribus,
1565 4117 1620 4171 in
1670 4117 1868 4185 quibus

268 4207 389 4262 vita:
413 4206 636 4277 quidem
680 4208 894 4279 species
937 4207 1183 4281 quaedam
1211 4208 1469 4275 cernitur,
1512 4208 1567 4261 in
1615 4222 1682 4263 eo
1722 4208 1867 4277 quod

270 4299 503 4355 nutritur
530 4308 591 4355 et
612 4300 958 4369 crescit,,nec
989 4308 1168 4355 tamen
1196 4292 1435 4355 admittit
1463 4299 1628 4357 ullum
1649 4313 1867 4355 sensum

269 4389 509 4459 subjecti
528 4387 774 4447 durities.
816 4386 987 4459 Hujus
1024 4389 1105 4445 rei
1143 4388 1315 4458 gratia
1351 4388 1651 4458 oportebat.
1684 4403 1867 4459 quant-

1965 3288 2331 3345 exrcontrario
2360 3287 2653 3345 accidenti.
2676 3287 2957 3343 evidenter
2983 3286 3312 3355 agnoscitur.
3343 3285 3474 3339 Nam
3516 3284 3559 3339 si

1963 3381 2157 3439 vulnus
2166 3379 2387 3451 aliquod
2401 3380 2483 3436 vei
2502 3379 2789 3436 scissuram
2812 3379 3121 3446 membrana
3140 3379 3250 3449 ima
3263 3377 3560 3449 pertulerit,

1964 3473 2117 3530 illico
2157 3488 2306 3529 mors
2344 3471 2669 3542 insequitur.
2715 3470 2959 3526 Passieni
3001 3470 3200 3541 quippe
3245 3485 3369 3525 cum
3418 3467 3561 3522 illato

1900 3563 2176 3627 (vulneri
2203 3579 2306 3620 nec
2334 3562 2402 3618 ad
2424 3571 2682 3634 punctum
2712 3561 2975 3632 temporis
3022 3571 3211 3615 natura
3254 3561 3423 3630 possit
3447 3559 3562 3634 (ob.

1963 3655 2157 3712 sistere
2181 3697 2197 3723 ,
2251 3653 2574 3713 sedOveluti
2629 3650 2983 3709 fundamento
3027 3652 3259 3721 quodam
3306 3651 3563 3720 snbrupto

1964 3754 2139 3805 totum
2164 3746 2327 3811 simul
2345 3746 2629 3805 aedilicium
2648 3762 2781 3802 .cum
2804 3756 2969 3816 parte
2982 3745 3249 3814 dejicitnr,
3281 3745 3400 3812 ejus
3430 3757 3562 3811 ergo

1967 3838 2275 3910 passionem
2307 3837 2475 3895 totius
2502 3837 2747 3906 corporis
2769 3837 3013 3907 sequitur
3057 3834 3340 3890 manifesta
3387 3835 3567 3905 perni-

1966 3931 2111 3988 cies:
2132 3931 2185 3986 in
2216 3931 2329 3986 hoe.
2349 3929 2579 4000 propria:
2599 3929 2729 3985 vita
2747 3943 2965 3985 causam
2987 3928 3208 3983 subesse
3236 3927 3383 3981 nullo
3410 3922 3569 3996 pacto

1924 4044 1945 4063 οε
1968 4023 2273 4094 negandum
2302 4020 2582 4079 est..Cum
2598 4036 2729 4076 vero
2756 4029 2811 4075 ct
2833 4036 3027 4075 eorum
3061 4034 3182 4090 qum
3210 4019 3459 4076 desinunt
3491 4020 3569 4073 vi.»

1966 4114 2485 4183 vere,_restringitur
2525 4121 2730 4168 natum
2778 4111 2971 4167 insitus
3005 4111 3175 4174 calor,
3207 4120 3265 4165 ct
3305 4110 3389 4163 ita-
3422 4110 3565 4179 qnml

1967 4218 2239 4265 mortuum
2262 4216 2348 4264 est
2362 4207 2864 4276 frigescit,.necesse
2888 4214 2972 4263 est
2995 4206 3157 4262 talem
3173 4221 3389 4261 causam
3415 4206 3570 4259 nobis

1968 4300 2133 4356 etiam
2183 4300 2237 4355 iu
2286 4298 2467 4355 calore
2506 4297 2821 4362 subsistere,
2854 4297 2953 4367 qui
2985 4311 3108 4352 cum
3137 4295 3298 4351 desit.
3323 4294 3574 4367 profecto

1967 4408 2117 4449 mors
2137 4392 2407 4463 sequitur,
2420 4390 2624 4449 etich
2646 4389 2843 4446 caloris
2860 4390 3145 4461 praesentia
3169 4388 3369 4444 animal
3386 4388 3571 4443 vivere

270 4480 393 4565 dam
440 4480 818 4538 formationem
864 4481 1035 4537 instar
1084 4496 1223 4537 certe
1276 4480 1457 4537 mollis
1504 4480 1558 4535 in
1610 4494 1867 4536 sensuum
1898 4484 2333 4542 'tsjcontitendum
2374 4491 2476 4541 est.
2533 4483 2931 4552 Hujus-autem
2964 4483 3255 4555 visuque
3289 4482 3567 4554 ροιοηιῑω,

271 4576 589 4646 operatione
615 4575 866 4651 supponi,
897 4590 1019 4645 quae
1044 4583 1230 4645 posset
1248 4570 1653 4630 occurrentibus
1679 4572 1868 4630 formis
1901 4567 1942 4625 Ι)
1972 4586 2228 4647 tanquam
2258 4575 2460 4634 fontem
2487 4576 2785 4647 quemdam
2803 4585 2967 4646 atque
2994 4575 3317 4647 principium
3337 4591 3434 4632 cor
3453 4591 3573 4631 esse

274 4666 535 4737 imprimi,
567 4682 742 4739 neque
768 4667 934 4723 nimio
963 4667 1191 4724 bumore
1217 4667 1436 4722 resolvi.
1468 4664 1586 4722 Non
1609 4664 1753 4721 enim
1775 4680 1870 4735 po-

273 4767 381 4812 test
422 4760 476 4813 in
514 4758 923 4830 bumidoquod
968 4760 1293 4831 imprimitur
1339 4756 1668 4828 perdurare,
1690 4770 1870 4827 neque

277 4847 479 4903 duritia
509 4852 666 4908 nimis
692 4854 863 4922 rigida
895 4856 1039 4925 (quia
1066 4857 1208 4927 quod
1238 4856 1411 4912 nescit
1440 4856 1656 4922 cedere,
1690 4853 1873 4921 imagi-

1975 4669 2470 4741 perspeximusbex
2493 4682 2603 4735 quo
2638 4666 2692 4722 in
2718 4666 2939 4723 modum
2979 4666 3278 4721 tistularum
3318 4666 3575 4736 multipli-

1976 4780 2069 4820 ces
2096 4778 2244 4820 V6033
2268 4777 2368 4832 per
2395 4776 2556 4817 omne
2584 4775 2781 4831 corpus
2807 4760 3038 4817 calidum
3079 4758 3327 4830 spiritum
3358 4758 3589 4814 fervctt-.

1977 4861 2195 4924 temque
2247 4851 2567 4907 dilIundunt.
2619 4850 2689 4905 Et
2738 4851 2993 4920 quoniatn
3047 4851 3335 4921 oportebat
3395 4849 3573 4903 cibum

278 4956 411 4999 nem
460 4942 645 5012 nequit
686 4945 1036 5014 impressione
1079 4949 1399 5018 excipere).-
1435 4946 1541 5002 Sed
1576 4947 1721 5001 inter.
1773 4946 1871 5001 ltas
1894 4955 2197 5013 f‘rquome
2214 4942 2500 5012 quemdam
2530 4942 2699 4997 calori
2718 4957 2994 5013 .sempcra
3013 4950 3203 4997 natura
3230 4940 3575 5009 largiri,,quia

282 5035 436 5091 b:csit
462 5034 635 5090 media
663 5035 907 5104 quaedam
940 5038 1078 5093 inter
1100 5037 1530 5106 ﬂaccescentem,
1561 5039 1674 5095 sive
1700 5054 1765 5093 ac
1794 5038 1887 5105 ri-q

281 5137 525 5198 gentem,
552 5143 621 5184 ne
650 5126 869 5198 Optimis
899 5128 1155 5198 potentiae
1183 5131 1437 5201 motibus,
1458 5130 1581 5186 dico
1607 5129 1876 5185 sensibili-

283 5222 403 5287 bus,
423 5221 631 5278 animal
648 5220 950 5276 orbarctur.
979 5219 1243 5287 Quoniam
1272 5222 1430 5290 igitur
1449 5221 1593 5291 quod
1615 5222 1776 5279 molle
1796 5212 1879 5275 est

285 5319 344 5365 et
363 5311 539 5379 facile,
567 5312 668 5368 nisi
690 5326 871 5367 rerum
899 5310 1192 5366 solidarum
1208 5312 1593 5381 cooperatione
1614 5313 1892 5379 firmetur,

282 5405 527 5476 profecto
562 5406 838 5465 immobile
875 5415 1038 5477 atque
1082 5403 1448 5460 indistinctum
1478 5413 1581 5469 est,
1605 5406 1757 5474 juxta
1782 5420 1923 5469 eost.

286 5514 425 5569 quos
448 5498 728 5569 pulmones
750 5500 987 5554 marinos
1017 5506 1229 5563 vocant,
1258 5496 1459 5552 idcirco
1488 5495 1655 5552 robur
1674 5496 1875 5551 ossium

284 5591 503 5660 Corpori
530 5601 717 5648 natura
748 5592 1091 5662 perm?scuit,
1110 5606 1229 5662 qua:
1269 5590 1499 5645 invicem
1529 5604 1625 5660 per
1648 5584 1885 5645 coiicor-

286 5678 412 5734 dem
436 5680 856 5736 modulationem
878 5666 1154 5751 copulatis.
1182 5682 1400 5753 penitus
1420 5695 1711 5736 nervorum
1731 5674 1882 5738 nexi-

285 5770 393 5827 bus
420 5785 707 5840 compages
728 5787 913 5826 eorum
936 5771 1323 5843 juncturasque
1356 5771 1699 5837 constrinxit,
1725 5780 1780 5826 et
1803 5771 1875 5826 ita
1906 5836 1910 5841 ρ

1978 5037 2059 5091 fas
2086 5052 2193 5091 non
2208 5045 2299 5091 est
2319 5036 2495 5105 ignem
2519 5034 2585 5089 ad
2606 5049 2732 5090 sese
2743 5033 3371 5101 ιΙιιηνθ,,ιιίεἱκςοηειιιιὶδ
3390 5046 3576 5101 pasca-

1980 5138 2069 5185 tur
2096 5129 2387 5195 alimentis,
2420 5128 2625 5183 idcirco
2650 5128 2748 5184 rivi
2778 5128 3051 5197 sanguinis
3075 5136 3324 5195 tanquam
3341 5124 3409 5179 de
3430 5123 3577 5178 fonte

1980 5220 2212 5292 quodam
2237 5220 2440 5289 jecoris
2464 5220 2650 5276 calore
2696 5220 2916 5290 spiritus
2945 5219 3266 5283 excitantur,
3297 5225 3354 5272 et
3382 5216 3578 5288 ubique

1979 5310 2140 5366 simul
2168 5327 2268 5382 per
2295 5327 2457 5368 omne
2481 5326 2680 5381 corpus
2719 5316 3031 5374 excurrunt,
3061 5323 3132 5363 ne
3161 5308 3387 5363 alterum
3419 5310 3577 5366 deso-

1981 5408 2124 5463 letur
2150 5408 2219 5478 ab
2249 5407 2442 5473 altero,
2476 5416 2533 5462 et
2563 5406 2656 5462 tali
2686 5405 2838 5462 initio
2864 5411 3056 5459 natura
3087 5402 3430 5474 depravetur.
3458 5405 3578 5461 Hoc

1982 5500 2156 5570 ipsum
2182 5516 2317 5557 vero
2340 5502 2535 5557 doceat
2579 5498 2914 5554 abstinentes
2938 5496 3175 5551 materiae
3206 5496 3369 5565 ipsius
3395 5506 3578 5568 arqua—

1979 5590 2133 5647 litate
2163 5586 3127 5659 formatos,.quodavaritiaqtuedam
3155 5587 3461 5657 corruptiva
3509 5590 3577 5642 sit

1981 5684 2183 5753 passio,
2208 5692 2265 5739 et
2283 5684 2407 5755 quia
2437 5683 2556 5737 sine
2577 5680 2681 5735 ulla
2709 5678 2999 5747 indigentia
3031 5686 3114 5735 est
3141 5678 3254 5733 sola
3286 5678 3574 5738 Divinitas;

1982 5791 2106 5828 nam
2136 5783 2427 5846 paupertas
2456 5772 2690 5828 buma‘na
2732 5770 2935 5839 indiget
2964 5769 3045 5825 bis
3070 5784 3189 5838 qua:
3216 5783 3367 5824 suam
3391 5768 3579 5826 viden-

288 5861 373 5951 cis
398 5862 618 5919 modum
654 5862 893 5922 sensibili
921 5864 1105 5933 vigore
1149 5864 1460 5933 immiscuit,
1508 5879 1671 5922 carne
1715 5864 1927 5951 paulo;
1948 5878 1965 5891 "
1984 5873 2072 5922 tur
2092 5866 2444 5923 substantiam
2469 5863 2768 5923 continere.
2795 5862 3005 5921 Idcirco
3024 5861 3192 5919 tribus
3214 5860 3300 5917 b‘s
3322 5862 3592 5932 petendis-
