4060 6364
580 391 689 447 4ιῦ

1840 393 2197 452 moments
2238 360 2557 448 succus.
2926 456 2931 463 κ
3838 386 3923 445 tot
4004 390 4005 399 ‘

576 506 773 576 quibus
799 507 1103 562 universum
1144 523 1342 578 corpus
1378 508 1665 577 gubernari
1696 508 2067 578 praediximus,
2093 505 2173 561 in-
2203 509 2254 569 Α
2278 504 2423 559 dium
2454 512 2734 576 praestans.
2766 501 2898 558 Nam
2930 503 3055 572 quia
3087 502 3270 557 talium
3290 500 3729 558 membrorum
3772 504 3925 569 magis

574 595 778 681 fluente
805 597 1142 655 extrinsecus
1168 599 1451 655 materiam
1475 609 1663 655 natura
1692 600 1970 671 dispensat
1990 600 2173 655 diver-

575 687 651 742 sis
695 688 1022 758 tramitibus,
1074 690 1129 744 id
1175 690 1321 761 quod
1371 692 1595 762 singulis
1645 694 1895 763 congruit
1942 693 2173 748 admini-

536 830 539 831 ν
575 784 773 835 strans.
804 778 937 838 Nam
984 779 1121 837 fonti
1167 782 1441 851 sanguinis
1484 784 1577 855 qui
1615 792 1695 839 est
1715 783 1873 854 jecur
1925 798 2172 838 escarqu

574 871 1009 929 distributionem
1039 874 1288 934 contulit.
1330 874 1602 945 Quidquid
1634 884 1816 934 autem
1864 877 1958 933 tali
1990 876 2211 947 proviosi

572 961 726 1017 sione
746 977 841 1017 sua
863 978 1078 1033 semper
1107 965 1303 1034 ingerit
1328 964 1394 1019 ad
1416 967 1620 1034 jecoris
1648 964 1845 1034 fontes,
1878 967 2006 1023 item
2030 981 2171 1038 prte-

572 1058 732 1121 parat
758 1067 825 1109 ex
850 1052 1037 1125 jecore
1084 1053 1337 1110 derivari.
1381 1054 1847 1125 Quemadmodum
1891 1058 1937 1115 si
1978 1060 2073 1113 nix
2114 1059 2168 1112 in

572 1142 847 1202 montibus
874 1144 1101 1201 humore
1128 1161 1228 1202 suo
1256 1147 1529 1218 subjectos
1553 1158 1748 1220 augeat
1770 1151 1966 1218 fontes,
1997 1161 2053 1208 et
2073 1166 2171 1222 per

573 1232 742 1288 altum
782 1235 849 1290 ad
876 1236 1158 1297 inferiores
1182 1254 1350 1295 venas
1377 1241 1639 1311 liquorem
1670 1246 1945 1317 proprium
1989 1244 2169 1314 depri-

2276 597 2551 668 proprium
2576 611 2671 652 cur
2696 609 2818 651 esse
2843 594 3139 660 retulimus,
3161 593 3309 664 juxta
3331 591 3660 649 redditam
3686 593 3927 662 superius

2275 688 2561 751 rationem,
2592 684 2745 754 quod
2762 684 2970 754 singula
2999 683 3217 754 spiritus
3239 684 3317 738 sui
3346 682 3578 738 calore
3611 680 3927 751 confoveat,

2274 775 2398 831 ideo
2426 791 2523 846 per
2553 776 2731 831 omnia
2760 774 2889 829 illud
2920 772 3345 831 efﬁcacissimum
3381 773 3709 828 formator
3752 785 3929 831 noster

2204 874 2239 937 ἴ
2277 869 2523 934 instituit,
2553 877 2612 923 ut
2634 868 2777 924 nulla
2806 884 2929 938 pars
2959 868 3133 923 otiosa
3161 867 3243 921 vel
3270 882 3498 922 vacans
3532 865 3615 920 ad
3640 864 3926 935 dispensa-

2238 982 2241 985 ·
2274 962 2475 1017 tionem
2516 962 2681 1016 totius
2723 960 2971 1031 corporis
3001 958 3360 1031 approbetur,
3400 968 3473 1013 et
3535 966 3684 1029 post
3723 964 3927 1027 tergum

2272 1054 2488 1125 quidem
2518 1069 2673 1109 suum
2704 1053 3012 1123 pulmonem
3061 1066 3157 1123 per
3184 1052 3535 1106 continuum
3595 1058 3826 1104 motum
3867 1050 3925 1106 ad

2234 1148 2239 1153 ’
2271 1161 2331 1201 se
2355 1146 2691 1216 pertrahens,
2721 1144 2897 1199 aditus
2917 1144 3033 1213 ejus
3063 1142 3320 1214 expandit
3355 1143 3430 1197 ad
3490 1141 3924 1211 susceptionem

2272 1238 2434 1304 aeris,
2482 1251 2802 1306 rursumque
2843 1235 3149 1307 deprimens
3185 1234 3355 1290 efﬂari
3401 1234 3586 1307 quod
3639 1244 3921 1305 receptum

572 1325 692 1391 mit,
738 1326 917 1385 cordis
962 1341 1141 1385 autem
1186 1328 1433 1402 perﬂatio
1488 1333 1648 1388 vicini
1697 1336 1922 1391 membri
1962 1335 2233 1397 submi-io
2271 1339 2355 1385 est
2384 1337 2667 1400 praeparat,
2701 1328 2752 1382 in
2793 1328 3066 1387 anteriora
3107 1342 3239 1383 vero
3283 1342 3379 1383 sua
3436 1325 3655 1383 ventri
3715 1326 3921 1397 penitus

573 1414 834 1474 nistratur
860 1418 1075 1485 effectu,
1098 1422 1241 1492 quod
1273 1425 1577 1495 appellatur
1602 1426 1820 1496 quidem
1852 1428 2055 1497 pulmo,
2083 1438 2167 1484 est

572 1517 752 1573 autem
782 1511 924 1567 aeris
970 1515 1341 1584 cxceptorium
1369 1532 1469 1586 per
1490 1519 1705 1581 insitam
1747 1521 2002 1579 arteriam
2046 1536 2166 1591 quae

540 1660 545 1665 ,
571 1600 641 1660 ad
671 1616 732 1659 Os
763 1618 930 1673 usque
958 1606 1233 1677 pertingit,
1266 1607 1451 1664 ﬂatum
1484 1612 1819 1673 extrinsecus
1849 1614 2079 1683 ducens,
2112 1615 2163 1670 in

568 1693 853 1766 medioque
882 1712 979 1757 cor
1010 1700 1240 1768 positum
1271 1700 1443 1758 instar
1470 1704 1625 1772 ignis,
1649 1706 1737 1775 qui
1765 1707 1819 1761 in
1864 1715 2013 1762 motu
2045 1723 2166 1763 ver-

2274 1422 2563 1481 immincns
2593 1418 2839 1475 calefacit
2885 1418 3054 1486 illum,
3087 1429 3142 1475 et
3161 1418 3228 1473 ad
3255 1418 3647 1488 operationes
3677 1419 3917 1489 proprias

2270 1518 2503 1575 habilem
2536 1516 2731 1581 reddit,
2764 1532 2870 1571 non
2897 1516 2964 1571 ad
2994 1516 3417 1587 resumptionem
3471 1515 3738 1586 spiritus
3787 1512 3919 1567 exci-

2242 1612 2411 1676 'tans,
2436 1611 2531 1667 sed
2563 1611 2628 1665 ad
2678 1611 3057 1680 exceptionem
3101 1610 3207 1665 cibi
3252 1610 3481 1664 sibimet
3539 1605 3913 1677 competentia

2272 1704 2573 1776 impellens.
2607 1701 2856 1756 Proxime
2889 1716 3016 1755 vero
3034 1699 3332 1769 junguntur
3360 1697 3656 1754 introitus
3689 1710 3837 1752 esca:
3862 1709 3913 1749 ac

562 1793 716 1843 satur
743 1797 798 1845 et
827 1792 1142 1860 operatione
1178 1795 1458 1865 continua,
1500 1806 1555 1851 et
1600 1798 1771 1869 ipsum
1820 1800 1937 1855 sine
1984 1794 2249 1858 cessa-ts’
2270 1797 2508 1870 spiritus,
2540 1796 2594 1849 in
2625 1794 2840 1861 longum
2890 1792 3291 1863 protenduntur
3332 1791 3481 1845 alter
3540 1788 3620 1844 ad
3657 1788 3908 1850 alterum,

568 1877 718 1966 tione
758 1890 1005 1937 movetur
1043 1893 1205 1955 atque
1254 1896 1535 1956 operatur,
1579 1898 1636 1944 et
1682 1891 1843 1947 sicuti
1893 1891 2158 1954 fabrorum

2275 1903 2535 1959 mquaquc
2565 1899 2815 1947 mensura
2850 1883 3116 1954 superiori
3143 1883 3374 1939 termino
3413 1882 3814 1946 dirimuntur,
3850 1878 3908 1931 ita

566 1965 724 2059 folles
753 1971 1011 2038 eliiciunt,
1044 1978 1307 2047 pertrabit
1334 1979 1400 2034 ad
1431 1990 1604 2043 semet
1629 1997 1693 2038 ex
1735 1984 2015 2052 adjacente
2044 1989 2155 2059 spi-

563 2058 670 2115 ritu
686 2063 1130 2132 compressiones,
1150 2070 1555 2125 extensionibus
1582 2072 1817 2142 replens,
1848 2083 1903 2129 et
1931 2058 2083 2145 quod
2106 2079 2157 2139 in

564 2166 624 2207 se
654 2162 736 2209 est
762 2154 975 2224 igneum
1012 2160 1225 2216 arteriis
1254 2161 1625 2231 adjacentibus
1656 2165 1927 2235 refovens,
1957 2178 2011 2226 et
2044 2172 2159 2229 haec

561 2244 746 2307 facere
773 2264 880 2305 non
903 2252 1151 2320 quiescit,
1186 2254 1239 2312 id
1276 2257 1498 2330 quidem
1523 2261 1666 2328 quod
1703 2263 2038 2320 extrinsecus
2076 2276 2193 2322 cst:-

561 2351 661 2403 per
679 2341 1128 2405 resurrectionem
1150 2359 1214 2403 ac
1239 2347 1651 2417 respirationem
1680 2349 1751 2405 ad
1773 2366 1893 2408 sese
1915 2354 2155 2419 trahens,

558 2431 702 2501 quod
731 2442 911 2490 autem
941 2437 1142 2495 circum
1180 2456 1239 2497 se
1267 2449 1370 2510 est,
1402 2458 1497 2513 per
1532 2449 1985 2517 compressionem
2031 2451 2160 2521 ipsis

559 2524 772 2581 arteriis
800 2527 1148 2597 interserens,
1181 2533 1326 2602 quod
1357 2534 1486 2589 mibi
1515 2535 1728 2592 videtur
1765 2547 1821 2593 et
1851 2539 2157 2609 lmjusmodi

556 2617 842 2683 spontanei
870 2614 1028 2677 ﬂatus
1067 2620 1204 2677 hanc
1239 2624 1392 2679 nobis
1433 2640 1651 2681 causam
1696 2628 1814 2684 sine
1852 2631 2158 2686 cessatione

2262 1992 2444 2037 tamen
2474 1989 2534 2036 ut
2560 1978 2888 2050 copulentur
2917 1976 3168 2044 invicem,
3202 1983 3257 2029 et
3280 1989 3386 2029 uno
3407 1973 3620 2027 aditus
3654 1986 3758 2025 ore
3777 1969 3901 2024 clau-

2259 2078 2475 2131 dantur.
2512 2072 2665 2128 Unde
2716 2072 2807 2126 ille
2847 2068 3061 2139 quidem
3105 2082 3262 2133 escze,
3296 2066 3383 2121 hic
3427 2073 3644 2120 autem
3690 2062 3903 2132 spiritui

2262 2171 2532 2238 ingressus
2572 2163 2819 2228 eflicitur,
2871 2161 2965 2221 sed
3018 2160 3069 2214 in
3112 2160 3234 2213 altis
3285 2156 3543 2213 eﬂicitur
3599 2153 3899 2210 recessibus

2258 2262 2553 2327 viscerum,
2589 2254 3062 2328 nequaquam'istc
3090 2250 3494 2321 coniugationis
3530 2248 3737 2303 aditus
3781 2261 3898 2309 con,

2259 2362 2441 2409 serius
2462 2368 2560 2423 per
2587 2350 2767 2405 omnia
2790 2355 3121 2419 perseverat.
3155 2360 3279 2399 nam
3312 2346 3364 2398 in
3388 2342 3590 2399 inedio
3620 2341 3896 2409 utriusque

2260 2442 2367 2498 fine
2393 2458 2486 2497 cor
2502 2442 2770 2511 positum.
2807 2434 2897 2493 ille
2927 2436 3143 2507 quidem
3169 2434 3409 2489 afﬂatum
3453 2434 3603 2489 hinc
3660 2429 3893 2495 alterad

2262 2536 2626 2607 recipiendum
2659 2534 2837 2592 cibum
2871 2530 3075 2596 tribuit,
3107 2528 3417 2584 facultatem
3445 2527 3567 2595 sui,
3604 2532 3744 2596 apte
3776 2537 3891 2577 vero

2259 2638 2450 2687 natura
2503 2627 2658 2696 ignea
2719 2624 3002 2681 materiam
3058 2636 3218 2690 quam
3276 2626 3575 2674 consumat
3644 2615 3886 2687 inquirit,

550 2705 872 2773 subsistere.
902 2707 1059 2782 Stepe
1086 2712 1316 2786 denique
1346 2732 1500 2772 mens
1530 2718 1582 2772 in
1614 2718 1731 2776 aliis
1772 2733 2069 2793 occupatur
2103 2714 2265 2789 eras’
2259 2718 2405 2790 quod
2434 2717 2598 2774 etiam
2628 2716 2771 2771 circa
2811 2714 3056 2769 ciborum
3085 2719 3452 2781 susceptorem
3479 2718 3756 2785 ventrem
3798 2722 3886 2761 ne-
4004 2754 4005 2817 ι

557 2799 871 2857 omnimodo
895 2804 1251 2872 conquiescit,
1277 2806 1330 2861 in
1351 2822 1599 2877 somnum
1633 2826 1865 2883 corpore
1891 2814 2154 2881 resoluto,

552 2888 715 2947 ﬂatus
746 2898 925 2950 tamen
953 2894 1043 2966 qui
1079 2893 1295 2955 ducitur
1318 2912 1387 2955 ex
1426 2915 1552 2956 aere
1589 2903 1875 2972 quiescere
1918 2920 2025 2959 non
2068 2922 2159 2976 po-

555 2991 683 3052 test,
722 3000 823 3042 ncc
858 2987 1249 3063 aliquantulum
1295 2992 1533 3070 quidem,
1565 3006 1899 3067 cooperante
1944 2999 2000 3055 in
2052 2998 2157 3054 boc

554 3076 728 3146 ipsum
773 3088 1086 3148 spontanea:
1133 3083 1426 3145 voluntatis
1470 3087 1715 3142 arbitrio.
1764 3088 1972 3159 Opinor
2013 3089 2156 3147 enim

554 3167 682 3237 quia
720 3183 818 3225 cor
854 3170 1112 3240 pulmone
1164 3175 1515 3233 convolutum
1561 3186 1724 3248 atque
1765 3179 2155 3234 circumdatum

549 3273 621 3316 ex
644 3258 930 3327 posteriori
958 3262 1039 3315 sui
1061 3270 1213 3332 parte
1244 3265 1689 3334 respirationibus
1710 3276 1765 3322 et
1793 3270 2153 3339 compressio-

554 3348 713 3413 pibus
740 3351 851 3405 suis
895 3352 1198 3408 membrum
1227 3364 1464 3422 moveat,
1496 3366 1553 3411 et
1581 3359 1961 3415 attractionem
2013 3361 2154 3415 aeris

554 3440 1006 3511 emissionemque
1030 3444 1129 3512 ipsi
1153 3445 1394 3513 pulmoni
1421 3448 1775 3515 machinctur,
1807 3449 1899 3518 qui
1936 3451 2151 3506 rarissi-

555 3546 675 3591 mus
702 3540 864 3602 atque
891 3535 1212 3593 multicavus
1237 3538 1418 3593 omnia
1462 3553 1559 3593 sua
1588 3540 1751 3596 veluti
1782 3541 2043 3597 foramina
2086 3542 2155 3599 ad

553 3626 777 3690 fundum
803 3637 967 3698 atque
988 3633 1350 3690 summitatem
1397 3634 1609 3691 arteria:
1638 3633 1904 3704 patefacta
1934 3636 2151 3700 retinet,
2178 3650 2203 3695 ei

551 3729 608 3776 et
635 3730 945 3781 eoarctatus
969 3724 1183 3793 quidem
1213 3727 1522 3782 necessario
1549 3728 1793 3798 spiritIn
1824 3730 1917 3799 qui
1962 3730 2015 3789 in
2044 3730 2155 3785 suis

552 3812 756 3875 residet
784 3814 977 3879 tinibus
998 3816 1165 3884 elicit,
1201 3817 1399 3874 cedens
1444 3827 1623 3879 autem
1654 3827 1815 3896 atque
1845 3836 2150 3897 rarescens,

552 3919 844 3975 rursusque
864 3906 1142 3963 attrahens
1173 3922 1352 3963 aerem
1381 3924 1482 3980 per
1508 3910 1820 3969 distantiam
1866 3920 2151 3981 movetur;

550 4008 608 4057 et
636 4001 795 4072 hujus
823 4019 934 4063 non
950 4001 1269 4058 voluntaria:
1298 4004 1670 4075 respirationis
1698 4007 1813 4061 haec
1840 4021 2000 4061 causa
2043 4013 2147 4073 est,

550 4093 697 4162 quod
738 4093 791 4149 id
819 4093 964 4163 quod
1000 4094 1055 4155 in
1092 4094 1249 4157 nobis
1279 4096 1494 4163 igneum
1536 4105 1620 4153 est
1674 4106 1837 4168 atque
1884 4096 2149 4155 fervidum
2166 4112 2221 4169 ψ
2258 4108 2505 4171 tempore
2546 4098 2723 4154 cibum
2765 4095 2818 4149 in
2860 4091 3158 4148 visceribus
3194 4093 3419 4154 retinet,
3452 4091 3528 4145 uti
3580 4106 3653 4146 ne
3707 4094 3848 4144 recto

549 4183 790 4253 quietum
819 4199 939 4245 esse
968 4200 1075 4241 non
1100 4186 1289 4257 possit.
1321 4186 1457 4242 Nam
1483 4188 1610 4258 quia
1632 4190 1906 4260 proprium
1954 4189 2152 4246 caloris

549 4282 634 4329 est
662 4275 904 4346 operatio
931 4285 1129 4345 motus,
1154 4276 1314 4359 hujus
1333 4287 1513 4334 autem
1542 4279 1865 4351 principium
1901 4281 1955 4336 in
1983 4282 2147 4339 corde

550 4383 672 4427 esse
700 4370 1089 4439 perspeximus,
1133 4379 1194 4428 ut
1231 4358 1379 4442 quod
1423 4373 1551 4443 juge
1599 4374 1654 4429 in
1696 4374 1801 4429 hoc
1840 4374 2148 4443 agitationis

548 4469 653 4527 est,
685 4460 1073 4517 indesinentem
1099 4464 1241 4518 aeris
1269 4467 1649 4521 attractionem
1687 4465 2145 4536 emissionemque

549 4650 738 4705 contra
776 4652 1022 4707 naturam
1046 4646 1197 4705 calor
1215 4648 1499 4715 excrescit,
1532 4648 1689 4703 ﬂatus
1717 4664 1904 4705 eorum
1933 4651 2022 4719 qui
2062 4650 2144 4706 fe-

546 4735 944 4801 bribuscreber
981 4736 1233 4807 efficitur,
1260 4740 1429 4796 veluti
1475 4751 1803 4813 properante
1851 4742 2015 4799 corde
2057 4761 2147 4802 su-

546 4830 877 4901 perpositatn
902 4832 1004 4887 sibi
1033 4831 1300 4888 ﬂammam
1323 4834 1450 4893 novi
1494 4836 1714 4906 spiritus
1740 4836 2146 4894 continuatione

546 4924 889 4993 restringere.
913 4924 1020 4981 Sed
1041 4927 1295 4995 quoniam
1324 4928 1665 4999 pauperrima
1686 4928 1930 4998 quzcdam
1962 4937 2145 4986 nostra

546 5026 739 5073 natura
764 5024 869 5087 est,
900 5026 955 5074 et
980 5019 1229 5077 omnibus
1250 5035 1372 5092 quas
1399 5020 1465 5075 ad
1505 5036 1655 5077 suam
1703 5022 2144 5078 constitutionem
2166 5034 2231 5089 :le

543 5113 817 5182 pertinent
843 5113 1106 5184 indigens,
1141 5130 1247 5191 non
1276 5115 1451 5171 solum
1481 5117 1683 5187 proprii
1711 5118 1853 5174 aeris
1882 5133 1946 5173 ac
1981 5117 2143 5187 spiri-

545 5216 632 5263 tus
659 5207 941 5278 penuriam
974 5208 1176 5278 patitur
1214 5208 1360 5279 (nam
1392 5204 1549 5264 ﬂatus
1589 5210 1679 5279 qui
1710 5210 1947 5266 calorem
1997 5209 2144 5263 fovet

544 5298 835 5362 internum,
860 5299 926 5355 ad
955 5298 1201 5356 animalis
1222 5300 1903 5371 conservationemjugiter
1932 5300 2142 5356 extrin-

544 5402 703 5443 secus
731 5388 944 5457 inﬂuit),
996 5390 1089 5445 sed
1124 5390 1289 5445 etiam
1336 5390 1714 5447 alimentorum
1754 5390 1991 5447 subsidia
2023 5406 2141 5459 qua:

2244 4466 2418 4537 jecori
2473 4463 2709 4521 maxime
2764 4462 2963 4520 caloris
3005 4460 3319 4531 coeperatio
3367 4474 3486 4514 esse
3541 4454 3843 4516 necessaria

549 4565 647 4619 per
667 4548 901 4607 cilicium
929 4553 1200 4623 pulmonis
1228 4564 1507 4625 operatur,
1539 4565 1829 4627 propterea
1856 4558 1901 4613 si
1928 4560 2178 4627 quando‘t
2196 4564 2237 4619 ξ’
2252 4558 2535 4630 probatur,
2566 4564 2626 4611 ut
2649 4556 2845 4609 lmmor
2874 4559 3179 4607 verteretur
3210 4552 3261 4606 in
3286 4550 3621 4619 sanguinem,
3644 4551 3744 4605 hoc
3762 4560 3841 4603 au.
3896 4538 3905 4555 “’

2260 2812 2499 2870 cessario
2531 2807 2806 2881 producit.
2831 2805 2887 2861 ln
2919 2812 3179 2876 quantum
3220 2818 3453 2873 namque
3502 2805 3716 2873 igneus
3757 2798 3881 2854 vici-

2259 2904 2431 2959 nitate
2463 2901 2661 2957 caloris
2689 2897 2938 2962 efficitur,
2963 2897 3015 2952 in
3046 2903 3253 2951 tantum
3285 2895 3453 2963 magis
3482 2894 3656 2949 cibos
3688 2891 3781 2962 qui
3808 2904 3881 2945 ca-

2260 2998 2429 3054 iorem
2463 2995 2701 3051 nutriant
2728 3006 2945 3067 semper
2965 2990 3227 3061 exposcit,
3255 2987 3421 3057 Hujus
3443 2996 3642 3043 autem
3669 2982 3875 3040 deside-

2258 3089 2400 3157 rium
2455 3085 2842 3155 congruentius
2908 3082 3207 3153 appetitum
3285 3094 3571 3134 vocamus.
3633 3076 3696 3132 Si
3757 3088 3876 3134 vero

2212 3200 2227 3233 τ
2260 3181 2616 3236 sufficientem
2649 3177 2934 3233 materiam
2964 3182 3152 3234 venter
3178 3172 3468 3246 acceperit,
3505 3186 3620 3227 nec
3652 3169 3735 3225 sic
3763 3164 3870 3236 qui«

2261 3272 2381 3327 dem
2414 3271 2550 3341 ignis
2571 3268 2814 3340 Operatio
2845 3265 3201 3335 conquiescit.
3240 3258 3373 3318 Nam
3406 3260 3871 3332 quemadmodum

2263 3364 2317 3418 in
2360 3360 2681 3421 conﬂatorio
2707 3357 3156 3414 coadunationem
3183 3353 3469 3424 quamdam
3497 3355 3676 3408 totius
3716 3359 3866 3405 mate-

2259 3456 2353 3510 rne
2380 3452 2608 3525 perﬂcit,
2641 3451 3025 3517 resolvensqma
3055 3447 3299 3502 universa
3327 3455 3487 3514 atque
3511 3441 3863 3514 permiscens,

2257 3546 2423 3603 veluti
2452 3543 2787 3601 excolatorio
2812 3539 3044 3610 quodam
3082 3537 3149 3594 ad
3188 3536 3584 3605 subsequentes
3632 3530 3862 3589 refundit

2218 3628 2453 3704 b’adittts,
2506 3636 2630 3691 dein
2677 3633 3003 3703 grossiorem
3026 3639 3232 3700 partem
3263 3644 3293 3681 a
3321 3625 3624 3683 sinceriore
3668 3624 3861 3679 discer-

2257 3746 2411 3794 nens,
2455 3727 2755 3789 tenuiorem
2803 3722 3020 3797 quidem
3061 3718 3413 3777 substantiam
3457 3732 3557 3788 per
3602 3713 3856 3786 quosdam

2257 3824 2503 3882 tramites
2532 3820 2596 3879 ad
2623 3818 2820 3889 iecoris
2849 3815 3063 3870 deducit
3113 3814 3409 3883 ingressus,
3442 3812 3694 3870 limosam
3735 3820 3857 3863 vero

2257 3916 2619 3973 faceulentiam
2654 3912 2719 3967 ad
2752 3912 2971 3967 latiores
3017 3908 3394 3963 intestinorum
3442 3906 3625 3962 aditus
3675 3901 3849 3969 tradit,

2255 4023 2415 4079 quam
2447 4004 2836 4077 multiplicibus
2864 4000 3222 4056 voluminibus
3268 4014 3492 4054 versans
3529 4014 3644 4053 non
3694 4008 3850 4067 parvo

2254 4207 2416 4249 cursu
2443 4189 2650 4245 facilius
2678 4185 2889 4258 pulsum
2914 4200 3043 4240 mox
3075 4183 3272 4244 animal
3319 4183 3622 4256 appetitum
3664 4176 3845 4237 edendi

2252 4289 2614 4348 commoveat,
2640 4288 2697 4336 et
2719 4280 2875 4351 juxta
2905 4285 3153 4333 naturam
3196 4275 3681 4343 irrationabilium,
3726 4286 3848 4329 nun-

2250 4391 2412 4447 quam
2442 4374 2605 4430 homo
2635 4372 2701 4427 ab
2729 4372 2832 4426 hac
2853 4369 3210 4440 occupatione
3233 4368 3475 4427 desistat.
3501 4365 3568 4421 Et
3594 4364 3843 4439 quoniam

2254 4660 2360 4707 tem
2390 4647 2687 4703 membrum
2727 4661 2757 4701 a
2786 4644 2950 4701 corde
2990 4643 3143 4714 juxta
3190 4643 3516 4714 positionem
3561 4635 3841 4697 intervallo

2252 4757 2360 4796 non
2384 4738 2607 4797 minimo
2635 4737 2942 4807 disparatur
2991 4734 3115 4804 (nec
3138 4734 3338 4791 etenim
3380 4750 3504 4790 reor
3536 4732 3699 4789 fuisse
3724 4742 3840 4800 posv

2249 4832 2405 4890 sibile
2447 4839 2506 4885 ut
2559 4829 2881 4901 principium
2934 4827 3206 4897 quoddam
3261 4836 3427 4896 atque
3473 4826 3624 4881 radix
3674 4818 3840 4879 vitalis

2249 4925 2506 4997 potentia:
2556 4923 2775 4979 alterius
2814 4928 3195 4991 angustaretur
3238 4921 3517 4976 vicinitate
3548 4912 3833 4991 principii),

2250 5032 2318 5072 ne
2359 5015 2488 5086 quid
2522 5028 2700 5070 tamen
2729 5014 2780 5069 in
2811 5012 3213 5082 dispensatione
3244 5012 3488 5083 corporis
3518 5027 3614 5081 per
3655 5010 3836 5065 distan-

2250 5109 2379 5165 tiam
2408 5107 2597 5163 calidre
2642 5105 2957 5163 substantia:
2997 5112 3333 5177 peccaretur,
3362 5113 3560 5159 trames
3590 5112 3834 5159 nervosus

2249 5214 2410 5269 quem
2441 5197 2697 5258 arteriam
2721 5197 2775 5260 bi
2805 5196 2898 5269 qui
2928 5196 3070 5251 circa
3100 5196 3254 5250 istam
3283 5204 3407 5250 sunt
3434 5195 3722 5265 prudentes
3742 5206 3832 5261 ap-

2247 5292 2471 5362 pellant,
2502 5290 2778 5360 excipiens
2807 5303 2837 5342 a
2870 5287 3035 5344 corde
3056 5286 3351 5348 ferventem
3379 5288 3623 5358 spiritum
3652 5281 3830 5356 perduv

2249 5384 2319 5439 cit
2345 5382 2410 5437 ad
2429 5382 2602 5451 jecur,
2638 5381 2853 5452 illicque
2876 5378 3031 5449 juxta
3063 5379 3262 5434 aditum
3294 5394 3401 5448 quo
3445 5377 3663 5434 humida
3707 5370 3829 5429 reci-

543 5482 786 5551 corporis
815 5484 1023 5553 pondus
1062 5483 1319 5553 allevent,
1362 5485 1599 5540 exterius
1644 5485 1747 5541 sibi
1790 5476 2467 5556 provideiiterfg’piuntur
2505 5473 2776 5540 adnexus,
2823 5480 2879 5528 et
2926 5469 3245 5527 calefaciens
3287 5469 3531 5526 eamdem
3571 5465 3828 5556 humidam

542 5575 934 5642 accommodat,
986 5576 1186 5633 idcirco
1236 5578 1373 5633 cibis
1430 5585 1487 5634 et
1535 5577 1752 5649 potibus
1788 5574 2138 5645 indigentiam

542 5680 696 5720 suam
744 5667 997 5737 supplere
1044 5669 1353 5734 contendit,
1410 5668 1788 5739 appetitoriam
1847 5666 2136 5736 quamdam

540 5761 651 5817 vim
691 5760 807 5829 ejus
852 5762 931 5816 rei
971 5777 1091 5832 qua:
1135 5762 1309 5832 deest,
1350 5772 1406 5818 et
1445 5763 1808 5833 expulsoriam
1855 5759 1972 5829 ejus
2017 5774 2138 5829 qua:

543 5850 823 5924 superﬂuit
853 5854 1172 5923 corporibus
1194 5855 1454 5917 inserens,
1480 5869 1579 5909 nec
1608 5854 2007 5923 minimamper
2032 5851 2136 5905 hoc

542 5952 748 6007 natura:
786 5945 1220 6015 cooperationem
1267 5947 1335 6001 ad
1386 5946 1671 6002 foveti'um
1722 5947 1899 6001 cordis
1949 5945 2211 5999 incert-tr"

2246 5567 2624 5629 substantiam,
2641 5563 2840 5637 aliquid
2862 5563 2913 5620 ei
2934 5563 3251 5619 continuato
3273 5562 3451 5618 calore
3475 5561 3625 5627 igniti
3646 5552 3829 5629 vigoris

2244 5660 2536 5718 interserit.
2562 5658 2699 5714 Hinc
2722 5656 2932 5729 species
2952 5656 3225 5725 sanguinis
3246 5654 3411 5710 rubro
3432 5653 3612 5710 calore
3636 5661 3826 5719 resperc

2242 5754 2401 5821 gitur,
2428 5752 2625 5809 exinde
2663 5766 2795 5805 vero
2826 5750 3059 5804 connexi
3088 5747 3286 5817 gemini
3331 5747 3547 5816 quidem
3598 5744 3747 5801 rivuli
3776 5740 3823 5795 in

2244 5846 2459 5911 modum
2507 5842 2803 5896 fistularum
2851 5841 3126 5911 proprium
3168 5840 3361 5909 singuli
3407 5846 3702 5909 receptant,
3747 5832 3825 5888 ille

2243 5936 2460 6008 quidem
2508 5932 2778 6004 Spiritum,
2834 5933 2917 5987 llic
2947 5944 3125 5987 autem
3156 5930 3490 6001 sanguinem,
3524 5946 3631 6000 quo
3684 5928 3821 5996 lapsu
