4060 6364
267 385 382 440 αδδ

1073 370 1254 425 ιωηι
1295 369 1381 423 DE
1418 363 1807 425 CREATIONE
1847 357 2124 419 HOMINIS
2162 360 2745 419 INTERPRETATIO.

3464 357 3566 413 406

269 496 419 551 faeili
461 491 677 551 humida
725 484 1021 545 substantia
1067 492 1214 538 motu
1261 482 1459 536 caloris
1486 486 1773 536 ‘excurrat.
1804 475 1872 529 Et
1900 474 1951 534 Α
1977 482 2157 530 autem
2186 484 2241 530 et
2262 476 2390 545 piris
2416 474 2752 529 dulcedinem
2786 475 2968 541 refert,
3002 487 3100 531 nec
3128 491 3232 528 non
3270 491 3366 545 per
3406 486 3570 528 mem

270 594 522 646 recreato
557 602 655 657 per
682 590 854 638 totum
882 592 1132 647 corpore,
1163 575 1534 645 multipliciter
1561 570 1874 627 disseminc-

271 693 366 738 tur
393 682 449 736 in
478 680 632 751 plura
657 675 951 731 rivulorum
980 671 1265 742 principia,
1290 684 1409 739 qua:
1437 676 1566 724 sunt
1592 682 1691 739 per
1714 680 1876 720 omne

272 787 479 841 corpus
506 770 747 835 inscissa,
778 764 1041 836 permixta
1066 778 1197 818 vero
1224 761 1383 816 simul
1408 760 1650 815 vitalium
1678 768 1875 829 poten-

1975 568 2185 637 botrus,
2234 576 2291 622 et
2318 583 2383 623 ex
2425 582 2491 622 eo
2526 568 2709 622 vinum
2745 567 2949 632 defluit,
3000 575 3057 622 ct
3104 566 3232 622 mali
3275 582 3484 633 succus,
3517 576 3574 621 et

1977 676 2115 716 rosae
2142 660 2326 726 rubor,
2358 660 2666 728 cautiorque
2713 660 2831 728 lilii,
2874 669 2925 714 et
2972 658 3127 714 violm
3156 658 3465 721 etcruleum,
3514 667 3573 713 ct

1976 751 2340 822 hyacinthina:
2385 751 2743 821 tineturmque
2792 767 3159 821 purpureum,
3229 758 3283 805 et
3326 750 3573 805 universa

279 838 481 920 tiaram
510 860 620 916 duo
647 858 929 930 principia,
961 855 1076 909 sive
1116 852 1263 923 quod
1302 851 1558 915 calorem,
1589 864 1686 905 seu
1726 838 1952 918 quods’
1978 857 2314 912 qumcunque
2343 859 2409 897 ex
2441 859 2550 899 uno
2578 842 2877 909 eodemque
2908 842 3131 896 humore
3160 842 3227 896 de
3256 851 3397 896 terra
3443 840 3574 896 oriri

275 962 564 1018 humorem
595 972 693 1027 per
709 969 909 1024 corpus
928 951 1124 1019 ubique
1146 946 1467 1011 diffundunt,
1492 945 1640 999 velut
1662 940 1879 1011 aliquod
1938 956 1943 959 ·
1980 936 2360 1005 conspicimus,
2395 935 2447 989 in
2481 942 2657 990 tantas
2679 934 3007 990 differentias
3048 934 3201 1004 juxta
3249 933 3475 989 formam
3523 942 3580 988 et

277 1049 511 1119 vectigal
539 1026 607 1103 de
644 1046 756 1103 suis
799 1042 1183 1103 necessarium,
1215 1039 1373 1108 eique
1412 1034 1779 1106 principaliter
1826 1032 1879 1086 in
1980 1029 2213 1098 speciem
2257 1027 2680 1099 qualitatemque
2729 1030 3031 1082 vertuntur.
3078 1026 3206 1082 Tale
3253 1026 3381 1097 quid
3420 1034 3477 1081 et
3526 1028 3578 1081 in

287 1116 587 1210 vitali‘jugo
614 1137 914 1210 praeminet,
937 1133 1329 1189 administrant.
1363 1129 1489 1185 Hmc
1513 1136 1691 1183 autem
1721 1127 1801 1181 vis
1824 1127 1879 1180 in
1983 1127 2171 1173 nostro
2201 1119 2306 1174 hoc
2335 1120 2572 1173 animato
2602 1132 2732 1186 agro
2762 1117 3080 1173 mirabiliter
3111 1136 3141 1172 a
3174 1130 3360 1173 natura
3400 1116 3580 1190 perfe-

281 1206 849 1292 menvbranis'cerebri
873 1242 994 1283 esse
1018 1223 1367 1294 conspicitur,
1400 1236 1469 1277 ex
1495 1235 1602 1291 qua
1639 1218 1879 1273 omnium
1983 1220 2127 1267 ctum
2155 1218 2256 1273 est,
2302 1210 2412 1266 imo
2459 1210 2639 1280 potius
2677 1225 2709 1265 a
2756 1209 2983 1265 Domino
3034 1206 3328 1264 formatore
3377 1217 3580 1263 natura:

284 1334 469 1382 motus
517 1321 871 1378 articulorum
917 1316 1263 1385 conglobatio
1310 1314 1584 1383 totiusque
1649 1309 1952 1370 ultronei.-3
1985 1311 2204 1370 nostra},
2228 1317 2348 1357 ossa
2378 1303 2613 1369 scilicet,
2639 1302 2919 1372 cartilago,
2951 1318 3118 1365 venzc,
3144 1317 3172 1354 a
3209 1302 3380 1367 lt'l'ltlf,
3406 1302 3581 1369 nervi,

283 1417 509 1487 spiritus
531 1392 683 1484 vigor
707 1412 931 1480 singulis
952 1409 1207 1465 membris
1227 1408 1500 1477 inspersos
1524 1402 1798 1460 efﬁcacem
1821 1417 1885 1456 ac
1946 1424 1947 1427 η
1980 1396 2271 1467 junctum,
2301 1409 2449 1458 caro,
2491 1394 2650 1457 cutis,
2695 1394 2901 1459 arvina,
2961 1392 3202 1459 musculi,
3235 1384 3436 1463 capilli,
3485 1409 3584 1448 un-

281 1486 409 1563 sese
439 1513 746 1561 moventem
769 1513 1040 1562 terrenam
1071 1509 1309 1555 nostram
1348 1507 1580 1555 statuam
1611 1511 1679 1551 ex
1708 1495 1884 1564 aliqua
1976 1503 2137 1559 gues,
2167 1489 2331 1556 oculi,
2362 1504 2540 1553 nares,
2586 1501 2851 1556 auresque
2891 1497 2949 1542 et
2998 1486 3246 1541 universa
3294 1486 3440 1541 mille
3489 1501 3595 1561 per,

284 1597 690 1654 machinatione
751 1596 1107 1649 demonstrat.
1162 1591 1294 1646 Nam
1369 1589 1566 1644 caloris
1609 1586 1753 1656 quod
1803 1593 1889 1640 est
1990 1584 2106 1638 base
2132 1583 2236 1637 alia
2261 1581 2484 1638 diversis
2506 1580 2922 1652 preprictatibus
2952 1578 3019 1633 ab
3052 1578 3583 1648 inviccmscparata,

287 1688 721 1753 mundissimum,
750 1694 802 1741 et
826 1684 1068 1739 humoris
1094 1682 1240 1753 quod
1264 1681 1632 1736 tenuissimum
1663 1684 1766 1740 est,
1790 1690 1889 1747 per
1993 1691 2097 1730 una
2144 1674 2355 1745 species
2400 1674 2664 1739 alimenti,
2691 1674 2845 1743 juxta
2886 1682 3091 1728 natura:
3137 1688 3247 1728 sua:
3282 1670 3559 1726 similitudi

286 1789 577 1850 utramque
598 1779 707 1834 vim
736 1777 1069 1835 admixtione
1109 1774 1339 1846 quadam
1385 1787 1449 1830 ae
1497 1758 1961 1841 temperatione";
1993 1785 2118 1825 nem
2149 1771 2498 1835 nutrimenta,
2544 1768 2617 1823 ita
2666 1776 2723 1823 ut
2760 1766 3018 1837 subjectis
3060 1766 3282 1836 singulis
3324 1763 3589 1820 accedens

288 1872 597 1928 coadunata
626 1868 906 1925 cerebrum
935 1869 1177 1923 nutriunt
1203 1882 1266 1923 ac
1293 1866 1567 1921 reforvent
1593 1878 1690 1934 per
1719 1874 1887 1931 vapo-
1922 1854 1971 1915 Β
1996 1862 2334 1930 alimentum,
2361 1862 2661 1930 cuicunque
2692 1859 2933 1915 membzo
2960 1858 3420 1931 propinquaverit,
3437 1857 3589 1927 juxta

290 1980 403 2030 res,
435 1980 501 2019 ex
548 1978 657 2032 quo
686 1977 871 2018 rursus
908 1961 975 2016 ad
1021 1960 1074 2016 id
1114 1959 1259 2029 quod
1304 1966 1388 2014 est
1413 1956 1598 2029 purius
1634 1953 1893 2011 exhalitio

292 2067 516 2115 tenuata
549 2065 807 2128 perunget
838 2055 1112 2120 membra;
1144 2068 1268 2108 nam
1315 2051 1405 2106 illa
1452 2049 1679 2106 cerebro
1719 2048 1895 2103 conti-

292 2162 514 2215 nentur,
543 2162 661 2220 quat
686 2148 851 2203 etiam
884 2144 951 2201 de
977 2143 1348 2215 superioribus
1381 2142 1435 2196 in
1478 2138 1799 2212 profundum
1839 2137 1894 2193 in

295 2242 517 2298 modum
543 2240 730 2295 listuke
757 2239 1088 2309 pertingens,
1130 2245 1186 2292 et
1215 2252 1311 2307 per
1351 2234 1658 2304 juncturam
1706 2245 1953 2289 cense-Ns

294 2345 527 2404 quentes
553 2348 674 2388 sese
700 2341 867 2403 atque
892 2330 1147 2385 insertam
1196 2329 1296 2384 sibi
1340 2324 1631 2383 medullam
1674 2338 1897 2396 prorsus

297 2424 620 2489 extendens,
662 2424 714 2479 in
743 2424 903 2478 tinem
950 2422 1116 2477 totius
1163 2421 1333 2492 Spinaa
1378 2420 1523 2475 dorsi
1566 2418 1780 2483 desiuit,
1832 2432 1897 2473 ac

297 2516 495 2573 deinde
522 2516 732 2573 ossibus
760 2525 923 2584 atque
970 2515 1149 2570 nervis
1189 2529 1289 2568 nec
1328 2528 1434 2567 non
1480 2524 1803 2582 compagum
1833 2526 1899 2566 ac

302 2609 658 2664 medullarum
701 2607 975 2678 principiis
1003 2607 1167 2663 veluti
1216 2606 1431 2676 quidam
1481 2606 1664 2673 auriga
1710 2602 1901 2673 prmsi-

301 2701 461 2766 dens,
499 2700 725 2772 singulis
754 2701 819 2755 ad
842 2701 1131 2755 stationem
1164 2698 1243 2753 vel
1274 2706 1479 2752 motum
1512 2699 1767 2752 virtutem
1798 2696 1901 2751 im-

284 2803 601 2867 petumque
642 2791 885 2861 largitur.
930 2790 1135 2846 Idcirco
1182 2790 1313 2846 mibi
1361 2791 1575 2845 videtur
1608 2796 1664 2845 et
1703 2788 1903 2845 certius

303 2886 581 2956 accepisse
604 2884 899 2940 munimen.
931 2882 1063 2938 Nam
1094 2883 1147 2938 in
1167 2884 1345 2954 capite
1364 2883 1577 2953 quidem
1602 2882 1903 2953 duplicibus

303 2979 517 3037 ossibus
545 2978 803 3051 probatur
827 2993 949 3034 esse
969 2977 1321 3046 circumdata,
1354 2979 1405 3033 in
1436 2978 1589 3034 nodis
1614 2984 1795 3034 autem
1818 2977 1905 3033 vel

306 3070 363 3126 in
386 3070 694 3126 eminentiis
734 3076 1008 3125 costarum
1045 3076 1207 3138 atque
1248 3068 1630 3138 multiplicibus
1661 3070 1750 3123 vix
1797 3069 1907 3124 for-

1996 1954 2125 2009 illud
2155 1954 2317 2010 etiam
2341 1960 2721 2015 commutatur,
2750 1951 3129 2020 propriamque
3155 1957 3459 2005 consertam
3484 1949 3589 2004 vim

1993 2048 2078 2104 sui
2108 2047 2309 2117 vigoris
2356 2045 2687 2116 impartiens.
2731 2042 2787 2099 Si
2829 2044 2972 2099 enim
3026 2042 3090 2096 ad
3141 2028 3422 2098 oculorum
3474 2041 3590 2096 loca

1994 2142 2320 2214 pervenerit,
2346 2156 2533 2197 eorum
2566 2141 2680 2195 usui
2708 2147 3061 2210 temperatur,
3091 2146 3146 2193 et
3192 2128 3343 2207 erga.
3367 2138 3566 2210 pupilla

1996 2252 2114 2293 rum
2145 2236 2355 2292 tunicas
2392 2235 2786 2306 palpebrasqnc
2832 2232 3105 2288 dividitur.
3152 2230 3212 2286 Si
3255 2231 3468 2287 auditus
3509 2231 3594 2286 iu-

1997 2327 2230 2393 tluxerit,
2261 2326 2469 2381 aurium
2497 2336 2704 2381 natum:
2731 2342 2826 2396 pro
2845 2342 2941 2380 sna
2967 2325 3226 2396 qualitate
3252 2324 3524 2388 miscetur,
3542 2332 3593 2379 rt

1998 2426 2064 2481 ad
2086 2426 2236 2481 labra
2260 2425 2483 2480 veniens
2512 2421 2744 2478 cflicitnr
2774 2422 3007 2490 labrum,
3030 2429 3085 2477 et
3113 2421 3166 2475 in
3198 2434 3320 2476 osse
3347 2418 3561 2488 compin
3589 2449 3596 2457 -

1999 2519 2162 2589 gitur,
2220 2525 2274 2572 et
2322 2517 2372 2572 in
2414 2514 2651 2571 medulla
2683 2514 2967 2581 mollescit,
2999 2522 3056 2569 et
3101 2512 3343 2567 firmator
3372 2512 3425 2569 in
3473 2526 3569 2567 uer

2003 2611 2101 2676 vis,
2132 2616 2187 2664 et
2224 2610 2277 2665 in
2308 2604 2593 2679 superficie
2631 2607 2770 2662 cutis
2809 2606 3138 2671 extenditur,
3180 2612 3236 2659 et
3286 2603 3477 2659 transit
3531 2605 3596 2657 ad

1922 2684 1991 2751 «5
2003 2720 2226 2775 ungues,
2258 2711 2313 2759 et
2340 2703 2652 2773 capillorum
2679 2711 2928 2758 exortum
2954 2700 3323 2756 tenuissimum
3362 2713 3457 2769 per
3501 2713 3599 2750 rx-

2003 2796 2308 2851 lialationes
2352 2795 2868 2866 congruentissimas
2911 2792 3136 2864 perlicit,
3169 2808 3287 2864 qua:
3334 2789 3599 2860 siquidem

2004 2906 2102 2962 per
2137 2899 2409 2945 tortuosos
2449 2896 2730 2960 emergunt
2769 2888 2983 2954 aditus,
3033 2888 3331 2956 crispantes
3379 2881 3601 2952 capillos

2007 2984 2346 3055 reﬂexosque
2395 2993 2686 3053 generant;
2734 2984 2780 3038 si
2830 2999 2958 3039 vero
3009 2998 3107 3054 per
3134 2989 3314 3037 rectos
3361 2978 3603 3035 tramites

2008 3098 2269 3153 vaporum
2303 3081 2461 3135 fuerit
2489 3080 2629 3135 facta
2663 3078 2991 3149 progressio,
3023 3075 3267 3147 producti
3317 3073 3494 3145 capilli
3521 3072 3604 3129 di-

308 3176 399 3218 ma
451 3160 915 3234 eomplcxionibus
965 3161 1183 3231 insuper
1219 3160 1365 3216 omni
1395 3160 1687 3215 stabilitate
1724 3175 1933 3221 serva-,z

2012 3176 2254 3245 rectique
2298 3180 2611 3229 nascuntur.
2643 3171 2749 3228 Sed
2789 3172 3015 3227 multum
3044 3186 3075 3225 a
3106 3169 3385 3242 proposito
3423 3183 3602 3224 sermo

309 3262 404 3309 tur
431 3268 529 3323 per
554 3232 795 3309 eamdem
825 3252 1130 3309 custodiam
1174 3267 1280 3323 qua
1319 3252 1630 3307 continetur
1680 3251 1731 3306 id
1761 3251 1908 3322 quod
1936 3232 1981 3294 ε

311 3347 535 3402 tertium
560 3354 642 3401 est
667 3346 936 3401 obtinens.
971 3344 1234 3401 Similiter
1263 3353 1445 3399 autem
1466 3344 1588 3413 quis
1615 3344 1720 3400 hoc
1739 3344 1905 3399 etiam

309 3439 381 3496 de
410 3439 573 3496 corde
594 3439 867 3509 conjiciet,
897 3438 1043 3509 quod
1072 3439 1211 3493 sicut
1237 3439 1479 3510 quzedam
1516 3438 1709 3493 domus
1758 3449 1907 3493 certa

311 3531 457 3587 mole
486 3531 737 3597 solidata,
770 3532 843 3587 ita
871 3547 969 3588 cor
996 3532 1200 3586 ossium
1231 3532 1470 3587 munitur
1488 3532 1908 3601 circumquaque

2013 3278 2197 3326 noster
2223 3268 2483 3325 abductus
2508 3275 2611 3335 est,
2633 3267 2757 3321 dum
2787 3266 2948 3322 altius
2976 3281 3067 3336 opt
3082 3280 3142 3321 ra
3181 3270 3385 3317 natura:
3421 3275 3605 3330 prosc-

2008 3364 2245 3435 quimur.
2279 3362 2461 3417 conati
2489 3360 2794 3417 describere
2840 3359 3073 3429 qualiter
3104 3355 3257 3412 nobis
3290 3363 3346 3410 et
3388 3368 3453 3408 ex
3484 3353 3607 3421 qui-

2010 3459 2111 3513 bus
2139 3462 2392 3513 constaut
2414 3454 2644 3523 singula,
2672 3453 2787 3509 sive
2814 3467 2934 3523 quae
2957 3450 3025 3505 ad
3052 3451 3250 3506 bonam
3281 3446 3469 3511 vitam,
3509 3460 3605 3499 seu

2010 3550 2175 3605 etiam
2205 3563 2539 3620 quaecunque
2566 3561 2687 3602 cum
2714 3546 2798 3601 bis
2826 3545 2929 3599 alia
2951 3544 3105 3614 juxta
3152 3542 3379 3612 primam
3407 3537 3607 3594 seriem

312 3625 591 3697 praesidiis.
619 3624 675 3680 In
700 3625 997 3696 posteriore
1024 3640 1255 3693 namque
1282 3625 1361 3679 sui
1394 3632 1545 3695 parte
1584 3625 1735 3695 spina
1762 3624 1909 3683 dorsi
1932 3632 1997 3681 35
2013 3650 2212 3698 ηοειτω
2275 3640 2557 3714 aiqsionis
2618 3653 2740 3695 esse
2812 3636 3204 3708 perspeximus.
3263 3631 3617 3713 Propositum.

310 3726 373 3776 et
396 3718 629 3787 scapulis
653 3720 903 3787 utrinque
933 3718 1189 3783 vallatur;
1216 3734 1312 3788 per
1338 3726 1564 3787 utraque
1586 3733 1714 3773 vero
1738 3718 1908 3773 latera

313 3819 586 3867 costarum
617 3811 832 3866 vinculo
872 3812 1125 3879 neotitur,
1174 3811 1321 3881 quod
1369 3812 1603 3868 medium
1633 3811 1749 3881 ejus
1795 3826 1911 3865 am-

314 3903 470 3959 biens
492 3904 558 3959 ab
587 3904 733 3959 omni
779 3905 1031 3975 passione
1060 3904 1300 3960 defendit
1326 3923 1341 3972 ;
1366 3907 1417 3959 in
1463 3907 1741 3962 anteriore
1783 3921 1911 3962 vero

316 3996 434 4064 ejus
475 4005 663 4067 pectus
688 4004 745 4052 et
767 3996 977 4068 jugatio
1004 3996 1129 4052 colli
1174 3997 1403 4053 demissa
1433 3997 1669 4053 molliter
1719 3998 1767 4052 ci
1816 4014 1915 4068 per

316 4087 496 4142 omnia
544 4089 814 4142 munimen
857 4088 1096 4159 impertit
1137 4088 1392 4144 adversus
1424 4104 1488 4145 ea
1534 4105 1652 4159 qua:
1690 4099 1915 4160 possunt
1954 4114 1957 4117 ι

318 4180 654 4237 extrinsecus
679 4179 875 4235 inferre
897 4181 1223 4237 molestiam.
1257 4181 1323 4234 Et
1344 4183 1481 4237 sicut
1507 4182 1559 4236 in
1590 4183 1913 4250 agricultura

317 4271 690 4342 perspicimus,
718 4288 839 4327 cum
864 4274 944 4329 vel
976 4272 1177 4329 imbres
1211 4289 1279 4329 ex
1320 4274 1568 4343 nubibus,
1602 4276 1687 4331 vel
1717 4274 1917 4332 fluenta

320 4363 612 4418 rivulorum
642 4364 1003 4420 madefaciant
1044 4365 1095 4420 id
1124 4366 1268 4437 quod
1297 4367 1599 4437 subjectum
1629 4376 1731 4432 est,
1767 4377 1918 4425 ortus

319 4464 499 4511 autem
526 4458 743 4527 quidam
772 4460 1021 4515 relationi
1052 4468 1271 4527 nostrae,
1302 4462 1447 4516 verbi
1478 4464 1678 4531 gratia,
1713 4478 1915 4535 sUppo-

2015 3750 2246 3804 namque
2274 3734 2430 3790 nobis
2457 3743 2577 3788 erat
2603 3729 2889 3787 ostendere
2917 3725 3270 3784 sementinam
3309 3723 3451 3778 hanc
3478 3737 3610 3777 con-

2013 3827 2307 3883 stitutionis
2329 3833 2527 3881 nostra:
2553 3823 2854 3889 materiam,
2888 3834 3061 3890 neque
3090 3820 3465 3887 incorpoream
3491 3828 3611 3870 esse

2016 3920 2272 3984 animam,
2307 3932 2485 3988 neque
2513 3931 2713 3985 corpus
2741 3913 3016 3972 exanime.
3040 3910 3133 3965 sed
3156 3925 3225 3965 ex
3255 3908 3389 3963 vivis
3413 3907 3613 3960 anima-

2018 4012 2195 4081 tisque
2240 4004 2558 4079 corporibus
2588 4007 2766 4087 vivum
2798 4013 2961 4074 atque
2999 4002 3294 4058 animatum
3333 3998 3387 4052 in
3436 3997 3610 4067 prima

2018 4100 2341 4155 formatione
2377 4098 2599 4167 deponi,
2627 4093 2770 4165 quod
2800 4093 3077 4164 excipiens
3120 4091 3353 4145 humana
3398 4093 3614 4152 natura,

2017 4193 2183 4248 veluti
2234 4192 2547 4247 alimentum
2586 4187 2855 4263 quoddam
2894 4185 3149 4242 fomentis
3196 4182 3328 4238 illud
3379 4180 3614 4253 propriis

2020 4284 2471 4353 nutrimentisque
2499 4282 2795 4337 contineat.
2824 4276 2884 4333 Id
2910 4286 3090 4332 autem
3132 4276 3286 4346 juxta
3329 4282 3615 4342 utramque

2020 4386 2231 4449 partem
2278 4382 2642 4445 congruenter
2693 4371 2998 4435 reducetur,
3051 4376 3107 4424 et
3155 4368 3489 4423 incrementa
3535 4364 3613 4420 rei

2020 4472 2297 4541 utriusque
2327 4468 2608 4540 percipiat.
2633 4465 2755 4521 Mox
2779 4481 2877 4538 per
2899 4467 3040 4521 hanc
3069 4460 3414 4518 artificiosam
3452 4467 3616 4530 atque

320 4559 501 4617 natur,
534 4552 626 4620 qui
656 4552 801 4607 mille
829 4554 1171 4609 diversitates
1196 4556 1447 4609 arborum
1486 4555 1916 4627 multiplicesque
1938 4564 2464 4638 ‘Q’disciptiuabilcm
2512 4561 2896 4617 formationem
2930 4566 3241 4615 consertum
3287 4558 3481 4613 anima;
3523 4555 3620 4611 de.

322 4644 532 4711 species
558 4660 744 4700 earum
794 4661 973 4702 rerum
1003 4662 1139 4716 quas
1182 4655 1327 4703 terra
1370 4648 1616 4718 producit
1662 4650 1916 4716 enutriat,

325 4748 554 4800 quarum
583 4745 639 4789 et
659 4736 825 4791 forma
856 4747 911 4792 et
934 4739 1165 4808 qualitas
1191 4741 1497 4811 colorisque
1535 4743 1836 4811 proprietas
1866 4742 1917 4796 in

329 4824 554 4880 multant
582 4828 887 4884 distantiam
926 4834 1043 4902 qua:
1084 4842 1166 4888 est
1204 4835 1257 4889 in
1297 4834 1519 4903 singulis
1548 4835 1915 4905 approbctur:

330 4931 456 4973 cum
490 4918 601 4975 sint
628 4920 784 4987 igitur
810 4937 928 4991 qua:
973 4926 1023 4979 in
1068 4944 1176 4983 uno
1215 4942 1345 4996 agro
1394 4929 1585 4982 humor
1615 4944 1752 4983 unus
1789 4944 1923 4981 enu—

2025 4665 2289 4712 monstrat
2336 4652 2605 4720 effectum,
2658 4654 2711 4708 in
2767 4652 2953 4723 primis
3006 4651 3224 4721 quidem
3267 4656 3616 4720 apparentem

2024 4749 2324 4813 obscurius,
2355 4747 2581 4818 proinde
2613 4762 2733 4802 cum
2776 4743 3118 4801 instrumenti
3146 4740 3481 4821 perfectione
3526 4755 3616 4795 rc-

2025 4839 2318 4905 luccntcm,
2349 4840 2489 4893 sicut
2513 4839 2565 4892 in
2598 4837 2956 4906 sculptoribus
2984 4834 3228 4907 lapidum
3252 4833 3615 4904 pervidemus,

2023 4933 2448 5003 dispositumque
2468 4939 2551 4987 est
2571 4928 2760 4985 artifici
2788 4929 3024 5000 speciem
3048 4926 3394 4999 prteformare
3413 4924 3620 4978 anima-

333 5010 479 5078 triat,
510 5018 569 5065 ut
598 5020 724 5082 puta
753 5014 834 5067 vis
870 5015 969 5070 ista
998 5033 1116 5085 qum
1156 5020 1360 5089 singula
1403 5036 1630 5092 quaeque
1678 5019 2091 5081 madefa-a'oiis
2117 5022 2341 5093 alicujus
2372 5024 2423 5078 in
2454 5021 2649 5093 lapide.
2684 5020 2799 5077 lloc
2826 5030 3005 5077 autem
3044 5020 3136 5090 qui
3174 5016 3473 5089 proposuit,
3504 5016 3620 5083 βτί*

328 5104 478 5159 ciens
502 5105 615 5168 alit,
642 5118 767 5167 una,
790 5106 993 5173 utdixi,
1017 5109 1259 5177 qumdam
1283 5114 1618 5186 simplexque
1646 5115 1696 5168 in
1722 5124 1815 5169 Sua
1834 5132 1924 5169 na-

331 5205 450 5252 tura
479 5206 582 5264 est,
632 5213 818 5253 earum
852 5214 981 5253 vero
1008 5216 1189 5255 rerum
1222 5218 1340 5273 qua:
1389 5208 1696 5261 nutriuntur
1723 5224 1789 5262 ex
1830 5207 1921 5262 illa

331 5289 635 5359 proprietas
657 5289 710 5343 in
739 5290 980 5346 diversas
1015 5291 1225 5360 species
1253 5295 1645 5367 qualitatesque
1691 5315 1922 5354 conver-

331 5382 482 5449 titur,
508 5384 613 5437 hoc
643 5383 816 5452 ipsum
846 5383 1131 5438 amarescit
1158 5384 1209 5437 in
1236 5384 1522 5451 absinthio,
1551 5396 1605 5441 et
1626 5389 1678 5444 in
1707 5406 1924 5446 succum

331 5483 692 5528 commutatur
739 5475 929 5530 cicuta:
974 5473 1328 5544 mortiferum,
1379 5487 1433 5532 et
1472 5478 1523 5532 in
1567 5480 1672 5534 alio
1712 5490 1981 5551 quoquef

335 5565 476 5619 aliud
508 5565 649 5632 facit,
681 5567 735 5622 in
765 5569 1028 5638 balsamo,
1058 5569 1111 5623 in
1135 5584 1327 5636 croco,
1376 5570 1429 5625 in
1461 5586 1749 5641 papavere.
1795 5572 1925 5627 Nam

336 5655 526 5710 borum
548 5657 693 5711 aliud
722 5667 805 5713 est
830 5659 1079 5728 calidum,
1111 5661 1253 5717 aliud
1292 5660 1561 5731 frigidum,
1610 5663 1753 5719 aliud
1798 5680 1929 5721 vero

336 5752 569 5802 mediam
586 5750 870 5818 quamdam
894 5753 1207 5822 qualitatem
1225 5756 1480 5825 possidet.
1498 5754 1553 5810 lu
1579 5756 1727 5811 lauro
1745 5760 1926 5824 etiam,

338 5850 395 5893 et
422 5847 475 5895 tn
501 5839 747 5909 lentisco,
780 5850 942 5915 atque
970 5843 1227 5901 similibus
1255 5846 1581 5905 odoriferum
1605 5855 1701 5903 est.
1739 5847 1792 5904 in
1819 5850 1928 5906 ficis

2027 5133 2172 5173 mum
2201 5114 2416 5185 quidem
2447 5113 2679 5184 lapidem
2714 5128 2743 5166 a
2775 5112 2997 5168 materia
3025 5117 3255 5179 cognata
3300 5105 3625 5177 proscindit,

2027 5205 2222 5260 deinde
2247 5202 2363 5272 ejus
2390 5202 2659 5273 superflua
2689 5202 3098 5268 circumcidens,
3127 5214 3224 5269 per
3266 5197 3620 5252 mutationem

2026 5297 2213 5367 prima:
2243 5292 2574 5363 ﬁgurationis
2604 5293 2655 5347 id
2698 5293 2841 5363 quod
2879 5291 3160 5362 proposuit
3199 5287 3502 5353 adumbrat,
3549 5288 3628 5342 ita

2032 5400 2090 5446 ut
2118 5398 2373 5460 expertus
2399 5388 2563 5444 etiam
2595 5402 2691 5457 per
2716 5387 2768 5441 id
2797 5386 2941 5456 quod
2992 5394 3236 5455 apparet,
3268 5380 3625 5437 intentionem

1990 5484 2250 5545 j’artilicis
2298 5483 2414 5538 sine
2454 5479 2769 5536 difficultate
2807 5479 3080 5547 conjiciat.
3112 5476 3314 5533 Rursus
3347 5476 3629 5548 citplicans

2032 5576 2262 5647 amplius
2291 5574 2359 5630 ad
2398 5572 2802 5629 similitudinem
2842 5571 2960 5643 ejus
3006 5569 3159 5645 cuius
3207 5570 3345 5640 gerit
3387 5568 3622 5643 studium

2033 5685 2252 5741 prorsus
2277 5668 2501 5733 accedit,
2538 5676 2647 5721 tum
2678 5664 2871 5721 deinde
2901 5665 2953 5719 in
2995 5664 3106 5734 ipsa
3135 5664 3358 5722 materia
3386 5660 3623 5730 speciem

2030 5761 2315 5831 diligenter
2340 5760 2656 5829 integreque
2679 5757 3075 5820 demonstrans.
3107 5763 3277 5810 artem
3313 5751 3529 5807 deducit
3558 5749 3625 5801 ad

2036 5855 2214 5918 tinem,
2246 5861 2409 5907 etest
2441 5851 2523 5907 Ico
2554 5850 2636 5906 vel
2681 5850 2860 5909 homo.
2906 5864 2988 5904 vet
3035 5846 3236 5916 aliquid
3272 5841 3435 5907 aliud,
3483 5834 3634 5912 quod
