4060 6364
272 355 394 412 409
1008 356 1364 416 EPISTOLE
1409 362 1467 419 S.
1510 362 1756 449 DROCL]
1798 362 1889 416 AD

2002 358 2276 433 UIENIOS
2314 360 2889 419 INTERPRETATIO.
3475 367 3580 426 410

277 458 398 532 tem
428 472 778 544 apostolicam
810 474 1039 547 idipsum
1067 487 1486 549 exsequentem,
1516 480 1885 551 multipliciter
1910 482 1964 541 Α
1989 478 2231 535 dicamus
2282 480 2429 549 quod
2483 480 2644 551 Pater
2692 482 2941 550 genuerit
2992 481 3259 553 Verbum,
3310 484 3416 541 hoc
3477 492 3584 553 est,

272 564 680 623 Venerabilium
708 566 929 622 Patrum
960 570 1288 625 testimoniis
1316 572 1675 643 approbatum
1706 580 1791 628 est
1819 571 1890 627 ob
1955 629 1962 635 _
1994 571 2346 642 sapientiam;
2377 587 2475 643 per
2493 588 2654 642 quem
2682 575 2819 630 facta
2851 582 2977 630 sunt
3003 574 3215 640 omnia;
3250 575 3587 645 unigenitum

276 661 687 718 distinctionem
705 676 1083 733 personarum,
1096 680 1216 720 cum
1233 667 1370 722 ratio
1392 668 1701 738 poposcerit
1724 681 1890 722 unum

242 762 243 765 ‘
280 767 356 807 cx
388 752 559 807 tribus
608 751 836 808 fideliter
876 770 1035 825 posse
1079 755 1357 826 prmdicari
1394 758 1671 813 :maxime
1700 766 1891 813 contra

246 854 249 855 '
280 844 607 909 Sabellium,
636 845 726 915 qui
755 854 997 903 sanctam
1025 846 1349 905 Trinitatem
1380 851 1540 906 unius
1570 850 1743 906 credit
1772 864 1893 905 esse

283 953 555 1007 personae,
607 952 836 1009 eamque
864 939 1173 1000 nominibus
1202 926 1413 997 tantum
1461 942 1722 998 fateretur
1750 956 1890 1006 esse,

288 1043 402 1082 non
446 1027 638 1095 rebus;
688 1040 851 1100 quam
899 1047 999 1086 nos
1045 1031 1202 1088 unius
1252 1043 1575 1089 venerantes
1622 1032 1890 1097 essentim,

286 1133 650 1189 personarum
676 1120 1015 1177 solummodo
1043 1125 1354 1193 cognitione
1382 1124 1757 1180 discernimus.
1782 1122 1889 1179 Ne-

254 1212 446 1265 ‘storii
492 1226 710 1284 quoque
750 1216 1131 1283 sectatoribus,
1180 1217 1281 1273 hac
1319 1215 1422 1271 fide
1453 1215 1756 1284 salutifera,
1809 1215 1894 1270 ni-

252 1301 587 1359 ‘hilominus
614 1298 919 1372 obviamns;
969 1306 1059 1377 qui
1089 1306 1360 1362 Christum
1393 1308 1678 1363 Dominum
1723 1323 1889 1361 unum

258 1394 363 1450 «le
408 1395 668 1452 Trinitate
715 1398 936 1453 minime
975 1398 1321 1465 confitentur,
1373 1397 1501 1454 dum
1548 1407 1741 1467 negant
1798 1398 1893 1453 Dei

256 1512 263 1515 -
292 1485 534 1543 Verbum
556 1502 623 1543 ex
643 1489 801 1544 beata
826 1484 1043 1560 Virgine
1065 1491 1359 1546 secundum
1386 1506 1606 1546 carnem
1629 1490 1892 1557 genitum,

264 1589 597 1649 ceteraque
644 1596 744 1651 pro
787 1581 1163 1652 redemptione
1227 1582 1449 1638 humani
1503 1583 1718 1651 generis
1776 1597 1896 1637 esse

262 1682 630 1742 "perpessum.
682 1672 1073 1729 Nonnullorum
1114 1674 1278 1729 etiam
1307 1674 1622 1745 opinionem
1653 1676 1893 1729 auctori-

290 1766 408 1821 tate
435 1774 656 1835 paterna
689 1768 986 1837 redarguit,
1018 1768 1107 1840 qui
1140 1784 1303 1823 unum
1348 1785 1415 1824 ex
1448 1769 1619 1824 tribus
1645 1783 1894 1823 asseren-

1958 724 1966 740 _
1992 664 2210 733 Filium,
2256 680 2394 721 unus
2421 680 2614 732 unum,
2646 677 2950 723 comternus
2977 677 3337 737 eozcternum,
3378 684 3591 724 sunnne

1960 758 2168 819 ,bonus
2193 756 2474 827 :equaliter
2520 757 2744 813 bonum.
2795 757 2863 812 Et
2889 758 3035 829 quod
3065 759 3299 828 Spiritus
3346 768 3592 827 sanctus,

1993 849 2151 906 simul
2181 857 2237 904 et
2275 848 2450 903 Patris
2491 858 2548 903 et
2585 836 2705 904 Filii
2743 851 2813 905 sit
2834 851 3085 920 Spiritus,
3131 860 3187 905 et
3217 852 3330 920 ipse
3358 851 3592 906 consub-

1993 943 2261 998 stantialis
2286 951 2343 996 ct
2369 950 2672 998 coreternus
2714 943 2981 998 ambobus
3012 961 3026 997 :
3056 953 3220 1014 atque
3264 945 3367 1000 hoc
3416 952 3590 999 totum

1964 1030 2228 1117 ,Trinitas
2265 1032 2363 1099 sit,
2414 1040 2633 1105 propter
2681 1033 3071 1103 proprietatem
3102 1050 3490 1103 personarum,
3536 1049 3593 1088 et

1995 1140 2133 1178 unus
2151 1125 2309 1187 Deus,
2337 1134 2559 1195 propter
2580 1124 2991 1195 inseparabilem
3014 1126 3373 1180 divinitatem.
3404 1145 3422 1178 ι
3450 1124 3587 1180 Ecce

1959 1273 1971 1280 ,
1993 1214 2185 1272 doctor
2212 1216 2695 1271 excellentissimus
2724 1225 2885 1286 atque
2912 1216 3199 1282 veridicus,
3246 1232 3359 1270 rem
3389 1216 3455 1271 de
3482 1231 3589 1285 qua

1964 1380 1967 1383 ν
1995 1309 2170 1377 agitur
2191 1316 2377 1378 aperte
2398 1308 2751 1377 distinguens,
2777 1307 3099 1363 Trinitatem
3120 1307 3269 1371 dicit,
3306 1322 3415 1361 non
3466 1322 3595 1376 pro-
3628 1358 3629 1363 η

1997 1408 2118 1471 pter
2157 1399 2548 1465 substantiam,
2580 1400 2673 1455 sed
2704 1408 2929 1471 propter
2956 1414 3217 1473 personas
3258 1398 3595 1454 confidenter

1966 1494 2261 1564 exposuit.
2321 1492 2449 1549 llaec
2495 1500 2677 1548 autem
2730 1492 3002 1550 confessio
3040 1508 3142 1548 nos
3186 1492 3256 1547 ab
3304 1491 3572 1547 haereticis

1995 1583 2213 1651 Jtltl‘JBlS,
2245 1584 2643 1655 gentilibusque
2670 1583 2947 1648 discernit,
2975 1583 3065 1652 qui
3097 1580 3412 1636 Trinitatem
3440 1595 3596 1635 uinus

1998 1677 2246 1761 essentne
2275 1676 2650 1746 przedicamus,
2672 1690 2796 1730 cum
2817 1689 3009 1730 omnes
3032 1673 3107 1728 illi
3131 1680 3225 1727 aut
3247 1687 3384 1742 pene
3405 1685 3596 1726 omnes

2000 1788 2163 1829 unum
2190 1771 2357 1827 Deum
2387 1787 2446 1827 se
2473 1771 2655 1827 colere
2685 1772 2975 1833 fateantur,
3008 1767 3105 1824 sed
3131 1765 3445 1840 mysterium
3478 1764 3599 1819 Tri-

264 1864 395 1922 ‘t‘es,
446 1873 610 1911 unum
650 1874 715 1913 ex
747 1856 1013 1915 Trinitate
1040 1861 1224 1916 dicere
1251 1854 1392 1915 nulla
1421 1861 1633 1915 ratione
1662 1875 1907 1935 conscn-p
1933 1868 1976 1926 Β
2003 1866 2187 1920 nitaris
2215 1872 2309 1919 aut
2338 1878 2444 1918 non
2476 1872 2624 1919 recte
2653 1862 3030 1933 ριοιιυηιίιηιι,
3071 1868 3165 1914 aut
3195 1873 3418 1928 prorsus
3445 1856 3599 1924 igno-

291 1950 437 2005 tiunt
486 1952 507 2005 :‘
551 1950 642 2023 qui
690 1953 1014 2008 vocabulum
1062 1952 1341 2010 Trinitatis
1388 1970 1496 2008 non
1542 1967 1892 2024 personarum

288 2058 416 2099 esse
441 2044 850 2114 significativum
867 2087 881 2112 ,
908 2047 1003 2103 sed
1028 2047 1341 2102 substantia:
1366 2046 1732 2117 suspicantur.
1763 2043 1893 2112 Qui-

289 2135 414 2201 bus',
468 2138 593 2194 licet
621 2139 686 2194 ad
718 2139 1155 2196 informationem
1203 2140 1317 2197 veri
1362 2140 1611 2195 debuerit
1638 2136 1894 2194 sufficere

218 2228 231 2269 ‘t
289 2232 589 2302 appellatio
638 2234 751 2305 ipsa
781 2249 901 2305 qua:
939 2234 1046 2288 vim
1079 2234 1301 2306 pluralis
1345 2232 1558 2288 numeri
1608 2247 1892 2295 resonans,

294 2343 405 2381 non
436 2327 748 2391 essentiam,
780 2327 873 2383 sed
903 2344 1163 2399 personas
1189 2327 1558 2383 indubitanter
1587 2330 1895 2396 expromat,

292 2433 368 2473 ne
397 2430 576 2474 tamen
609 2420 836 2477 ulterius
875 2421 1017 2476 inter
1044 2420 1344 2476 catholicos
1373 2418 1652 2474 contentio
1679 2415 1898 2470 vitanda

292 2512 569 2570 coalescat
599 2514 658 2570 Β.
691 2516 1005 2586 Augustini,
1034 2530 1199 2569 unum
1227 2514 1295 2569 de
1326 2512 1508 2568 multis
1535 2509 1898 2567 testimonium

292 2604 424 2663 huic
444 2608 743 2677 prmfatiorri
767 2624 954 2664 amore
977 2617 1178 2664 sancta:
1201 2605 1475 2675 religionis
1494 2603 1784 2665 adnexuit;
1808 2601 1902 2671 qui

295 2698 352 2753 in
376 2698 662 2755 undecimo
688 2699 755 2755 de
776 2699 1006 2755 Civitate
1028 2700 1124 2755 Dei
1148 2700 1286 2753 libro
1311 2699 1382 2752 ita
1404 2698 1471 2752 de
1500 2697 1603 2752 hac
1631 2711 1690 2751 re
1714 2694 1902 2767 paucis

280 2790 571 2864 eloquitur
598 2810 611 2846 :
648 2811 666 2844 ι
696 2790 977 2848 Credimus
1006 2800 1062 2847 et
1089 2800 1357 2858 tenemus,
1409 2797 1465 2845 et
1496 2788 1729 2844 fideliter
1758 2801 1895 2858 pne-

1974 2016 1977 2017 ν
2002 1965 2143 2013 rant.
2175 1956 2232 2012 Si
2255 1970 2384 2024 ergo
2406 1954 2640 2010 Trinitas
2668 1970 2775 2010 non
2800 1968 3061 2024 personas
3081 1950 3325 2021 exponit,
3355 1947 3451 2003 sed
3472 1948 3599 2002 sub-

1999 2050 2283 2116 stantiam,
2336 2055 2420 2103 est
2456 2056 2636 2102 autem
2674 2062 2780 2102 una
2817 2044 3115 2101 substantia
3154 2039 3451 2103 Trinitatis,
3496 2038 3600 2095 erit

2003 2154 2132 2210 ergo
2145 2137 2440 2195 secundum
2457 2139 2588 2193 istos
2607 2136 2905 2192 substantia
2927 2134 3085 2190 unius
3105 2130 3436 2196 substantitc,
3453 2127 3601 2198 quod

1974 2232 2163 2293 ,nimis
2193 2230 2450 2301 probatur
2478 2228 2787 2283 absurdum.
2835 2225 3040 2281 Idcirco
3068 2222 3359 2290 colligitur,
3412 2227 3471 2274 ut
3505 2233 3601 2289 ap-

2005 2322 2223 2393 pellatio
2249 2319 2525 2374 Trinitatis
2547 2318 2704 2373 unius
2731 2315 2978 2372 essentia:
3005 2322 3116 2368 tres
3160 2324 3418 2381 perseuas
3442 2308 3600 2363 unius

2005 2412 2412 2484 omnipotentiae
2460 2420 2623 2480 atque
2672 2407 2969 2463 divinitatis
3018 2404 3273 2459 insinuet.
3329 2398 3437 2456 Sed
3487 2397 3600 2466 jam

2004 2505 2196 2561 beatus
2225 2504 2446 2558 Pruclus
2476 2500 2529 2555 in
2572 2498 2805 2554 medium
2844 2496 3069 2568 prodeat
3097 2512 3111 2548 :
3142 2493 3347 2547 laturus
3385 2497 3442 2544 et
3488 2488 3603 2558 ipse

1984 2596 2369 2673 testimonium
2396 2592 2640 2655 veritati,
2668 2606 2827 2662 quem
2856 2587 3120 2657 benignis,
3152 2599 3366 2657 precor,
3408 2578 3603 2635 animis

2005 2690 2252 2745 audiatis.
2276 2685 2591 2743 Orationum
2612 2695 2917 2739 vestrarum
2933 2678 3183 2750 suffragia
3200 2692 3299 2749 pro
3313 2674 3420 2732 hoc
3435 2684 3604 2744 opere

2008 2782 2137 2837 mihi
2165 2779 2463 2852 rependere
2478 2776 2737 2847 jubeatis.

300 2867 3595 2912 _____________,_________________

1030 2944 1317 3008 PROCLI
1360 2932 2300 3009 CONSTANTlNOPOLlTANl
2348 2932 2452 2991 AD
2498 2925 2906 2990 ARMENIOS

1429 3065 1570 3135 DE
1627 3060 1888 3133 FIDE
1949 3051 2532 3135 EPISTOLA,

1454 3192 1605 3237 DION
1615 3190 1755 3234 YSIO
1785 3187 2027 3232 ειιρυο
2060 3182 2487 3229 ικτειιιηικτι.

374 3277 474 3335 Dei
502 3276 781 3333 amantiss.
808 3284 861 3335 et
883 3277 1281 3334 venerabilibus
1301 3274 1570 3347 episcOpis
1592 3281 1647 3329 et
1671 3272 1897 3343 preshy-
1928 3272 1975 3336 C
2009 3276 2207 3333 rantes,
2239 3268 2609 3335 habentesque
2629 3274 2847 3318 sensum
2872 3259 2990 3315 sine
3006 3265 3224 3315 rectore
3243 3255 3598 3330 praecipitem,

303 3372 459 3438 teris,
491 3378 546 3427 et
569 3369 1001 3425 arehimandritis
1028 3369 1347 3425 orthodoxa:
1387 3375 1588 3423 sancta!
1618 3380 1715 3437 per
1738 3371 1907 3419 totam

302 3461 618 3519 Armeniam
647 3459 924 3526 Ecclesiae,
956 3458 1182 3515 Proclus
1210 3460 1265 3515 in
1297 3458 1524 3514 Domino
1552 3454 1804 3511 salutem.

377 3552 497 3609 Non
545 3552 917 3620 mediocriter,
964 3552 1181 3621 fratres,
1228 3549 1474 3608 confudit
1520 3549 1759 3604 animum
1805 3559 1908 3602 no-

304 3658 476 3706 strum
495 3688 513 3715 ,
542 3657 599 3705 et
620 3662 855 3705 mmrore
877 3648 1208 3705 validissimo
1229 3647 1491 3705 sauciavit
1511 3661 1696 3701 rumor
1723 3643 1912 3700 novel-

305 3745 482 3800 larum
512 3722 715 3799 erroris
742 3742 1071 3798 zizaniorum
1100 3758 1222 3815 qua:
1263 3757 1438 3811 nuper
1464 3748 1662 3796 vestrm
1696 3736 1907 3807 regioni

306 3835 684 3891 callidissimus
728 3841 937 3889 natura:
984 3833 1349 3889 communium
1400 3831 1649 3887 inimicus
1692 3829 1910 3885 inserit.

308 3922 723 3980 Intolerabiliter
749 3925 892 3980 enim
920 3925 1089 3981 tristis
1127 3924 1341 3979 auditus
1369 3922 1651 3979 consuevit
1675 3922 1909 3975 animam

312 4016 620 4082 vulnerare,
658 4030 783 4087 qua:
807 4014 1115 4084 huiusmodi
1144 4013 1587 4069 meditationibus
1612 4011 1910 4067 exercitata

316 4122 427 4162 non
456 4105 646 4172 fuerit,
680 4113 943 4176 tantoque
969 4104 1330 4176 perniciosius
1351 4102 1623 4172 iaculatur
1652 4101 1709 4156 in
1741 4102 1913 4157 altum

312 4199 419 4254 tela
445 4198 721 4269 deligens,
754 4205 960 4267 quanto
986 4195 1278 4251 discrimen
1320 4210 1431 4249 non
1459 4209 1659 4265 corpus
1684 4192 1914 4263 appetit,

310 4290 407 4346 sed
449 4298 651 4347 statum
700 4291 898 4349 mentis
938 4301 1254 4360 expugnare
1295 4284 1605 4351 contendit,
1658 4283 1916 4355 opinione

314 4385 700 4452 disseminans,
747 4382 1121 4441 venerandum
1176 4380 1303 4437 fidei
1355 4378 1773 4443 vestimentum,
1822 4383 1918 4431 aut

313 4477 592 4534 discissum
614 4475 1055 4550 laerymabiliter,
1085 4481 1179 4528 aut
1194 4473 1336 4528 furto
1357 4470 1573 4542 penitus
1594 4483 1715 4525 esse
1735 4467 1915 4524 subla-

313 4578 448 4625 tum.
480 4569 667 4625 Omnis
684 4569 904 4642 quidem
924 4569 1097 4624 virtus
1116 4565 1449 4639 expetenda,
1473 4564 1540 4621 iis
1559 4564 1755 4635 quibus
1775 4563 1914 4619 ratio

2009 3361 2430 3433 cogitationibus
2484 3358 2731 3413 nituntur
2783 3353 3031 3419 incertis,
3088 3352 3216 3407 nihil
3268 3352 3321 3407 in
3368 3351 3433 3406 iis
3486 3362 3606 3420 qua:

2008 3456 2305 3512 decernunt
2321 3460 2518 3523 praeter
2538 3448 2737 3504 fluxam
2753 3456 2808 3502 et
2827 3444 3131 3502 instabilem
3156 3450 3403 3498 naturam
3424 3456 3604 3496 rerum

2007 3547 2295 3603 visibilium
2317 3550 2739 3616 perscrutantes,
2768 3554 2911 3595 vera:
2933 3544 3112 3592 autem
3136 3531 3608 3605 contemplationis

2010 3641 2263 3697 intuitum
2287 3648 2381 3693 aut
2393 3636 2571 3693 causis
2591 3631 2978 3705 temporalibus
2996 3626 3607 3697 habentesimplicitum,

2011 3740 2106 3788 aut
2125 3730 2398 3787 erroribus
2418 3727 2770 3784 obczccatum.
2798 3724 2961 3779 Aiunt
2984 3721 3125 3777 enim
3142 3727 3376 3790 quatuor
3394 3717 3609 3788 species

2011 3840 2132 3881 esse
2154 3823 2387 3888 virtutis,
2419 3820 2472 3876 id
2498 3828 2601 3885 est,
2628 3818 2912 3888 justitiam,
2942 3812 3309 3885 prudentiam,
3338 3807 3610 3866 fortitudi-

2015 3932 2170 3983 nem,
2221 3913 2669 3986 temperantiam;
2716 3924 2837 3980 qnm
2885 3908 3013 3963 licet
3068 3906 3225 3961 bona:
3267 3903 3406 3970 sint,
3458 3898 3609 3956 humi

2015 4016 2195 4063 tamen
2223 4012 2456 4077 repunt,
2503 4011 2561 4058 et
2587 4016 2712 4071 erga
2743 4009 2958 4056 terrena
2997 3996 3255 4068 projectat
3281 4001 3432 4059 sunt,
3483 3990 3611 4046 dum

2013 4100 2266 4156 inferiora
2283 4096 2488 4153 caelesti
2507 4094 2721 4164 fastigio
2742 4090 3185 4161 comprobantur.
3215 4084 3611 4142 Fortitudinem

2015 4205 2250 4260 namque
2279 4188 2559 4253 dixerunt,
2601 4187 2802 4240 luctam
2829 4182 3089 4237 adversus
3116 4194 3371 4244 carnem;
3405 4187 3612 4245 tempe-

2014 4285 2269 4353 rantiam,
2309 4297 2431 4352 qua:
2450 4280 2518 4335 de
2538 4278 2828 4334 affectuum
2858 4273 3020 4331 sumit
3049 4271 3423 4341 subjugatione
3443 4268 3612 4322 victo-

2016 4379 2152 4434 riam
2177 4395 2191 4444 ;
2219 4373 2581 4447 prudentiam,
2612 4384 2732 4439 qua:
2753 4368 2806 4423 in
2830 4363 3246 4423 conversatione
3265 4360 3405 4417 civili
3427 4366 3612 4428 optata
3690 4360 3691 4363 “

2017 4471 2262 4527 continet
2283 4466 2524 4524 instituta
2544 4482 2558 4532 ;
2579 4462 2842 4534 justitiam
2861 4453 3611 4531 optimam‘mquiportionem.

2020 4564 2175 4619 llunc
2202 4570 2403 4625 autem,
2434 4569 2494 4613 ut
2523 4555 2868 4628 putabantur,
2917 4551 3040 4606 vita:
3066 4546 3310 4604 ordinem
3340 4546 3457 4613 lege
3485 4559 3608 4597 san-

313 4676 423 4717 non
450 4670 535 4718 est
559 4664 719 4720 rebus
747 4662 1116 4719 materialibus
1143 4636 1454 4727 obscurata,
1486 4659 1773 4729 omnisque
1798 4672 1916 4713 ma-
1947 4649 1992 4709 Ι)
2018 4662 2244 4717 xerunt,
2294 4651 2708 4706 immoderatum
2751 4654 2916 4717 atque
2966 4642 3209 4697 illicitum
3256 4636 3617 4708 reprimentes

315 4755 432 4811 litia
458 4755 600 4810 bene
642 4755 1001 4811 sentientibus
1032 4770 1141 4810 non
1185 4753 1459 4810 immerito
1488 4751 1739 4823 fugienda
1763 4749 1909 4819 judi-

319 4854 497 4911 catur,
545 4853 602 4899 ut
648 4854 776 4916 pote
819 4862 940 4916 quae
967 4862 998 4902 e
1026 4846 1248 4917 regione
1293 4844 1613 4901 adversetur
1639 4842 1910 4908 essentia,

321 4934 435 5005 ipsa
460 4944 649 4989 contra
671 4946 913 4991 naturam
934 4938 1051 4993 sine
1072 4937 1408 4993 dubitatione
1428 4935 1726 4991 subsistens
1749 4950 1763 4988 :
1790 4946 1913 4988 nam

319 5027 461 5082 sicut
475 5025 526 5080 id
540 5024 683 5095 quod
702 5025 1036 5080 utilissimum
1053 5036 1137 5082 est
1152 5026 1458 5084 necessarie
1478 5023 1911 5091 custodiendum,

320 5119 396 5175 ita
425 5117 570 5189 quod
598 5132 705 5174 non
734 5117 987 5187 expedit,
1042 5118 1135 5172 sed
1164 5120 1422 5189 probatur
1447 5117 1731 5173 adversum
1749 5158 1766 5184 ,
1790 5152 1793 5153 ν
1822 5122 1919 5171 aut

320 5228 444 5269 cum
487 5218 687 5282 praesto
722 5219 860 5276 est,
888 5209 1283 5277 repellendum,
1335 5219 1429 5265 aut
1472 5211 1516 5266 si
1555 5210 1919 5266 metuitur-ne

322 5302 562 5370 accidat,
604 5301 835 5359 sollicite
863 5299 1294 5371 praecavendum.
1325 5301 1550 5358 Virtutis
1576 5302 1759 5373 itaque
1794 5314 1919 5370 spe-

319 5395 433 5450 cies
486 5394 750 5465 plurimae.
806 5390 959 5447 Hanc
1003 5398 1185 5445 autem
1232 5392 1379 5446 varie
1428 5390 1753 5447 definierunt
1803 5392 1919 5448 sive

322 5486 570 5555 gentiles,
599 5500 738 5556 quos
765 5500 919 5541 error
946 5480 1223 5554 prmfocat,
1255 5482 1543 5551 lumenque
1569 5483 1918 5539 discretionis

324 5593 513 5635 eorum
540 5578 807 5648 ignoratio
833 5576 1131 5633 divinitatis
1158 5577 1446 5643 obscurat;
1478 5591 1574 5631 seu
1601 5574 1912 5639 Christiani,

323 5670 413 5739 qui
459 5670 562 5725 fide
599 5679 746 5726 recta
792 5670 988 5725 mentis
1033 5669 1225 5726 oculos
1269 5667 1593 5723 illuminatos
1629 5667 1915 5732 habentes,

322 5760 493 5817 solem
534 5759 755 5828 iustitia:
799 5776 898 5831 per
941 5760 1336 5816 confessionem
1376 5759 1572 5815 clarius
1618 5758 1913 5812 intuentur.

323 5844 404 5909 llli
434 5864 665 5921 namque
701 5850 753 5906 in
783 5851 895 5908 suis
922 5851 1163 5909 consiliis
1202 5852 1346 5908 velut
1388 5851 1440 5907 in
1470 5848 1708 5907 tenebris
1749 5850 1912 5907 ober-

2014 4743 2325 4817 ltujusnmdi
2366 4740 2774 4799 definitionibus
2821 4736 3142 4807 appetitum.
3176 4732 3355 4787 Altum
3397 4744 3529 4784 vero
3562 4735 3617 4781 et

2015 4839 2269 4915 prtesenti
2300 4838 2406 4893 vita
2436 4835 2739 4901 sublimius,
2790 4845 2965 4898 neque
3003 4827 3267 4897 cogitare,
3316 4837 3488 4893 neque
3518 4820 3617 4874 de-

2020 4912 2271 5005 promere
2296 4928 2602 4991 valuerunt,
2626 4924 2722 4980 sed
2753 4922 3024 4993 insipienti
3052 4929 3107 4976 et
3132 4920 3422 4975 obscurato
3450 4912 3617 4968 corde

2021 5024 2131 5079 nixi
2179 5029 2306 5078 sunt
2332 5021 2584 5074 virtutem
2603 5060 2618 5084 ,
2668 5023 2927 5087 quantum
2957 5013 3021 5068 ad
3050 5027 3129 5076 se,
3172 5007 3466 5064 visibilibus
3496 5013 3618 5058 tan-

2021 5110 2299 5167 tummodo
2343 5109 2503 5163 rebus
2547 5106 2845 5174 includere,
2895 5104 3026 5159 nihil
3067 5101 3115 5156 ci
3160 5099 3456 5153 tribuentes
3502 5093 3618 5149 exi-

2023 5205 2223 5266 mium,
2273 5208 2329 5256 et
2356 5198 2562 5255 caelesti
2594 5197 2930 5252 habitatione
2956 5192 3306 5259 condignum.
3354 5185 3455 5254 Qui
3487 5196 3618 5239 vero

2021 5313 2120 5368 per
2150 5294 2305 5349 fidem
2337 5293 2666 5348 illuminatos
2695 5289 2896 5344 habent
2934 5284 3122 5340 oculos
3151 5279 3355 5368 cordis,
3387 5290 3618 5347 quorum

2021 5367 2216 5459 praesul
2260 5392 2425 5454 atque
2453 5383 2708 5451 magister
2737 5388 2821 5434 est
2863 5372 3205 5430 beatissimus
3232 5367 3449 5435 Paulus,
3495 5378 3618 5420 eam

2020 5480 2283 5537 definiunt
2311 5492 2431 5532 esse
2471 5476 2721 5530 virtutem
2765 5484 2885 5539 quae
2929 5482 3029 5521 nos
3075 5463 3142 5518 ad
3185 5461 3356 5517 Deum
3402 5472 3621 5530 semper

2023 5572 2261 5635 elevans,
2311 5567 2626 5624 ordinantcr
2672 5561 2808 5630 regit
2837 5561 2889 5615 in
2941 5556 3119 5612 terris.
3170 5553 3270 5610 Hic
3312 5553 3477 5622 igitur
3519 5564 3620 5622 per

2023 5667 2204 5724 omnia
2232 5660 2575 5719 venerabilis
2599 5655 2888 5727 Apostolus
2922 5672 2949 5705 ιι
2976 5652 3113 5706 ullas
3140 5649 3357 5720 quidem
3405 5644 3619 5717 species

2022 5757 2235 5815 virtutis
2263 5760 2574 5819 enumerat,
2606 5752 2698 5807 sel
2732 5749 2998 5822 prtccipue
3027 5745 3204 5810 fidem,
3234 5758 3407 5814 spem,
3440 5739 3615 5797 chari-

2025 5858 2189 5905 tatcm
2242 5843 2587 5903 commendat
2638 5861 2650 5898 :
2700 5857 2925 5914 quarum
2973 5836 3103 5894 fides
3154 5849 3316 5908 supra
3368 5838 3618 5890 naturam
