4060 6364
444 321 500 374 Η
517 320 543 374 Ιν
1739 314 2058 372 υιοΝγειυ

2162 315 2455 373 :xmuus.
2858 297 2869 308 ’
3658 272 3671 281 ’
3700 316 3841 372 us

440 432 636 488 merita
670 429 997 488 hominibus
1039 428 1183 485 bona
1234 427 1479 496 largitur,
1532 426 1887 483 invisibilibus
1933 442 2028 484 eos
2053 431 2103 490 Α
2134 428 2295 497 igitur
2338 424 2723 484 indormitabili
2770 441 2900 482 cura
2949 440 3247 494 servemus,
3294 427 3383 497 ad
3421 429 3837 491 thesaurum

412 564 413 567 η
443 525 759 589 admiscens,
812 524 904 593 qui
935 521 1115 579 adhuc
1149 521 1539 592 multiplicibus
1566 521 1801 577 obnoxia
1830 522 2040 592 passio-
2142 517 2264 574 fidei
2290 518 2488 575 mentis
2509 518 2695 577 oculos
2718 518 2919 589 jugiter
2944 520 3241 577 elevantes.
3291 520 3430 589 Quid
3459 532 3708 578 autem
3741 522 3833 585 de

380 642 405 676 ν
444 620 602 675 nibus
631 616 939 674 indumenta
967 613 1371 673 circumferunt.
1419 613 1521 682 Qui
1551 615 1694 670 enim
1724 615 2038 686 angelorum
2141 609 2437 681 Scripturis
2491 611 2817 683 accepimus,
2871 612 2973 669 nisi
3028 613 3173 686 quod
3232 614 3371 671 Deus
3418 617 3625 671 verbo
3699 632 3830 671 suo

446 710 880 779 reliquarumque
911 722 1296 778 corporearum
1324 706 1583 761 virtutum
1632 716 1879 762 naturam
1911 721 2040 777 pro-

447 803 604 874 positi
627 802 957 858 sublimitate
976 802 1244 866 nesciunt,
1277 800 1472 854 horum
1501 798 1837 870 disciplinam
1862 799 2040 854 homio

445 896 603 952 nibus
629 896 719 966 qui
750 895 1062 965 gradiuntur
1091 895 1239 949 humi
1275 902 1331 948 et
1377 893 1689 948 volutantur
1724 894 1778 948 in
1821 892 2045 964 pulvere

414 988 581 1043 =lides
604 987 885 1054 attribuit;
930 987 1097 1055 regali
1132 986 1331 1041 throno
1361 992 1417 1040 et
1447 985 1702 1040 invisibili
1746 985 1837 1053 qui
1870 992 2042 1050 caret,

448 1080 599 1135 omni
629 1079 799 1135 forma
830 1094 931 1134 nos
958 1077 1239 1143 exhibens,
1289 1084 1601 1146 certamque
1632 1075 2045 1131 illustratiouem

420 1178 657 1227 allatura:
702 1169 955 1225 increase
997 1182 1212 1238 semper
1253 1167 1371 1222 sine
1413 1166 1564 1222 initio
1605 1166 1872 1223 manentis
1919 1165 2049 1222 insi-

418 1276 642 1316 —nuans.
693 1259 825 1327 Qua:
862 1259 1027 1315 etiam
1072 1258 1279 1327 fulgore
1317 1272 1417 1312 suo
1451 1271 1667 1312 sensum
1709 1256 2048 1315 material‘em

447 1352 762 1420 discutiens,
786 1366 1138 1424 crassumque
1154 1367 1218 1406 ac
1235 1351 1556 1407 nebulosum
1579 1350 1827 1405 intuitum
1850 1357 2048 1405 nostra)

452 1446 650 1503 mentis
686 1459 1019 1515 expugnans,
1062 1457 1189 1512 erga
1228 1443 1318 1497 illa
1361 1442 1509 1498 clare
1546 1442 1882 1511 conspicuo,
1929 1456 2049 1511 qua:

451 1546 580 1593 tunc
617 1552 685 1592 ex
728 1544 881 1607 parte
921 1543 1147 1606 possunt
1174 1533 1344 1589 videri
1382 1548 1504 1589 cum
1531 1540 1826 1587 censentur
1861 1532 2050 1588 invisi-

422 1666 425 1671 »
450 1629 600 1695 lsilia,
628 1638 686 1684 et
705 1627 1089 1700 comprehendi
1111 1643 1231 1683 cum
1262 1626 1651 1683 inaccessibilia
1674 1641 1794 1681 esse
1817 1625 2051 1681 credun-

451 1733 560 1781 tur.
610 1723 748 1796 Spes
794 1734 975 1781 autem
1025 1741 1134 1780 non
1176 1723 1393 1793 dignata
1440 1724 1685 1789 somniis,
1733 1732 1798 1778 ut
1832 1722 2045 1791 dicitur,

2143 705 2399 760 mundum
2428 706 2699 771 condidit,
2754 714 2810 761 et
2838 714 3143 763 creaturam
3173 724 3294 779 qua:
3322 726 3428 766 non
3457 718 3608 767 erat
3646 725 3825 782 pro-

2143 796 2296 852 duxit
2320 812 2385 852 ex
2417 798 2631 854 nihilo?
2659 796 2725 853 Et
2763 799 2888 871 quia
2921 801 3152 856 naturali
3183 802 3300 872 lege
3327 804 3631 859 rationale
3670 806 3823 859 ani-

2144 888 2250 943 mal
2292 888 2610 954 honoravit,
2662 891 2821 946 datur
2861 891 2911 948 ei
2951 893 3294 961 mandatum,
3345 902 3401 949 ut
3430 895 3599 965 quod
3666 903 3823 950 erat

2146 980 2407 1050 optimum
2458 998 2567 1037 non
2615 983 2809 1039 lateret
2850 986 2968 1054 ejus
3019 985 3330 1053 arbitrium,
3381 987 3475 1042 sed
3525 986 3817 1043 meliori

2145 1073 2426 1144 proposito
2460 1074 2622 1129 noxia
2664 1074 2981 1132 declinaret.
3023 1075 3091 1131 Et
3126 1078 3269 1148 quod
3314 1078 3405 1133 ille
3442 1086 3817 1150 spontanea

2145 1164 2425 1221 voluntate
2451 1166 2503 1220 in
2533 1167 2805 1224 deteriora
2844 1170 3150 1241 prolapsus,
3201 1186 3268 1227 ex
3301 1170 3460 1228 terris
3505 1171 3810 1243 paradisi

2149 1272 2246 1326 per
2262 1256 2679 1314 inobedientiam
2692 1259 2870 1329 jactus
2886 1269 2986 1327 est,
3010 1261 3152 1331 quod
3170 1248 3403 1335 denique
3418 1280 3515 1336 per
3542 1271 3810 1335 patres,

2148 1351 2500 1422 patriarchas,
2546 1352 2754 1422 legem,
2810 1353 3022 1423 judices
3051 1364 3107 1411 et
3135 1356 3445 1427 prophetas,
3494 1364 3802 1413 naturam

2150 1441 2241 1511 qui
2285 1439 2538 1496 formavit
2577 1442 2857 1506 instruxit,
2914 1452 2974 1498 ut
3010 1453 3229 1515 peccata
3259 1446 3473 1517 quidem
3502 1453 3799 1515 caveret,

2152 1531 2219 1587 ad
2251 1530 2489 1587 facienda
2517 1549 2646 1590 vero
2676 1551 2793 1605 qua:
2823 1545 2967 1591 recta
2996 1545 3121 1591 sunt
3147 1537 3570 1594 sollicitudinem
3604 1552 3797 1607 gere-

2153 1632 2255 1689 ret,
2281 1624 2358 1679 sic
2386 1632 2443 1679 ut
2474 1624 2664 1681 delicta
2698 1626 2982 1696 imperium
3012 1644 3228 1700 quoque
3256 1630 3410 1685 nobis
3439 1630 3795 1687 volentibus

2154 1716 2485 1783 obtinerent,
2516 1725 2571 1771 et
2599 1717 2793 1772 horum
2819 1733 2980 1774 causa
3004 1719 3249 1776 diabolus
3270 1721 3322 1776 in
3349 1729 3555 1776 natum
3577 1721 3790 1777 desae-

432 1819 738 1881 ~inmerere,
764 1819 858 1875 sed
881 1819 1088 1873 credita
1117 1817 1329 1873 fortiter
1342 1817 1601 1883 retinens,
1625 1816 2050 1886 humentibus
2081 1808 2125 1869 Β
2155 1809 2293 1863 viret
2333 1809 2553 1864 exitium
2585 1827 2599 1864 :
2632 1818 2689 1865 ut
2728 1818 2855 1881 pote
2902 1827 3025 1868 cum
3067 1811 3153 1868 lex
3204 1813 3460 1869 naturalis
3503 1813 3790 1871 obsoleta

424 1910 557 1964 sibi
587 1908 765 1965 futura
791 1909 903 1978 jam
933 1916 1222 1979 praeparat,
1253 1916 1310 1963 et
1334 1907 1401 1963 ad
1443 1906 1831 1964 cxcludendam
1860 1906 2051 1961 dubie-

464 2010 656 2067 tatem,
682 2000 825 2071 quod
848 2016 950 2057 nec
977 2001 1147 2067 adest,
1179 2008 1433 2070 tanquam
1466 2015 1705 2071 praesens
1724 1998 2055 2068 cogitatione

432 2093 857 2162 complectitur,
908 2093 1011 2149 sub
1058 2101 1280 2162 aspectu
1320 2106 1459 2163 pene
1508 2106 1629 2161 quae
1675 2090 2056 2161 przcstolanttl'

454 2182 731 2239 adducens
752 2184 997 2239 adversa.
1028 2183 1103 2238 De
1122 2183 1318 2252 quibus
1337 2197 1461 2253 spes
1477 2180 1862 2253 impedimenta
1885 2188 2058 2237 trans—

454 2274 734 2344 grediens,
788 2274 1187 2346 propemodum
1240 2274 1541 2329 visibilibus
1596 2273 1761 2329 rebus
1814 2288 1878 2329 ea
1935 2289 2058 2344 qua:

456 2365 833 2421 desiderantur
879 2366 1139 2431 adnectit,
1194 2364 1393 2420 ﬂuxam
1443 2367 1703 2435 temporis
1739 2366 2056 2422 inanitatem

457 2456 765 2512 futurorum
811 2456 1102 2513 dilectione
1149 2473 1371 2528 prorsus
1409 2471 1761 2526 exsuperans.
1810 2456 2058 2513 Charitas

434 2562 591 2602 ivero
639 2556 842 2604 sanctae
890 2547 1167 2616 religionis
1196 2556 1394 2603 nostra:
1422 2547 1632 2602 culmen
1662 2556 1718 2603 et
1744 2558 1906 2619 caput
1952 2556 2054 2605 est.

458 2637 564 2695 Per
594 2639 735 2695 hanc
778 2640 923 2696 enim
951 2640 1116 2709 Deus,
1146 2655 1269 2694 cum
1295 2653 1536 2710 prmsens
1577 2638 1779 2707 jugiter
1822 2647 1969 2693 esset
2006 2638 2059 2694 in

458 2733 639 2795 terris,
674 2733 741 2788 ad
766 2749 865 2788 nos
892 2748 989 2804 per
1014 2748 1232 2789 carnem
1262 2732 1449 2788 venire
1480 2732 1730 2802 dignatus
1759 2741 1861 2787 est.
1898 2731 2060 2788 Utra«

464 2836 570 2893 que
600 2821 763 2892 igitur
785 2824 980 2880 merito
1006 2823 1106 2879 sibi
1136 2824 1484 2879 consentiunt
1510 2840 1524 2878 :
1555 2823 1686 2879 lides
1714 2823 1857 2879 enim
1879 2822 2061 2878 chari-

465 2913 591 2968 tatis
614 2923 697 2969 est
716 2916 1011 2985 speculum,
1042 2923 1098 2971 et
1126 2915 1363 2970 charitas
1392 2915 1511 2970 fidei
1536 2914 1801 2986 probatur
1828 2913 2064 2969 existere

459 3001 875 3060 ﬁrmamentum.
902 3005 1183 3062 Credimus
1210 2996 1354 3078 quod
1380 3007 1523 3062 Deus
1553 3004 1789 3063 Verbum
1814 3007 2061 3077 impassi-

459 3096 643 3151 biliter
683 3096 995 3159 incarnatus
1035 3106 1152 3163 est;
1200 3106 1256 3153 et
1299 3098 1386 3169 pie
1415 3097 1728 3154 credimus:
1760 3097 1875 3153 hazc
1920 3097 2061 3151 enim

2159 1898 2517 1964 sordesceret,
2551 1910 2606 1956 et
2630 1902 2829 1971 scripta
2849 1902 3219 1972 przuvaricatio
3249 1910 3594 1974 retorperet;
3638 1918 3785 1973 pro-

2158 1991 2337 2062 pheta:
2356 2006 2572 2061 quoque
2596 1993 2735 2048 sicut
2756 1992 3004 2049 homines
3023 2003 3305 2050 monerent
3328 2010 3446 2064 quae
3475 2001 3789 2065 oporteret

2158 2081 2311 2147 ﬁeri,
2364 2082 2461 2139 sed
2509 2083 2576 2139 ab
2607 2084 2923 2140 imminente
2950 2085 3190 2155 pernicie
3218 2085 3449 2142 liberare
3479 2101 3594 2141 non
3648 2101 3785 2157 pos-

2158 2183 2311 2242 sent;
2336 2176 2477 2231 Deus
2498 2175 2669 2232 forma
2694 2193 2904 2243 carens,
2932 2178 3048 2233 sine
3070 2178 3223 2234 initio
3241 2178 3789 2249 incircmnscriptus,

2160 2275 2216 2323 et
2240 2268 2586 2337 omnipotens
2612 2267 2843 2324 Verbum
2876 2270 2929 2324 in
2960 2284 3124 2325 carne
3155 2270 3373 2325 veniens
3403 2269 3587 2345 (adest
3621 2270 3787 2326 enim

2160 2359 2235 2414 illi
2280 2374 2441 2431 posse
2484 2358 2631 2429 quod
2676 2360 2829 2429 vult),
2881 2362 3110 2432 sumpsit
3162 2361 3389 2417 formam
3436 2363 3583 2418 servi
3642 2378 3785 2417 caro

2160 2450 2353 2515 factus,
2411 2457 2569 2505 natus
2607 2465 2673 2507 ex
2706 2450 2943 2522 Virgine,
2993 2452 3181 2508 volens
3228 2451 3426 2523 ubique
3458 2464 3785 2507 monstrare

2161 2541 2289 2611 quia
2338 2540 2629 2597 secundum
2662 2542 2944 2598 veritatem
2992 2540 3108 2598 ﬁeri
3152 2543 3316 2599 homo
3366 2543 3625 2613 dignatus
3667 2548 3779 2597 est.

2162 2633 2418 2689 Naturam
2440 2634 2701 2703 siquidem
2728 2651 3072 2706 corpoream,
3097 2644 3149 2690 et
3173 2636 3417 2703 exordia,
3446 2644 3501 2690 et
3523 2636 3781 2700 habitus,

2163 2725 2551 2796 passionesque
2608 2726 2914 2782 necessario
2970 2728 3387 2799 subsequuntur.
3447 2725 3562 2781 Non
3622 2725 3778 2797 enim

2164 2816 2296 2872 dicit
2323 2818 2653 2887 evangelista
2684 2816 2865 2888 (Joan.
2897 2816 2946 2891 ι)
2976 2819 3119 2889 quod
3175 2820 3229 2874 in
3269 2819 3545 2874 hominem
3577 2818 3775 2889 perfe-

2166 2913 2313 2961 ctum
2339 2906 2479 2962 Deus
2501 2907 2772 2976 ingressus
2800 2917 2909 2976 est,
2935 2910 3059 2979 quia
3087 2909 3259 2965 factus
3286 2918 3371 2966 est
3398 2926 3525 2966 caro
3552 2919 3774 2965 natura:

2164 3008 2368 3055 nostra:
2395 3000 2692 3072 primordia
2720 3001 2834 3073 ipsa
2865 3004 3203 3073 contingens.
3234 3005 3386 3061 Sicut
3424 3006 3568 3061 enim
3600 3006 3777 3060 homo

2168 3092 2487 3150 naturaliter
2503 3092 2681 3148 editus
2698 3109 2803 3150 non
2826 3095 3010 3150 statim
3034 3096 3277 3166 procedit
3298 3096 3615 3166 operatione
3641 3111 3773 3167 per-

462 3185 593 3243 lides
633 3188 821 3244 salutis
852 3201 1050 3243 nostrzc
1106 3188 1513 3245 fundamentum
1546 3205 1667 3246 esse
1694 3190 2062 3260 cognoscitur.
2090 3198 2139 3263 ε
2168 3181 2361 3250 fectus,
2409 3183 2506 3242 sed
2543 3186 2777 3256 primutn
2816 3185 2929 3257 ipsa
2970 3185 3235 3257 depositio
3276 3188 3497 3244 seminis
3535 3177 3774 3245 efficitur

448 3262 671 3341 idcirco
701 3292 823 3333 eum
864 3278 955 3347 qui
986 3287 1209 3351 propter
1237 3294 1337 3334 nos
1372 3279 1610 3349 suscepit
1646 3278 1875 3333 formam
1917 3279 2057 3334 servi

462 3368 756 3436 diligimus,
799 3369 892 3438 qui
937 3385 1039 3425 nec
1084 3378 1288 3426 naturae
1316 3385 1428 3424 sure
1459 3370 1618 3425 ullam
1649 3369 2060 3424 mutabilitatem

462 3460 748 3526 sustinuit,
800 3475 899 3516 nec
927 3469 1274 3531 augmentum
1304 3460 1555 3515 Trinitati
1582 3460 1830 3515 accessit.
1875 3457 2062 3514 Omnis

463 3540 647 3619 itaque
672 3548 1011 3606 Christianus
1034 3552 1125 3621 qui
1153 3568 1261 3605 non
1291 3560 1375 3607 est
1400 3551 1552 3609 dives
1582 3551 1704 3617 fide,
1733 3567 1849 3621 spe,
1880 3550 2061 3606 chari-

464 3656 595 3709 tate,
630 3646 680 3702 id
705 3647 848 3719 quod
877 3648 1072 3705 dicitur
1099 3664 1205 3704 non
1233 3655 1350 3712 est;
1398 3647 1513 3714 sed,
1545 3647 1646 3703 etsi
1672 3648 1884 3703 videtur
1904 3662 2062 3703 suum

465 3738 731 3808 castigare
772 3739 1155 3810 corpusculum
1202 3747 1260 3795 et
1304 3740 1498 3795 anima:
1545 3739 1882 3810 passionibus
1926 3739 2064 3799 liber

466 3846 606 3898 esse,
658 3832 711 3888 in
756 3833 1015 3888 moralem
1057 3832 1428 3887 tantummodo
1470 3834 1723 3888 virtutem
1755 3833 1856 3888 iste
1896 3830 2061 3903 proli-

465 3924 639 3999 ciens,
684 3941 1022 3996 nequaquam
1049 3940 1311 3981 coronam
1338 3925 1577 3982 victoriae.
1605 3926 1972 3995 consequitur,
2006 3935 2065 3982 ut

458 4024 598 4086 pote
626 4016 718 4085 qui
748 4033 855 4072 non
885 4018 951 4072 ad
983 4018 1126 4074 illam
1154 4033 1372 4087 semper
1399 4019 1728 4087 agnitionem
1762 4019 2066 4077 Divinitatis

462 4106 801 4173 ,extenderit,
848 4123 969 4178 qua:
998 4124 1232 4163 coronas
1262 4108 1447 4163 tribuit
1490 4108 1554 4166 iis
1600 4109 1692 4178 qui
1721 4107 1932 4166 fortiter
1970 4126 2067 4181 per

462 4196 719 4265 'virtutem
750 4199 1041 4254 luctantur.
1070 4199 1306 4270 ideoque
1334 4200 1464 4255 lides
1486 4216 1607 4271 qua:
1634 4201 1873 4257 omnium
1906 4202 2067 4272 (sicut

468 4289 714 4360 praedixi)
744 4291 1010 4347 honorum
1040 4301 1202 4362 caput
1231 4302 1343 4357 est,
1389 4301 1636 4349 servetur
1665 4294 1887 4363 intacta,
1936 4293 2067 4350 nihil

468 4380 715 4437 humanis
742 4382 1214 4439 adinvcntionihus
1242 4384 1522 4441 dissonum
1550 4384 1863 4455 praeferens,
1908 4384 2067 4439 nullis

468 4472 708 4546 profanis
756 4491 950 4530 vocum
998 4476 1327 4532 novitatibus
1374 4476 1585 4532 turbida
1618 4495 1632 4531 :
1665 4492 1787 4546 qua:
1839 4492 2066 4532 manens

2164 3290 2313 3341 caro,
2354 3274 2549 3331 deinde
2576 3292 2835 3346 processu
2864 3278 3123 3349 temporis
3149 3280 3258 3335 vim
3288 3279 3450 3335 sumit
3474 3295 3600 3349 qua:
3628 3295 3771 3336 con-

2164 3368 2581 3424 summationem
2622 3383 2876 3425 sensuum
2918 3371 3400 3442 operationumque
3438 3372 3769 3427 contineat:

2163 3463 2239 3518 ita
2283 3463 2425 3519 Deus
2456 3463 2689 3520 Verbum
2727 3466 2841 3536 ipsa
2870 3466 3018 3521 initia
3048 3473 3103 3520 et
3130 3466 3364 3522 radicem
3396 3466 3648 3521 humana:
3682 3467 3768 3521 in-

2164 3556 2459 3611 stitutionis
2501 3556 2790 3623 attingens,
2844 3556 3073 3627 primum
3123 3558 3293 3612 factus
3335 3565 3421 3612 cst
3452 3572 3602 3644 .caro,
3657 3568 3766 3613 non

2164 3662 2476 3713 conversus,
2506 3646 2651 3717 quod
2677 3647 2837 3713 absit,
2864 3648 2917 3703 in
2942 3663 3179 3705 carnem.
3222 3647 3417 3704 Mansit
3445 3649 3588 3704 enim
3619 3647 3761 3705 divi-

2164 3739 2308 3796 nitas
2329 3739 2475 3794 omni
2497 3738 2855 3795 mutabilitate
2874 3740 3140 3810 superior,
3165 3739 3290 3810 quia
3310 3739 3537 3795 mutatio
3559 3747 3768 3793 natura:

2164 3831 2383 3888 fluentis
2403 3840 2488 3888 est
2510 3832 2722 3902 passio;
2753 3833 2895 3889 illius
2922 3841 3100 3889 autem
3125 3832 3380 3903 perennis
3398 3831 3767 3904 sempitenm

2165 3941 2273 3996 que
2296 3926 2368 3979 ita
2392 3939 2454 3980 se
2480 3923 2732 3981 habentis
2758 3925 3009 3980 essentia:
3029 3925 3304 3995 proprium
3331 3930 3430 3987 est,
3465 3931 3521 3977 ut
3552 3923 3764 3977 incom-

2167 4016 2440 4072 mutabilis
2456 4026 2785 4087 perseveret.
2814 4015 3066 4087 Utrisque
3080 4018 3244 4085 igitur
3263 4016 3457 4071 divinae
3473 4014 3766 4084 Scriptura:

2168 4116 2379 4165 utentes
2417 4108 2659 4174 vocibus,
2692 4109 2918 4165 dicimus
2944 4108 3068 4180 quia
3096 4116 3153 4163 et
3178 4122 3308 4163 caro
3335 4106 3510 4162 factus
3538 4115 3654 4172 est,
3708 4112 3762 4162 et

2167 4200 2399 4258 formam
2446 4202 2590 4258 servi
2635 4203 2865 4272 accepit.
2921 4201 2998 4257 Ex
3048 4211 3300 4272 utroque,
3352 4199 3442 4270 pie
3492 4200 3764 4254 intellecta

2166 4293 2375 4350 semina
2403 4293 2560 4348 nobis
2585 4292 2776 4347 salutis
2797 4293 3072 4348 existunt:
3096 4306 3193 4362 per
3216 4291 3268 4346 id
3296 4290 3439 4346 cnim
3468 4289 3611 4360 quod
3636 4288 3764 4344 Ver-

2171 4385 2301 4441 bum
2324 4400 2453 4440 caro
2482 4383 2681 4440 factum
2703 4391 2814 4449 est,
2843 4383 3172 4439 individuum
3194 4397 3419 4439 summa:
3438 4382 3606 4451 ipsius
3633 4380 3763 4435 adu-

2170 4477 2406 4533 nationis
2428 4476 2759 4545 evangelista
2780 4477 3040 4533 declarat.
3073 4477 3224 4533 Sicut
3252 4476 3395 4531 enim
3425 4474 3762 4543 singularitas

466 4562 608 4629 infra
638 4565 977 4631 evangelicos
1011 4574 1172 4635 atque
1200 4569 1529 4637 apostolicos
1561 4569 1839 4634 terminos,
1873 4568 2070 4624 nullius
2095 4588 2146 4652 ι)
2172 4568 2226 4623 in
2269 4568 2405 4625 duas
2443 4569 2848 4639 singularitates
2891 4570 3066 4626 dirimi
3114 4586 3222 4625 non
3250 4579 3432 4642 potest
3462 4571 3680 4640 (alioqui
3709 4569 3760 4624 in

468 4654 735 4726 pervicaci
769 4652 948 4709 furore
980 4655 1224 4711 violetur.
1281 4657 1509 4728 Propter
1534 4660 1674 4713 hanc
1703 4657 1849 4713 enim
1873 4656 2064 4713 salvati

469 4759 676 4813 sumus,
707 4753 763 4801 et
812 4746 935 4800 huic
966 4747 1017 4800 in
1062 4747 1385 4817 baptismate
1414 4748 1594 4817 lingua
1624 4747 2062 4817 subscripsimus.

468 4833 709 4894 Altitudo
730 4835 993 4907 siquidem
1020 4835 1139 4891 lidei
1164 4846 1417 4893 cunctam
1442 4836 1766 4906 insurgentis
1781 4836 2063 4892 audaciam

470 4930 939 5000 temeritatemque
984 4933 1302 5001 prosternit,
1360 4949 1460 4988 nec
1494 4933 1782 4988 humanam
1832 4940 2062 4999 tantum,

468 5020 562 5075 sed
593 5030 647 5075 et
678 5021 887 5076 illorum
917 5023 1008 5091 qui
1040 5031 1230 5081 natura
1261 5032 1317 5078 et
1344 5024 1661 5094 incorporea
1687 5024 2063 5088 sublimantur,

469 5111 531 5181 Β.
561 5110 693 5167 Paul
713 5132 727 5167 ›
751 5114 964 5168 dicente
992 5112 1135 5186 (Gal.
1162 5116 1212 5184 ι)
1246 5132 1257 5169 :
1288 5114 1393 5167 Aut
1416 5115 1463 5169 si
1487 5129 1605 5179 nos,
1635 5121 1730 5168 aut
1751 5113 1974 5182 angelus
1996 5113 2066 5171 de

470 5204 619 5261 oculis
647 5205 1091 5273 evangelizaverit
1120 5206 1273 5261 vobis
1298 5212 1494 5275 praeter
1516 5203 1569 5259 id
1590 5203 1733 5273 quod
1758 5204 2063 5274 accepistis,

470 5297 757 5355 anathema
808 5297 899 5353 sit.
959 5297 1263 5353 Ministrare
1316 5312 1549 5365 namque
1603 5306 1931 5367 prmccptum
1984 5305 2068 5353 est

470 5392 685 5459 angelo,
714 5409 820 5448 non
839 5392 1031 5462 dogma
1053 5403 1402 5460 componere.
1434 5388 1503 5443 Et
1525 5389 1886 5459 periculosum
1908 5390 2066 5445 nimis

470 5490 552 5539 est
582 5483 824 5552 singulis,
854 5500 960 5557 non
992 5484 1055 5538 iis
1084 5482 1280 5552 quibus
1307 5482 1541 5536 ordinati
1572 5490 1697 5536 sunt
1725 5497 2065 5552 permanere,

469 5573 566 5631 sed
595 5584 851 5645 appetere
881 5575 1019 5630 velle
1048 5588 1212 5642 supra
1240 5589 1548 5629 mensuram
1576 5588 1697 5644 qua:
1723 5573 1942 5627 minime
1971 5589 2068 5628 na-

470 5674 605 5722 tura:
631 5683 889 5724 concessa
919 5676 1063 5723 sunt.
1111 5666 1345 5738 Ideoque
1371 5667 1471 5723 etsi
1494 5666 1793 5723 substantia
1822 5664 2071 5736 przeferat

469 5758 598 5828 quid
629 5758 733 5815 lide
760 5760 978 5828 dignum
1004 5773 1123 5813 esse
1153 5756 1424 5833 videatur,
1475 5774 1583 5814 non
1611 5758 1716 5813 erit
1744 5756 2071 5826 receptibilis

470 5848 757 5913 innovatus
786 5848 1184 5919 prmdicutiouis
1216 5848 1512 5919 respondit.
1565 5847 1718 5915 Quod
1762 5847 2066 5919 accepimus

2174 4659 2272 4716 bas
2316 4659 2506 4726 divisa,
2546 4659 2661 4728 jam
2689 4675 2799 4716 non
2831 4661 2936 4716 erit
2961 4661 3322 4729 singularitas,
3367 4660 3463 4715 sed
3494 4660 3757 4727 dualitas),

2175 4749 2249 4804 ita
2302 4749 2445 4821 quod
2498 4766 2664 4806 unum
2706 4759 2792 4808 est
2840 4751 2995 4820 juxta
3048 4768 3314 4809 summam
3361 4752 3757 4816 adunatiunem,

2173 4856 2513 4912 nequaquam
2543 4842 2597 4896 in
2626 4841 2734 4898 duo
2761 4843 2962 4913 poterit
3008 4843 3113 4898 ulla
3145 4844 3354 4900 ratione
3394 4844 3605 4916 partiri.
3657 4843 3754 4899 Per

2176 4933 2230 4987 id
2256 4942 2436 4988 autem
2464 4934 2610 5004 quod
2649 4932 2880 4994 formam
2907 4935 3048 4990 servi
3092 4936 3405 5005 assumpsit,
3456 4946 3658 4992 natura:
3680 4937 3755 4991 di-

2177 5024 2312 5080 vina:
2344 5025 2858 5082 incommutabilitas
2902 5026 3184 5082 intimatur
3215 5044 3231 5082 :
3262 5029 3388 5098 quia
3436 5045 3597 5084 omne
3625 5029 3754 5100 quod

2174 5117 2264 5183 iit,
2314 5123 2410 5170 aut
2436 5131 2505 5171 ex
2533 5131 2601 5171 eo
2630 5117 2773 5185 quod
2811 5117 3067 5173 existeret
3095 5117 3297 5174 factum
3323 5127 3435 5185 est,
3488 5128 3546 5174 ut
3572 5120 3753 5175 caelum

2173 5206 2319 5276 quod
2366 5215 2493 5262 ante
2523 5222 2637 5262 non
2672 5214 2818 5275 erat;
2860 5216 2954 5263 aut
2997 5224 3064 5263 ex
3106 5225 3173 5264 eo
3199 5210 3343 5279 quod
3372 5218 3478 5278 est,
3526 5210 3579 5264 in
3626 5209 3755 5267 aliud

2173 5300 2525 5366 convertitur,
2582 5308 2643 5355 ut
2688 5299 2887 5357 ﬂuenta
2934 5300 3037 5356 Nili
3076 5302 3309 5357 ﬂuminis
3358 5302 3411 5356 in
3455 5303 3754 5370 sanguinem

2174 5402 2524 5450 commutata.
2547 5393 2653 5449 Sed
2671 5402 2894 5464 uterque
2909 5394 3099 5449 modus
3120 5394 3310 5450 divinae
3331 5395 3642 5450 substantiae
3654 5408 3755 5464 pro-

2172 5482 2331 5549 batur
2355 5482 2683 5553 incongruus
2715 5501 2730 5537 :
2762 5499 2887 5538 nam
2916 5498 3022 5539 nec
3045 5500 3113 5539 ex
3142 5484 3264 5540 ullis
3284 5485 3621 5541 exstantibus
3644 5498 3753 5554 pro-

2172 5576 2365 5639 cessit,
2396 5591 2615 5646 semper
2644 5576 2763 5632 sine
2791 5575 2946 5631 initio
2973 5591 3330 5646 permanens;
3360 5592 3465 5632 nec
3492 5592 3560 5633 ex
3590 5576 3751 5645 aliqua

2175 5667 2399 5721 materia
2422 5680 2719 5723 conversus
2738 5675 2822 5722 est
2844 5666 2988 5723 Deus
3013 5667 3249 5723 Verbum
3273 5668 3323 5723 in
3348 5684 3445 5724 sua
3472 5669 3751 5724 incommu-

2178 5756 2441 5811 tabilitate
2488 5756 2803 5825 persistens.
2861 5756 3069 5813 Idcirco
3114 5774 3214 5829 per
3260 5760 3377 5814 lucc
3437 5767 3493 5813 et
3545 5759 3750 5815 Deitatis

2177 5846 2798 5919 incommutabilitatem,
2822 5856 2877 5905 et
2895 5848 3221 5905 individuum
3238 5853 3562 5907 sacramenti
3586 5851 3746 5906 divina
