  <div class='ocr_page' id='page_1' title='image "/cluster/home/n/w/nwhite01/storage/ocr_20150623/67/hvd.32044015547185/212.png"; bbox 0 0 4060 6364; ppageno 0'>
   <div class='ocr_carea' id='block_1_1' title="bbox 328 360 438 417">
    <p class='ocr_par' dir='ltr' id='par_1_1' title="bbox 328 360 438 417">
     <span class='ocr_line' id='line_1_1' title="bbox 328 360 438 417; baseline 0.027 -3"><span class='ocrx_word' id='word_1_1' title='bbox 328 360 438 417; x_wconf 67' lang='lat'><strong>“‘3</strong></span> 
     </span>
    </p>
   </div>
   <div class='ocr_carea' id='block_1_2' title="bbox 1050 350 2923 417">
    <p class='ocr_par' dir='ltr' id='par_1_2' title="bbox 1050 350 2923 417">
     <span class='ocr_line' id='line_1_2' title="bbox 1050 350 2923 417; baseline -0.003 0"><span class='ocrx_word' id='word_1_2' title='bbox 1050 356 1406 417; x_wconf 57' lang='lat' dir='ltr'><strong>EPISTOLE</strong></span> <span class='ocrx_word' id='word_1_3' title='bbox 1446 358 1505 415; x_wconf 84' lang='lat' dir='ltr'><strong>S.</strong></span> <span class='ocrx_word' id='word_1_4' title='bbox 1546 355 1790 414; x_wconf 77' lang='lat' dir='ltr'><strong>PROCLI</strong></span> <span class='ocrx_word' id='word_1_5' title='bbox 1832 353 1918 411; x_wconf 75' lang='lat' dir='ltr'><strong>AC</strong></span> <span class='ocrx_word' id='word_1_6' title='bbox 1960 350 2310 410; x_wconf 75' lang='lat' dir='ltr'><strong>ARMENIOS</strong></span> <span class='ocrx_word' id='word_1_7' title='bbox 2350 355 2923 414; x_wconf 76' lang='lat' dir='ltr'><strong>INTERPRETATIO.</strong></span> 
     </span>
    </p>
   </div>
   <div class='ocr_carea' id='block_1_3' title="bbox 3513 364 3620 422">
    <p class='ocr_par' dir='ltr' id='par_1_3' title="bbox 3513 364 3620 422">
     <span class='ocr_line' id='line_1_3' title="bbox 3513 364 3620 422; baseline 0 -1"><span class='ocrx_word' id='word_1_8' title='bbox 3513 364 3620 422; x_wconf 75' lang='grc' dir='ltr'><strong>ιιι</strong></span> 
     </span>
    </p>
   </div>
   <div class='ocr_carea' id='block_1_4' title="bbox 324 451 3621 549">
    <p class='ocr_par' dir='ltr' id='par_1_4' title="bbox 324 451 3621 549">
     <span class='ocr_line' id='line_1_4' title="bbox 324 451 3621 549; baseline 0.001 -13"><span class='ocrx_word' id='word_1_9' title='bbox 324 478 608 549; x_wconf 72' lang='lat' dir='ltr'><strong>Scriptura</strong></span> <span class='ocrx_word' id='word_1_10' title='bbox 636 451 881 538; x_wconf 84' lang='lat' dir='ltr'><strong>testatur.</strong></span> <span class='ocrx_word' id='word_1_11' title='bbox 914 476 1057 547; x_wconf 88' lang='lat' dir='ltr'><strong>quod</strong></span> <span class='ocrx_word' id='word_1_12' title='bbox 1088 474 1288 531; x_wconf 82' lang='lat' dir='ltr'><strong>factum</strong></span> <span class='ocrx_word' id='word_1_13' title='bbox 1318 484 1403 532; x_wconf 87' lang='lat' dir='ltr'><strong>est</strong></span> <span class='ocrx_word' id='word_1_14' title='bbox 1430 475 1837 538; x_wconf 78' lang='lat' dir='ltr'><strong>demonstrans,</strong></span> <span class='ocrx_word' id='word_1_15' title='bbox 1868 475 1924 523; x_wconf 91' lang='lat' dir='ltr'><strong>et</strong></span> <span class='ocrx_word' id='word_1_16' title='bbox 1949 467 2003 527; x_wconf 88' lang='grc' dir='ltr'><strong>Δ</strong></span> <span class='ocrx_word' id='word_1_17' title='bbox 2028 465 2238 522; x_wconf 90' lang='lat' dir='ltr'><strong>tutione</strong></span> <span class='ocrx_word' id='word_1_18' title='bbox 2266 471 2471 537; x_wconf 89' lang='lat' dir='ltr'><strong>mundi,</strong></span> <span class='ocrx_word' id='word_1_19' title='bbox 2522 488 2628 544; x_wconf 90' lang='lat' dir='ltr'><strong>qua</strong></span> <span class='ocrx_word' id='word_1_20' title='bbox 2658 473 2713 529; x_wconf 89' lang='lat' dir='ltr'><strong>in</strong></span> <span class='ocrx_word' id='word_1_21' title='bbox 2741 474 2883 530; x_wconf 88' lang='lat' dir='ltr'><strong>hanc</strong></span> <span class='ocrx_word' id='word_1_22' title='bbox 2910 473 3076 529; x_wconf 86' lang='lat' dir='ltr'><strong>vitam</strong></span> <span class='ocrx_word' id='word_1_23' title='bbox 3106 481 3319 533; x_wconf 89' lang='lat' dir='ltr'><strong>constat</strong></span> <span class='ocrx_word' id='word_1_24' title='bbox 3343 476 3621 539; x_wconf 83' lang='lat' dir='ltr'><strong>hominem</strong></span> 
     </span>
    </p>
   </div>
   <div class='ocr_carea' id='block_1_5' title="bbox 327 561 1924 641">
    <p class='ocr_par' dir='ltr' id='par_1_5' title="bbox 327 561 1924 641">
     <span class='ocr_line' id='line_1_5' title="bbox 327 561 1924 641; baseline -0.006 -14"><span class='ocrx_word' id='word_1_25' title='bbox 327 570 475 641; x_wconf 85' lang='lat' dir='ltr'><strong>quod</strong></span> <span class='ocrx_word' id='word_1_26' title='bbox 508 569 795 640; x_wconf 86' lang='lat' dir='ltr'><strong>assumpsit</strong></span> <span class='ocrx_word' id='word_1_27' title='bbox 826 569 1100 626; x_wconf 85' lang='lat' dir='ltr'><strong>insinuans</strong></span> <span class='ocrx_word' id='word_1_28' title='bbox 1128 586 1141 622; x_wconf 88' lang='lat'><strong>:</strong></span> <span class='ocrx_word' id='word_1_29' title='bbox 1171 576 1229 623; x_wconf 91' lang='lat' dir='ltr'><strong>ut</strong></span> <span class='ocrx_word' id='word_1_30' title='bbox 1256 584 1355 640; x_wconf 88' lang='lat' dir='ltr'><strong>per</strong></span> <span class='ocrx_word' id='word_1_31' title='bbox 1380 568 1646 638; x_wconf 87' lang='lat' dir='ltr'><strong>primum,</strong></span> <span class='ocrx_word' id='word_1_32' title='bbox 1684 561 1924 633; x_wconf 88' lang='lat' dir='ltr'><strong>singula-</strong></span> 
     </span>
    </p>
   </div>
   <div class='ocr_carea' id='block_1_6' title="bbox 312 659 1927 733">
    <p class='ocr_par' dir='ltr' id='par_1_6' title="bbox 312 659 1927 733">
     <span class='ocr_line' id='line_1_6' title="bbox 312 659 1927 733; baseline -0.004 -14"><span class='ocrx_word' id='word_1_33' title='bbox 312 664 546 719; x_wconf 69' lang='lat' dir='ltr'><strong>‘ritatem</strong></span> <span class='ocrx_word' id='word_1_34' title='bbox 576 671 781 717; x_wconf 73' lang='lat' dir='ltr'><strong>natura:</strong></span> <span class='ocrx_word' id='word_1_35' title='bbox 825 677 1067 733; x_wconf 73' lang='lat' dir='ltr'><strong>persona:</strong></span> <span class='ocrx_word' id='word_1_36' title='bbox 1099 661 1375 733; x_wconf 87' lang='lat' dir='ltr'><strong>utriusque</strong></span> <span class='ocrx_word' id='word_1_37' title='bbox 1422 659 1792 725; x_wconf 79' lang='lat' dir='ltr'><strong>commendet,</strong></span> <span class='ocrx_word' id='word_1_38' title='bbox 1828 673 1927 729; x_wconf 89' lang='lat' dir='ltr'><strong>per</strong></span> 
     </span>
    </p>
   </div>
   <div class='ocr_carea' id='block_1_7' title="bbox 314 744 1927 810">
    <p class='ocr_par' dir='ltr' id='par_1_7' title="bbox 314 744 1927 810">
     <span class='ocr_line' id='line_1_7' title="bbox 314 744 1927 810; baseline -0.003 0"><span class='ocrx_word' id='word_1_39' title='bbox 314 755 561 810; x_wconf 78' lang='lat' dir='ltr'><strong>alterum</strong></span> <span class='ocrx_word' id='word_1_40' title='bbox 593 769 723 809; x_wconf 87' lang='lat' dir='ltr'><strong>vero</strong></span> <span class='ocrx_word' id='word_1_41' title='bbox 753 744 1352 808; x_wconf 30' lang='lat' dir='ltr'><strong>incommutabilitatem‘</strong></span> <span class='ocrx_word' id='word_1_42' title='bbox 1384 752 1693 807; x_wconf 73' lang='lat' dir='ltr'><strong>substantiae</strong></span> <span class='ocrx_word' id='word_1_43' title='bbox 1733 751 1927 807; x_wconf 65' lang='lat' dir='ltr'><strong>divinae</strong></span> 
     </span>
    </p>
   </div>
   <div class='ocr_carea' id='block_1_8' title="bbox 330 844 1926 919">
    <p class='ocr_par' dir='ltr' id='par_1_8' title="bbox 330 844 1926 919">
     <span class='ocr_line' id='line_1_8' title="bbox 330 844 1926 919; baseline -0.002 -18"><span class='ocrx_word' id='word_1_44' title='bbox 330 846 664 919; x_wconf 81' lang='lat' dir='ltr'><strong>pronuntiet.</strong></span> <span class='ocrx_word' id='word_1_45' title='bbox 696 845 839 902; x_wconf 90' lang='lat' dir='ltr'><strong>Deus</strong></span> <span class='ocrx_word' id='word_1_46' title='bbox 867 846 1027 915; x_wconf 78' lang='lat' dir='ltr'><strong>igitur</strong></span> <span class='ocrx_word' id='word_1_47' title='bbox 1048 844 1281 901; x_wconf 80' lang='lat' dir='ltr'><strong>Verbum</strong></span> <span class='ocrx_word' id='word_1_48' title='bbox 1305 845 1477 900; x_wconf 81' lang='lat' dir='ltr'><strong>factus</strong></span> <span class='ocrx_word' id='word_1_49' title='bbox 1497 853 1583 901; x_wconf 91' lang='lat' dir='ltr'><strong>est</strong></span> <span class='ocrx_word' id='word_1_50' title='bbox 1608 845 1772 899; x_wconf 91' lang='lat' dir='ltr'><strong>homo</strong></span> <span class='ocrx_word' id='word_1_51' title='bbox 1799 859 1926 913; x_wconf 86' lang='lat' dir='ltr'><strong>per-</strong></span> 
     </span>
    </p>
   </div>
   <div class='ocr_carea' id='block_1_9' title="bbox 330 934 1927 1008">
    <p class='ocr_par' dir='ltr' id='par_1_9' title="bbox 330 934 1927 1008">
     <span class='ocr_line' id='line_1_9' title="bbox 330 934 1927 1008; baseline -0.003 -13"><span class='ocrx_word' id='word_1_52' title='bbox 330 939 527 1007; x_wconf 80' lang='lat' dir='ltr'><strong>fectus,</strong></span> <span class='ocrx_word' id='word_1_53' title='bbox 560 955 665 995; x_wconf 90' lang='lat' dir='ltr'><strong>non</strong></span> <span class='ocrx_word' id='word_1_54' title='bbox 690 942 966 995; x_wconf 86' lang='lat' dir='ltr'><strong>immutata</strong></span> <span class='ocrx_word' id='word_1_55' title='bbox 990 947 1181 994; x_wconf 91' lang='lat' dir='ltr'><strong>natura</strong></span> <span class='ocrx_word' id='word_1_56' title='bbox 1210 939 1443 1005; x_wconf 89' lang='lat' dir='ltr'><strong>deitatis,</strong></span> <span class='ocrx_word' id='word_1_57' title='bbox 1475 938 1801 1008; x_wconf 83' lang='lat' dir='ltr'><strong>astipulante</strong></span> <span class='ocrx_word' id='word_1_58' title='bbox 1828 934 1927 990; x_wconf 85' lang='lat' dir='ltr'><strong>mi-</strong></span> 
     </span>
    </p>
   </div>
   <div class='ocr_carea' id='block_1_10' title="bbox 333 1028 1922 1107">
    <p class='ocr_par' dir='ltr' id='par_1_10' title="bbox 333 1028 1922 1107">
     <span class='ocr_line' id='line_1_10' title="bbox 333 1028 1922 1107; baseline -0.005 -17"><span class='ocrx_word' id='word_1_59' title='bbox 333 1035 524 1091; x_wconf 88' lang='lat' dir='ltr'><strong>racqu</strong></span> <span class='ocrx_word' id='word_1_60' title='bbox 550 1034 693 1107; x_wconf 85' lang='lat' dir='ltr'><strong>quod</strong></span> <span class='ocrx_word' id='word_1_61' title='bbox 724 1034 1133 1105; x_wconf 76' lang='lat' dir='ltr'><strong>intelligentiam</strong></span> <span class='ocrx_word' id='word_1_62' title='bbox 1166 1041 1362 1087; x_wconf 73' lang='lat' dir='ltr'><strong>nostra:</strong></span> <span class='ocrx_word' id='word_1_63' title='bbox 1417 1032 1612 1086; x_wconf 90' lang='lat' dir='ltr'><strong>mentis</strong></span> <span class='ocrx_word' id='word_1_64' title='bbox 1664 1028 1873 1086; x_wconf 79' lang='lat' dir='ltr'><strong>excedit</strong></span> <span class='ocrx_word' id='word_1_65' title='bbox 1909 1046 1922 1082; x_wconf 88' lang='lat'>:</span> 
     </span>
    </p>
   </div>
   <div class='ocr_carea' id='block_1_11' title="bbox 336 1124 1922 1197">
    <p class='ocr_par' dir='ltr' id='par_1_11' title="bbox 336 1124 1922 1197">
     <span class='ocr_line' id='line_1_11' title="bbox 336 1124 1922 1197; baseline -0.003 -16"><span class='ocrx_word' id='word_1_66' title='bbox 336 1127 565 1197; x_wconf 88' lang='lat' dir='ltr'><strong>idipsum</strong></span> <span class='ocrx_word' id='word_1_67' title='bbox 598 1126 921 1197; x_wconf 81' lang='lat' dir='ltr'><strong>percipimus</strong></span> <span class='ocrx_word' id='word_1_68' title='bbox 945 1125 1069 1193; x_wconf 84' lang='lat' dir='ltr'><strong>ﬁde,</strong></span> <span class='ocrx_word' id='word_1_69' title='bbox 1102 1141 1208 1181; x_wconf 91' lang='lat' dir='ltr'><strong>non</strong></span> <span class='ocrx_word' id='word_1_70' title='bbox 1235 1125 1581 1194; x_wconf 84' lang='lat' dir='ltr'><strong>inquisitione</strong></span> <span class='ocrx_word' id='word_1_71' title='bbox 1602 1124 1922 1196; x_wconf 79' lang='lat' dir='ltr'><strong>colligimus.</strong></span> 
     </span>
    </p>
   </div>
   <div class='ocr_carea' id='block_1_12' title="bbox 331 1214 1927 1288">
    <p class='ocr_par' dir='ltr' id='par_1_12' title="bbox 331 1214 1927 1288">
     <span class='ocr_line' id='line_1_12' title="bbox 331 1214 1927 1288; baseline -0.003 -14"><span class='ocrx_word' id='word_1_72' title='bbox 331 1217 403 1274; x_wconf 81' lang='lat' dir='ltr'><strong>Et</strong></span> <span class='ocrx_word' id='word_1_73' title='bbox 430 1219 603 1276; x_wconf 81' lang='lat' dir='ltr'><strong>factus</strong></span> <span class='ocrx_word' id='word_1_74' title='bbox 628 1219 790 1275; x_wconf 89' lang='lat' dir='ltr'><strong>homo</strong></span> <span class='ocrx_word' id='word_1_75' title='bbox 818 1227 1079 1288; x_wconf 87' lang='lat' dir='ltr'><strong>cognatus</strong></span> <span class='ocrx_word' id='word_1_76' title='bbox 1105 1218 1404 1273; x_wconf 88' lang='lat' dir='ltr'><strong>secundum</strong></span> <span class='ocrx_word' id='word_1_77' title='bbox 1446 1232 1695 1283; x_wconf 88' lang='lat' dir='ltr'><strong>carnem,</strong></span> <span class='ocrx_word' id='word_1_78' title='bbox 1743 1214 1927 1286; x_wconf 80' lang='lat' dir='ltr'><strong>generi</strong></span> 
     </span>
    </p>
   </div>
   <div class='ocr_carea' id='block_1_13' title="bbox 322 1306 1929 1382">
    <p class='ocr_par' dir='ltr' id='par_1_13' title="bbox 322 1306 1929 1382">
     <span class='ocr_line' id='line_1_13' title="bbox 322 1306 1929 1382; baseline -0.005 -13"><span class='ocrx_word' id='word_1_79' title='bbox 322 1313 563 1369; x_wconf 71' lang='lat' dir='ltr'><strong>salutem</strong></span> <span class='ocrx_word' id='word_1_80' title='bbox 595 1312 779 1366; x_wconf 89' lang='lat' dir='ltr'><strong>tribuit</strong></span> <span class='ocrx_word' id='word_1_81' title='bbox 803 1327 901 1382; x_wconf 90' lang='lat' dir='ltr'><strong>per</strong></span> <span class='ocrx_word' id='word_1_82' title='bbox 925 1310 1327 1366; x_wconf 86' lang='lat' dir='ltr'><strong>similitudinem</strong></span> <span class='ocrx_word' id='word_1_83' title='bbox 1357 1310 1688 1381; x_wconf 89' lang='lat' dir='ltr'><strong>passionum,</strong></span> <span class='ocrx_word' id='word_1_84' title='bbox 1720 1306 1929 1377; x_wconf 84' lang='lat' dir='ltr'><strong>peccati</strong></span> 
     </span>
    </p>
   </div>
   <div class='ocr_carea' id='block_1_14' title="bbox 325 1400 1929 1479">
    <p class='ocr_par' dir='ltr' id='par_1_14' title="bbox 325 1400 1929 1479">
     <span class='ocr_line' id='line_1_14' title="bbox 325 1400 1929 1479; baseline -0.001 -24"><span class='ocrx_word' id='word_1_85' title='bbox 325 1402 551 1479; x_wconf 78' lang='lat' dir='ltr'><strong>quidem</strong></span> <span class='ocrx_word' id='word_1_86' title='bbox 581 1404 817 1459; x_wconf 88' lang='lat' dir='ltr'><strong>debitum</strong></span> <span class='ocrx_word' id='word_1_87' title='bbox 839 1403 1077 1469; x_wconf 88' lang='lat' dir='ltr'><strong>solvens,</strong></span> <span class='ocrx_word' id='word_1_88' title='bbox 1107 1402 1234 1457; x_wconf 92' lang='lat' dir='ltr'><strong>dum</strong></span> <span class='ocrx_word' id='word_1_89' title='bbox 1256 1417 1376 1473; x_wconf 76' lang='lat' dir='ltr'><strong>qua:</strong></span> <span class='ocrx_word' id='word_1_90' title='bbox 1399 1408 1526 1456; x_wconf 93' lang='lat' dir='ltr'><strong>sunt</strong></span> <span class='ocrx_word' id='word_1_91' title='bbox 1552 1400 1786 1457; x_wconf 86' lang='lat' dir='ltr'><strong>hominis</strong></span> <span class='ocrx_word' id='word_1_92' title='bbox 1809 1415 1929 1469; x_wconf 88' lang='lat' dir='ltr'><strong>per-</strong></span> 
     </span>
    </p>
   </div>
   <div class='ocr_carea' id='block_1_15' title="bbox 330 1491 1927 1565">
    <p class='ocr_par' dir='ltr' id='par_1_15' title="bbox 330 1491 1927 1565">
     <span class='ocr_line' id='line_1_15' title="bbox 330 1491 1927 1565; baseline -0.001 -16"><span class='ocrx_word' id='word_1_93' title='bbox 330 1494 522 1565; x_wconf 86' lang='lat' dir='ltr'><strong>pessus</strong></span> <span class='ocrx_word' id='word_1_94' title='bbox 550 1510 646 1565; x_wconf 86' lang='lat' dir='ltr'><strong>pro</strong></span> <span class='ocrx_word' id='word_1_95' title='bbox 687 1491 936 1552; x_wconf 79' lang='lat' dir='ltr'><strong>omnibus</strong></span> <span class='ocrx_word' id='word_1_96' title='bbox 964 1494 1212 1559; x_wconf 90' lang='lat' dir='ltr'><strong>moritur,</strong></span> <span class='ocrx_word' id='word_1_97' title='bbox 1262 1494 1545 1551; x_wconf 87' lang='lat' dir='ltr'><strong>destruens</strong></span> <span class='ocrx_word' id='word_1_98' title='bbox 1577 1502 1758 1550; x_wconf 90' lang='lat' dir='ltr'><strong>autem</strong></span> <span class='ocrx_word' id='word_1_99' title='bbox 1802 1510 1927 1548; x_wconf 87' lang='lat' dir='ltr'><strong>eum</strong></span> 
     </span>
    </p>
   </div>
   <div class='ocr_carea' id='block_1_16' title="bbox 330 1585 1932 1658">
    <p class='ocr_par' dir='ltr' id='par_1_16' title="bbox 330 1585 1932 1658">
     <span class='ocr_line' id='line_1_16' title="bbox 330 1585 1932 1658; baseline 0.001 -17"><span class='ocrx_word' id='word_1_100' title='bbox 330 1588 423 1657; x_wconf 87' lang='lat' dir='ltr'><strong>qui</strong></span> <span class='ocrx_word' id='word_1_101' title='bbox 454 1586 686 1642; x_wconf 84' lang='lat' dir='ltr'><strong>habebat</strong></span> <span class='ocrx_word' id='word_1_102' title='bbox 709 1588 898 1642; x_wconf 91' lang='lat' dir='ltr'><strong>mortis</strong></span> <span class='ocrx_word' id='word_1_103' title='bbox 927 1587 1232 1658; x_wconf 85' lang='lat' dir='ltr'><strong>imperium,</strong></span> <span class='ocrx_word' id='word_1_104' title='bbox 1266 1585 1319 1642; x_wconf 91' lang='lat' dir='ltr'><strong>id</strong></span> <span class='ocrx_word' id='word_1_105' title='bbox 1347 1594 1430 1643; x_wconf 90' lang='lat' dir='ltr'><strong>est</strong></span> <span class='ocrx_word' id='word_1_106' title='bbox 1451 1586 1760 1653; x_wconf 89' lang='lat' dir='ltr'><strong>diabolum;</strong></span> <span class='ocrx_word' id='word_1_107' title='bbox 1790 1587 1932 1643; x_wconf 88' lang='lat' dir='ltr'><strong>sicut</strong></span> 
     </span>
    </p>
   </div>
   <div class='ocr_carea' id='block_1_17' title="bbox 326 1680 1931 1755">
    <p class='ocr_par' dir='ltr' id='par_1_17' title="bbox 326 1680 1931 1755">
     <span class='ocr_line' id='line_1_17' title="bbox 326 1680 1931 1755; baseline 0.002 -20"><span class='ocrx_word' id='word_1_108' title='bbox 326 1680 670 1751; x_wconf 70' lang='lat' dir='ltr'><strong>aequissimus</strong></span> <span class='ocrx_word' id='word_1_109' title='bbox 702 1682 848 1739; x_wconf 86' lang='lat' dir='ltr'><strong>Deus</strong></span> <span class='ocrx_word' id='word_1_110' title='bbox 879 1702 891 1738; x_wconf 92' lang='lat'>:</span> <span class='ocrx_word' id='word_1_111' title='bbox 926 1682 1057 1753; x_wconf 87' lang='lat' dir='ltr'><strong>legis</strong></span> <span class='ocrx_word' id='word_1_112' title='bbox 1087 1684 1247 1741; x_wconf 89' lang='lat' dir='ltr'><strong>etiam</strong></span> <span class='ocrx_word' id='word_1_113' title='bbox 1278 1685 1422 1755; x_wconf 87' lang='lat' dir='ltr'><strong>quod</strong></span> <span class='ocrx_word' id='word_1_114' title='bbox 1450 1694 1569 1740; x_wconf 89' lang='lat' dir='ltr'><strong>erat</strong></span> <span class='ocrx_word' id='word_1_115' title='bbox 1597 1683 1931 1755; x_wconf 70' lang='lat' dir='ltr'><strong>impossibile</strong></span> 
     </span>
    </p>
   </div>
   <div class='ocr_carea' id='block_1_18' title="bbox 330 1772 1931 1848">
    <p class='ocr_par' dir='ltr' id='par_1_18' title="bbox 330 1772 1931 1848">
     <span class='ocr_line' id='line_1_18' title="bbox 330 1772 1931 1848; baseline 0 -19"><span class='ocrx_word' id='word_1_116' title='bbox 330 1772 462 1829; x_wconf 72' lang='lat' dir='ltr'><strong>fecit</strong></span> <span class='ocrx_word' id='word_1_117' title='bbox 490 1788 609 1829; x_wconf 84' lang='lat' dir='ltr'><strong>esse</strong></span> <span class='ocrx_word' id='word_1_118' title='bbox 639 1775 913 1846; x_wconf 86' lang='lat' dir='ltr'><strong>possibile,</strong></span> <span class='ocrx_word' id='word_1_119' title='bbox 964 1792 1181 1834; x_wconf 87' lang='lat' dir='ltr'><strong>onmem</strong></span> <span class='ocrx_word' id='word_1_120' title='bbox 1228 1777 1500 1848; x_wconf 89' lang='lat' dir='ltr'><strong>implendo</strong></span> <span class='ocrx_word' id='word_1_121' title='bbox 1537 1775 1822 1847; x_wconf 79' lang='lat' dir='ltr'><strong>justitiam,</strong></span> <span class='ocrx_word' id='word_1_122' title='bbox 1875 1784 1931 1830; x_wconf 91' lang='lat' dir='ltr'><strong>et</strong></span> 
     </span>
    </p>
   </div>
   <div class='ocr_carea' id='block_1_19' title="bbox 2032 561 3622 639">
    <p class='ocr_par' dir='ltr' id='par_1_19' title="bbox 2032 561 3622 639">
     <span class='ocr_line' id='line_1_19' title="bbox 2032 561 3622 639; baseline 0.008 -20"><span class='ocrx_word' id='word_1_123' title='bbox 2032 577 2151 620; x_wconf 88' lang='lat' dir='ltr'><strong>esse</strong></span> <span class='ocrx_word' id='word_1_124' title='bbox 2169 561 2494 633; x_wconf 87' lang='lat' dir='ltr'><strong>projectum,</strong></span> <span class='ocrx_word' id='word_1_125' title='bbox 2519 565 2665 622; x_wconf 82' lang='lat' dir='ltr'><strong>aliud</strong></span> <span class='ocrx_word' id='word_1_126' title='bbox 2685 567 2788 622; x_wconf 90' lang='lat' dir='ltr'><strong>iter</strong></span> <span class='ocrx_word' id='word_1_127' title='bbox 2807 567 3090 638; x_wconf 87' lang='lat' dir='ltr'><strong>quisquam</strong></span> <span class='ocrx_word' id='word_1_128' title='bbox 3108 578 3303 639; x_wconf 73' lang='lat' dir='ltr'><strong>pmter</strong></span> <span class='ocrx_word' id='word_1_129' title='bbox 3324 570 3429 627; x_wconf 88' lang='lat' dir='ltr'><strong>hoc</strong></span> <span class='ocrx_word' id='word_1_130' title='bbox 3443 574 3622 631; x_wconf 85' lang='lat' dir='ltr'><strong>carnis</strong></span> 
     </span>
    </p>
   </div>
   <div class='ocr_carea' id='block_1_20' title="bbox 2032 654 3620 729">
    <p class='ocr_par' dir='ltr' id='par_1_20' title="bbox 2032 654 3620 729">
     <span class='ocr_line' id='line_1_20' title="bbox 2032 654 3620 729; baseline 0.007 -20"><span class='ocrx_word' id='word_1_131' title='bbox 2032 654 2308 725; x_wconf 84' lang='lat' dir='ltr'><strong>ingressus</strong></span> <span class='ocrx_word' id='word_1_132' title='bbox 2336 664 2438 721; x_wconf 90' lang='lat' dir='ltr'><strong>est,</strong></span> <span class='ocrx_word' id='word_1_133' title='bbox 2470 657 2758 713; x_wconf 87' lang='lat' dir='ltr'><strong>ostendant</strong></span> <span class='ocrx_word' id='word_1_134' title='bbox 2782 660 3129 729; x_wconf 88' lang='lat' dir='ltr'><strong>contentiosi,</strong></span> <span class='ocrx_word' id='word_1_135' title='bbox 3160 669 3217 715; x_wconf 91' lang='lat' dir='ltr'><strong>et</strong></span> <span class='ocrx_word' id='word_1_136' title='bbox 3244 670 3374 720; x_wconf 91' lang='lat' dir='ltr'><strong>tunc</strong></span> <span class='ocrx_word' id='word_1_137' title='bbox 3403 663 3620 720; x_wconf 89' lang='lat' dir='ltr'><strong>demum</strong></span> 
     </span>
    </p>
   </div>
   <div class='ocr_carea' id='block_1_21' title="bbox 2030 746 3621 813">
    <p class='ocr_par' dir='ltr' id='par_1_21' title="bbox 2030 746 3621 813">
     <span class='ocr_line' id='line_1_21' title="bbox 2030 746 3621 813; baseline 0.007 -11"><span class='ocrx_word' id='word_1_138' title='bbox 2030 762 2127 802; x_wconf 90' lang='lat' dir='ltr'><strong>sua</strong></span> <span class='ocrx_word' id='word_1_139' title='bbox 2149 746 2500 803; x_wconf 81' lang='lat' dir='ltr'><strong>deliramenta</strong></span> <span class='ocrx_word' id='word_1_140' title='bbox 2530 757 2841 804; x_wconf 83' lang='lat' dir='ltr'><strong>contexant.</strong></span> <span class='ocrx_word' id='word_1_141' title='bbox 2876 750 2933 806; x_wconf 91' lang='lat' dir='ltr'><strong>Si</strong></span> <span class='ocrx_word' id='word_1_142' title='bbox 2954 766 3084 808; x_wconf 90' lang='lat' dir='ltr'><strong>vero</strong></span> <span class='ocrx_word' id='word_1_143' title='bbox 3111 752 3211 808; x_wconf 87' lang='lat' dir='ltr'><strong>ista</strong></span> <span class='ocrx_word' id='word_1_144' title='bbox 3233 761 3358 809; x_wconf 91' lang='lat' dir='ltr'><strong>sunt</strong></span> <span class='ocrx_word' id='word_1_145' title='bbox 3378 769 3621 813; x_wconf 84' lang='lat' dir='ltr'><strong>commu-</strong></span> 
     </span>
    </p>
   </div>
   <div class='ocr_carea' id='block_1_22' title="bbox 2032 839 3619 911">
    <p class='ocr_par' dir='ltr' id='par_1_22' title="bbox 2032 839 3619 911">
     <span class='ocr_line' id='line_1_22' title="bbox 2032 839 3619 911; baseline 0.007 -18"><span class='ocrx_word' id='word_1_146' title='bbox 2032 840 2116 895; x_wconf 88' lang='lat' dir='ltr'><strong>nis</strong></span> <span class='ocrx_word' id='word_1_147' title='bbox 2131 848 2336 895; x_wconf 78' lang='lat' dir='ltr'><strong>uaturze</strong></span> <span class='ocrx_word' id='word_1_148' title='bbox 2355 839 2646 911; x_wconf 87' lang='lat' dir='ltr'><strong>primordia</strong></span> <span class='ocrx_word' id='word_1_149' title='bbox 2666 857 2680 895; x_wconf 90' lang='lat'><strong>:</strong></span> <span class='ocrx_word' id='word_1_150' title='bbox 2701 840 2841 896; x_wconf 88' lang='lat' dir='ltr'><strong>Deus</strong></span> <span class='ocrx_word' id='word_1_151' title='bbox 2857 850 3036 898; x_wconf 89' lang='lat' dir='ltr'><strong>autem</strong></span> <span class='ocrx_word' id='word_1_152' title='bbox 3062 844 3297 900; x_wconf 83' lang='lat' dir='ltr'><strong>Verbum</strong></span> <span class='ocrx_word' id='word_1_153' title='bbox 3320 848 3619 903; x_wconf 89' lang='lat' dir='ltr'><strong>secundum</strong></span> 
     </span>
    </p>
   </div>
   <div class='ocr_carea' id='block_1_23' title="bbox 2006 928 3618 1009">
    <p class='ocr_par' dir='ltr' id='par_1_23' title="bbox 2006 928 3618 1009">
     <span class='ocr_line' id='line_1_23' title="bbox 2006 928 3618 1009; baseline 0.004 -18"><span class='ocrx_word' id='word_1_154' title='bbox 2006 935 2315 991; x_wconf 87' lang='lat' dir='ltr'><strong>-veritatem</strong></span> <span class='ocrx_word' id='word_1_155' title='bbox 2337 928 2511 991; x_wconf 73' lang='lat' dir='ltr'><strong>lactus</strong></span> <span class='ocrx_word' id='word_1_156' title='bbox 2532 942 2617 990; x_wconf 85' lang='lat' dir='ltr'><strong>est</strong></span> <span class='ocrx_word' id='word_1_157' title='bbox 2637 934 2802 991; x_wconf 90' lang='lat' dir='ltr'><strong>homo</strong></span> <span class='ocrx_word' id='word_1_158' title='bbox 2832 953 2847 991; x_wconf 93' lang='lat'><strong>:</strong></span> <span class='ocrx_word' id='word_1_159' title='bbox 2878 937 3197 993; x_wconf 87' lang='lat' dir='ltr'><strong>conﬁtentes</strong></span> <span class='ocrx_word' id='word_1_160' title='bbox 3224 947 3493 1009; x_wconf 84' lang='lat' dir='ltr'><strong>naturam,</strong></span> <span class='ocrx_word' id='word_1_161' title='bbox 3523 954 3618 997; x_wconf 80' lang='lat' dir='ltr'><strong>cur</strong></span> 
     </span>
    </p>
   </div>
   <div class='ocr_carea' id='block_1_24' title="bbox 2030 1026 3618 1103">
    <p class='ocr_par' dir='ltr' id='par_1_24' title="bbox 2030 1026 3618 1103">
     <span class='ocr_line' id='line_1_24' title="bbox 2030 1026 3618 1103; baseline 0.006 -23"><span class='ocrx_word' id='word_1_162' title='bbox 2030 1026 2338 1098; x_wconf 80' lang='lat' dir='ltr'><strong>vituperant</strong></span> <span class='ocrx_word' id='word_1_163' title='bbox 2352 1027 2692 1098; x_wconf 76' lang='lat' dir='ltr'><strong>passionem?</strong></span> <span class='ocrx_word' id='word_1_164' title='bbox 2706 1026 2946 1087; x_wconf 81' lang='lat' dir='ltr'><strong>Alterum</strong></span> <span class='ocrx_word' id='word_1_165' title='bbox 2960 1030 3331 1101; x_wconf 84' lang='lat' dir='ltr'><strong>igitureligant</strong></span> <span class='ocrx_word' id='word_1_166' title='bbox 3341 1049 3374 1089; x_wconf 91' lang='lat' dir='ltr'><strong>e</strong></span> <span class='ocrx_word' id='word_1_167' title='bbox 3384 1034 3618 1103; x_wconf 81' lang='lat' dir='ltr'><strong>duobus,</strong></span> 
     </span>
    </p>
   </div>
   <div class='ocr_carea' id='block_1_25' title="bbox 2030 1122 3618 1196">
    <p class='ocr_par' dir='ltr' id='par_1_25' title="bbox 2030 1122 3618 1196">
     <span class='ocr_line' id='line_1_25' title="bbox 2030 1122 3618 1196; baseline 0.004 -18"><span class='ocrx_word' id='word_1_168' title='bbox 2030 1132 2125 1178; x_wconf 90' lang='lat' dir='ltr'><strong>aut</strong></span> <span class='ocrx_word' id='word_1_169' title='bbox 2137 1122 2516 1179; x_wconf 73' lang='lat' dir='ltr'><strong>erubescentes</strong></span> <span class='ocrx_word' id='word_1_170' title='bbox 2535 1122 2604 1179; x_wconf 91' lang='lat' dir='ltr'><strong>de</strong></span> <span class='ocrx_word' id='word_1_171' title='bbox 2621 1122 2983 1187; x_wconf 83' lang='lat' dir='ltr'><strong>contumeliis,</strong></span> <span class='ocrx_word' id='word_1_172' title='bbox 2999 1123 3251 1194; x_wconf 86' lang='lat' dir='ltr'><strong>abjurent</strong></span> <span class='ocrx_word' id='word_1_173' title='bbox 3268 1135 3535 1196; x_wconf 88' lang='lat' dir='ltr'><strong>naturam,</strong></span> <span class='ocrx_word' id='word_1_174' title='bbox 3558 1137 3618 1184; x_wconf 92' lang='lat' dir='ltr'><strong>et</strong></span> 
     </span>
    </p>
   </div>
   <div class='ocr_carea' id='block_1_26' title="bbox 2014 1211 3621 1289">
    <p class='ocr_par' dir='ltr' id='par_1_26' title="bbox 2014 1211 3621 1289">
     <span class='ocr_line' id='line_1_26' title="bbox 2014 1211 3621 1289; baseline 0.006 -23"><span class='ocrx_word' id='word_1_175' title='bbox 2014 1211 2313 1289; x_wconf 24' lang='lat' dir='ltr'><strong>)Manicbazi</strong></span> <span class='ocrx_word' id='word_1_176' title='bbox 2338 1211 2542 1269; x_wconf 77' lang='lat' dir='ltr'><strong>morbis</strong></span> <span class='ocrx_word' id='word_1_177' title='bbox 2569 1212 2745 1270; x_wconf 72' lang='lat' dir='ltr'><strong>allecti</strong></span> <span class='ocrx_word' id='word_1_178' title='bbox 2775 1230 2896 1270; x_wconf 91' lang='lat' dir='ltr'><strong>cum</strong></span> <span class='ocrx_word' id='word_1_179' title='bbox 2940 1214 3118 1286; x_wconf 79' lang='lat' dir='ltr'><strong>impiis</strong></span> <span class='ocrx_word' id='word_1_180' title='bbox 3143 1216 3492 1288; x_wconf 74' lang='lat' dir='ltr'><strong>deputentur,</strong></span> <span class='ocrx_word' id='word_1_181' title='bbox 3527 1226 3621 1277; x_wconf 84' lang='lat' dir='ltr'><strong>aut</strong></span> 
     </span>
    </p>
   </div>
   <div class='ocr_carea' id='block_1_27' title="bbox 2012 1303 3595 1383">
    <p class='ocr_par' dir='ltr' id='par_1_27' title="bbox 2012 1303 3595 1383">
     <span class='ocr_line' id='line_1_27' title="bbox 2012 1303 3595 1383; baseline 0.005 -23"><span class='ocrx_word' id='word_1_182' title='bbox 2012 1304 2075 1383; x_wconf 32' lang='lat' dir='ltr'><strong>&#39;si</strong></span> <span class='ocrx_word' id='word_1_183' title='bbox 2105 1303 2314 1359; x_wconf 87' lang='lat' dir='ltr'><strong>lucrum</strong></span> <span class='ocrx_word' id='word_1_184' title='bbox 2342 1304 2486 1376; x_wconf 88' lang='lat' dir='ltr'><strong>quod</strong></span> <span class='ocrx_word' id='word_1_185' title='bbox 2509 1312 2681 1362; x_wconf 78' lang='lat' dir='ltr'><strong>estex</strong></span> <span class='ocrx_word' id='word_1_186' title='bbox 2710 1306 3083 1365; x_wconf 86' lang='lat' dir='ltr'><strong>incarnatione</strong></span> <span class='ocrx_word' id='word_1_187' title='bbox 3108 1309 3410 1380; x_wconf 88' lang='lat' dir='ltr'><strong>suscipiunt</strong></span> <span class='ocrx_word' id='word_1_188' title='bbox 3448 1312 3595 1368; x_wconf 83' lang='lat' dir='ltr'><strong>t&#39;aten</strong></span> 
     </span>
    </p>
   </div>
   <div class='ocr_carea' id='block_1_28' title="bbox 2033 1394 3622 1473">
    <p class='ocr_par' dir='ltr' id='par_1_28' title="bbox 2033 1394 3622 1473">
     <span class='ocr_line' id='line_1_28' title="bbox 2033 1394 3622 1473; baseline 0.008 -25"><span class='ocrx_word' id='word_1_189' title='bbox 2033 1402 2114 1449; x_wconf 89' lang='lat' dir='ltr'><strong>tes</strong></span> <span class='ocrx_word' id='word_1_190' title='bbox 2159 1394 2538 1463; x_wconf 85' lang='lat' dir='ltr'><strong>substantiam,</strong></span> <span class='ocrx_word' id='word_1_191' title='bbox 2587 1411 2696 1452; x_wconf 91' lang='lat' dir='ltr'><strong>non</strong></span> <span class='ocrx_word' id='word_1_192' title='bbox 2726 1395 3125 1457; x_wconf 77' lang='lat' dir='ltr'><strong>confundantur</strong></span> <span class='ocrx_word' id='word_1_193' title='bbox 3174 1400 3244 1456; x_wconf 89' lang='lat' dir='ltr'><strong>de</strong></span> <span class='ocrx_word' id='word_1_194' title='bbox 3285 1402 3622 1473; x_wconf 81' lang='lat' dir='ltr'><strong>passionibus</strong></span> 
     </span>
    </p>
   </div>
   <div class='ocr_carea' id='block_1_29' title="bbox 2012 1489 3622 1559">
    <p class='ocr_par' dir='ltr' id='par_1_29' title="bbox 2012 1489 3622 1559">
     <span class='ocr_line' id='line_1_29' title="bbox 2012 1489 3622 1559; baseline 0.006 -17"><span class='ocrx_word' id='word_1_195' title='bbox 2012 1503 2151 1559; x_wconf 79' lang='lat' dir='ltr'><strong>qua:</strong></span> <span class='ocrx_word' id='word_1_196' title='bbox 2190 1489 2544 1545; x_wconf 87' lang='lat' dir='ltr'><strong>substantiam</strong></span> <span class='ocrx_word' id='word_1_197' title='bbox 2591 1498 3014 1559; x_wconf 86' lang='lat' dir='ltr'><strong>consequuntur.</strong></span> <span class='ocrx_word' id='word_1_198' title='bbox 3070 1490 3324 1549; x_wconf 84' lang='lat' dir='ltr'><strong>Admiror</strong></span> <span class='ocrx_word' id='word_1_199' title='bbox 3350 1503 3407 1551; x_wconf 89' lang='lat' dir='ltr'><strong>et</strong></span> <span class='ocrx_word' id='word_1_200' title='bbox 3432 1509 3622 1551; x_wconf 85' lang='lat' dir='ltr'><strong>eorum</strong></span> 
     </span>
    </p>
   </div>
   <div class='ocr_carea' id='block_1_30' title="bbox 2012 1580 3619 1655">
    <p class='ocr_par' dir='ltr' id='par_1_30' title="bbox 2012 1580 3619 1655">
     <span class='ocr_line' id='line_1_30' title="bbox 2012 1580 3619 1655; baseline 0.005 -18"><span class='ocrx_word' id='word_1_201' title='bbox 2012 1580 2358 1647; x_wconf 80' lang='lat' dir='ltr'><strong>dementiam</strong></span> <span class='ocrx_word' id='word_1_202' title='bbox 2387 1582 2481 1651; x_wconf 87' lang='lat' dir='ltr'><strong>qui</strong></span> <span class='ocrx_word' id='word_1_203' title='bbox 2508 1597 2649 1637; x_wconf 88' lang='lat' dir='ltr'><strong>nova</strong></span> <span class='ocrx_word' id='word_1_204' title='bbox 2677 1581 3012 1653; x_wconf 87' lang='lat' dir='ltr'><strong>deceptionis</strong></span> <span class='ocrx_word' id='word_1_205' title='bbox 3038 1583 3230 1640; x_wconf 87' lang='lat' dir='ltr'><strong>itinera</strong></span> <span class='ocrx_word' id='word_1_206' title='bbox 3258 1585 3579 1655; x_wconf 81' lang='lat' dir='ltr'><strong>gradiuntur</strong></span> <span class='ocrx_word' id='word_1_207' title='bbox 3606 1604 3619 1645; x_wconf 91' lang='lat'><strong>:</strong></span> 
     </span>
    </p>
   </div>
   <div class='ocr_carea' id='block_1_31' title="bbox 2033 1672 3623 1750">
    <p class='ocr_par' dir='ltr' id='par_1_31' title="bbox 2033 1672 3623 1750">
     <span class='ocr_line' id='line_1_31' title="bbox 2033 1672 3623 1750; baseline 0.005 -22"><span class='ocrx_word' id='word_1_208' title='bbox 2033 1687 2135 1743; x_wconf 92' lang='lat' dir='ltr'><strong>ego</strong></span> <span class='ocrx_word' id='word_1_209' title='bbox 2184 1688 2419 1744; x_wconf 85' lang='lat' dir='ltr'><strong>namque</strong></span> <span class='ocrx_word' id='word_1_210' title='bbox 2456 1689 2619 1728; x_wconf 89' lang='lat' dir='ltr'><strong>unum</strong></span> <span class='ocrx_word' id='word_1_211' title='bbox 2662 1672 2877 1741; x_wconf 74' lang='lat' dir='ltr'><strong>Fibum,</strong></span> <span class='ocrx_word' id='word_1_212' title='bbox 2928 1676 3072 1733; x_wconf 83' lang='lat' dir='ltr'><strong>sicut</strong></span> <span class='ocrx_word' id='word_1_213' title='bbox 3109 1676 3337 1733; x_wconf 86' lang='lat' dir='ltr'><strong>edoctus</strong></span> <span class='ocrx_word' id='word_1_214' title='bbox 3376 1692 3495 1733; x_wconf 87' lang='lat' dir='ltr'><strong>sum</strong></span> <span class='ocrx_word' id='word_1_215' title='bbox 3536 1679 3623 1750; x_wconf 86' lang='lat' dir='ltr'><strong>pie</strong></span> 
     </span>
    </p>
   </div>
   <div class='ocr_carea' id='block_1_32' title="bbox 2034 1766 3624 1837">
    <p class='ocr_par' dir='ltr' id='par_1_32' title="bbox 2034 1766 3624 1837">
     <span class='ocr_line' id='line_1_32' title="bbox 2034 1766 3624 1837; baseline 0.003 -14"><span class='ocrx_word' id='word_1_216' title='bbox 2034 1779 2392 1835; x_wconf 82' lang='lat' dir='ltr'><strong>cognoscens,</strong></span> <span class='ocrx_word' id='word_1_217' title='bbox 2435 1781 2596 1837; x_wconf 88' lang='lat' dir='ltr'><strong>quem</strong></span> <span class='ocrx_word' id='word_1_218' title='bbox 2647 1766 2743 1822; x_wconf 89' lang='lat' dir='ltr'><strong>Dei</strong></span> <span class='ocrx_word' id='word_1_219' title='bbox 2771 1766 2933 1823; x_wconf 86' lang='lat' dir='ltr'><strong>Verbi</strong></span> <span class='ocrx_word' id='word_1_220' title='bbox 2963 1767 3227 1824; x_wconf 80' lang='lat' dir='ltr'><strong>incarnati</strong></span> <span class='ocrx_word' id='word_1_221' title='bbox 3266 1770 3624 1827; x_wconf 85' lang='lat' dir='ltr'><strong>substantiam</strong></span> 
     </span>
    </p>
   </div>
   <div class='ocr_carea' id='block_1_33' title="bbox 330 1855 3711 1939">
    <p class='ocr_par' dir='ltr' id='par_1_33' title="bbox 330 1855 3711 1939">
     <span class='ocr_line' id='line_1_33' title="bbox 330 1855 3711 1939; baseline 0 -20"><span class='ocrx_word' id='word_1_222' title='bbox 330 1864 643 1920; x_wconf 72' lang='lat' dir='ltr'><strong>substantia:</strong></span> <span class='ocrx_word' id='word_1_223' title='bbox 660 1875 856 1922; x_wconf 66' lang='lat' dir='ltr'><strong>nostrae</strong></span> <span class='ocrx_word' id='word_1_224' title='bbox 878 1868 1157 1939; x_wconf 89' lang='lat' dir='ltr'><strong>pristinam</strong></span> <span class='ocrx_word' id='word_1_225' title='bbox 1172 1867 1506 1923; x_wconf 90' lang='lat' dir='ltr'><strong>nobilitatem</strong></span> <span class='ocrx_word' id='word_1_226' title='bbox 1523 1868 1929 1937; x_wconf 85' lang='lat' dir='ltr'><strong>claritatemque</strong></span> <span class='ocrx_word' id='word_1_227' title='bbox 1966 1872 2006 1929; x_wconf 78' lang='grc' dir='ltr'><strong>Β</strong></span> <span class='ocrx_word' id='word_1_228' title='bbox 2036 1872 2157 1915; x_wconf 71' lang='lat' dir='ltr'><strong>esse</strong></span> <span class='ocrx_word' id='word_1_229' title='bbox 2184 1855 2470 1928; x_wconf 61' lang='lat' dir='ltr'><strong>Proﬁteor;</strong></span> <span class='ocrx_word' id='word_1_230' title='bbox 2499 1874 2607 1914; x_wconf 84' lang='grc' dir='ltr'><strong>υηο</strong></span> <span class='ocrx_word' id='word_1_231' title='bbox 2631 1866 2817 1915; x_wconf 66' lang='grc' dir='ltr'>ειιιθιη</span> <span class='ocrx_word' id='word_1_232' title='bbox 2844 1860 3111 1931; x_wconf 60' lang='lat' dir='ltr'><strong>existente</strong></span> <span class='ocrx_word' id='word_1_233' title='bbox 3137 1876 3205 1917; x_wconf 87' lang='lat' dir='ltr'><strong>eo</strong></span> <span class='ocrx_word' id='word_1_234' title='bbox 3225 1862 3319 1931; x_wconf 84' lang='lat' dir='ltr'><strong>qui</strong></span> <span class='ocrx_word' id='word_1_235' title='bbox 3346 1863 3624 1934; x_wconf 80' lang='lat' dir='ltr'><strong>passiones</strong></span> <span class='ocrx_word' id='word_1_236' title='bbox 3705 1878 3711 1884; x_wconf 83' lang='lat'>&#39;</span> 
     </span>
    </p>
   </div>
   <div class='ocr_carea' id='block_1_34' title="bbox 329 1957 1928 2033">
    <p class='ocr_par' dir='ltr' id='par_1_34' title="bbox 329 1957 1928 2033">
     <span class='ocr_line' id='line_1_34' title="bbox 329 1957 1928 2033; baseline -0.001 -18"><span class='ocrx_word' id='word_1_237' title='bbox 329 1957 569 2015; x_wconf 69' lang='lat' dir='ltr'><strong>restituit</strong></span> <span class='ocrx_word' id='word_1_238' title='bbox 612 1974 709 2029; x_wconf 90' lang='lat' dir='ltr'><strong>per</strong></span> <span class='ocrx_word' id='word_1_239' title='bbox 737 1958 841 2016; x_wconf 89' lang='lat' dir='ltr'><strong>hoc</strong></span> <span class='ocrx_word' id='word_1_240' title='bbox 885 1960 1028 2033; x_wconf 89' lang='lat' dir='ltr'><strong>quod</strong></span> <span class='ocrx_word' id='word_1_241' title='bbox 1060 1960 1224 2016; x_wconf 90' lang='lat' dir='ltr'><strong>homo</strong></span> <span class='ocrx_word' id='word_1_242' title='bbox 1273 1960 1450 2016; x_wconf 83' lang='lat' dir='ltr'><strong>lactus</strong></span> <span class='ocrx_word' id='word_1_243' title='bbox 1479 1968 1589 2027; x_wconf 90' lang='lat' dir='ltr'><strong>est,</strong></span> <span class='ocrx_word' id='word_1_244' title='bbox 1638 1959 1928 2015; x_wconf 83' lang='lat' dir='ltr'><strong>honoravit</strong></span> 
     </span>
    </p>
   </div>
   <div class='ocr_carea' id='block_1_35' title="bbox 331 2049 1928 2122">
    <p class='ocr_par' dir='ltr' id='par_1_35' title="bbox 331 2049 1928 2122">
     <span class='ocr_line' id='line_1_35' title="bbox 331 2049 1928 2122; baseline 0.001 -20"><span class='ocrx_word' id='word_1_245' title='bbox 331 2063 457 2103; x_wconf 90' lang='lat' dir='ltr'><strong>eum</strong></span> <span class='ocrx_word' id='word_1_246' title='bbox 486 2064 646 2120; x_wconf 85' lang='lat' dir='ltr'><strong>quem</strong></span> <span class='ocrx_word' id='word_1_247' title='bbox 679 2049 793 2122; x_wconf 89' lang='lat' dir='ltr'><strong>ipse</strong></span> <span class='ocrx_word' id='word_1_248' title='bbox 822 2051 890 2108; x_wconf 91' lang='lat' dir='ltr'><strong>de</strong></span> <span class='ocrx_word' id='word_1_249' title='bbox 922 2061 1062 2109; x_wconf 91' lang='lat' dir='ltr'><strong>terra</strong></span> <span class='ocrx_word' id='word_1_250' title='bbox 1094 2052 1441 2112; x_wconf 80' lang='lat' dir='ltr'><strong>formaverat.</strong></span> <span class='ocrx_word' id='word_1_251' title='bbox 1474 2050 1625 2108; x_wconf 88' lang='lat' dir='ltr'><strong>Unus</strong></span> <span class='ocrx_word' id='word_1_252' title='bbox 1654 2052 1817 2120; x_wconf 84' lang='lat' dir='ltr'><strong>igitur</strong></span> <span class='ocrx_word' id='word_1_253' title='bbox 1844 2057 1928 2107; x_wconf 92' lang='lat' dir='ltr'><strong>est</strong></span> 
     </span>
    </p>
   </div>
   <div class='ocr_carea' id='block_1_36' title="bbox 332 2138 1927 2213">
    <p class='ocr_par' dir='ltr' id='par_1_36' title="bbox 332 2138 1927 2213">
     <span class='ocr_line' id='line_1_36' title="bbox 332 2138 1927 2213; baseline 0.002 -18"><span class='ocrx_word' id='word_1_254' title='bbox 332 2138 521 2211; x_wconf 84' lang='lat' dir='ltr'><strong>Filius,</strong></span> <span class='ocrx_word' id='word_1_255' title='bbox 552 2159 689 2197; x_wconf 66' lang='lat' dir='ltr'><strong>unus</strong></span> <span class='ocrx_word' id='word_1_256' title='bbox 714 2152 796 2199; x_wconf 87' lang='lat' dir='ltr'><strong>est</strong></span> <span class='ocrx_word' id='word_1_257' title='bbox 825 2143 1083 2199; x_wconf 90' lang='lat' dir='ltr'><strong>Dominus</strong></span> <span class='ocrx_word' id='word_1_258' title='bbox 1115 2164 1127 2198; x_wconf 88' lang='lat'>:</span> <span class='ocrx_word' id='word_1_259' title='bbox 1162 2144 1481 2201; x_wconf 84' lang='lat' dir='ltr'><strong>Trinitatem</strong></span> <span class='ocrx_word' id='word_1_260' title='bbox 1510 2160 1740 2213; x_wconf 83' lang='lat' dir='ltr'><strong>namque</strong></span> <span class='ocrx_word' id='word_1_261' title='bbox 1771 2143 1927 2198; x_wconf 85' lang='lat' dir='ltr'><strong>unius</strong></span> 
     </span>
    </p>
   </div>
   <div class='ocr_carea' id='block_1_37' title="bbox 332 2235 1927 2309">
    <p class='ocr_par' dir='ltr' id='par_1_37' title="bbox 332 2235 1927 2309">
     <span class='ocr_line' id='line_1_37' title="bbox 332 2235 1927 2309; baseline 0.003 -21"><span class='ocrx_word' id='word_1_262' title='bbox 332 2235 580 2289; x_wconf 74' lang='lat' dir='ltr'><strong>essentia:</strong></span> <span class='ocrx_word' id='word_1_263' title='bbox 609 2235 944 2303; x_wconf 78' lang='lat' dir='ltr'><strong>conﬁtemur,</strong></span> <span class='ocrx_word' id='word_1_264' title='bbox 974 2246 1221 2309; x_wconf 82' lang='lat' dir='ltr'><strong>quartam</strong></span> <span class='ocrx_word' id='word_1_265' title='bbox 1252 2238 1554 2295; x_wconf 77' lang='lat' dir='ltr'><strong>nullatenus</strong></span> <span class='ocrx_word' id='word_1_266' title='bbox 1582 2238 1927 2293; x_wconf 79' lang='lat' dir='ltr'><strong>admittentes</strong></span> 
     </span>
    </p>
   </div>
   <div class='ocr_carea' id='block_1_38' title="bbox 332 2326 1927 2400">
    <p class='ocr_par' dir='ltr' id='par_1_38' title="bbox 332 2326 1927 2400">
     <span class='ocr_line' id='line_1_38' title="bbox 332 2326 1927 2400; baseline 0.002 -19"><span class='ocrx_word' id='word_1_267' title='bbox 332 2327 389 2383; x_wconf 87' lang='lat' dir='ltr'><strong>in</strong></span> <span class='ocrx_word' id='word_1_268' title='bbox 420 2326 680 2384; x_wconf 83' lang='lat' dir='ltr'><strong>Triuitate</strong></span> <span class='ocrx_word' id='word_1_269' title='bbox 723 2345 1030 2400; x_wconf 87' lang='lat' dir='ltr'><strong>personam.</strong></span> <span class='ocrx_word' id='word_1_270' title='bbox 1082 2328 1215 2397; x_wconf 85' lang='lat' dir='ltr'><strong>Sed,</strong></span> <span class='ocrx_word' id='word_1_271' title='bbox 1266 2339 1325 2386; x_wconf 91' lang='lat' dir='ltr'><strong>ut</strong></span> <span class='ocrx_word' id='word_1_272' title='bbox 1366 2331 1617 2397; x_wconf 81' lang='lat' dir='ltr'><strong>diximus,</strong></span> <span class='ocrx_word' id='word_1_273' title='bbox 1671 2346 1806 2388; x_wconf 86' lang='lat' dir='ltr'><strong>unus</strong></span> <span class='ocrx_word' id='word_1_274' title='bbox 1845 2340 1927 2385; x_wconf 83' lang='lat' dir='ltr'><strong>est</strong></span> 
     </span>
    </p>
   </div>
   <div class='ocr_carea' id='block_1_39' title="bbox 332 2418 1925 2494">
    <p class='ocr_par' dir='ltr' id='par_1_39' title="bbox 332 2418 1925 2494">
     <span class='ocr_line' id='line_1_39' title="bbox 332 2418 1925 2494; baseline -0.001 -15"><span class='ocrx_word' id='word_1_275' title='bbox 332 2418 500 2479; x_wconf 81' lang='lat' dir='ltr'><strong>Filius</strong></span> <span class='ocrx_word' id='word_1_276' title='bbox 538 2421 654 2477; x_wconf 89' lang='lat' dir='ltr'><strong>sine</strong></span> <span class='ocrx_word' id='word_1_277' title='bbox 707 2422 862 2478; x_wconf 90' lang='lat' dir='ltr'><strong>initio</strong></span> <span class='ocrx_word' id='word_1_278' title='bbox 909 2423 975 2478; x_wconf 87' lang='lat' dir='ltr'><strong>de</strong></span> <span class='ocrx_word' id='word_1_279' title='bbox 1008 2424 1164 2481; x_wconf 80' lang='lat' dir='ltr'><strong>Patre</strong></span> <span class='ocrx_word' id='word_1_280' title='bbox 1202 2433 1382 2492; x_wconf 87' lang='lat' dir='ltr'><strong>natus,</strong></span> <span class='ocrx_word' id='word_1_281' title='bbox 1437 2440 1534 2494; x_wconf 89' lang='lat' dir='ltr'><strong>per</strong></span> <span class='ocrx_word' id='word_1_282' title='bbox 1576 2439 1737 2494; x_wconf 89' lang='lat' dir='ltr'><strong>quem</strong></span> <span class='ocrx_word' id='word_1_283' title='bbox 1788 2422 1925 2478; x_wconf 80' lang='lat' dir='ltr'><strong>facta</strong></span> 
     </span>
    </p>
   </div>
   <div class='ocr_carea' id='block_1_40' title="bbox 334 2513 1927 2587">
    <p class='ocr_par' dir='ltr' id='par_1_40' title="bbox 334 2513 1927 2587">
     <span class='ocr_line' id='line_1_40' title="bbox 334 2513 1927 2587; baseline 0.004 -19"><span class='ocrx_word' id='word_1_284' title='bbox 334 2513 608 2570; x_wconf 89' lang='lat' dir='ltr'><strong>credimus</strong></span> <span class='ocrx_word' id='word_1_285' title='bbox 649 2518 847 2572; x_wconf 76' lang='lat' dir='ltr'><strong>saecula</strong></span> <span class='ocrx_word' id='word_1_286' title='bbox 881 2536 893 2572; x_wconf 91' lang='lat'><strong>:</strong></span> <span class='ocrx_word' id='word_1_287' title='bbox 928 2534 1106 2572; x_wconf 87' lang='lat' dir='ltr'><strong>ranms</strong></span> <span class='ocrx_word' id='word_1_288' title='bbox 1134 2534 1203 2573; x_wconf 78' lang='lat' dir='ltr'><strong>ex</strong></span> <span class='ocrx_word' id='word_1_289' title='bbox 1243 2518 1423 2573; x_wconf 88' lang='lat' dir='ltr'><strong>radice</strong></span> <span class='ocrx_word' id='word_1_290' title='bbox 1461 2517 1927 2587; x_wconf 85' lang='lat' dir='ltr'><strong>consempiternus</strong></span> 
     </span>
    </p>
   </div>
   <div class='ocr_carea' id='block_1_41' title="bbox 334 2605 1925 2676">
    <p class='ocr_par' dir='ltr' id='par_1_41' title="bbox 334 2605 1925 2676">
     <span class='ocr_line' id='line_1_41' title="bbox 334 2605 1925 2676; baseline 0.001 -14"><span class='ocrx_word' id='word_1_291' title='bbox 334 2605 403 2662; x_wconf 85' lang='lat' dir='ltr'><strong>de</strong></span> <span class='ocrx_word' id='word_1_292' title='bbox 431 2605 591 2662; x_wconf 86' lang='lat' dir='ltr'><strong>Patre</strong></span> <span class='ocrx_word' id='word_1_293' title='bbox 616 2617 773 2664; x_wconf 88' lang='lat' dir='ltr'><strong>ortus</strong></span> <span class='ocrx_word' id='word_1_294' title='bbox 797 2608 1050 2667; x_wconf 65' lang='lat' dir='ltr'><strong>ineffabili</strong></span> <span class='ocrx_word' id='word_1_295' title='bbox 1081 2610 1261 2676; x_wconf 91' lang='lat' dir='ltr'><strong>modo,</strong></span> <span class='ocrx_word' id='word_1_296' title='bbox 1306 2610 1529 2666; x_wconf 83' lang='lat' dir='ltr'><strong>verbum</strong></span> <span class='ocrx_word' id='word_1_297' title='bbox 1561 2610 1758 2665; x_wconf 82' lang='lat' dir='ltr'><strong>mentis</strong></span> <span class='ocrx_word' id='word_1_298' title='bbox 1787 2610 1925 2664; x_wconf 86' lang='lat' dir='ltr'><strong>inse-</strong></span> 
     </span>
    </p>
   </div>
   <div class='ocr_carea' id='block_1_42' title="bbox 333 2700 1928 2773">
    <p class='ocr_par' dir='ltr' id='par_1_42' title="bbox 333 2700 1928 2773">
     <span class='ocr_line' id='line_1_42' title="bbox 333 2700 1928 2773; baseline 0.001 -20"><span class='ocrx_word' id='word_1_299' title='bbox 333 2700 645 2772; x_wconf 83' lang='lat' dir='ltr'><strong>parabiliter</strong></span> <span class='ocrx_word' id='word_1_300' title='bbox 673 2700 989 2771; x_wconf 76' lang='lat' dir='ltr'><strong>procedens,</strong></span> <span class='ocrx_word' id='word_1_301' title='bbox 1019 2713 1073 2757; x_wconf 89' lang='lat' dir='ltr'><strong>et</strong></span> <span class='ocrx_word' id='word_1_302' title='bbox 1103 2703 1291 2758; x_wconf 87' lang='lat' dir='ltr'><strong>intime</strong></span> <span class='ocrx_word' id='word_1_303' title='bbox 1321 2706 1662 2773; x_wconf 84' lang='lat' dir='ltr'><strong>permanens.</strong></span> <span class='ocrx_word' id='word_1_304' title='bbox 1688 2702 1816 2756; x_wconf 74' lang='lat' dir='ltr'><strong>Nam</strong></span> <span class='ocrx_word' id='word_1_305' title='bbox 1844 2711 1928 2756; x_wconf 83' lang='lat' dir='ltr'><strong>et—</strong></span> 
     </span>
    </p>
   </div>
   <div class='ocr_carea' id='block_1_43' title="bbox 333 2777 1922 2866">
    <p class='ocr_par' dir='ltr' id='par_1_43' title="bbox 333 2777 1922 2866">
     <span class='ocr_line' id='line_1_43' title="bbox 333 2777 1922 2866; baseline 0.003 -18"><span class='ocrx_word' id='word_1_306' title='bbox 333 2792 379 2848; x_wconf 87' lang='lat' dir='ltr'><strong>si</strong></span> <span class='ocrx_word' id='word_1_307' title='bbox 410 2793 463 2847; x_wconf 90' lang='lat' dir='ltr'><strong>in</strong></span> <span class='ocrx_word' id='word_1_308' title='bbox 491 2794 648 2847; x_wconf 87' lang='lat' dir='ltr'><strong>terris</strong></span> <span class='ocrx_word' id='word_1_309' title='bbox 678 2794 821 2849; x_wconf 82' lang='lat' dir='ltr'><strong>visus</strong></span> <span class='ocrx_word' id='word_1_310' title='bbox 851 2802 952 2860; x_wconf 89' lang='lat' dir='ltr'><strong>est,</strong></span> <span class='ocrx_word' id='word_1_311' title='bbox 985 2795 1080 2850; x_wconf 88' lang='lat' dir='ltr'><strong>sed</strong></span> <span class='ocrx_word' id='word_1_312' title='bbox 1111 2812 1219 2851; x_wconf 92' lang='lat' dir='ltr'><strong>non</strong></span> <span class='ocrx_word' id='word_1_313' title='bbox 1245 2804 1323 2850; x_wconf 90' lang='lat' dir='ltr'><strong>est</strong></span> <span class='ocrx_word' id='word_1_314' title='bbox 1355 2811 1387 2849; x_wconf 89' lang='lat' dir='ltr'><strong>a</strong></span> <span class='ocrx_word' id='word_1_315' title='bbox 1410 2777 1655 2866; x_wconf 77' lang='lat' dir='ltr'><strong>genitore</strong></span> <span class='ocrx_word' id='word_1_316' title='bbox 1682 2795 1884 2851; x_wconf 73' lang='lat' dir='ltr'><strong>divisus</strong></span> <span class='ocrx_word' id='word_1_317' title='bbox 1910 2814 1922 2852; x_wconf 91' lang='lat'>:</span> 
     </span>
    </p>
   </div>
   <div class='ocr_carea' id='block_1_44' title="bbox 335 2885 1927 2959">
    <p class='ocr_par' dir='ltr' id='par_1_44' title="bbox 335 2885 1927 2959">
     <span class='ocr_line' id='line_1_44' title="bbox 335 2885 1927 2959; baseline 0.003 -20"><span class='ocrx_word' id='word_1_318' title='bbox 335 2885 424 2941; x_wconf 90' lang='lat' dir='ltr'><strong>hic</strong></span> <span class='ocrx_word' id='word_1_319' title='bbox 462 2885 632 2941; x_wconf 86' lang='lat' dir='ltr'><strong>voluit</strong></span> <span class='ocrx_word' id='word_1_320' title='bbox 661 2886 869 2943; x_wconf 86' lang='lat' dir='ltr'><strong>salvare</strong></span> <span class='ocrx_word' id='word_1_321' title='bbox 898 2904 1058 2957; x_wconf 90' lang='lat' dir='ltr'><strong>quem</strong></span> <span class='ocrx_word' id='word_1_322' title='bbox 1087 2888 1358 2959; x_wconf 91' lang='lat' dir='ltr'><strong>condidit,</strong></span> <span class='ocrx_word' id='word_1_323' title='bbox 1409 2890 1652 2959; x_wconf 85' lang='lat' dir='ltr'><strong>quinimo</strong></span> <span class='ocrx_word' id='word_1_324' title='bbox 1679 2890 1927 2957; x_wconf 83' lang='lat' dir='ltr'><strong>salvavit,</strong></span> 
     </span>
    </p>
   </div>
   <div class='ocr_carea' id='block_1_45' title="bbox 334 2974 1928 3050">
    <p class='ocr_par' dir='ltr' id='par_1_45' title="bbox 334 2974 1928 3050">
     <span class='ocr_line' id='line_1_45' title="bbox 334 2974 1928 3050; baseline 0.003 -19"><span class='ocrx_word' id='word_1_325' title='bbox 334 2974 569 3042; x_wconf 77' lang='lat' dir='ltr'><strong>vulvam,</strong></span> <span class='ocrx_word' id='word_1_326' title='bbox 595 2991 933 3033; x_wconf 83' lang='lat' dir='ltr'><strong>communem</strong></span> <span class='ocrx_word' id='word_1_327' title='bbox 960 2988 1163 3035; x_wconf 59' lang='lat' dir='ltr'><strong>natura:</strong></span> <span class='ocrx_word' id='word_1_328' title='bbox 1179 2979 1429 3050; x_wconf 90' lang='lat' dir='ltr'><strong>januam,</strong></span> <span class='ocrx_word' id='word_1_329' title='bbox 1459 2981 1743 3050; x_wconf 85' lang='lat' dir='ltr'><strong>dignanter</strong></span> <span class='ocrx_word' id='word_1_330' title='bbox 1772 2981 1928 3037; x_wconf 86' lang='lat' dir='ltr'><strong>inha-</strong></span> 
     </span>
    </p>
   </div>
   <div class='ocr_carea' id='block_1_46' title="bbox 335 3056 1927 3143">
    <p class='ocr_par' dir='ltr' id='par_1_46' title="bbox 335 3056 1927 3143">
     <span class='ocr_line' id='line_1_46' title="bbox 335 3056 1927 3143; baseline 0.004 -23"><span class='ocrx_word' id='word_1_331' title='bbox 335 3066 533 3134; x_wconf 83' lang='lat' dir='ltr'><strong>bitans,</strong></span> <span class='ocrx_word' id='word_1_332' title='bbox 564 3082 726 3139; x_wconf 90' lang='lat' dir='ltr'><strong>quam</strong></span> <span class='ocrx_word' id='word_1_333' title='bbox 753 3079 807 3124; x_wconf 91' lang='lat' dir='ltr'><strong>et</strong></span> <span class='ocrx_word' id='word_1_334' title='bbox 834 3086 926 3126; x_wconf 88' lang='lat' dir='ltr'><strong>sua</strong></span> <span class='ocrx_word' id='word_1_335' title='bbox 959 3071 1315 3128; x_wconf 82' lang='lat' dir='ltr'><strong>sanctiﬁcavit</strong></span> <span class='ocrx_word' id='word_1_336' title='bbox 1345 3073 1652 3143; x_wconf 61' lang='lat' dir='ltr'><strong>praesentia,</strong></span> <span class='ocrx_word' id='word_1_337' title='bbox 1686 3080 1741 3128; x_wconf 90' lang='lat' dir='ltr'><strong>et</strong></span> <span class='ocrx_word' id='word_1_338' title='bbox 1784 3056 1927 3127; x_wconf 49' lang='lat' dir='ltr'><strong>nati?</strong></span> 
     </span>
    </p>
   </div>
   <div class='ocr_carea' id='block_1_47' title="bbox 335 3157 1929 3235">
    <p class='ocr_par' dir='ltr' id='par_1_47' title="bbox 335 3157 1929 3235">
     <span class='ocr_line' id='line_1_47' title="bbox 335 3157 1929 3235; baseline 0.003 -20"><span class='ocrx_word' id='word_1_339' title='bbox 335 3157 502 3216; x_wconf 78' lang='lat' dir='ltr'><strong>vitate</strong></span> <span class='ocrx_word' id='word_1_340' title='bbox 530 3161 759 3230; x_wconf 86' lang='lat' dir='ltr'><strong>signavit</strong></span> <span class='ocrx_word' id='word_1_341' title='bbox 796 3172 1035 3234; x_wconf 88' lang='lat' dir='ltr'><strong>partum,</strong></span> <span class='ocrx_word' id='word_1_342' title='bbox 1067 3165 1159 3235; x_wconf 90' lang='lat' dir='ltr'><strong>qui</strong></span> <span class='ocrx_word' id='word_1_343' title='bbox 1190 3182 1349 3235; x_wconf 86' lang='lat' dir='ltr'><strong>supra</strong></span> <span class='ocrx_word' id='word_1_344' title='bbox 1391 3175 1638 3222; x_wconf 85' lang='lat' dir='ltr'><strong>naturam</strong></span> <span class='ocrx_word' id='word_1_345' title='bbox 1679 3175 1794 3229; x_wconf 87' lang='lat' dir='ltr'><strong>est,</strong></span> <span class='ocrx_word' id='word_1_346' title='bbox 1843 3166 1929 3220; x_wconf 89' lang='lat' dir='ltr'><strong>in-</strong></span> 
     </span>
    </p>
   </div>
   <div class='ocr_carea' id='block_1_48' title="bbox 2032 1950 3623 2027">
    <p class='ocr_par' dir='ltr' id='par_1_48' title="bbox 2032 1950 3623 2027">
     <span class='ocr_line' id='line_1_48' title="bbox 2032 1950 3623 2027; baseline 0.006 -20"><span class='ocrx_word' id='word_1_347' title='bbox 2032 1950 2253 2022; x_wconf 82' lang='lat' dir='ltr'><strong>pertulit</strong></span> <span class='ocrx_word' id='word_1_348' title='bbox 2296 1960 2462 2021; x_wconf 86' lang='lat' dir='ltr'><strong>atque</strong></span> <span class='ocrx_word' id='word_1_349' title='bbox 2501 1951 2761 2007; x_wconf 88' lang='lat' dir='ltr'><strong>miracula</strong></span> <span class='ocrx_word' id='word_1_350' title='bbox 2806 1962 3065 2022; x_wconf 88' lang='lat' dir='ltr'><strong>operatus</strong></span> <span class='ocrx_word' id='word_1_351' title='bbox 3103 1961 3221 2023; x_wconf 82' lang='lat' dir='ltr'><strong>est,</strong></span> <span class='ocrx_word' id='word_1_352' title='bbox 3264 1971 3371 2027; x_wconf 89' lang='lat' dir='ltr'><strong>qua</strong></span> <span class='ocrx_word' id='word_1_353' title='bbox 3416 1958 3623 2018; x_wconf 78' lang='lat' dir='ltr'><strong>ratione</strong></span> 
     </span>
    </p>
   </div>
   <div class='ocr_carea' id='block_1_49' title="bbox 2030 2044 3623 2117">
    <p class='ocr_par' dir='ltr' id='par_1_49' title="bbox 2030 2044 3623 2117">
     <span class='ocr_line' id='line_1_49' title="bbox 2030 2044 3623 2117; baseline 0.006 -19"><span class='ocrx_word' id='word_1_354' title='bbox 2030 2044 2297 2100; x_wconf 85' lang='lat' dir='ltr'><strong>diviniora</strong></span> <span class='ocrx_word' id='word_1_355' title='bbox 2324 2045 2572 2107; x_wconf 88' lang='lat' dir='ltr'><strong>reticent,</strong></span> <span class='ocrx_word' id='word_1_356' title='bbox 2623 2044 2998 2105; x_wconf 81' lang='lat' dir='ltr'><strong>humilioribus</strong></span> <span class='ocrx_word' id='word_1_357' title='bbox 3025 2045 3329 2117; x_wconf 84' lang='lat' dir='ltr'><strong>derogant?</strong></span> <span class='ocrx_word' id='word_1_358' title='bbox 3367 2046 3441 2105; x_wconf 89' lang='lat' dir='ltr'><strong>Ut</strong></span> <span class='ocrx_word' id='word_1_359' title='bbox 3479 2051 3623 2108; x_wconf 88' lang='lat' dir='ltr'><strong>enim</strong></span> 
     </span>
    </p>
   </div>
   <div class='ocr_carea' id='block_1_50' title="bbox 2024 2134 3625 2209">
    <p class='ocr_par' dir='ltr' id='par_1_50' title="bbox 2024 2134 3625 2209">
     <span class='ocr_line' id='line_1_50' title="bbox 2024 2134 3625 2209; baseline 0.007 -20"><span class='ocrx_word' id='word_1_360' title='bbox 2024 2134 2191 2209; x_wconf 82' lang='lat' dir='ltr'><strong>ﬁdem</strong></span> <span class='ocrx_word' id='word_1_361' title='bbox 2222 2134 2421 2193; x_wconf 79' lang='lat' dir='ltr'><strong>faceret</strong></span> <span class='ocrx_word' id='word_1_362' title='bbox 2458 2136 2947 2197; x_wconf 84' lang='lat' dir='ltr'><strong>Verbummauens</strong></span> <span class='ocrx_word' id='word_1_363' title='bbox 2975 2138 3120 2208; x_wconf 89' lang='lat' dir='ltr'><strong>quod</strong></span> <span class='ocrx_word' id='word_1_364' title='bbox 3147 2148 3295 2207; x_wconf 88' lang='lat' dir='ltr'><strong>erat,</strong></span> <span class='ocrx_word' id='word_1_365' title='bbox 3340 2141 3518 2197; x_wconf 74' lang='lat' dir='ltr'><strong>lactus</strong></span> <span class='ocrx_word' id='word_1_366' title='bbox 3544 2150 3625 2200; x_wconf 87' lang='lat' dir='ltr'><strong>est</strong></span> 
     </span>
    </p>
   </div>
   <div class='ocr_carea' id='block_1_51' title="bbox 2031 2230 3624 2305">
    <p class='ocr_par' dir='ltr' id='par_1_51' title="bbox 2031 2230 3624 2305">
     <span class='ocr_line' id='line_1_51' title="bbox 2031 2230 3624 2305; baseline 0.004 -21"><span class='ocrx_word' id='word_1_367' title='bbox 2031 2244 2161 2285; x_wconf 86' lang='lat' dir='ltr'><strong>caro</strong></span> <span class='ocrx_word' id='word_1_368' title='bbox 2213 2230 2392 2301; x_wconf 83' lang='lat' dir='ltr'><strong>(Joan.</strong></span> <span class='ocrx_word' id='word_1_369' title='bbox 2445 2230 2514 2301; x_wconf 86' lang='grc' dir='ltr'><strong>ι),</strong></span> <span class='ocrx_word' id='word_1_370' title='bbox 2564 2230 2617 2286; x_wconf 89' lang='lat' dir='ltr'><strong>id</strong></span> <span class='ocrx_word' id='word_1_371' title='bbox 2660 2240 2745 2287; x_wconf 87' lang='lat' dir='ltr'><strong>est</strong></span> <span class='ocrx_word' id='word_1_372' title='bbox 2791 2230 2967 2288; x_wconf 78' lang='lat' dir='ltr'><strong>infans</strong></span> <span class='ocrx_word' id='word_1_373' title='bbox 3012 2239 3070 2287; x_wconf 88' lang='lat' dir='ltr'><strong>et</strong></span> <span class='ocrx_word' id='word_1_374' title='bbox 3115 2232 3281 2289; x_wconf 92' lang='lat' dir='ltr'><strong>homo</strong></span> <span class='ocrx_word' id='word_1_375' title='bbox 3330 2234 3624 2305; x_wconf 79' lang='lat' dir='ltr'><strong>perlectus,</strong></span> 
     </span>
    </p>
   </div>
   <div class='ocr_carea' id='block_1_52' title="bbox 2030 2325 3623 2395">
    <p class='ocr_par' dir='ltr' id='par_1_52' title="bbox 2030 2325 3623 2395">
     <span class='ocr_line' id='line_1_52' title="bbox 2030 2325 3623 2395; baseline 0.003 -18"><span class='ocrx_word' id='word_1_376' title='bbox 2030 2331 2182 2379; x_wconf 90' lang='lat' dir='ltr'><strong>tanto</strong></span> <span class='ocrx_word' id='word_1_377' title='bbox 2227 2333 2570 2382; x_wconf 89' lang='lat' dir='ltr'><strong>sacramento</strong></span> <span class='ocrx_word' id='word_1_378' title='bbox 2611 2325 2753 2383; x_wconf 83' lang='lat' dir='ltr'><strong>nulla</strong></span> <span class='ocrx_word' id='word_1_379' title='bbox 2795 2326 3149 2382; x_wconf 86' lang='lat' dir='ltr'><strong>conversione</strong></span> <span class='ocrx_word' id='word_1_380' title='bbox 3185 2327 3429 2395; x_wconf 85' lang='lat' dir='ltr'><strong>violato;</strong></span> <span class='ocrx_word' id='word_1_381' title='bbox 3482 2328 3623 2384; x_wconf 88' lang='lat' dir='ltr'><strong>idem</strong></span> 
     </span>
    </p>
   </div>
   <div class='ocr_carea' id='block_1_53' title="bbox 2029 2418 3626 2493">
    <p class='ocr_par' dir='ltr' id='par_1_53' title="bbox 2029 2418 3626 2493">
     <span class='ocr_line' id='line_1_53' title="bbox 2029 2418 3626 2493; baseline 0.004 -20"><span class='ocrx_word' id='word_1_382' title='bbox 2029 2418 2146 2488; x_wconf 88' lang='lat' dir='ltr'><strong>ipse</strong></span> <span class='ocrx_word' id='word_1_383' title='bbox 2174 2418 2489 2489; x_wconf 86' lang='lat' dir='ltr'><strong>perﬁciebat</strong></span> <span class='ocrx_word' id='word_1_384' title='bbox 2516 2418 2774 2477; x_wconf 86' lang='lat' dir='ltr'><strong>miracula</strong></span> <span class='ocrx_word' id='word_1_385' title='bbox 2813 2427 2871 2475; x_wconf 90' lang='lat' dir='ltr'><strong>et</strong></span> <span class='ocrx_word' id='word_1_386' title='bbox 2898 2419 3122 2489; x_wconf 85' lang='lat' dir='ltr'><strong>injurias</strong></span> <span class='ocrx_word' id='word_1_387' title='bbox 3151 2422 3481 2491; x_wconf 86' lang='lat' dir='ltr'><strong>sustinebat,</strong></span> <span class='ocrx_word' id='word_1_388' title='bbox 3528 2438 3626 2493; x_wconf 80' lang='lat' dir='ltr'><strong>per</strong></span> 
     </span>
    </p>
   </div>
   <div class='ocr_carea' id='block_1_54' title="bbox 2029 2511 3620 2583">
    <p class='ocr_par' dir='ltr' id='par_1_54' title="bbox 2029 2511 3620 2583">
     <span class='ocr_line' id='line_1_54' title="bbox 2029 2511 3620 2583; baseline 0.004 -17"><span class='ocrx_word' id='word_1_389' title='bbox 2029 2511 2409 2583; x_wconf 81' lang='lat' dir='ltr'><strong>signaquidem</strong></span> <span class='ocrx_word' id='word_1_390' title='bbox 2434 2511 2614 2567; x_wconf 87' lang='lat' dir='ltr'><strong>divina</strong></span> <span class='ocrx_word' id='word_1_391' title='bbox 2646 2512 2907 2569; x_wconf 86' lang='lat' dir='ltr'><strong>mansisse</strong></span> <span class='ocrx_word' id='word_1_392' title='bbox 2928 2511 2979 2567; x_wconf 88' lang='lat' dir='ltr'><strong>id</strong></span> <span class='ocrx_word' id='word_1_393' title='bbox 3000 2513 3145 2583; x_wconf 84' lang='lat' dir='ltr'><strong>quod</strong></span> <span class='ocrx_word' id='word_1_394' title='bbox 3174 2517 3291 2568; x_wconf 74' lang='lat' dir='ltr'><strong>erat</strong></span> <span class='ocrx_word' id='word_1_395' title='bbox 3316 2514 3620 2581; x_wconf 87' lang='lat' dir='ltr'><strong>insinuans,</strong></span> 
     </span>
    </p>
   </div>
   <div class='ocr_carea' id='block_1_55' title="bbox 2030 2604 3627 2676">
    <p class='ocr_par' dir='ltr' id='par_1_55' title="bbox 2030 2604 3627 2676">
     <span class='ocr_line' id='line_1_55' title="bbox 2030 2604 3627 2676; baseline 0 -14"><span class='ocrx_word' id='word_1_396' title='bbox 2030 2622 2128 2676; x_wconf 89' lang='lat' dir='ltr'><strong>per</strong></span> <span class='ocrx_word' id='word_1_397' title='bbox 2156 2605 2434 2676; x_wconf 89' lang='lat' dir='ltr'><strong>passiones</strong></span> <span class='ocrx_word' id='word_1_398' title='bbox 2468 2614 2651 2660; x_wconf 89' lang='lat' dir='ltr'><strong>autem</strong></span> <span class='ocrx_word' id='word_1_399' title='bbox 2680 2605 2878 2660; x_wconf 78' lang='lat' dir='ltr'><strong>factum</strong></span> <span class='ocrx_word' id='word_1_400' title='bbox 2908 2604 3054 2675; x_wconf 86' lang='lat' dir='ltr'><strong>quod</strong></span> <span class='ocrx_word' id='word_1_401' title='bbox 3092 2605 3422 2662; x_wconf 61' lang='lat' dir='ltr'><strong>tenuaverat</strong></span> <span class='ocrx_word' id='word_1_402' title='bbox 3450 2609 3627 2663; x_wconf 88' lang='lat' dir='ltr'><strong>mani-</strong></span> 
     </span>
    </p>
   </div>
   <div class='ocr_carea' id='block_1_56' title="bbox 2028 2695 3627 2769">
    <p class='ocr_par' dir='ltr' id='par_1_56' title="bbox 2028 2695 3627 2769">
     <span class='ocr_line' id='line_1_56' title="bbox 2028 2695 3627 2769; baseline 0.003 -17"><span class='ocrx_word' id='word_1_403' title='bbox 2028 2697 2256 2753; x_wconf 77' lang='lat' dir='ltr'><strong>festans.</strong></span> <span class='ocrx_word' id='word_1_404' title='bbox 2299 2695 2474 2752; x_wconf 85' lang='lat' dir='ltr'><strong>Unum</strong></span> <span class='ocrx_word' id='word_1_405' title='bbox 2505 2697 2665 2764; x_wconf 83' lang='lat' dir='ltr'><strong>igitur</strong></span> <span class='ocrx_word' id='word_1_406' title='bbox 2690 2696 2936 2752; x_wconf 90' lang='lat' dir='ltr'><strong>eumdem</strong></span> <span class='ocrx_word' id='word_1_407' title='bbox 2969 2696 3161 2753; x_wconf 88' lang='lat' dir='ltr'><strong>Filium</strong></span> <span class='ocrx_word' id='word_1_408' title='bbox 3192 2698 3544 2769; x_wconf 60' lang='lat' dir='ltr'><strong>praedicamus</strong></span> <span class='ocrx_word' id='word_1_409' title='bbox 3572 2710 3627 2756; x_wconf 83' lang='lat' dir='ltr'><strong>et</strong></span> 
     </span>
    </p>
   </div>
   <div class='ocr_carea' id='block_1_57' title="bbox 2034 2788 3626 2862">
    <p class='ocr_par' dir='ltr' id='par_1_57' title="bbox 2034 2788 3626 2862">
     <span class='ocr_line' id='line_1_57' title="bbox 2034 2788 3626 2862; baseline 0.002 -18"><span class='ocrx_word' id='word_1_410' title='bbox 2034 2788 2209 2845; x_wconf 82' lang='lat' dir='ltr'><strong>Patris</strong></span> <span class='ocrx_word' id='word_1_411' title='bbox 2235 2789 2752 2859; x_wconf 74' lang='lat' dir='ltr'><strong>conSempiternum,</strong></span> <span class='ocrx_word' id='word_1_412' title='bbox 2799 2794 2856 2845; x_wconf 85' lang='lat' dir='ltr'><strong>et</strong></span> <span class='ocrx_word' id='word_1_413' title='bbox 2882 2789 2933 2844; x_wconf 83' lang='lat' dir='ltr'><strong>in</strong></span> <span class='ocrx_word' id='word_1_414' title='bbox 2959 2789 3275 2846; x_wconf 83' lang='lat' dir='ltr'><strong>novissimis</strong></span> <span class='ocrx_word' id='word_1_415' title='bbox 3292 2792 3626 2862; x_wconf 88' lang='lat' dir='ltr'><strong>temporibus</strong></span> 
     </span>
    </p>
   </div>
   <div class='ocr_carea' id='block_1_58' title="bbox 2029 2881 3626 2955">
    <p class='ocr_par' dir='ltr' id='par_1_58' title="bbox 2029 2881 3626 2955">
     <span class='ocr_line' id='line_1_58' title="bbox 2029 2881 3626 2955; baseline 0.001 -17"><span class='ocrx_word' id='word_1_416' title='bbox 2029 2882 2390 2946; x_wconf 85' lang='lat' dir='ltr'><strong>incarnatum,</strong></span> <span class='ocrx_word' id='word_1_417' title='bbox 2406 2881 2536 2936; x_wconf 88' lang='lat' dir='ltr'><strong>nihil</strong></span> <span class='ocrx_word' id='word_1_418' title='bbox 2568 2881 2928 2936; x_wconf 87' lang='lat' dir='ltr'><strong>adulterinum</strong></span> <span class='ocrx_word' id='word_1_419' title='bbox 2956 2881 3151 2936; x_wconf 75' lang='lat' dir='ltr'><strong>divina:</strong></span> <span class='ocrx_word' id='word_1_420' title='bbox 3179 2890 3385 2937; x_wconf 70' lang='lat' dir='ltr'><strong>natum</strong></span> <span class='ocrx_word' id='word_1_421' title='bbox 3414 2882 3626 2955; x_wconf 83' lang='lat' dir='ltr'><strong>penitus</strong></span> 
     </span>
    </p>
   </div>
   <div class='ocr_carea' id='block_1_59' title="bbox 2032 2972 3620 3043">
    <p class='ocr_par' dir='ltr' id='par_1_59' title="bbox 2032 2972 3620 3043">
     <span class='ocr_line' id='line_1_59' title="bbox 2032 2972 3620 3043; baseline -0.002 -14"><span class='ocrx_word' id='word_1_422' title='bbox 2032 2975 2333 3037; x_wconf 84' lang='lat' dir='ltr'><strong>inserentes</strong></span> <span class='ocrx_word' id='word_1_423' title='bbox 2364 2992 2377 3027; x_wconf 92' lang='lat'><strong>:</strong></span> <span class='ocrx_word' id='word_1_424' title='bbox 2410 2988 2517 3028; x_wconf 88' lang='lat' dir='ltr'><strong>non</strong></span> <span class='ocrx_word' id='word_1_425' title='bbox 2561 2974 2705 3028; x_wconf 89' lang='lat' dir='ltr'><strong>enim</strong></span> <span class='ocrx_word' id='word_1_426' title='bbox 2738 2981 2916 3043; x_wconf 88' lang='lat' dir='ltr'><strong>potest</strong></span> <span class='ocrx_word' id='word_1_427' title='bbox 2942 2986 3063 3028; x_wconf 90' lang='lat' dir='ltr'><strong>esse</strong></span> <span class='ocrx_word' id='word_1_428' title='bbox 3111 2972 3311 3041; x_wconf 89' lang='lat' dir='ltr'><strong>aliquid</strong></span> <span class='ocrx_word' id='word_1_429' title='bbox 3340 2974 3392 3028; x_wconf 92' lang='lat' dir='ltr'><strong>in</strong></span> <span class='ocrx_word' id='word_1_430' title='bbox 3423 2973 3620 3027; x_wconf 89' lang='lat' dir='ltr'><strong>throno</strong></span> 
     </span>
    </p>
   </div>
   <div class='ocr_carea' id='block_1_60' title="bbox 2030 3065 3626 3138">
    <p class='ocr_par' dir='ltr' id='par_1_60' title="bbox 2030 3065 3626 3138">
     <span class='ocr_line' id='line_1_60' title="bbox 2030 3065 3626 3138; baseline 0.001 -13"><span class='ocrx_word' id='word_1_431' title='bbox 2030 3066 2380 3138; x_wconf 75' lang='lat' dir='ltr'><strong>superﬂuum.</strong></span> <span class='ocrx_word' id='word_1_432' title='bbox 2431 3066 2538 3122; x_wconf 86' lang='lat' dir='ltr'><strong>Sed</strong></span> <span class='ocrx_word' id='word_1_433' title='bbox 2587 3065 2713 3122; x_wconf 92' lang='lat' dir='ltr'><strong>illud</strong></span> <span class='ocrx_word' id='word_1_434' title='bbox 2754 3067 2884 3122; x_wconf 87' lang='lat' dir='ltr'><strong>mihi</strong></span> <span class='ocrx_word' id='word_1_435' title='bbox 2934 3081 3307 3137; x_wconf 59' lang='lat' dir='ltr'><strong>saepenumero</strong></span> <span class='ocrx_word' id='word_1_436' title='bbox 3352 3067 3626 3138; x_wconf 77' lang='lat' dir='ltr'><strong>vulgatum</strong></span> 
     </span>
    </p>
   </div>
   <div class='ocr_carea' id='block_1_61' title="bbox 2034 3159 3628 3231">
    <p class='ocr_par' dir='ltr' id='par_1_61' title="bbox 2034 3159 3628 3231">
     <span class='ocr_line' id='line_1_61' title="bbox 2034 3159 3628 3231; baseline 0.002 -17"><span class='ocrx_word' id='word_1_437' title='bbox 2034 3159 2265 3216; x_wconf 75' lang='lat' dir='ltr'><strong>fortasse</strong></span> <span class='ocrx_word' id='word_1_438' title='bbox 2292 3159 2599 3227; x_wconf 83' lang='lat' dir='ltr'><strong>subjiciam,</strong></span> <span class='ocrx_word' id='word_1_439' title='bbox 2630 3168 2913 3216; x_wconf 73' lang='lat' dir='ltr'><strong>uectentcs</strong></span> <span class='ocrx_word' id='word_1_440' title='bbox 2930 3159 3275 3231; x_wconf 82' lang='lat' dir='ltr'><strong>syllogismos</strong></span> <span class='ocrx_word' id='word_1_441' title='bbox 3300 3159 3628 3217; x_wconf 83' lang='lat' dir='ltr'><strong>inﬁrmiores</strong></span> 
     </span>
    </p>
   </div>
   <div class='ocr_carea' id='block_1_62' title="bbox 335 3253 3628 3325">
    <p class='ocr_par' dir='ltr' id='par_1_62' title="bbox 335 3253 3628 3325">
     <span class='ocr_line' id='line_1_62' title="bbox 335 3253 3628 3325; baseline 0.001 -19"><span class='ocrx_word' id='word_1_442' title='bbox 335 3253 896 3324; x_wconf 88' lang='lat' dir='ltr'><strong>comprehensibiliter</strong></span> <span class='ocrx_word' id='word_1_443' title='bbox 926 3254 1121 3313; x_wconf 80' lang='lat' dir='ltr'><strong>factum</strong></span> <span class='ocrx_word' id='word_1_444' title='bbox 1147 3257 1419 3318; x_wconf 82' lang='lat' dir='ltr'><strong>hominem</strong></span> <span class='ocrx_word' id='word_1_445' title='bbox 1448 3274 1507 3313; x_wconf 89' lang='lat' dir='ltr'><strong>se</strong></span> <span class='ocrx_word' id='word_1_446' title='bbox 1528 3259 1926 3314; x_wconf 82' lang='lat' dir='ltr'><strong>demonstrans.</strong></span> <span class='ocrx_word' id='word_1_447' title='bbox 1957 3256 2005 3321; x_wconf 84' lang='lat' dir='ltr'><strong>C</strong></span> <span class='ocrx_word' id='word_1_448' title='bbox 2034 3270 2248 3310; x_wconf 68' lang='lat' dir='ltr'><strong>aranea:</strong></span> <span class='ocrx_word' id='word_1_449' title='bbox 2277 3254 2383 3309; x_wconf 89' lang='lat' dir='ltr'><strong>tela</strong></span> <span class='ocrx_word' id='word_1_450' title='bbox 2411 3273 2425 3309; x_wconf 90' lang='lat'><strong>:</strong></span> <span class='ocrx_word' id='word_1_451' title='bbox 2450 3254 2506 3309; x_wconf 90' lang='lat' dir='ltr'><strong>Si</strong></span> <span class='ocrx_word' id='word_1_452' title='bbox 2534 3253 2768 3311; x_wconf 84' lang='lat' dir='ltr'><strong>Trinitas</strong></span> <span class='ocrx_word' id='word_1_453' title='bbox 2794 3262 2880 3310; x_wconf 84' lang='lat' dir='ltr'><strong>est</strong></span> <span class='ocrx_word' id='word_1_454' title='bbox 2906 3254 3065 3310; x_wconf 89' lang='lat' dir='ltr'><strong>unius</strong></span> <span class='ocrx_word' id='word_1_455' title='bbox 3082 3254 3349 3318; x_wconf 75' lang='lat' dir='ltr'><strong>essentizc,</strong></span> <span class='ocrx_word' id='word_1_456' title='bbox 3382 3253 3628 3325; x_wconf 79' lang='lat' dir='ltr'><strong>profecto</strong></span> 
     </span>
    </p>
   </div>
   <div class='ocr_carea' id='block_1_63' title="bbox 336 3337 1929 3421">
    <p class='ocr_par' dir='ltr' id='par_1_63' title="bbox 336 3337 1929 3421">
     <span class='ocr_line' id='line_1_63' title="bbox 336 3337 1929 3421; baseline 0.004 -23"><span class='ocrx_word' id='word_1_457' title='bbox 336 3337 455 3399; x_wconf 76' lang='lat' dir='ltr'><strong>Non</strong></span> <span class='ocrx_word' id='word_1_458' title='bbox 496 3344 652 3413; x_wconf 79' lang='lat' dir='ltr'><strong>igitur</strong></span> <span class='ocrx_word' id='word_1_459' title='bbox 678 3348 815 3403; x_wconf 87' lang='lat' dir='ltr'><strong>alter</strong></span> <span class='ocrx_word' id='word_1_460' title='bbox 842 3358 925 3404; x_wconf 91' lang='lat' dir='ltr'><strong>est</strong></span> <span class='ocrx_word' id='word_1_461' title='bbox 953 3349 1216 3416; x_wconf 74' lang='lat' dir='ltr'><strong>Christus,</strong></span> <span class='ocrx_word' id='word_1_462' title='bbox 1247 3360 1302 3406; x_wconf 91' lang='lat' dir='ltr'><strong>et</strong></span> <span class='ocrx_word' id='word_1_463' title='bbox 1337 3352 1476 3408; x_wconf 88' lang='lat' dir='ltr'><strong>alter</strong></span> <span class='ocrx_word' id='word_1_464' title='bbox 1502 3352 1643 3407; x_wconf 88' lang='lat' dir='ltr'><strong>Deus</strong></span> <span class='ocrx_word' id='word_1_465' title='bbox 1672 3351 1929 3421; x_wconf 81' lang='lat' dir='ltr'><strong>Verbum,</strong></span> 
     </span>
    </p>
   </div>
   <div class='ocr_carea' id='block_1_64' title="bbox 336 3436 1927 3506">
    <p class='ocr_par' dir='ltr' id='par_1_64' title="bbox 336 3436 1927 3506">
     <span class='ocr_line' id='line_1_64' title="bbox 336 3436 1927 3506; baseline 0.006 -16"><span class='ocrx_word' id='word_1_466' title='bbox 336 3436 482 3506; x_wconf 89' lang='lat' dir='ltr'><strong>quod</strong></span> <span class='ocrx_word' id='word_1_467' title='bbox 509 3437 676 3506; x_wconf 89' lang='lat' dir='ltr'><strong>absit;</strong></span> <span class='ocrx_word' id='word_1_468' title='bbox 703 3438 839 3495; x_wconf 90' lang='lat' dir='ltr'><strong>duos</strong></span> <span class='ocrx_word' id='word_1_469' title='bbox 859 3441 1003 3496; x_wconf 86' lang='lat' dir='ltr'><strong>enim</strong></span> <span class='ocrx_word' id='word_1_470' title='bbox 1034 3441 1170 3497; x_wconf 88' lang='lat' dir='ltr'><strong>lilios</strong></span> <span class='ocrx_word' id='word_1_471' title='bbox 1194 3453 1383 3498; x_wconf 89' lang='lat' dir='ltr'><strong>natura</strong></span> <span class='ocrx_word' id='word_1_472' title='bbox 1406 3443 1582 3498; x_wconf 86' lang='lat' dir='ltr'><strong>divina</strong></span> <span class='ocrx_word' id='word_1_473' title='bbox 1606 3460 1713 3498; x_wconf 83' lang='lat' dir='ltr'><strong>non</strong></span> <span class='ocrx_word' id='word_1_474' title='bbox 1742 3445 1891 3499; x_wconf 87' lang='lat' dir='ltr'><strong>novit</strong></span> <span class='ocrx_word' id='word_1_475' title='bbox 1915 3462 1927 3500; x_wconf 90' lang='lat'><strong>:</strong></span> 
     </span>
    </p>
   </div>
   <div class='ocr_carea' id='block_1_65' title="bbox 338 3529 1932 3606">
    <p class='ocr_par' dir='ltr' id='par_1_65' title="bbox 338 3529 1932 3606">
     <span class='ocr_line' id='line_1_65' title="bbox 338 3529 1932 3606; baseline 0.006 -24"><span class='ocrx_word' id='word_1_476' title='bbox 338 3542 476 3583; x_wconf 88' lang='lat' dir='ltr'><strong>unus</strong></span> <span class='ocrx_word' id='word_1_477' title='bbox 504 3529 831 3598; x_wconf 83' lang='lat' dir='ltr'><strong>unigenitum</strong></span> <span class='ocrx_word' id='word_1_478' title='bbox 858 3535 1070 3602; x_wconf 77' lang='lat' dir='ltr'><strong>genuit;</strong></span> <span class='ocrx_word' id='word_1_479' title='bbox 1119 3535 1210 3590; x_wconf 91' lang='lat' dir='ltr'><strong>ubi</strong></span> <span class='ocrx_word' id='word_1_480' title='bbox 1239 3537 1382 3593; x_wconf 87' lang='lat' dir='ltr'><strong>enim</strong></span> <span class='ocrx_word' id='word_1_481' title='bbox 1425 3553 1531 3593; x_wconf 89' lang='lat' dir='ltr'><strong>non</strong></span> <span class='ocrx_word' id='word_1_482' title='bbox 1558 3545 1642 3592; x_wconf 88' lang='lat' dir='ltr'><strong>est</strong></span> <span class='ocrx_word' id='word_1_483' title='bbox 1668 3552 1932 3606; x_wconf 89' lang='lat' dir='ltr'><strong>generan-</strong></span> 
     </span>
    </p>
   </div>
   <div class='ocr_carea' id='block_1_66' title="bbox 339 3618 1933 3701">
    <p class='ocr_par' dir='ltr' id='par_1_66' title="bbox 339 3618 1933 3701">
     <span class='ocr_line' id='line_1_66' title="bbox 339 3618 1933 3701; baseline 0.006 -22"><span class='ocrx_word' id='word_1_484' title='bbox 339 3618 470 3679; x_wconf 80' lang='lat' dir='ltr'><strong>tium</strong></span> <span class='ocrx_word' id='word_1_485' title='bbox 502 3624 716 3694; x_wconf 81' lang='lat' dir='ltr'><strong>copula,</strong></span> <span class='ocrx_word' id='word_1_486' title='bbox 763 3627 872 3683; x_wconf 90' lang='lat' dir='ltr'><strong>illic</strong></span> <span class='ocrx_word' id='word_1_487' title='bbox 913 3629 1228 3698; x_wconf 86' lang='lat' dir='ltr'><strong>qualitatem</strong></span> <span class='ocrx_word' id='word_1_488' title='bbox 1276 3645 1385 3685; x_wconf 88' lang='lat' dir='ltr'><strong>non</strong></span> <span class='ocrx_word' id='word_1_489' title='bbox 1434 3630 1640 3701; x_wconf 87' lang='lat' dir='ltr'><strong>poteris</strong></span> <span class='ocrx_word' id='word_1_490' title='bbox 1690 3630 1933 3689; x_wconf 83' lang='lat' dir='ltr'><strong>invenire</strong></span> 
     </span>
    </p>
   </div>
   <div class='ocr_carea' id='block_1_67' title="bbox 339 3718 1929 3794">
    <p class='ocr_par' dir='ltr' id='par_1_67' title="bbox 339 3718 1929 3794">
     <span class='ocr_line' id='line_1_67' title="bbox 339 3718 1929 3794; baseline 0.004 -22"><span class='ocrx_word' id='word_1_491' title='bbox 339 3719 696 3773; x_wconf 87' lang='lat' dir='ltr'><strong>nascentium.</strong></span> <span class='ocrx_word' id='word_1_492' title='bbox 748 3718 805 3774; x_wconf 84' lang='lat' dir='ltr'><strong>in</strong></span> <span class='ocrx_word' id='word_1_493' title='bbox 835 3722 1051 3776; x_wconf 89' lang='lat' dir='ltr'><strong>nomine</strong></span> <span class='ocrx_word' id='word_1_494' title='bbox 1075 3722 1203 3779; x_wconf 80' lang='lat' dir='ltr'><strong>Jesu</strong></span> <span class='ocrx_word' id='word_1_495' title='bbox 1233 3722 1432 3779; x_wconf 78' lang='lat' dir='ltr'><strong>Christi</strong></span> <span class='ocrx_word' id='word_1_496' title='bbox 1457 3740 1617 3781; x_wconf 89' lang='lat' dir='ltr'><strong>omne</strong></span> <span class='ocrx_word' id='word_1_497' title='bbox 1668 3738 1809 3794; x_wconf 87' lang='lat' dir='ltr'><strong>genu</strong></span> <span class='ocrx_word' id='word_1_498' title='bbox 1838 3725 1929 3779; x_wconf 87' lang='lat' dir='ltr'><strong>lle-</strong></span> 
     </span>
    </p>
   </div>
   <div class='ocr_carea' id='block_1_68' title="bbox 339 3806 1928 3886">
    <p class='ocr_par' dir='ltr' id='par_1_68' title="bbox 339 3806 1928 3886">
     <span class='ocr_line' id='line_1_68' title="bbox 339 3806 1928 3886; baseline 0.006 -24"><span class='ocrx_word' id='word_1_499' title='bbox 339 3806 503 3863; x_wconf 88' lang='lat' dir='ltr'><strong>clitur</strong></span> <span class='ocrx_word' id='word_1_500' title='bbox 524 3808 847 3881; x_wconf 68' lang='lat' dir='ltr'><strong>caelestium,</strong></span> <span class='ocrx_word' id='word_1_501' title='bbox 876 3815 1209 3870; x_wconf 88' lang='lat' dir='ltr'><strong>terrestrium</strong></span> <span class='ocrx_word' id='word_1_502' title='bbox 1233 3824 1286 3870; x_wconf 90' lang='lat' dir='ltr'><strong>et</strong></span> <span class='ocrx_word' id='word_1_503' title='bbox 1308 3814 1817 3885; x_wconf 71' lang='lat' dir='ltr'><strong>infernorumU’hil.</strong></span> <span class='ocrx_word' id='word_1_504' title='bbox 1846 3816 1928 3886; x_wconf 90' lang='grc' dir='ltr'>ιι).</span> 
     </span>
    </p>
   </div>
   <div class='ocr_carea' id='block_1_69' title="bbox 338 3896 1932 3975">
    <p class='ocr_par' dir='ltr' id='par_1_69' title="bbox 338 3896 1932 3975">
     <span class='ocr_line' id='line_1_69' title="bbox 338 3896 1932 3975; baseline 0.006 -19"><span class='ocrx_word' id='word_1_505' title='bbox 338 3896 395 3956; x_wconf 78' lang='lat' dir='ltr'><strong>Si</strong></span> <span class='ocrx_word' id='word_1_506' title='bbox 425 3899 561 3954; x_wconf 88' lang='lat' dir='ltr'><strong>alter</strong></span> <span class='ocrx_word' id='word_1_507' title='bbox 590 3910 671 3957; x_wconf 88' lang='lat' dir='ltr'><strong>est</strong></span> <span class='ocrx_word' id='word_1_508' title='bbox 700 3901 942 3960; x_wconf 85' lang='lat' dir='ltr'><strong>Christus</strong></span> <span class='ocrx_word' id='word_1_509' title='bbox 989 3914 1182 3975; x_wconf 65' lang='lat' dir='ltr'><strong>praeter</strong></span> <span class='ocrx_word' id='word_1_510' title='bbox 1221 3906 1424 3973; x_wconf 90' lang='lat' dir='ltr'><strong>Deum,</strong></span> <span class='ocrx_word' id='word_1_511' title='bbox 1478 3923 1696 3964; x_wconf 87' lang='lat' dir='ltr'><strong>necesse</strong></span> <span class='ocrx_word' id='word_1_512' title='bbox 1743 3917 1826 3964; x_wconf 88' lang='lat' dir='ltr'><strong>est</strong></span> <span class='ocrx_word' id='word_1_513' title='bbox 1874 3918 1932 3966; x_wconf 91' lang='lat' dir='ltr'><strong>ut</strong></span> 
     </span>
    </p>
   </div>
   <div class='ocr_carea' id='block_1_70' title="bbox 340 3991 1931 4068">
    <p class='ocr_par' dir='ltr' id='par_1_70' title="bbox 340 3991 1931 4068">
     <span class='ocr_line' id='line_1_70' title="bbox 340 3991 1931 4068; baseline 0.008 -24"><span class='ocrx_word' id='word_1_514' title='bbox 340 4005 506 4060; x_wconf 88' lang='lat' dir='ltr'><strong>purus</strong></span> <span class='ocrx_word' id='word_1_515' title='bbox 534 3991 698 4048; x_wconf 86' lang='lat' dir='ltr'><strong>homo</strong></span> <span class='ocrx_word' id='word_1_516' title='bbox 728 3995 797 4048; x_wconf 88' lang='lat' dir='ltr'><strong>sit</strong></span> <span class='ocrx_word' id='word_1_517' title='bbox 824 3994 1085 4062; x_wconf 88' lang='lat' dir='ltr'><strong>Christus,</strong></span> <span class='ocrx_word' id='word_1_518' title='bbox 1132 4007 1186 4052; x_wconf 90' lang='lat' dir='ltr'><strong>et</strong></span> <span class='ocrx_word' id='word_1_519' title='bbox 1215 3999 1487 4068; x_wconf 89' lang='lat' dir='ltr'><strong>quomodo</strong></span> <span class='ocrx_word' id='word_1_520' title='bbox 1510 4016 1632 4056; x_wconf 88' lang='lat' dir='ltr'><strong>eum</strong></span> <span class='ocrx_word' id='word_1_521' title='bbox 1665 4001 1805 4057; x_wconf 85' lang='lat' dir='ltr'><strong>ultra</strong></span> <span class='ocrx_word' id='word_1_522' title='bbox 1836 4018 1931 4057; x_wconf 82' lang='lat' dir='ltr'><strong>na-</strong></span> 
     </span>
    </p>
   </div>
   <div class='ocr_carea' id='block_1_71' title="bbox 339 4086 1934 4162">
    <p class='ocr_par' dir='ltr' id='par_1_71' title="bbox 339 4086 1934 4162">
     <span class='ocr_line' id='line_1_71' title="bbox 339 4086 1934 4162; baseline 0.008 -26"><span class='ocrx_word' id='word_1_523' title='bbox 339 4091 471 4138; x_wconf 72' lang='lat' dir='ltr'><strong>tura:</strong></span> <span class='ocrx_word' id='word_1_524' title='bbox 503 4086 748 4140; x_wconf 90' lang='lat' dir='ltr'><strong>meritum</strong></span> <span class='ocrx_word' id='word_1_525' title='bbox 780 4088 1021 4147; x_wconf 69' lang='lat' dir='ltr'><strong>caelestia</strong></span> <span class='ocrx_word' id='word_1_526' title='bbox 1052 4099 1395 4158; x_wconf 86' lang='lat' dir='ltr'><strong>venerantur,</strong></span> <span class='ocrx_word' id='word_1_527' title='bbox 1445 4101 1502 4148; x_wconf 90' lang='lat' dir='ltr'><strong>et</strong></span> <span class='ocrx_word' id='word_1_528' title='bbox 1540 4094 1589 4148; x_wconf 87' lang='lat' dir='ltr'><strong>ei</strong></span> <span class='ocrx_word' id='word_1_529' title='bbox 1622 4094 1714 4162; x_wconf 88' lang='lat' dir='ltr'><strong>qui</strong></span> <span class='ocrx_word' id='word_1_530' title='bbox 1757 4095 1934 4151; x_wconf 87' lang='lat' dir='ltr'><strong>minor</strong></span> 
     </span>
    </p>
   </div>
   <div class='ocr_carea' id='block_1_72' title="bbox 337 4178 1934 4253">
    <p class='ocr_par' dir='ltr' id='par_1_72' title="bbox 337 4178 1934 4253">
     <span class='ocr_line' id='line_1_72' title="bbox 337 4178 1934 4253; baseline 0.007 -25"><span class='ocrx_word' id='word_1_531' title='bbox 337 4184 421 4229; x_wconf 84' lang='lat' dir='ltr'><strong>est</strong></span> <span class='ocrx_word' id='word_1_532' title='bbox 449 4190 587 4244; x_wconf 88' lang='lat' dir='ltr'><strong>genu</strong></span> <span class='ocrx_word' id='word_1_533' title='bbox 616 4178 870 4233; x_wconf 85' lang='lat' dir='ltr'><strong>llectent?</strong></span> <span class='ocrx_word' id='word_1_534' title='bbox 899 4180 1182 4248; x_wconf 81' lang='lat' dir='ltr'><strong>Quomodo</strong></span> <span class='ocrx_word' id='word_1_535' title='bbox 1210 4182 1373 4236; x_wconf 87' lang='lat' dir='ltr'><strong>etiam</strong></span> <span class='ocrx_word' id='word_1_536' title='bbox 1403 4184 1731 4253; x_wconf 84' lang='lat' dir='ltr'><strong>propheticis</strong></span> <span class='ocrx_word' id='word_1_537' title='bbox 1757 4194 1934 4239; x_wconf 87' lang='lat' dir='ltr'><strong>atten-</strong></span> 
     </span>
    </p>
   </div>
   <div class='ocr_carea' id='block_1_73' title="bbox 336 4260 1933 4349">
    <p class='ocr_par' dir='ltr' id='par_1_73' title="bbox 336 4260 1933 4349">
     <span class='ocr_line' id='line_1_73' title="bbox 336 4260 1933 4349; baseline 0.009 -28"><span class='ocrx_word' id='word_1_538' title='bbox 336 4260 512 4323; x_wconf 85' lang='lat' dir='ltr'><strong>dimus</strong></span> <span class='ocrx_word' id='word_1_539' title='bbox 541 4271 772 4326; x_wconf 86' lang='lat' dir='ltr'><strong>oraculis</strong></span> <span class='ocrx_word' id='word_1_540' title='bbox 802 4271 1160 4331; x_wconf 84' lang='lat' dir='ltr'><strong>clamantibus</strong></span> <span class='ocrx_word' id='word_1_541' title='bbox 1207 4274 1463 4349; x_wconf 81' lang='lat' dir='ltr'><strong>quoniam</strong></span> <span class='ocrx_word' id='word_1_542' title='bbox 1495 4276 1637 4332; x_wconf 90' lang='lat' dir='ltr'><strong>Deus</strong></span> <span class='ocrx_word' id='word_1_543' title='bbox 1666 4286 1850 4332; x_wconf 86' lang='lat' dir='ltr'><strong>noster</strong></span> <span class='ocrx_word' id='word_1_544' title='bbox 1877 4279 1933 4335; x_wconf 86' lang='lat' dir='ltr'><strong>in</strong></span> 
     </span>
    </p>
   </div>
   <div class='ocr_carea' id='block_1_74' title="bbox 337 4361 1932 4441">
    <p class='ocr_par' dir='ltr' id='par_1_74' title="bbox 337 4361 1932 4441">
     <span class='ocr_line' id='line_1_74' title="bbox 337 4361 1932 4441; baseline 0.007 -26"><span class='ocrx_word' id='word_1_545' title='bbox 337 4361 497 4417; x_wconf 88' lang='lat' dir='ltr'><strong>terris</strong></span> <span class='ocrx_word' id='word_1_546' title='bbox 525 4363 691 4431; x_wconf 85' lang='lat' dir='ltr'><strong>visus,</strong></span> <span class='ocrx_word' id='word_1_547' title='bbox 735 4374 791 4421; x_wconf 90' lang='lat' dir='ltr'><strong>et</strong></span> <span class='ocrx_word' id='word_1_548' title='bbox 817 4382 939 4421; x_wconf 90' lang='lat' dir='ltr'><strong>cum</strong></span> <span class='ocrx_word' id='word_1_549' title='bbox 969 4365 1278 4425; x_wconf 87' lang='lat' dir='ltr'><strong>hominibus</strong></span> <span class='ocrx_word' id='word_1_550' title='bbox 1304 4378 1656 4425; x_wconf 86' lang='lat' dir='ltr'><strong>conversatus</strong></span> <span class='ocrx_word' id='word_1_551' title='bbox 1684 4378 1769 4426; x_wconf 89' lang='lat' dir='ltr'><strong>est</strong></span> <span class='ocrx_word' id='word_1_552' title='bbox 1795 4370 1932 4441; x_wconf 82' lang='lat' dir='ltr'><strong>(Ba-</strong></span> 
     </span>
    </p>
   </div>
   <div class='ocr_carea' id='block_1_75' title="bbox 335 4453 1934 4530">
    <p class='ocr_par' dir='ltr' id='par_1_75' title="bbox 335 4453 1934 4530">
     <span class='ocr_line' id='line_1_75' title="bbox 335 4453 1934 4530; baseline 0.003 -19"><span class='ocrx_word' id='word_1_553' title='bbox 335 4453 482 4511; x_wconf 82' lang='lat' dir='ltr'><strong>t‘uch.</strong></span> <span class='ocrx_word' id='word_1_554' title='bbox 522 4455 638 4527; x_wconf 83' lang='lat' dir='ltr'><strong>ut)?</strong></span> <span class='ocrx_word' id='word_1_555' title='bbox 683 4455 955 4512; x_wconf 87' lang='lat' dir='ltr'><strong>Visionem</strong></span> <span class='ocrx_word' id='word_1_556' title='bbox 987 4472 1217 4527; x_wconf 86' lang='lat' dir='ltr'><strong>namque</strong></span> <span class='ocrx_word' id='word_1_557' title='bbox 1243 4457 1372 4515; x_wconf 89' lang='lat' dir='ltr'><strong>dicit</strong></span> <span class='ocrx_word' id='word_1_558' title='bbox 1401 4460 1666 4530; x_wconf 88' lang='lat' dir='ltr'><strong>propheta</strong></span> <span class='ocrx_word' id='word_1_559' title='bbox 1706 4461 1934 4517; x_wconf 78' lang='lat' dir='ltr'><strong>manife-</strong></span> 
     </span>
    </p>
   </div>
   <div class='ocr_carea' id='block_1_76' title="bbox 335 4547 1929 4617">
    <p class='ocr_par' dir='ltr' id='par_1_76' title="bbox 335 4547 1929 4617">
     <span class='ocr_line' id='line_1_76' title="bbox 335 4547 1929 4617; baseline 0.004 -16"><span class='ocrx_word' id='word_1_560' title='bbox 335 4547 621 4602; x_wconf 85' lang='lat' dir='ltr'><strong>stationem</strong></span> <span class='ocrx_word' id='word_1_561' title='bbox 652 4564 770 4617; x_wconf 75' lang='lat' dir='ltr'><strong>qure</strong></span> <span class='ocrx_word' id='word_1_562' title='bbox 801 4549 851 4604; x_wconf 91' lang='lat' dir='ltr'><strong>in</strong></span> <span class='ocrx_word' id='word_1_563' title='bbox 881 4565 1043 4606; x_wconf 88' lang='lat' dir='ltr'><strong>carne</strong></span> <span class='ocrx_word' id='word_1_564' title='bbox 1073 4549 1212 4607; x_wconf 79' lang='lat' dir='ltr'><strong>facta</strong></span> <span class='ocrx_word' id='word_1_565' title='bbox 1240 4561 1342 4617; x_wconf 85' lang='lat' dir='ltr'><strong>est,</strong></span> <span class='ocrx_word' id='word_1_566' title='bbox 1373 4559 1429 4607; x_wconf 90' lang='lat' dir='ltr'><strong>et</strong></span> <span class='ocrx_word' id='word_1_567' title='bbox 1456 4552 1929 4608; x_wconf 85' lang='lat' dir='ltr'><strong>conversationem</strong></span> 
     </span>
    </p>
   </div>
   <div class='ocr_carea' id='block_1_77' title="bbox 2036 3346 3629 3422">
    <p class='ocr_par' dir='ltr' id='par_1_77' title="bbox 2036 3346 3629 3422">
     <span class='ocr_line' id='line_1_77' title="bbox 2036 3346 3629 3422; baseline -0.001 -15"><span class='ocrx_word' id='word_1_568' title='bbox 2036 3350 2272 3407; x_wconf 87' lang='lat' dir='ltr'><strong>Trinitas</strong></span> <span class='ocrx_word' id='word_1_569' title='bbox 2301 3350 2644 3422; x_wconf 85' lang='lat' dir='ltr'><strong>impassibilis</strong></span> <span class='ocrx_word' id='word_1_570' title='bbox 2684 3357 2983 3419; x_wconf 88' lang='lat' dir='ltr'><strong>permanet.</strong></span> <span class='ocrx_word' id='word_1_571' title='bbox 3036 3347 3191 3416; x_wconf 86' lang='lat' dir='ltr'><strong>Quod</strong></span> <span class='ocrx_word' id='word_1_572' title='bbox 3219 3349 3263 3404; x_wconf 91' lang='lat' dir='ltr'><strong>si</strong></span> <span class='ocrx_word' id='word_1_573' title='bbox 3310 3346 3545 3404; x_wconf 83' lang='lat' dir='ltr'><strong>Trinitas</strong></span> <span class='ocrx_word' id='word_1_574' title='bbox 3573 3357 3629 3406; x_wconf 86' lang='lat' dir='ltr'><strong>et</strong></span> 
     </span>
    </p>
   </div>
   <div class='ocr_carea' id='block_1_78' title="bbox 2034 3441 3627 3512">
    <p class='ocr_par' dir='ltr' id='par_1_78' title="bbox 2034 3441 3627 3512">
     <span class='ocr_line' id='line_1_78' title="bbox 2034 3441 3627 3512; baseline -0.002 -13"><span class='ocrx_word' id='word_1_575' title='bbox 2034 3442 2177 3499; x_wconf 88' lang='lat' dir='ltr'><strong>Deus</strong></span> <span class='ocrx_word' id='word_1_576' title='bbox 2201 3443 2434 3498; x_wconf 84' lang='lat' dir='ltr'><strong>Verbum</strong></span> <span class='ocrx_word' id='word_1_577' title='bbox 2457 3441 2720 3497; x_wconf 86' lang='lat' dir='ltr'><strong>Trinitate</strong></span> <span class='ocrx_word' id='word_1_578' title='bbox 2748 3442 3104 3512; x_wconf 68' lang='lat' dir='ltr'><strong>conspicitur,</strong></span> <span class='ocrx_word' id='word_1_579' title='bbox 3137 3441 3477 3512; x_wconf 85' lang='lat' dir='ltr'><strong>impassibilis</strong></span> <span class='ocrx_word' id='word_1_580' title='bbox 3498 3456 3627 3512; x_wconf 83' lang='lat' dir='ltr'><strong>pcr-</strong></span> 
     </span>
    </p>
   </div>
   <div class='ocr_carea' id='block_1_79' title="bbox 2032 3532 3623 3604">
    <p class='ocr_par' dir='ltr' id='par_1_79' title="bbox 2032 3532 3623 3604">
     <span class='ocr_line' id='line_1_79' title="bbox 2032 3532 3623 3604; baseline -0.003 -13"><span class='ocrx_word' id='word_1_581' title='bbox 2032 3545 2248 3597; x_wconf 90' lang='lat' dir='ltr'><strong>manet,</strong></span> <span class='ocrx_word' id='word_1_582' title='bbox 2303 3544 2361 3591; x_wconf 92' lang='lat' dir='ltr'><strong>et</strong></span> <span class='ocrx_word' id='word_1_583' title='bbox 2410 3534 2552 3589; x_wconf 86' lang='lat' dir='ltr'><strong>Deus</strong></span> <span class='ocrx_word' id='word_1_584' title='bbox 2600 3533 2833 3589; x_wconf 89' lang='lat' dir='ltr'><strong>Verbum</strong></span> <span class='ocrx_word' id='word_1_585' title='bbox 2880 3532 3223 3604; x_wconf 85' lang='lat' dir='ltr'><strong>impassibilis</strong></span> <span class='ocrx_word' id='word_1_586' title='bbox 3274 3533 3623 3603; x_wconf 87' lang='lat' dir='ltr'><strong>approbatur.</strong></span> 
     </span>
    </p>
   </div>
   <div class='ocr_carea' id='block_1_80' title="bbox 2033 3624 3627 3697">
    <p class='ocr_par' dir='ltr' id='par_1_80' title="bbox 2033 3624 3627 3697">
     <span class='ocr_line' id='line_1_80' title="bbox 2033 3624 3627 3697; baseline -0.003 -13"><span class='ocrx_word' id='word_1_587' title='bbox 2033 3629 2186 3696; x_wconf 86' lang='lat' dir='ltr'><strong>Quod</strong></span> <span class='ocrx_word' id='word_1_588' title='bbox 2211 3629 2255 3683; x_wconf 89' lang='lat' dir='ltr'><strong>si</strong></span> <span class='ocrx_word' id='word_1_589' title='bbox 2280 3627 2422 3683; x_wconf 90' lang='lat' dir='ltr'><strong>Deus</strong></span> <span class='ocrx_word' id='word_1_590' title='bbox 2446 3627 2682 3683; x_wconf 85' lang='lat' dir='ltr'><strong>Verbum</strong></span> <span class='ocrx_word' id='word_1_591' title='bbox 2711 3625 3053 3697; x_wconf 88' lang='lat' dir='ltr'><strong>impassibilis</strong></span> <span class='ocrx_word' id='word_1_592' title='bbox 3079 3634 3179 3689; x_wconf 89' lang='lat' dir='ltr'><strong>est,</strong></span> <span class='ocrx_word' id='word_1_593' title='bbox 3212 3624 3517 3679; x_wconf 89' lang='lat' dir='ltr'><strong>invenietur</strong></span> <span class='ocrx_word' id='word_1_594' title='bbox 3535 3624 3627 3693; x_wconf 85' lang='lat' dir='ltr'><strong>qui</strong></span> 
     </span>
    </p>
   </div>
   <div class='ocr_carea' id='block_1_81' title="bbox 2031 3714 3630 3790">
    <p class='ocr_par' dir='ltr' id='par_1_81' title="bbox 2031 3714 3630 3790">
     <span class='ocr_line' id='line_1_81' title="bbox 2031 3714 3630 3790; baseline -0.004 -14"><span class='ocrx_word' id='word_1_595' title='bbox 2031 3720 2322 3777; x_wconf 81' lang='lat' dir='ltr'><strong>cruciﬁxus</strong></span> <span class='ocrx_word' id='word_1_596' title='bbox 2348 3728 2434 3776; x_wconf 84' lang='lat' dir='ltr'><strong>est</strong></span> <span class='ocrx_word' id='word_1_597' title='bbox 2458 3720 2599 3775; x_wconf 90' lang='lat' dir='ltr'><strong>alter</strong></span> <span class='ocrx_word' id='word_1_598' title='bbox 2637 3726 2832 3789; x_wconf 62' lang='grc' dir='ltr'>ιιι-αξιοι</span> <span class='ocrx_word' id='word_1_599' title='bbox 2875 3717 3253 3790; x_wconf 87' lang='lat' dir='ltr'><strong>impassibilem</strong></span> <span class='ocrx_word' id='word_1_600' title='bbox 3282 3716 3450 3774; x_wconf 88' lang='lat' dir='ltr'><strong>Deum</strong></span> <span class='ocrx_word' id='word_1_601' title='bbox 3491 3714 3630 3770; x_wconf 89' lang='lat' dir='ltr'><strong>Ver-</strong></span> 
     </span>
    </p>
   </div>
   <div class='ocr_carea' id='block_1_82' title="bbox 2032 3808 3628 3880">
    <p class='ocr_par' dir='ltr' id='par_1_82' title="bbox 2032 3808 3628 3880">
     <span class='ocr_line' id='line_1_82' title="bbox 2032 3808 3628 3880; baseline -0.004 -12"><span class='ocrx_word' id='word_1_602' title='bbox 2032 3813 2178 3868; x_wconf 88' lang='lat' dir='ltr'><strong>bum.</strong></span> <span class='ocrx_word' id='word_1_603' title='bbox 2200 3811 2339 3868; x_wconf 87' lang='lat' dir='ltr'><strong>Vere</strong></span> <span class='ocrx_word' id='word_1_604' title='bbox 2365 3812 2498 3866; x_wconf 90' lang='lat' dir='ltr'><strong>telas</strong></span> <span class='ocrx_word' id='word_1_605' title='bbox 2522 3820 2710 3867; x_wconf 83' lang='lat' dir='ltr'><strong>tcxunt</strong></span> <span class='ocrx_word' id='word_1_606' title='bbox 2736 3827 2946 3866; x_wconf 69' lang='lat' dir='ltr'><strong>aranea:</strong></span> <span class='ocrx_word' id='word_1_607' title='bbox 2965 3810 3055 3880; x_wconf 87' lang='lat' dir='ltr'><strong>qui</strong></span> <span class='ocrx_word' id='word_1_608' title='bbox 3080 3811 3179 3866; x_wconf 88' lang='lat' dir='ltr'><strong>ista</strong></span> <span class='ocrx_word' id='word_1_609' title='bbox 3203 3808 3545 3879; x_wconf 89' lang='lat' dir='ltr'><strong>depromunt;</strong></span> <span class='ocrx_word' id='word_1_610' title='bbox 3573 3809 3628 3863; x_wconf 90' lang='lat' dir='ltr'><strong>in</strong></span> 
     </span>
    </p>
   </div>
   <div class='ocr_carea' id='block_1_83' title="bbox 2034 3898 3625 3974">
    <p class='ocr_par' dir='ltr' id='par_1_83' title="bbox 2034 3898 3625 3974">
     <span class='ocr_line' id='line_1_83' title="bbox 2034 3898 3625 3974; baseline -0.003 -17"><span class='ocrx_word' id='word_1_611' title='bbox 2034 3904 2187 3973; x_wconf 88' lang='lat' dir='ltr'><strong>aquis</strong></span> <span class='ocrx_word' id='word_1_612' title='bbox 2232 3902 2474 3959; x_wconf 83' lang='lat' dir='ltr'><strong>scribunt</strong></span> <span class='ocrx_word' id='word_1_613' title='bbox 2509 3904 2601 3971; x_wconf 89' lang='lat' dir='ltr'><strong>qui</strong></span> <span class='ocrx_word' id='word_1_614' title='bbox 2640 3902 3036 3974; x_wconf 86' lang='lat' dir='ltr'><strong>propositiones</strong></span> <span class='ocrx_word' id='word_1_615' title='bbox 3067 3899 3429 3970; x_wconf 89' lang='lat' dir='ltr'><strong>ineptissimas</strong></span> <span class='ocrx_word' id='word_1_616' title='bbox 3455 3898 3625 3954; x_wconf 82' lang='lat' dir='ltr'><strong>medi-</strong></span> 
     </span>
    </p>
   </div>
   <div class='ocr_carea' id='block_1_84' title="bbox 2035 3988 3623 4067">
    <p class='ocr_par' dir='ltr' id='par_1_84' title="bbox 2035 3988 3623 4067">
     <span class='ocr_line' id='line_1_84' title="bbox 2035 3988 3623 4067; baseline -0.005 -14"><span class='ocrx_word' id='word_1_617' title='bbox 2035 4004 2247 4063; x_wconf 86' lang='lat' dir='ltr'><strong>tantur;</strong></span> <span class='ocrx_word' id='word_1_618' title='bbox 2267 3996 2359 4067; x_wconf 88' lang='lat' dir='ltr'><strong>qui</strong></span> <span class='ocrx_word' id='word_1_619' title='bbox 2378 4012 2497 4051; x_wconf 92' lang='lat' dir='ltr'><strong>cum</strong></span> <span class='ocrx_word' id='word_1_620' title='bbox 2512 4011 2571 4050; x_wconf 91' lang='lat' dir='ltr'><strong>se</strong></span> <span class='ocrx_word' id='word_1_621' title='bbox 2588 3994 2829 4051; x_wconf 89' lang='lat' dir='ltr'><strong>dicerent</strong></span> <span class='ocrx_word' id='word_1_622' title='bbox 2845 3993 3137 4064; x_wconf 88' lang='lat' dir='ltr'><strong>sapientes,</strong></span> <span class='ocrx_word' id='word_1_623' title='bbox 3160 3993 3308 4047; x_wconf 90' lang='lat' dir='ltr'><strong>stulti</strong></span> <span class='ocrx_word' id='word_1_624' title='bbox 3332 3988 3455 4047; x_wconf 78' lang='lat' dir='ltr'><strong>lacti</strong></span> <span class='ocrx_word' id='word_1_625' title='bbox 3477 4000 3623 4061; x_wconf 90' lang='lat' dir='ltr'><strong>sunt,</strong></span> 
     </span>
    </p>
   </div>
   <div class='ocr_carea' id='block_1_85' title="bbox 2000 4085 3632 4158">
    <p class='ocr_par' dir='ltr' id='par_1_85' title="bbox 2000 4085 3632 4158">
     <span class='ocr_line' id='line_1_85' title="bbox 2000 4085 3632 4158; baseline -0.002 -12"><span class='ocrx_word' id='word_1_626' title='bbox 2000 4100 2001 4105; x_wconf 82' lang='lat'>‘</span> <span class='ocrx_word' id='word_1_627' title='bbox 2033 4099 2089 4146; x_wconf 85' lang='lat' dir='ltr'><strong>et</strong></span> <span class='ocrx_word' id='word_1_628' title='bbox 2106 4091 2451 4146; x_wconf 88' lang='lat' dir='ltr'><strong>obscuratum</strong></span> <span class='ocrx_word' id='word_1_629' title='bbox 2471 4096 2559 4143; x_wconf 90' lang='lat' dir='ltr'><strong>est</strong></span> <span class='ocrx_word' id='word_1_630' title='bbox 2579 4088 2944 4157; x_wconf 87' lang='lat' dir='ltr'><strong>insipienscor</strong></span> <span class='ocrx_word' id='word_1_631' title='bbox 2965 4102 3151 4141; x_wconf 83' lang='lat' dir='ltr'><strong>eorum</strong></span> <span class='ocrx_word' id='word_1_632' title='bbox 3168 4086 3345 4158; x_wconf 75' lang='lat' dir='ltr'><strong>(Rom.</strong></span> <span class='ocrx_word' id='word_1_633' title='bbox 3360 4086 3399 4157; x_wconf 93' lang='grc' dir='ltr'>ι)</span> <span class='ocrx_word' id='word_1_634' title='bbox 3420 4104 3431 4139; x_wconf 87' lang='lat'><strong>:</strong></span> <span class='ocrx_word' id='word_1_635' title='bbox 3455 4085 3632 4157; x_wconf 84' lang='lat' dir='ltr'><strong>lippus</strong></span> 
     </span>
    </p>
   </div>
   <div class='ocr_carea' id='block_1_86' title="bbox 2033 4180 3631 4251">
    <p class='ocr_par' dir='ltr' id='par_1_86' title="bbox 2033 4180 3631 4251">
     <span class='ocr_line' id='line_1_86' title="bbox 2033 4180 3631 4251; baseline -0.005 -8"><span class='ocrx_word' id='word_1_636' title='bbox 2033 4185 2177 4243; x_wconf 79' lang='lat' dir='ltr'><strong>enim</strong></span> <span class='ocrx_word' id='word_1_637' title='bbox 2197 4184 2387 4239; x_wconf 89' lang='lat' dir='ltr'><strong>oculus</strong></span> <span class='ocrx_word' id='word_1_638' title='bbox 2411 4182 2542 4237; x_wconf 89' lang='lat' dir='ltr'><strong>solis</strong></span> <span class='ocrx_word' id='word_1_639' title='bbox 2568 4182 2746 4238; x_wconf 89' lang='lat' dir='ltr'><strong>radios</strong></span> <span class='ocrx_word' id='word_1_640' title='bbox 2774 4196 2905 4251; x_wconf 85' lang='lat' dir='ltr'><strong>pure</strong></span> <span class='ocrx_word' id='word_1_641' title='bbox 2928 4196 3033 4235; x_wconf 90' lang='lat' dir='ltr'><strong>non</strong></span> <span class='ocrx_word' id='word_1_642' title='bbox 3062 4180 3272 4249; x_wconf 86' lang='lat' dir='ltr'><strong>recipit,</strong></span> <span class='ocrx_word' id='word_1_643' title='bbox 3308 4189 3362 4234; x_wconf 89' lang='lat' dir='ltr'><strong>et</strong></span> <span class='ocrx_word' id='word_1_644' title='bbox 3388 4180 3631 4235; x_wconf 85' lang='lat' dir='ltr'><strong>inﬁrmus</strong></span> 
     </span>
    </p>
   </div>
   <div class='ocr_carea' id='block_1_87' title="bbox 2033 4270 3629 4340">
    <p class='ocr_par' dir='ltr' id='par_1_87' title="bbox 2033 4270 3629 4340">
     <span class='ocr_line' id='line_1_87' title="bbox 2033 4270 3629 4340; baseline -0.004 -9"><span class='ocrx_word' id='word_1_645' title='bbox 2033 4275 2242 4333; x_wconf 84' lang='lat' dir='ltr'><strong>animus</strong></span> <span class='ocrx_word' id='word_1_646' title='bbox 2269 4274 2606 4329; x_wconf 86' lang='lat' dir='ltr'><strong>altitudinem</strong></span> <span class='ocrx_word' id='word_1_647' title='bbox 2638 4272 2760 4328; x_wconf 74' lang='lat' dir='ltr'><strong>fidei</strong></span> <span class='ocrx_word' id='word_1_648' title='bbox 2790 4288 2898 4326; x_wconf 90' lang='lat' dir='ltr'><strong>non</strong></span> <span class='ocrx_word' id='word_1_649' title='bbox 2928 4272 3074 4326; x_wconf 88' lang='lat' dir='ltr'><strong>valet</strong></span> <span class='ocrx_word' id='word_1_650' title='bbox 3103 4272 3320 4326; x_wconf 87' lang='lat' dir='ltr'><strong>intueri.</strong></span> <span class='ocrx_word' id='word_1_651' title='bbox 3369 4270 3507 4338; x_wconf 88' lang='lat' dir='ltr'><strong>Quid</strong></span> <span class='ocrx_word' id='word_1_652' title='bbox 3531 4272 3629 4340; x_wconf 75' lang='lat' dir='ltr'><strong>igi-</strong></span> 
     </span>
    </p>
   </div>
   <div class='ocr_carea' id='block_1_88' title="bbox 2035 4361 3630 4435">
    <p class='ocr_par' dir='ltr' id='par_1_88' title="bbox 2035 4361 3630 4435">
     <span class='ocr_line' id='line_1_88' title="bbox 2035 4361 3630 4435; baseline -0.005 -10"><span class='ocrx_word' id='word_1_653' title='bbox 2035 4380 2123 4426; x_wconf 89' lang='lat' dir='ltr'><strong>tur</strong></span> <span class='ocrx_word' id='word_1_654' title='bbox 2148 4367 2219 4423; x_wconf 89' lang='lat' dir='ltr'><strong>ad</strong></span> <span class='ocrx_word' id='word_1_655' title='bbox 2242 4367 2343 4423; x_wconf 88' lang='lat' dir='ltr'><strong>ista</strong></span> <span class='ocrx_word' id='word_1_656' title='bbox 2372 4382 2473 4422; x_wconf 80' lang='lat' dir='ltr'><strong>nos</strong></span> <span class='ocrx_word' id='word_1_657' title='bbox 2488 4366 2714 4422; x_wconf 89' lang='lat' dir='ltr'><strong>dicimus</strong></span> <span class='ocrx_word' id='word_1_658' title='bbox 2736 4364 3024 4435; x_wconf 85' lang='lat' dir='ltr'><strong>?quoniam</strong></span> <span class='ocrx_word' id='word_1_659' title='bbox 3054 4361 3347 4419; x_wconf 89' lang='lat' dir='ltr'><strong>secundum</strong></span> <span class='ocrx_word' id='word_1_660' title='bbox 3363 4362 3630 4417; x_wconf 88' lang='lat' dir='ltr'><strong>rationem</strong></span> 
     </span>
    </p>
   </div>
   <div class='ocr_carea' id='block_1_89' title="bbox 2034 4455 3632 4522">
    <p class='ocr_par' dir='ltr' id='par_1_89' title="bbox 2034 4455 3632 4522">
     <span class='ocr_line' id='line_1_89' title="bbox 2034 4455 3632 4522; baseline -0.006 -5"><span class='ocrx_word' id='word_1_661' title='bbox 2034 4462 2259 4517; x_wconf 88' lang='lat' dir='ltr'><strong>Deitatis</strong></span> <span class='ocrx_word' id='word_1_662' title='bbox 2288 4469 2475 4516; x_wconf 87' lang='lat' dir='ltr'><strong>sancta</strong></span> <span class='ocrx_word' id='word_1_663' title='bbox 2498 4459 2732 4515; x_wconf 85' lang='lat' dir='ltr'><strong>Trinitas</strong></span> <span class='ocrx_word' id='word_1_664' title='bbox 2756 4469 2812 4514; x_wconf 89' lang='lat' dir='ltr'><strong>et</strong></span> <span class='ocrx_word' id='word_1_665' title='bbox 2837 4457 2993 4512; x_wconf 89' lang='lat' dir='ltr'><strong>unius</strong></span> <span class='ocrx_word' id='word_1_666' title='bbox 3038 4464 3118 4511; x_wconf 89' lang='lat' dir='ltr'><strong>est</strong></span> <span class='ocrx_word' id='word_1_667' title='bbox 3149 4455 3415 4522; x_wconf 74' lang='lat' dir='ltr'><strong>essentizc,</strong></span> <span class='ocrx_word' id='word_1_668' title='bbox 3449 4464 3504 4510; x_wconf 90' lang='lat' dir='ltr'><strong>et</strong></span> <span class='ocrx_word' id='word_1_669' title='bbox 3537 4455 3632 4509; x_wconf 78' lang='lat' dir='ltr'><strong>im-</strong></span> 
     </span>
    </p>
   </div>
   <div class='ocr_carea' id='block_1_90' title="bbox 2035 4547 3630 4623">
    <p class='ocr_par' dir='ltr' id='par_1_90' title="bbox 2035 4547 3630 4623">
     <span class='ocr_line' id='line_1_90' title="bbox 2035 4547 3630 4623; baseline -0.003 -16"><span class='ocrx_word' id='word_1_670' title='bbox 2035 4553 2303 4623; x_wconf 78' lang='lat' dir='ltr'><strong>passibilis</strong></span> <span class='ocrx_word' id='word_1_671' title='bbox 2332 4558 2660 4623; x_wconf 85' lang='lat' dir='ltr'><strong>perseverat.</strong></span> <span class='ocrx_word' id='word_1_672' title='bbox 2696 4550 2804 4606; x_wconf 85' lang='lat' dir='ltr'><strong>Nec</strong></span> <span class='ocrx_word' id='word_1_673' title='bbox 2831 4549 2973 4604; x_wconf 91' lang='lat' dir='ltr'><strong>enim</strong></span> <span class='ocrx_word' id='word_1_674' title='bbox 3001 4547 3245 4603; x_wconf 86' lang='lat' dir='ltr'><strong>dicentes</strong></span> <span class='ocrx_word' id='word_1_675' title='bbox 3269 4547 3458 4603; x_wconf 84' lang='lat' dir='ltr'><strong>Filium</strong></span> <span class='ocrx_word' id='word_1_676' title='bbox 3507 4564 3630 4618; x_wconf 55' lang='lat' dir='ltr'><strong>pas.</strong></span> 
     </span>
    </p>
   </div>
   <div class='ocr_carea' id='block_1_91' title="bbox 333 4640 3631 4712">
    <p class='ocr_par' dir='ltr' id='par_1_91' title="bbox 333 4640 3631 4712">
     <span class='ocr_line' id='line_1_91' title="bbox 333 4640 3631 4712; baseline 0.001 -20"><span class='ocrx_word' id='word_1_677' title='bbox 333 4651 438 4707; x_wconf 91' lang='lat' dir='ltr'><strong>qua</strong></span> <span class='ocrx_word' id='word_1_678' title='bbox 485 4641 854 4710; x_wconf 83' lang='lat' dir='ltr'><strong>temporaliter</strong></span> <span class='ocrx_word' id='word_1_679' title='bbox 893 4658 1012 4697; x_wconf 91' lang='lat' dir='ltr'><strong>cum</strong></span> <span class='ocrx_word' id='word_1_680' title='bbox 1061 4643 1371 4701; x_wconf 88' lang='lat' dir='ltr'><strong>hominibus</strong></span> <span class='ocrx_word' id='word_1_681' title='bbox 1411 4654 1777 4701; x_wconf 86' lang='lat' dir='ltr'><strong>commoratus</strong></span> <span class='ocrx_word' id='word_1_682' title='bbox 1822 4654 1925 4710; x_wconf 87' lang='lat' dir='ltr'><strong>est,</strong></span> <span class='ocrx_word' id='word_1_683' title='bbox 1959 4650 2008 4707; x_wconf 89' lang='lat' dir='ltr'><strong>D</strong></span> <span class='ocrx_word' id='word_1_684' title='bbox 2033 4661 2170 4710; x_wconf 86' lang='lat' dir='ltr'><strong>sum,</strong></span> <span class='ocrx_word' id='word_1_685' title='bbox 2204 4644 2417 4700; x_wconf 90' lang='lat' dir='ltr'><strong>ratione</strong></span> <span class='ocrx_word' id='word_1_686' title='bbox 2445 4644 2665 4701; x_wconf 89' lang='lat' dir='ltr'><strong>deitatis</strong></span> <span class='ocrx_word' id='word_1_687' title='bbox 2715 4658 2839 4697; x_wconf 90' lang='lat' dir='ltr'><strong>eum</strong></span> <span class='ocrx_word' id='word_1_688' title='bbox 2892 4656 3113 4712; x_wconf 85' lang='lat' dir='ltr'><strong>passum</strong></span> <span class='ocrx_word' id='word_1_689' title='bbox 3136 4640 3418 4703; x_wconf 90' lang='lat' dir='ltr'><strong>sentimus,</strong></span> <span class='ocrx_word' id='word_1_690' title='bbox 3450 4640 3631 4700; x_wconf 83' lang='lat' dir='ltr'><strong>divina</strong></span> 
     </span>
    </p>
   </div>
   <div class='ocr_carea' id='block_1_92' title="bbox 335 4724 1931 4805">
    <p class='ocr_par' dir='ltr' id='par_1_92' title="bbox 335 4724 1931 4805">
     <span class='ocr_line' id='line_1_92' title="bbox 335 4724 1931 4805; baseline 0.006 -23"><span class='ocrx_word' id='word_1_691' title='bbox 335 4724 488 4795; x_wconf 86' lang='lat' dir='ltr'><strong>cujus</strong></span> <span class='ocrx_word' id='word_1_692' title='bbox 516 4730 631 4784; x_wconf 86' lang='lat' dir='ltr'><strong>sine</strong></span> <span class='ocrx_word' id='word_1_693' title='bbox 662 4731 857 4791; x_wconf 86' lang='lat' dir='ltr'><strong>invidia</strong></span> <span class='ocrx_word' id='word_1_694' title='bbox 888 4734 1100 4791; x_wconf 89' lang='lat' dir='ltr'><strong>bonitas</strong></span> <span class='ocrx_word' id='word_1_695' title='bbox 1130 4734 1349 4805; x_wconf 90' lang='lat' dir='ltr'><strong>pietatis</strong></span> <span class='ocrx_word' id='word_1_696' title='bbox 1372 4750 1483 4791; x_wconf 65' lang='lat' dir='ltr'><strong>suae</strong></span> <span class='ocrx_word' id='word_1_697' title='bbox 1511 4735 1805 4792; x_wconf 85' lang='lat' dir='ltr'><strong>declaravit</strong></span> <span class='ocrx_word' id='word_1_698' title='bbox 1835 4736 1931 4792; x_wconf 84' lang='lat' dir='ltr'><strong>ad-</strong></span> 
     </span>
    </p>
   </div>
   <div class='ocr_carea' id='block_1_93' title="bbox 338 4821 1934 4899">
    <p class='ocr_par' dir='ltr' id='par_1_93' title="bbox 338 4821 1934 4899">
     <span class='ocr_line' id='line_1_93' title="bbox 338 4821 1934 4899; baseline 0.01 -31"><span class='ocrx_word' id='word_1_699' title='bbox 338 4826 556 4871; x_wconf 87' lang='lat' dir='ltr'><strong>ventum</strong></span> <span class='ocrx_word' id='word_1_700' title='bbox 589 4821 750 4889; x_wconf 85' lang='lat' dir='ltr'><strong>:quiu</strong></span> <span class='ocrx_word' id='word_1_701' title='bbox 774 4822 913 4878; x_wconf 89' lang='lat' dir='ltr'><strong>sicut</strong></span> <span class='ocrx_word' id='word_1_702' title='bbox 940 4828 1301 4897; x_wconf 87' lang='lat' dir='ltr'><strong>omnipotens,</strong></span> <span class='ocrx_word' id='word_1_703' title='bbox 1335 4836 1391 4882; x_wconf 90' lang='lat' dir='ltr'><strong>et</strong></span> <span class='ocrx_word' id='word_1_704' title='bbox 1417 4829 1559 4899; x_wconf 86' lang='lat' dir='ltr'><strong>quod</strong></span> <span class='ocrx_word' id='word_1_705' title='bbox 1590 4838 1706 4883; x_wconf 89' lang='lat' dir='ltr'><strong>erat</strong></span> <span class='ocrx_word' id='word_1_706' title='bbox 1735 4828 1934 4884; x_wconf 89' lang='lat' dir='ltr'><strong>mansit</strong></span> 
     </span>
    </p>
   </div>
   <div class='ocr_carea' id='block_1_94' title="bbox 339 4914 1927 4991">
    <p class='ocr_par' dir='ltr' id='par_1_94' title="bbox 339 4914 1927 4991">
     <span class='ocr_line' id='line_1_94' title="bbox 339 4914 1927 4991; baseline 0.012 -32"><span class='ocrx_word' id='word_1_707' title='bbox 339 4914 559 4991; x_wconf 80' lang='lat' dir='ltr'><strong>propter</strong></span> <span class='ocrx_word' id='word_1_708' title='bbox 600 4924 678 4971; x_wconf 84' lang='lat' dir='ltr'><strong>se,</strong></span> <span class='ocrx_word' id='word_1_709' title='bbox 729 4920 785 4965; x_wconf 91' lang='lat' dir='ltr'><strong>et</strong></span> <span class='ocrx_word' id='word_1_710' title='bbox 824 4915 967 4983; x_wconf 92' lang='lat' dir='ltr'><strong>quod</strong></span> <span class='ocrx_word' id='word_1_711' title='bbox 1003 4917 1170 4973; x_wconf 90' lang='lat' dir='ltr'><strong>voluit</strong></span> <span class='ocrx_word' id='word_1_712' title='bbox 1214 4917 1387 4975; x_wconf 82' lang='lat' dir='ltr'><strong>factus</strong></span> <span class='ocrx_word' id='word_1_713' title='bbox 1428 4927 1510 4977; x_wconf 87' lang='lat' dir='ltr'><strong>est</strong></span> <span class='ocrx_word' id='word_1_714' title='bbox 1550 4928 1772 4991; x_wconf 91' lang='lat' dir='ltr'><strong>propter</strong></span> <span class='ocrx_word' id='word_1_715' title='bbox 1808 4937 1927 4978; x_wconf 85' lang='lat' dir='ltr'><strong>nos.</strong></span> 
     </span>
    </p>
   </div>
   <div class='ocr_carea' id='block_1_95' title="bbox 339 4996 1933 5072">
    <p class='ocr_par' dir='ltr' id='par_1_95' title="bbox 339 4996 1933 5072">
     <span class='ocr_line' id='line_1_95' title="bbox 339 4996 1933 5072; baseline 0.01 -22"><span class='ocrx_word' id='word_1_716' title='bbox 339 4996 494 5064; x_wconf 82' lang='lat' dir='ltr'><strong>Quod</strong></span> <span class='ocrx_word' id='word_1_717' title='bbox 524 5000 569 5053; x_wconf 94' lang='lat' dir='ltr'><strong>si</strong></span> <span class='ocrx_word' id='word_1_718' title='bbox 598 4999 738 5059; x_wconf 77' lang='lat' dir='ltr'><strong>forte</strong></span> <span class='ocrx_word' id='word_1_719' title='bbox 775 5020 1005 5072; x_wconf 83' lang='lat' dir='ltr'><strong>unquam</strong></span> <span class='ocrx_word' id='word_1_720' title='bbox 1045 5011 1283 5071; x_wconf 86' lang='lat' dir='ltr'><strong>scandali</strong></span> <span class='ocrx_word' id='word_1_721' title='bbox 1324 5027 1544 5067; x_wconf 89' lang='lat' dir='ltr'><strong>causam</strong></span> <span class='ocrx_word' id='word_1_722' title='bbox 1584 5021 1933 5071; x_wconf 85' lang='lat' dir='ltr'><strong>commovent</strong></span> 
     </span>
    </p>
   </div>
   <div class='ocr_carea' id='block_1_96' title="bbox 337 5090 1928 5174">
    <p class='ocr_par' dir='ltr' id='par_1_96' title="bbox 337 5090 1928 5174">
     <span class='ocr_line' id='line_1_96' title="bbox 337 5090 1928 5174; baseline 0.01 -29"><span class='ocrx_word' id='word_1_723' title='bbox 337 5090 574 5151; x_wconf 71' lang='lat' dir='ltr'><strong>infantia:</strong></span> <span class='ocrx_word' id='word_1_724' title='bbox 604 5091 925 5160; x_wconf 88' lang='lat' dir='ltr'><strong>rudimenta,</strong></span> <span class='ocrx_word' id='word_1_725' title='bbox 981 5099 1113 5156; x_wconf 94' lang='lat' dir='ltr'><strong>etin</strong></span> <span class='ocrx_word' id='word_1_726' title='bbox 1139 5104 1365 5173; x_wconf 62' lang='lat' dir='ltr'><strong>praesepi</strong></span> <span class='ocrx_word' id='word_1_727' title='bbox 1408 5104 1714 5173; x_wconf 89' lang='lat' dir='ltr'><strong>reclinatio,</strong></span> <span class='ocrx_word' id='word_1_728' title='bbox 1762 5113 1928 5174; x_wconf 88' lang='lat' dir='ltr'><strong>atque</strong></span> 
     </span>
    </p>
   </div>
   <div class='ocr_carea' id='block_1_97' title="bbox 337 5186 1927 5267">
    <p class='ocr_par' dir='ltr' id='par_1_97' title="bbox 337 5186 1927 5267">
     <span class='ocr_line' id='line_1_97' title="bbox 337 5186 1927 5267; baseline 0.009 -28"><span class='ocrx_word' id='word_1_729' title='bbox 337 5186 391 5238; x_wconf 90' lang='lat' dir='ltr'><strong>in</strong></span> <span class='ocrx_word' id='word_1_730' title='bbox 433 5191 677 5259; x_wconf 82' lang='lat' dir='ltr'><strong>tempore</strong></span> <span class='ocrx_word' id='word_1_731' title='bbox 702 5187 995 5245; x_wconf 89' lang='lat' dir='ltr'><strong>secundum</strong></span> <span class='ocrx_word' id='word_1_732' title='bbox 1022 5206 1239 5249; x_wconf 87' lang='lat' dir='ltr'><strong>carnem</strong></span> <span class='ocrx_word' id='word_1_733' title='bbox 1267 5196 1558 5267; x_wconf 82' lang='lat' dir='ltr'><strong>prolectus,</strong></span> <span class='ocrx_word' id='word_1_734' title='bbox 1608 5214 1711 5256; x_wconf 85' lang='lat' dir='ltr'><strong>nec</strong></span> <span class='ocrx_word' id='word_1_735' title='bbox 1732 5214 1841 5254; x_wconf 89' lang='lat' dir='ltr'><strong>non</strong></span> <span class='ocrx_word' id='word_1_736' title='bbox 1869 5206 1927 5255; x_wconf 88' lang='lat' dir='ltr'><strong>et</strong></span> 
     </span>
    </p>
   </div>
   <div class='ocr_carea' id='block_1_98' title="bbox 336 5277 1923 5360">
    <p class='ocr_par' dir='ltr' id='par_1_98' title="bbox 336 5277 1923 5360">
     <span class='ocr_line' id='line_1_98' title="bbox 336 5277 1923 5360; baseline 0.009 -30"><span class='ocrx_word' id='word_1_737' title='bbox 336 5277 478 5345; x_wconf 90' lang='lat' dir='ltr'><strong>quod</strong></span> <span class='ocrx_word' id='word_1_738' title='bbox 504 5278 785 5335; x_wconf 90' lang='lat' dir='ltr'><strong>dormierit</strong></span> <span class='ocrx_word' id='word_1_739' title='bbox 813 5279 864 5336; x_wconf 91' lang='lat' dir='ltr'><strong>in</strong></span> <span class='ocrx_word' id='word_1_740' title='bbox 897 5283 1040 5352; x_wconf 88' lang='lat' dir='ltr'><strong>navi,</strong></span> <span class='ocrx_word' id='word_1_741' title='bbox 1070 5285 1213 5354; x_wconf 87' lang='lat' dir='ltr'><strong>quod</strong></span> <span class='ocrx_word' id='word_1_742' title='bbox 1242 5302 1306 5341; x_wconf 82' lang='lat' dir='ltr'><strong>ex</strong></span> <span class='ocrx_word' id='word_1_743' title='bbox 1336 5288 1527 5347; x_wconf 89' lang='lat' dir='ltr'><strong>itinere</strong></span> <span class='ocrx_word' id='word_1_744' title='bbox 1557 5288 1807 5360; x_wconf 78' lang='lat' dir='ltr'><strong>fatigatus</strong></span> <span class='ocrx_word' id='word_1_745' title='bbox 1829 5291 1923 5357; x_wconf 86' lang='lat' dir='ltr'><strong>sit,</strong></span> 
     </span>
    </p>
   </div>
   <div class='ocr_carea' id='block_1_99' title="bbox 334 5360 1925 5455">
    <p class='ocr_par' dir='ltr' id='par_1_99' title="bbox 334 5360 1925 5455">
     <span class='ocr_line' id='line_1_99' title="bbox 334 5360 1925 5455; baseline 0.012 -35"><span class='ocrx_word' id='word_1_746' title='bbox 334 5369 475 5437; x_wconf 87' lang='lat' dir='ltr'><strong>quod</strong></span> <span class='ocrx_word' id='word_1_747' title='bbox 507 5360 628 5441; x_wconf 77' lang='lat' dir='ltr'><strong>post</strong></span> <span class='ocrx_word' id='word_1_748' title='bbox 650 5370 851 5442; x_wconf 88' lang='lat' dir='ltr'><strong>jejunia</strong></span> <span class='ocrx_word' id='word_1_749' title='bbox 873 5375 1140 5441; x_wconf 88' lang='lat' dir='ltr'><strong>esurierit,</strong></span> <span class='ocrx_word' id='word_1_750' title='bbox 1172 5376 1368 5446; x_wconf 89' lang='lat' dir='ltr'><strong>illaque</strong></span> <span class='ocrx_word' id='word_1_751' title='bbox 1389 5381 1568 5436; x_wconf 89' lang='lat' dir='ltr'><strong>omnia</strong></span> <span class='ocrx_word' id='word_1_752' title='bbox 1588 5397 1709 5453; x_wconf 77' lang='lat' dir='ltr'><strong>quae</strong></span> <span class='ocrx_word' id='word_1_753' title='bbox 1729 5398 1925 5455; x_wconf 82' lang='lat' dir='ltr'><strong>secun-</strong></span> 
     </span>
    </p>
   </div>
   <div class='ocr_carea' id='block_1_100' title="bbox 333 5459 1921 5539">
    <p class='ocr_par' dir='ltr' id='par_1_100' title="bbox 333 5459 1921 5539">
     <span class='ocr_line' id='line_1_100' title="bbox 333 5459 1921 5539; baseline 0.012 -27"><span class='ocrx_word' id='word_1_754' title='bbox 333 5459 456 5515; x_wconf 91' lang='lat' dir='ltr'><strong>dum</strong></span> <span class='ocrx_word' id='word_1_755' title='bbox 488 5464 769 5521; x_wconf 89' lang='lat' dir='ltr'><strong>veritatem</strong></span> <span class='ocrx_word' id='word_1_756' title='bbox 815 5465 961 5523; x_wconf 76' lang='lat' dir='ltr'><strong>facto</strong></span> <span class='ocrx_word' id='word_1_757' title='bbox 1008 5469 1214 5527; x_wconf 86' lang='lat' dir='ltr'><strong>homini</strong></span> <span class='ocrx_word' id='word_1_758' title='bbox 1257 5470 1596 5539; x_wconf 77' lang='lat' dir='ltr'><strong>contigerunt</strong></span> <span class='ocrx_word' id='word_1_759' title='bbox 1627 5492 1639 5528; x_wconf 92' lang='lat'><strong>:</strong></span> <span class='ocrx_word' id='word_1_760' title='bbox 1671 5475 1921 5532; x_wconf 87' lang='lat' dir='ltr'><strong>noverint</strong></span> 
     </span>
    </p>
   </div>
   <div class='ocr_carea' id='block_1_101' title="bbox 333 5552 1921 5633">
    <p class='ocr_par' dir='ltr' id='par_1_101' title="bbox 333 5552 1921 5633">
     <span class='ocr_line' id='line_1_101' title="bbox 333 5552 1921 5633; baseline 0.012 -29"><span class='ocrx_word' id='word_1_761' title='bbox 333 5552 421 5620; x_wconf 90' lang='lat' dir='ltr'><strong>qui</strong></span> <span class='ocrx_word' id='word_1_762' title='bbox 465 5552 567 5610; x_wconf 88' lang='lat' dir='ltr'><strong>ista</strong></span> <span class='ocrx_word' id='word_1_763' title='bbox 614 5558 1046 5627; x_wconf 87' lang='lat' dir='ltr'><strong>reprehendunt,</strong></span> <span class='ocrx_word' id='word_1_764' title='bbox 1100 5560 1245 5631; x_wconf 89' lang='lat' dir='ltr'><strong>quod</strong></span> <span class='ocrx_word' id='word_1_765' title='bbox 1289 5561 1580 5618; x_wconf 86' lang='lat' dir='ltr'><strong>humanam</strong></span> <span class='ocrx_word' id='word_1_766' title='bbox 1623 5574 1816 5633; x_wconf 83' lang='lat' dir='ltr'><strong>negent</strong></span> <span class='ocrx_word' id='word_1_767' title='bbox 1865 5567 1921 5623; x_wconf 89' lang='lat' dir='ltr'><strong>in</strong></span> 
     </span>
    </p>
   </div>
   <div class='ocr_carea' id='block_1_102' title="bbox 332 5638 1922 5726">
    <p class='ocr_par' dir='ltr' id='par_1_102' title="bbox 332 5638 1922 5726">
     <span class='ocr_line' id='line_1_102' title="bbox 332 5638 1922 5726; baseline 0.013 -32"><span class='ocrx_word' id='word_1_768' title='bbox 332 5638 545 5698; x_wconf 88' lang='lat' dir='ltr'><strong>Christo</strong></span> <span class='ocrx_word' id='word_1_769' title='bbox 575 5654 848 5715; x_wconf 89' lang='lat' dir='ltr'><strong>naturam;</strong></span> <span class='ocrx_word' id='word_1_770' title='bbox 881 5659 1139 5719; x_wconf 89' lang='lat' dir='ltr'><strong>negantes</strong></span> <span class='ocrx_word' id='word_1_771' title='bbox 1165 5659 1347 5708; x_wconf 87' lang='lat' dir='ltr'><strong>autem</strong></span> <span class='ocrx_word' id='word_1_772' title='bbox 1378 5661 1646 5721; x_wconf 85' lang='lat' dir='ltr'><strong>naturam,</strong></span> <span class='ocrx_word' id='word_1_773' title='bbox 1686 5654 1922 5726; x_wconf 83' lang='lat' dir='ltr'><strong>disposi-</strong></span> 
     </span>
    </p>
   </div>
   <div class='ocr_carea' id='block_1_103' title="bbox 331 5733 1925 5819">
    <p class='ocr_par' dir='ltr' id='par_1_103' title="bbox 331 5733 1925 5819">
     <span class='ocr_line' id='line_1_103' title="bbox 331 5733 1925 5819; baseline 0.011 -31"><span class='ocrx_word' id='word_1_774' title='bbox 331 5733 463 5790; x_wconf 90' lang='lat' dir='ltr'><strong>tioni</strong></span> <span class='ocrx_word' id='word_1_775' title='bbox 494 5736 711 5793; x_wconf 89' lang='lat' dir='ltr'><strong>minime</strong></span> <span class='ocrx_word' id='word_1_776' title='bbox 749 5740 1008 5811; x_wconf 88' lang='lat' dir='ltr'><strong>credunt;</strong></span> <span class='ocrx_word' id='word_1_777' title='bbox 1040 5758 1149 5799; x_wconf 93' lang='lat' dir='ltr'><strong>non</strong></span> <span class='ocrx_word' id='word_1_778' title='bbox 1193 5744 1476 5801; x_wconf 83' lang='lat' dir='ltr'><strong>credentes</strong></span> <span class='ocrx_word' id='word_1_779' title='bbox 1520 5761 1651 5804; x_wconf 88' lang='lat' dir='ltr'><strong>vero</strong></span> <span class='ocrx_word' id='word_1_780' title='bbox 1695 5746 1925 5819; x_wconf 87' lang='lat' dir='ltr'><strong>disposi-</strong></span> 
     </span>
    </p>
   </div>
   <div class='ocr_carea' id='block_1_104' title="bbox 330 5822 1923 5905">
    <p class='ocr_par' dir='ltr' id='par_1_104' title="bbox 330 5822 1923 5905">
     <span class='ocr_line' id='line_1_104' title="bbox 330 5822 1923 5905; baseline 0.011 -25"><span class='ocrx_word' id='word_1_781' title='bbox 330 5822 481 5891; x_wconf 78' lang='lat' dir='ltr'><strong>tioni,</strong></span> <span class='ocrx_word' id='word_1_782' title='bbox 515 5827 703 5886; x_wconf 89' lang='lat' dir='ltr'><strong>salutis</strong></span> <span class='ocrx_word' id='word_1_783' title='bbox 721 5827 914 5888; x_wconf 85' lang='lat' dir='ltr'><strong>damna</strong></span> <span class='ocrx_word' id='word_1_784' title='bbox 938 5835 1275 5901; x_wconf 84' lang='lat' dir='ltr'><strong>persentient</strong></span> <span class='ocrx_word' id='word_1_785' title='bbox 1302 5854 1314 5890; x_wconf 95' lang='lat'>:</span> <span class='ocrx_word' id='word_1_786' title='bbox 1341 5843 1398 5893; x_wconf 84' lang='lat' dir='ltr'><strong>et</strong></span> <span class='ocrx_word' id='word_1_787' title='bbox 1429 5835 1475 5892; x_wconf 88' lang='lat' dir='ltr'><strong>si</strong></span> <span class='ocrx_word' id='word_1_788' title='bbox 1499 5836 1645 5905; x_wconf 80' lang='lat' dir='ltr'><strong>quod</strong></span> <span class='ocrx_word' id='word_1_789' title='bbox 1667 5850 1699 5894; x_wconf 90' lang='lat' dir='ltr'><strong>a</strong></span> <span class='ocrx_word' id='word_1_790' title='bbox 1719 5841 1923 5898; x_wconf 83' lang='lat' dir='ltr'><strong>consti-</strong></span> 
     </span>
    </p>
   </div>
   <div class='ocr_carea' id='block_1_105' title="bbox 2032 4732 3631 4804">
    <p class='ocr_par' dir='ltr' id='par_1_105' title="bbox 2032 4732 3631 4804">
     <span class='ocr_line' id='line_1_105' title="bbox 2032 4732 3631 4804; baseline -0.003 -15"><span class='ocrx_word' id='word_1_791' title='bbox 2032 4735 2296 4804; x_wconf 89' lang='lat' dir='ltr'><strong>siqnidem</strong></span> <span class='ocrx_word' id='word_1_792' title='bbox 2321 4743 2515 4791; x_wconf 84' lang='lat' dir='ltr'><strong>natura</strong></span> <span class='ocrx_word' id='word_1_793' title='bbox 2545 4735 2747 4789; x_wconf 89' lang='lat' dir='ltr'><strong>nullam</strong></span> <span class='ocrx_word' id='word_1_794' title='bbox 2772 4749 2998 4801; x_wconf 83' lang='lat' dir='ltr'><strong>prorsus</strong></span> <span class='ocrx_word' id='word_1_795' title='bbox 3047 4732 3244 4803; x_wconf 84' lang='lat' dir='ltr'><strong>recipit</strong></span> <span class='ocrx_word' id='word_1_796' title='bbox 3282 4732 3587 4804; x_wconf 89' lang='lat' dir='ltr'><strong>passionem</strong></span> <span class='ocrx_word' id='word_1_797' title='bbox 3615 4744 3631 4798; x_wconf 84' lang='lat'><strong>;</strong></span> 
     </span>
    </p>
   </div>
   <div class='ocr_carea' id='block_1_106' title="bbox 2032 4824 3633 4893">
    <p class='ocr_par' dir='ltr' id='par_1_106' title="bbox 2032 4824 3633 4893">
     <span class='ocr_line' id='line_1_106' title="bbox 2032 4824 3633 4893; baseline -0.004 -11"><span class='ocrx_word' id='word_1_798' title='bbox 2032 4827 2127 4882; x_wconf 90' lang='lat' dir='ltr'><strong>sed</strong></span> <span class='ocrx_word' id='word_1_799' title='bbox 2157 4827 2477 4882; x_wconf 84' lang='lat' dir='ltr'><strong>conﬁtentes</strong></span> <span class='ocrx_word' id='word_1_800' title='bbox 2507 4826 2679 4893; x_wconf 84' lang='lat' dir='ltr'><strong>Deum</strong></span> <span class='ocrx_word' id='word_1_801' title='bbox 2711 4826 2952 4883; x_wconf 85' lang='lat' dir='ltr'><strong>Verbum</strong></span> <span class='ocrx_word' id='word_1_802' title='bbox 2981 4842 3146 4881; x_wconf 90' lang='lat' dir='ltr'><strong>unum</strong></span> <span class='ocrx_word' id='word_1_803' title='bbox 3160 4841 3225 4881; x_wconf 81' lang='lat' dir='ltr'><strong>ex</strong></span> <span class='ocrx_word' id='word_1_804' title='bbox 3257 4824 3300 4883; x_wconf 88' lang='grc' dir='ltr'>Τ</span> <span class='ocrx_word' id='word_1_805' title='bbox 3304 4826 3523 4883; x_wconf 89' lang='lat' dir='ltr'><strong>rinitate</strong></span> <span class='ocrx_word' id='word_1_806' title='bbox 3553 4825 3633 4879; x_wconf 61' lang='lat' dir='ltr'><strong>ina</strong></span> 
     </span>
    </p>
   </div>
   <div class='ocr_carea' id='block_1_107' title="bbox 2035 4915 3635 4987">
    <p class='ocr_par' dir='ltr' id='par_1_107' title="bbox 2035 4915 3635 4987">
     <span class='ocr_line' id='line_1_107' title="bbox 2035 4915 3635 4987; baseline -0.005 -15"><span class='ocrx_word' id='word_1_807' title='bbox 2035 4927 2336 4982; x_wconf 82' lang='lat' dir='ltr'><strong>carnatum,</strong></span> <span class='ocrx_word' id='word_1_808' title='bbox 2370 4918 2658 4973; x_wconf 80' lang='lat' dir='ltr'><strong>tribuimus</strong></span> <span class='ocrx_word' id='word_1_809' title='bbox 2682 4917 3017 4987; x_wconf 82' lang='lat' dir='ltr'><strong>intelligendi</strong></span> <span class='ocrx_word' id='word_1_810' title='bbox 3046 4918 3327 4974; x_wconf 90' lang='lat' dir='ltr'><strong>materiam</strong></span> <span class='ocrx_word' id='word_1_811' title='bbox 3351 4917 3416 4972; x_wconf 90' lang='lat' dir='ltr'><strong>iis</strong></span> <span class='ocrx_word' id='word_1_812' title='bbox 3438 4917 3529 4987; x_wconf 86' lang='lat' dir='ltr'><strong>qui</strong></span> <span class='ocrx_word' id='word_1_813' title='bbox 3573 4915 3635 4967; x_wconf 69' lang='lat' dir='ltr'><strong>ﬁ.</strong></span> 
     </span>
    </p>
   </div>
   <div class='ocr_carea' id='block_1_108' title="bbox 2033 5007 3657 5079">
    <p class='ocr_par' dir='ltr' id='par_1_108' title="bbox 2033 5007 3657 5079">
     <span class='ocr_line' id='line_1_108' title="bbox 2033 5007 3657 5079; baseline 0.001 -16"><span class='ocrx_word' id='word_1_814' title='bbox 2033 5007 2228 5064; x_wconf 86' lang='lat' dir='ltr'><strong>deliter</strong></span> <span class='ocrx_word' id='word_1_815' title='bbox 2262 5010 2608 5065; x_wconf 82' lang='lat' dir='ltr'><strong>sciscitantur</strong></span> <span class='ocrx_word' id='word_1_816' title='bbox 2636 5025 2734 5065; x_wconf 90' lang='lat' dir='ltr'><strong>cur</strong></span> <span class='ocrx_word' id='word_1_817' title='bbox 2756 5010 3025 5065; x_wconf 89' lang='lat' dir='ltr'><strong>incarnari</strong></span> <span class='ocrx_word' id='word_1_818' title='bbox 3054 5010 3325 5079; x_wconf 83' lang='lat' dir='ltr'><strong>dignatus</strong></span> <span class='ocrx_word' id='word_1_819' title='bbox 3370 5016 3471 5063; x_wconf 89' lang='lat' dir='ltr'><strong>est.</strong></span> <span class='ocrx_word' id='word_1_820' title='bbox 3497 5007 3657 5074; x_wconf 81' lang='lat' dir='ltr'><strong>Quia-</strong></span> 
     </span>
    </p>
   </div>
   <div class='ocr_carea' id='block_1_109' title="bbox 2035 5100 3633 5170">
    <p class='ocr_par' dir='ltr' id='par_1_109' title="bbox 2035 5100 3633 5170">
     <span class='ocr_line' id='line_1_109' title="bbox 2035 5100 3633 5170; baseline -0.003 -13"><span class='ocrx_word' id='word_1_821' title='bbox 2035 5101 2180 5157; x_wconf 88' lang='lat' dir='ltr'><strong>enim</strong></span> <span class='ocrx_word' id='word_1_822' title='bbox 2202 5101 2523 5157; x_wconf 82' lang='lat' dir='ltr'><strong>decreverat</strong></span> <span class='ocrx_word' id='word_1_823' title='bbox 2550 5101 2696 5157; x_wconf 90' lang='lat' dir='ltr'><strong>Deus</strong></span> <span class='ocrx_word' id='word_1_824' title='bbox 2727 5100 2957 5158; x_wconf 87' lang='lat' dir='ltr'><strong>Verbum</strong></span> <span class='ocrx_word' id='word_1_825' title='bbox 3004 5102 3286 5159; x_wconf 81' lang='lat' dir='ltr'><strong>destruere</strong></span> <span class='ocrx_word' id='word_1_826' title='bbox 3333 5100 3633 5170; x_wconf 87' lang='lat' dir='ltr'><strong>passiones,</strong></span> 
     </span>
    </p>
   </div>
   <div class='ocr_carea' id='block_1_110' title="bbox 2035 5192 3636 5271">
    <p class='ocr_par' dir='ltr' id='par_1_110' title="bbox 2035 5192 3636 5271">
     <span class='ocr_line' id='line_1_110' title="bbox 2035 5192 3636 5271; baseline 0 -23"><span class='ocrx_word' id='word_1_827' title='bbox 2035 5209 2269 5271; x_wconf 75' lang='lat' dir='ltr'><strong>quarum</strong></span> <span class='ocrx_word' id='word_1_828' title='bbox 2304 5209 2451 5249; x_wconf 89' lang='lat' dir='ltr'><strong>mors</strong></span> <span class='ocrx_word' id='word_1_829' title='bbox 2496 5194 2756 5250; x_wconf 88' lang='lat' dir='ltr'><strong>terminus</strong></span> <span class='ocrx_word' id='word_1_830' title='bbox 2812 5195 3133 5258; x_wconf 87' lang='lat' dir='ltr'><strong>habebatur,</strong></span> <span class='ocrx_word' id='word_1_831' title='bbox 3184 5192 3459 5262; x_wconf 87' lang='lat' dir='ltr'><strong>suscipere</strong></span> <span class='ocrx_word' id='word_1_832' title='bbox 3504 5206 3636 5248; x_wconf 88' lang='lat' dir='ltr'><strong>vero</strong></span> 
     </span>
    </p>
   </div>
   <div class='ocr_carea' id='block_1_111' title="bbox 2035 5286 3637 5361">
    <p class='ocr_par' dir='ltr' id='par_1_111' title="bbox 2035 5286 3637 5361">
     <span class='ocr_line' id='line_1_111' title="bbox 2035 5286 3637 5361; baseline -0.003 -17"><span class='ocrx_word' id='word_1_833' title='bbox 2035 5290 2343 5361; x_wconf 80' lang='lat' dir='ltr'><strong>passionem</strong></span> <span class='ocrx_word' id='word_1_834' title='bbox 2364 5289 2688 5345; x_wconf 88' lang='lat' dir='ltr'><strong>inviolabilis</strong></span> <span class='ocrx_word' id='word_1_835' title='bbox 2716 5297 2909 5345; x_wconf 81' lang='lat' dir='ltr'><strong>natura</strong></span> <span class='ocrx_word' id='word_1_836' title='bbox 2935 5304 3041 5344; x_wconf 90' lang='lat' dir='ltr'><strong>non</strong></span> <span class='ocrx_word' id='word_1_837' title='bbox 3068 5294 3285 5358; x_wconf 87' lang='lat' dir='ltr'><strong>poterat</strong></span> <span class='ocrx_word' id='word_1_838' title='bbox 3333 5286 3480 5358; x_wconf 82' lang='lat' dir='ltr'><strong>(quia</strong></span> <span class='ocrx_word' id='word_1_839' title='bbox 3514 5302 3637 5341; x_wconf 90' lang='lat' dir='ltr'><strong>om-</strong></span> 
     </span>
    </p>
   </div>
   <div class='ocr_carea' id='block_1_112' title="bbox 2039 5376 3637 5452">
    <p class='ocr_par' dir='ltr' id='par_1_112' title="bbox 2039 5376 3637 5452">
     <span class='ocr_line' id='line_1_112' title="bbox 2039 5376 3637 5452; baseline -0.002 -15"><span class='ocrx_word' id='word_1_840' title='bbox 2039 5382 2125 5437; x_wconf 84' lang='lat' dir='ltr'><strong>nis</strong></span> <span class='ocrx_word' id='word_1_841' title='bbox 2146 5381 2324 5452; x_wconf 82' lang='lat' dir='ltr'><strong>passio</strong></span> <span class='ocrx_word' id='word_1_842' title='bbox 2350 5381 2515 5441; x_wconf 85' lang='lat' dir='ltr'><strong>rebus</strong></span> <span class='ocrx_word' id='word_1_843' title='bbox 2542 5381 2862 5452; x_wconf 87' lang='lat' dir='ltr'><strong>compositis</strong></span> <span class='ocrx_word' id='word_1_844' title='bbox 2908 5380 3171 5451; x_wconf 85' lang='lat' dir='ltr'><strong>probatur</strong></span> <span class='ocrx_word' id='word_1_845' title='bbox 3217 5376 3418 5434; x_wconf 80' lang='lat' dir='ltr'><strong>inferre</strong></span> <span class='ocrx_word' id='word_1_846' title='bbox 3468 5379 3637 5435; x_wconf 78' lang='lat' dir='ltr'><strong>lueta-</strong></span> 
     </span>
    </p>
   </div>
   <div class='ocr_carea' id='block_1_113' title="bbox 2038 5469 3639 5545">
    <p class='ocr_par' dir='ltr' id='par_1_113' title="bbox 2038 5469 3639 5545">
     <span class='ocr_line' id='line_1_113' title="bbox 2038 5469 3639 5545; baseline -0.005 -14"><span class='ocrx_word' id='word_1_847' title='bbox 2038 5489 2185 5541; x_wconf 84' lang='lat' dir='ltr'><strong>men,</strong></span> <span class='ocrx_word' id='word_1_848' title='bbox 2214 5474 2270 5529; x_wconf 90' lang='lat' dir='ltr'><strong>in</strong></span> <span class='ocrx_word' id='word_1_849' title='bbox 2299 5474 2529 5545; x_wconf 83' lang='lat' dir='ltr'><strong>spiritali</strong></span> <span class='ocrx_word' id='word_1_850' title='bbox 2553 5482 2735 5529; x_wconf 84' lang='lat' dir='ltr'><strong>autem</strong></span> <span class='ocrx_word' id='word_1_851' title='bbox 2765 5481 2820 5528; x_wconf 84' lang='lat' dir='ltr'><strong>et</strong></span> <span class='ocrx_word' id='word_1_852' title='bbox 2844 5469 3099 5543; x_wconf 88' lang='lat' dir='ltr'><strong>singulari</strong></span> <span class='ocrx_word' id='word_1_853' title='bbox 3129 5471 3431 5528; x_wconf 84' lang='lat' dir='ltr'><strong>substantia</strong></span> <span class='ocrx_word' id='word_1_854' title='bbox 3485 5487 3639 5528; x_wconf 90' lang='lat' dir='ltr'><strong>com-</strong></span> 
     </span>
    </p>
   </div>
   <div class='ocr_carea' id='block_1_114' title="bbox 2039 5550 3638 5641">
    <p class='ocr_par' dir='ltr' id='par_1_114' title="bbox 2039 5550 3638 5641">
     <span class='ocr_line' id='line_1_114' title="bbox 2039 5550 3638 5641; baseline -0.003 -19"><span class='ocrx_word' id='word_1_855' title='bbox 2039 5566 2239 5637; x_wconf 86' lang='lat' dir='ltr'><strong>positio</strong></span> <span class='ocrx_word' id='word_1_856' title='bbox 2262 5566 2406 5641; x_wconf 83' lang='lat' dir='ltr'><strong>nulla</strong></span> <span class='ocrx_word' id='word_1_857' title='bbox 2448 5575 2532 5621; x_wconf 77' lang='lat' dir='ltr'><strong>est</strong></span> <span class='ocrx_word' id='word_1_858' title='bbox 2556 5583 2570 5620; x_wconf 89' lang='lat'><strong>:</strong></span> <span class='ocrx_word' id='word_1_859' title='bbox 2597 5580 2701 5621; x_wconf 93' lang='lat' dir='ltr'><strong>nec</strong></span> <span class='ocrx_word' id='word_1_860' title='bbox 2739 5565 2870 5620; x_wconf 90' lang='lat' dir='ltr'><strong>illud</strong></span> <span class='ocrx_word' id='word_1_861' title='bbox 2922 5565 3102 5635; x_wconf 89' lang='lat' dir='ltr'><strong>passio</strong></span> <span class='ocrx_word' id='word_1_862' title='bbox 3145 5550 3509 5637; x_wconf 72' lang='lat' dir='ltr'><strong>pertingeba&#39;t,</strong></span> <span class='ocrx_word' id='word_1_863' title='bbox 3545 5563 3638 5619; x_wconf 90' lang='lat' dir='ltr'><strong>ubi</strong></span> 
     </span>
    </p>
   </div>
   <div class='ocr_carea' id='block_1_115' title="bbox 2040 5655 3638 5728">
    <p class='ocr_par' dir='ltr' id='par_1_115' title="bbox 2040 5655 3638 5728">
     <span class='ocr_line' id='line_1_115' title="bbox 2040 5655 3638 5728; baseline -0.003 -14"><span class='ocrx_word' id='word_1_864' title='bbox 2040 5656 2371 5727; x_wconf 83' lang='lat' dir='ltr'><strong>compositio</strong></span> <span class='ocrx_word' id='word_1_865' title='bbox 2405 5672 2515 5711; x_wconf 91' lang='lat' dir='ltr'><strong>non</strong></span> <span class='ocrx_word' id='word_1_866' title='bbox 2536 5658 2703 5723; x_wconf 90' lang='lat' dir='ltr'><strong>erat),</strong></span> <span class='ocrx_word' id='word_1_867' title='bbox 2736 5655 2946 5722; x_wconf 88' lang='lat' dir='ltr'><strong>volens,</strong></span> <span class='ocrx_word' id='word_1_868' title='bbox 2989 5664 3049 5711; x_wconf 86' lang='lat' dir='ltr'><strong>ut</strong></span> <span class='ocrx_word' id='word_1_869' title='bbox 3076 5655 3315 5728; x_wconf 75' lang='lat' dir='ltr'><strong>praedixi,</strong></span> <span class='ocrx_word' id='word_1_870' title='bbox 3359 5655 3638 5710; x_wconf 83' lang='lat' dir='ltr'><strong>destruere</strong></span> 
     </span>
    </p>
   </div>
   <div class='ocr_carea' id='block_1_116' title="bbox 2041 5748 3640 5823">
    <p class='ocr_par' dir='ltr' id='par_1_116' title="bbox 2041 5748 3640 5823">
     <span class='ocr_line' id='line_1_116' title="bbox 2041 5748 3640 5823; baseline -0.003 -18"><span class='ocrx_word' id='word_1_871' title='bbox 2041 5750 2324 5821; x_wconf 84' lang='lat' dir='ltr'><strong>passiones</strong></span> <span class='ocrx_word' id='word_1_872' title='bbox 2346 5762 2469 5819; x_wconf 67' lang='lat' dir='ltr'><strong>quae</strong></span> <span class='ocrx_word' id='word_1_873' title='bbox 2494 5748 2763 5804; x_wconf 88' lang='lat' dir='ltr'><strong>rationale</strong></span> <span class='ocrx_word' id='word_1_874' title='bbox 2817 5764 3015 5821; x_wconf 80' lang='lat' dir='ltr'><strong>corpus</strong></span> <span class='ocrx_word' id='word_1_875' title='bbox 3048 5756 3453 5823; x_wconf 78' lang='lat' dir='ltr'><strong>Oppresserant,</strong></span> <span class='ocrx_word' id='word_1_876' title='bbox 3503 5764 3640 5819; x_wconf 88' lang='lat' dir='ltr'><strong>qua-</strong></span> 
     </span>
    </p>
   </div>
   <div class='ocr_carea' id='block_1_117' title="bbox 2041 5837 3643 5912">
    <p class='ocr_par' dir='ltr' id='par_1_117' title="bbox 2041 5837 3643 5912">
     <span class='ocr_line' id='line_1_117' title="bbox 2041 5837 3643 5912; baseline -0.002 -16"><span class='ocrx_word' id='word_1_877' title='bbox 2041 5856 2162 5897; x_wconf 88' lang='lat' dir='ltr'><strong>rum</strong></span> <span class='ocrx_word' id='word_1_878' title='bbox 2189 5840 2443 5899; x_wconf 85' lang='lat' dir='ltr'><strong>interitus</strong></span> <span class='ocrx_word' id='word_1_879' title='bbox 2468 5846 2587 5897; x_wconf 87' lang='lat' dir='ltr'><strong>erat</strong></span> <span class='ocrx_word' id='word_1_880' title='bbox 2614 5853 2866 5912; x_wconf 85' lang='lat' dir='ltr'><strong>suprema</strong></span> <span class='ocrx_word' id='word_1_881' title='bbox 2911 5841 3139 5899; x_wconf 84' lang='lat' dir='ltr'><strong>munitio</strong></span> <span class='ocrx_word' id='word_1_882' title='bbox 3174 5842 3256 5911; x_wconf 90' lang='lat' dir='ltr'><strong>(ut</strong></span> <span class='ocrx_word' id='word_1_883' title='bbox 3298 5839 3447 5895; x_wconf 84' lang='lat' dir='ltr'><strong>novit</strong></span> <span class='ocrx_word' id='word_1_884' title='bbox 3500 5837 3643 5895; x_wconf 85' lang='lat' dir='ltr'><strong>Deus</strong></span> 
     </span>
    </p>
   </div>
  </div>
