4060 6364
427 270 528 327 ιιδ

1694 246 2051 308 DIONYSIUS
2090 243 2244 300 EXIG
2257 243 2293 298 ll
2306 241 2412 298 US.

3575 230 3755 289 (ιο

426 382 705 457 Verbum),
733 389 1046 439 meat-natur
1073 395 1141 436 ex
1162 376 1398 446 Virgine,
1429 383 1483 431 et
1510 372 1695 428 habitu
1733 366 2007 425 invenitur
2037 368 2083 427 A
2112 366 2355 430 pretatus
2379 362 2459 411 est
2483 354 2686 457 dicens,
2709 352 2992 408 Nobiscum
3015 351 3156 407 Deus
3185 353 3339 457 (irai.
3365 368 3471 457 vn;
3502 351 3745 409 Matth.

427 490 482 533 ut
494 481 655 533 homo
672 496 684 531 :
701 476 953 547 quoniam
967 473 1044 529 sic
1054 470 1333 529 exinanire
1346 486 1403 525 se
1414 452 1605 529 voluit,
1622 466 1849 520 formam
1867 475 2009 531 quo-

428 577 711 636 dammodo
750 576 888 634 servi
930 575 1227 645 suscipiens
1251 571 1473 645 (Philip.
1494 569 1579 637 tl),
1609 565 1807 620 nullam
1833 570 2011 631 tamen

429 679 976 749 circumscriptionem
1006 691 1115 732 sure
1141 674 1355 730 deitatis
1383 672 1692 734 admittens,
1720 681 1817 738 per
1852 680 2013 735 quam

402 756 591 839 etiam
619 782 847 837 salutem
868 779 1014 835 omni
1056 778 1294 833 humano
1341 772 1524 842 generi
1575 769 1807 828 contulit
1854 778 2017 822 carne

429 901 539 957 sua,
552 884 830 955 passiones
849 879 1234 941 exterminans,
1255 876 1507 931 deitatem
1524 871 1799 943 propriam
1826 870 2021 938 impas-

409 988 642 1050 .sibilem
665 999 907 1041 servans.
936 981 1144 1037 Idcirco
1180 976 1397 1034 Gabriel
1453 974 1832 1031 auctoritatem
1856 980 2020 1041 atque
2106 1000 2111 1005 ~

420 1089 732 1161 potentiam
762 1084 1030 1141 nascentis
1056 1080 1354 1145 insinuans,
1384 1077 1561 1133 aiebat
1577 1074 1641 1131 ad
1669 1076 1910 1139 Mariam,
1940 1074 2023 1128 in-

412 1184 659 1254 quiens:
686 1181 896 1237 Salvum
920 1178 1076 1249 faciet
1096 1174 1339 1247 populum
1362 1187 1509 1226 suum
1537 1186 1569 1223 a
1596 1170 1823 1239 peccatis
1844 1182 2021 1221 eorum

439 1274 653 1348 (Matth.
684 1274 746 1339 ι).
770 1269 1007 1341 Populus
1034 1274 1215 1322 autem
1247 1280 1352 1319 non
1395 1269 1579 1333 potest
1628 1259 1860 1315 hominis
1881 1271 2022 1323 esse,

416 1366 532 1422 .sed
556 1366 681 1429 Dei;
713 1378 813 1418 nec
839 1360 1093 1416 mundum
1123 1358 1192 1412 ab
1212 1354 1584 1424 iniquitatibus
1612 1350 1859 1420 eruitqui
1882 1349 2025 1403 hanc

420 1458 602 1512 :vitam
630 1456 832 1526 pariter
856 1467 977 1508 cum
1007 1449 1355 1519 corruptione
1410 1444 1647 1509 intravit,
1700 1439 2027 1511 inculpabile

422 1563 548 1603 :non
571 1547 774 1600 habens
796 1540 1087 1597 nativitatis
1112 1538 1413 1600 exordium,
1436 1536 1532 1591 sed
1554 1534 1855 1591 necessarie
1883 1532 2027 1587 Deus

438 1638 597 1697 simul
616 1646 671 1692 et
693 1639 855 1691 homo
884 1648 991 1690 non
1041 1632 1244 1687 divisus
1274 1631 1327 1685 in
1363 1629 1519 1694 duos,
1567 1627 1661 1682 sed
1704 1640 2030 1697 permanens

441 1744 598 1795 unus,
629 1743 727 1799 per
754 1727 805 1783 id
827 1725 972 1797 quod
1001 1741 1077 1793 ex
1094 1723 1319 1778 muliere
1358 1721 1614 1786 nascitur,
1645 1718 1919 1773 hominem
1969 1731 2030 1772 se

440 1824 835 1884 demonstrans,
867 1836 963 1890 per
986 1819 1037 1873 id
1062 1804 1247 1873 autem
1268 1814 1415 1886 quod
1442 1816 1558 1869 sine
1585 1811 1814 1881 conjuge
1835 1819 1891 1865 et
1918 1824 2033 1864 ma-

443 1925 581 1970 trem
602 1913 1072 1975 servatintactam,
1091 1910 1257 1964 Deum
1281 1922 1504 1977 prorsus
1526 1904 1804 1959 insinuans
1823 1902 2031 1958 salvum

444 2008 571 2063 fecit
599 2006 853 2077 populum
882 2019 1061 2059 suum.
1101 2002 1239 2069 Qui?
1266 1999 1423 2055 .lesus
1459 1997 1721 2059 Christus,
1748 1995 1839 2066 qui
1884 1994 2035 2049 venit

446 2098 504 2154 in
526 2106 713 2162 terras,
740 2103 797 2151 et
821 2110 942 2149 cum
959 2093 1265 2148 hominibus
1287 2096 1642 2146 conversatus
1654 2095 1733 2143 est
1763 2086 1910 2157 (Bar.
1932 2087 2031 2152 ur).

432 2192 505 2255 ~Si
526 2199 703 2245 autem
730 2189 974 2244 Christus
1020 2202 1187 2257 purus
1222 2187 1389 2240 homo
1411 2191 1513 2248 est,
1538 2192 1593 2238 et
1624 2197 1730 2237 non
1785 2182 1898 2251 ipse
1936 2182 2036 2235 est

448 2281 859 2342 DeusVerbum,
893 2277 1165 2348 quomodo
1187 2277 1238 2332 in
1264 2275 1529 2346 principio
1576 2274 1781 2329 creavit
1831 2272 2031 2338 omnia,

445 2390 570 2432 cum
600 2382 750 2439 tunc,
771 2380 831 2427 ut
859 2371 1007 2442 impii
1049 2378 1316 2434 asserunt,
1371 2383 1480 2423 non
1530 2368 1683 2421 erat?
1735 2365 1866 2420 Nam
1913 2381 2034 2420 cum

448 2471 752 2542 poétremus
773 2467 825 2522 in
846 2466 1107 2521 creaturis
1128 2465 1290 2519 homo
1306 2464 1394 2525 sit,
1427 2463 1469 2518 si
1491 2461 1740 2516 Christus
1751 2462 1917 2515 homo
1936 2476 2035 2530 pu-

449 2576 542 2616 rus
569 2567 669 2625 est,
697 2566 913 2614 constat
936 2556 1081 2627 quod
1110 2570 1174 2612 ea
1196 2571 1315 2626 qtae
1343 2562 1468 2609 ante
1507 2569 1568 2608 se
1597 2561 1770 2616 erant,
1829 2565 2036 2619 nequa—

446 2668 611 2723 quam
637 2666 826 2708 creare
880 2650 1114 2720 potuerit
1142 2648 1288 2703 velut
1332 2645 1678 2716 postmodum
1729 2642 1920 2697 factus.
1970 2639 2038 2694 Et

448 2743 724 2814 quomodo
755 2741 951 2796 Paulus
979 2740 1178 2805 aiebat,
1211 2736 1361 2793 Unus
1388 2735 1648 2790 Dominus
1692 2732 1845 2787 Iesus
1882 2730 2039 2786 Chri-

448 2846 585 2899 stus.
617 2852 718 2908 per
742 2852 902 2908 quem
929 2834 1149 2890 omnia?
1174 2831 1233 2888 Si
1262 2839 1444 2886 autem
1473 2844 1572 2900 per
1598 2828 1868 2883 Christum
1898 2824 2037 2881 facta

448 2937 577 2985 sum
600 2928 800 2995 omnia,
825 2925 1167 2982 manifestum
1216 2931 1301 2979 est
1326 2921 1470 2991 quod
1513 2919 1759 2975 Christus
1788 2919 1928 2972 Deus
1956 2923 2039 2973 est

451 3020 708 3087 Verbum,
733 3019 1060 3088 evangelista
1085 3024 1317 3072 testante
1349 3032 1363 3067 :
1395 3013 1462 3068 In
1494 3013 1748 3083 principio
1769 3018 1879 3065 erat
1910 3010 2041 3064 γει-ι

2115 471 2162 511 ι;
2218 451 2344 505 an.
2400 451 2459 511 ι).

2115 471 2162 511 ι;
2218 451 2344 505 an.
2400 450 2459 518 ι).
2540 450 2648 503 Cur
2705 456 2927 519 propter
2975 450 3245 501 nascentis
3298 450 3753 505 inclinatione“!

2115 543 2339 613 gloriam
2366 532 2626 611 parientis
2655 542 2980 593 attenuant?
3002 536 3108 591 Sed
3132 537 3235 593 hoc
3262 536 3505 593 fortassis
3533 555 3755 609 oppu-

2540 446 2648 503 Cur
2705 456 2927 519 propter
2975 446 3245 501 nascentis
3298 447 3753 505 inclinatione“!

2118 628 2251 691 nunt
2280 632 2568 689 dicentes:
2618 628 2789 685 Omne
2838 629 2984 701 quod
3022 630 3259 685 nascitur
3305 632 3587 699 generanti
3634 631 3759 687 si-

2118 725 2246 780 mile
2275 724 2677 793 comprobatur.
2708 722 2765 777 Si
2798 722 2958 791 igitur
2989 720 3154 777 homo
3182 730 3262 777 est
3308 737 3469 790 quem
3499 722 3753 791 genuit,

2120 819 2424 875 necessarie
2444 818 2534 888 qui
2565 835 2632 873 ex
2663 833 2725 872 ea
2758 826 2915 872 natus
2943 825 3028 873 est
3054 818 3217 872 homo
3239 825 3339 872 est.
3373 817 3533 885 Quasi
3566 819 3751 873 veri-

2122 910 2283 965 simili
2314 910 2525 965 ratione
2551 925 2645 964 vos
2667 909 2767 963 ista
2815 908 3152 979 depromitis.
3195 907 3301 963 Sed
3350 916 3474 964 tunc
3522 924 3749 979 parem

2123 1002 2224 1058 sibi
2255 1017 2353 1071 per
2373 1001 2552 1056 omnia
2575 1000 2881 1071 parturiens
2909 1000 3021 1054 edit
3046 999 3261 1071 quando
3281 998 3435 1069 juxta
3466 1012 3748 1055 naturam

2125 1094 2389 1162 contingit
2428 1101 2484 1147 et
2532 1102 2738 1165 partus.
2795 1082 3067 1149 Naturalis
3114 1102 3295 1148 autem
3345 1094 3752 1164 parturitiouis

2125 1185 2408 1241 exordium
2430 1185 2707 1254 corruptio
2737 1192 2840 1247 est,
2867 1183 2989 1252 quia
3030 1192 3085 1238 et
3113 1184 3555 1240 commixtioneut
3580 1201 3748 1255 pra:—

2127 1278 2288 1334 ce.lit.
2321 1275 2456 1332 Cum
2510 1285 2689 1333 autem
2738 1275 2895 1344 hujus
2953 1274 3157 1345 injurire
3186 1291 3287 1331 nec
3328 1278 3564 1348 suspicio
3610 1286 3741 1347 est,

2128 1384 2289 1439 supra
2375 1367 2667 1423 humanum
2749 1367 3077 1422 intellectum
3155 1375 3369 1423 mustat
3441 1384 3565 1424 esse
3614 1368 3743 1423 nti-

2126 1462 2388 1525 raculum,
2437 1459 2525 1516 ubi
2573 1475 2737 1530 supra
2810 1468 3057 1514 naturam
3110 1468 3298 1529 partus
3344 1469 3451 1527 est,
3497 1460 3569 1515 ibi
3626 1461 3742 1531 qui

2133 1555 2397 1619 nascitur,
2424 1553 2565 1609 Deus
2592 1560 2695 1608 est.
2723 1551 3057 1607 Conﬁtentur
3084 1552 3244 1620 igitur
3286 1568 3409 1607 eum
3461 1560 3515 1607 et
3564 1569 3741 1606 mun-

2132 1648 2257 1701 dum
2291 1645 2481 1701 fecisse
2526 1644 2593 1700 de
2623 1643 2808 1710 nihilo,
2841 1651 2897 1699 et
2924 1643 3096 1711 legem
3148 1642 3384 1709 dedisse,
3428 1643 3740 1716 prophetas

2063 1749 2105 1809 Β
2134 1755 2350 1809 quoque
2395 1738 2715 1808 inspirasse,
2766 1743 2821 1791 et
2866 1733 3169 1794 novissimis
3228 1735 3565 1790 incarnatum
3603 1750 3739 1792 esse

2136 1830 2490 1902 temporibus,
2523 1829 2800 1900 apostolos
2828 1829 2991 1883 etiam
3014 1828 3225 1885 misisse
3246 1828 3314 1883 ad
3342 1828 3571 1905 salutem
3593 1842 3739 1898 geu-

2136 1924 2267 1977 tinm
2293 1931 2455 1994 atque
2477 1921 2819 1993 populorum.
2842 1919 3132 1990 Fugiamus
3180 1921 3363 1991 itaque
3389 1920 3613 1979 consilia
3635 1936 3739 1975 se-

2135 2015 2433 2083 ductionis,
2459 2016 2655 2069 ﬂuenta
2686 2014 3063 2069 lueretieorum
3112 2012 3232 2070 dico
3260 2014 3561 2084 perniciosa
3586 2013 3738 2069 Deo-

2135 2123 2242 2178 que
2274 2106 2487 2160 inimica
2518 2106 2789 2174 contagia,
2810 2104 2921 2159 Arii
2948 2105 3246 2171 vesaniam,
3292 2104 3389 2175 qui
3406 2102 3733 2159 Trinitatem

2135 2196 2547 2268 inseparabilem
2570 2196 2884 2253 substantiis
2911 2194 3129 2262 dividit;
3148 2195 3392 2253 Eunomii
3415 2196 3695 2251 audaciam
3710 2237 3731 2262 ,

2135 2291 2224 2363 qui
2254 2299 2498 2344 naturam
2522 2288 3122 2359 incomprehensibilem
3146 2288 3285 2344 intra
3307 2289 3587 2344 scientiam
3630 2291 3735 2343 hu-

2137 2385 2651 2442 manitatisineludit
2672 2402 2694 2452 ς
2719 2383 2994 2439 Μίιηίεῐιίιξὶ
3026 2384 3253 2448 rabiem,
3280 2385 3370 2454 qui
3423 2394 3739 2455 sequestrat

2138 2481 2205 2534 ab
2234 2480 2469 2535 essentia
2495 2477 2721 2533 Deitatis
2746 2486 2991 2532 sanctum
3014 2475 3293 2548 Spiritum,
3320 2486 3375 2531 et
3399 2477 3738 2548 inseparabi-

2137 2570 2262 2627 liter
2286 2570 2692 2642 procedentem.
2737 2568 2846 2623 Nec
2877 2584 2982 2622 non
3006 2578 3059 2623 et
3081 2569 3220 2623 hanc
3246 2569 3607 2639 nuperrimatn
3634 2584 3738 2623 no-

2139 2680 2373 2735 vamque
2422 2662 2814 2734 blasphemiam
2844 2677 2962 2732 qua:
3014 2659 3318 2716 Judreorum
3402 2662 3738 2733 impietatem

2138 2755 2510 2826 multipliciter
2537 2767 2864 2823 exsuperare
2890 2752 3238 2823 dignoscitur.
3271 2750 3350 2807 Illi
3375 2766 3607 2821 namque
3638 2750 3731 2805 Fi-

2140 2846 2268 2901 lium
2298 2853 2577 2916 negantes,
2601 2859 2808 2898 ramum
2840 2843 3083 2899 nituntur
3111 2859 3140 2896 a
3171 2841 3351 2898 radice
3394 2842 3729 2899 convellere.

2138 2937 2180 2993 li
2206 2954 2333 2993 vero
2359 2936 2481 2992 huic
2504 2935 2594 3007 qui
2626 2944 2726 2997 est,
2760 2934 2923 2989 alium
2947 2934 3441 3005 superinducentes,
3497 2933 3733 2989 inteme-

2142 3028 2367 3084 rabilem
2393 3025 2747 3083 substantiam
2778 3032 3034 3095 tanquam
3083 3024 3135 3079 in
3182 3022 3347 3080 fetum
3378 3022 3758 3092 multiplicem.

450 3114 655 3183 bum,et
683 3109 1380 3181 Verbumeratapudbeum,
1410 3106 1615 3162 ctDeus
1647 3114 1763 3160 erat
1781 3102 2039 3167 Verbum;
2066 3142 2112 3205 ο
2142 3120 2420 3177 dmamare
2474 3118 2834 3175 οοηιρηίιυηι.
2900 3116 3149 3174 Dicamus
3197 3128 3327 3185 ergo
3373 3131 3496 3170 cum
3565 3113 3733 3169 paujo

455 3208 551 3261 hoc
566 3216 674 3261 erat
696 3208 752 3259 in
781 3206 1037 3276 principio
1052 3204 1190 3273 apud
1206 3202 1389 3257 Deum.
1418 3201 1610 3254 Omnia
1636 3216 1729 3269 per
1756 3199 1925 3270 ipsum
1956 3198 2039 3267 fa-

452 3307 536 3353 cta
564 3306 681 3351 sunt
710 3295 891 3366 (Joan.
923 3296 984 3365 I).
1012 3294 1077 3349 Et
1106 3295 1277 3364 ipsum
1305 3307 1522 3362 quoque
1551 3290 1749 3345 Paulus
1776 3290 2043 3361 interpre-

455 3395 577 3443 laus
617 3387 693 3440 ait
725 3404 738 3439 :
775 3384 920 3441 Unus
948 3386 1206 3441 Dominus
1253 3382 1411 3438 Iesus
1439 3381 1705 3445 Christus,
1756 3396 1857 3452 per
1880 3396 2041 3451 quem

456 3479 638 3535 omnia
659 3476 885 3547 (Colon.
912 3477 1051 3548 vui).
1067 3479 1246 3544 Quare
1271 3476 1489 3539 dicitur,
1520 3474 1777 3544 quoniam
1799 3472 2045 3531 Christus

456 3577 541 3625 est
562 3567 703 3624 Deus
726 3568 979 3624 Verbum.
1006 3568 1060 3624 Si
1092 3577 1271 3624 autem
1303 3569 1419 3623 illas
1448 3567 1727 3639 proferunt
1772 3582 1934 3623 voces
1958 3567 2046 3622 di-

457 3660 595 3715 vinis
612 3658 805 3716 litteris
828 3659 1203 3729 editasquibus
1229 3657 1474 3713 Christus
1500 3659 1665 3714 homo
1693 3665 1777 3713 est
1816 3657 2050 3727 appella.

459 3758 570 3822 tus,
596 3751 811 3807 dicente
837 3752 1000 3807 Petro
1025 3768 1039 3805 :
1066 3749 1249 3806 Jesum
1277 3766 1308 3805 a
1340 3750 1606 3806 Nazareth
1634 3750 1803 3805 virum
1851 3764 2048 3820 appro-

460 3846 643 3903 batum
665 3862 696 3901 a
726 3846 838 3903 Deo
868 3846 921 3900 in
949 3846 1103 3901 vobis
1133 3846 1270 3917 (Act.
1306 3846 1386 3915 ιι).
1419 3844 1486 3899 Ει
1515 3844 1682 3899 Paulo
1712 3852 1945 3899 testante
1971 3842 2049 3897 si-

461 3941 699 3995 militer:
731 3939 789 3995 In
830 3941 948 3994 vim
979 3940 1031 3994 in
1081 3956 1190 4010 quo
1231 3939 1517 4010 prmiinivit
1569 3938 1728 3995 ﬁdem
1790 3946 2052 4010 pnesta-ns

461 4032 953 4103 omnibus(Coioss.
977 4032 1111 4104 vui).
1140 4030 1206 4087 Et
1224 4033 1340 4104 ipso
1361 4033 1590 4088 Domine
1611 4034 1680 4089 de
1717 4049 1778 4088 se
1815 4032 2054 4087 clamau-
2082 4026 2089 4034 ’

463 4133 519 4181 te
551 4123 727 4191 :Quid
758 4127 1094 4197 mequzcritis
1119 4125 1369 4182 occidere
1385 4125 1659 4181 hominem
1685 4123 1865 4195 (Joan.
1895 4125 2053 4194 var)?

464 4212 723 4272 Noveriut
745 4224 922 4272 autem
950 4232 1047 4287 per
1070 4216 1328 4272 incuriam
1362 4232 1423 4272 se
1442 4216 1732 4287 Scriptura:
1751 4224 1951 4271 sancta:
1974 4216 2059 4271 in-

462 4312 759 4381 tolligentia
786 4311 1005 4382 privari,
1034 4318 1128 4365 aut
1154 4318 1302 4366 certe
1326 4326 1422 4381 per
1437 4311 1694 4365 malitiam
1715 4308 1911 4374 deseri,
1928 4309 2055 4379 quia

465 4403 637 4457 velint
663 4418 782 4473 qua:
809 4403 948 4458 bene
968 4403 1273 4472 conscripta
1302 4410 1447 4466 sunt,
1498 4402 1565 4456 ad
1592 4401 1867 4472 propriam
1896 4398 2059 4455 rele-

2142 3210 2358 3284 (E‘plzes.
2385 3210 2443 3278 ιι)
2464 3228 2475 3262 ;
2494 3208 2740 3264 Christus
2762 3214 2844 3263 est
2874 3222 2977 3277 pax
3008 3216 3214 3272 nostra,
3247 3206 3337 3276 qui
3361 3204 3484 3261 fecit
3508 3212 3738 3274 utraque

2104 3332 2107 3337 -
2142 3316 2327 3357 unum.
2359 3299 2599 3355 Judaeum
2630 3312 2867 3368 namque
2895 3304 2950 3351 et
2970 3296 3229 3366 gentilem
3275 3310 3372 3366 per
3409 3294 3737 3365 baptismum

2144 3392 2197 3448 iu
2226 3406 2419 3446 novum
2461 3387 2739 3443 hominem
2785 3384 3118 3449 reformavit,
3168 3384 3501 3455 coniungens
3539 3384 3739 3441 virtute

2145 3496 2281 3554 quos
2302 3479 2642 3535 conversatio
2662 3478 3058 3550 sequestrabat.
3089 3477 3295 3533 idcirco
3319 3486 3625 3549 repertores
3652 3493 3741 3533 uo.-

2146 3589 2225 3629 ναξ
2254 3571 2565 3643 impietatis,
2591 3569 2994 3624 damnationem
3041 3584 3161 3638 qua:
3184 3568 3285 3623 sibi
3315 3568 3560 3624 imminet
3608 3585 3738 3624 con~

2147 3666 2480 3729 tremiscant,
2513 3662 2729 3733 quando
2759 3663 2813 3717 in
2843 3677 3007 3718 uuam
3036 3670 3338 3734 separatam
3368 3661 3577 3718 rediere
3604 3678 3737 3719 con-

2150 3759 2410 3825 cordiam,
2434 3766 2490 3813 et
2514 3758 2606 3827 qui
2635 3756 2812 3812 univit
2836 3756 2890 3811 iu
2917 3755 3047 3822 duo,
3076 3764 3337 3826 quantum
3367 3755 3435 3812 ad
3462 3757 3581 3812 illos
3611 3757 3739 3812 atti-

2152 3862 2266 3922 net,
2300 3852 2592 3908 derivatur.
2624 3848 2731 3905 Sed
2762 3848 2960 3904 omissa
2986 3848 3090 3919 jam
3120 3848 3429 3920 prolixitate
3452 3849 3737 3914 sermonis,

2153 3945 2220 3999 ad
2242 3942 2619 4014 compendium
2650 3941 2785 3997 recti
2816 3939 3080 4011 dogmatis
3118 3942 3351 3996 veniam.
3383 3940 3439 3995 Si
3483 3941 3603 4013 quis
3633 3941 3744 3997 vult

2156 4051 2316 4094 nosse
2346 4034 2613 4090 veraciter
2639 4031 2914 4103 quomodo
2969 4031 3112 4087 idem
3146 4031 3259 4101 ipse
3286 4032 3356 4085 sit
3384 4047 3521 4086 unus
3551 4039 3605 4085 et
3636 4048 3746 4089 nou

2154 4129 2329 4185 solum
2354 4126 2519 4181 Filius
2549 4124 2779 4179 Abraha:
2806 4137 3050 4190 manens,
3075 4121 3203 4176 etin
3230 4122 3533 4179 novissimis
3561 4136 3745 4178 secun-

2156 4219 2283 4275 dum
2309 4232 2524 4274 carnem
2554 4214 2817 4286 sapientia
2841 4220 2897 4268 et
2922 4222 3082 4267 :etatc
3110 4210 3418 4282 proﬁciens,
3475 4228 3600 4267 nam
3630 4211 3743 4267 dei-

2156 4321 2243 4368 tas
2262 4311 2380 4381 ejus
2409 4324 2624 4380 semper
2654 4307 2707 4362 id
2735 4306 2878 4378 quod
2905 4306 3201 4377 perfectum
3247 4313 3331 4360 est
3353 4305 3613 4376 possidet,
3663 4294 3746 4363 in?

2160 4409 2400 4472 terroget
2430 4400 2674 4465 Paulum,
2707 4407 2765 4454 et
2792 4398 2906 4469 ipse
2934 4398 3155 4468 pietatis
3182 4406 3577 4453 sacramentum
3630 4413 3747 4469 ιιι-οι

467 4504 615 4550 ctere
644 4495 1136 4565 pravitatem.Nam
1160 4502 1217 4549 et
1237 4495 1402 4549 homo
1436 4492 1730 4549 secundum
1770 4493 2056 4548 veritatem
2090 4521 2135 4581 ο
2159 4495 2302 4551 tinus
2324 4492 2608 4557 intonabit,
2641 4490 2931 4547 ostendens
2959 4489 3289 4559 quodetiam
3328 4505 3399 4546 ex
3426 4488 3624 4547 Judzcis
3653 4504 3749 4550 or-

466 4585 664 4642 dicitur
690 4585 952 4652 Christus,
982 4584 1078 4642 sed
1107 4586 1211 4641 hoc
1228 4585 1399 4640 factus
1427 4594 1525 4650 est,
1553 4587 1697 4654 quod
1749 4585 1897 4656 prius
1946 4600 2053 4640 non

468 4684 605 4740 erat,
639 4675 741 4729 nisi
770 4683 948 4730 tamen
976 4676 1138 4731 modo
1182 4675 1324 4731 Deus
1355 4694 1368 4727 :
1400 4675 1537 4729 sicut
1582 4675 1727 4730 enim
1784 4676 1925 4731 Deus
1975 4676 2057 4731 iu-

470 4777 686 4824 creatus
713 4776 816 4832 est,
845 4768 924 4823 sic
941 4767 1079 4823 idem
1107 4769 1222 4839 ipse
1240 4768 1403 4823 homo
1430 4768 1701 4838 perfectus
1720 4777 1822 4836 est,
1856 4772 2057 4827 nullam

469 4859 829 4930 suspicionem
860 4859 1158 4929 phantasia
1183 4876 1401 4931 prorsus
1430 4858 1738 4916 admittens.
1769 4860 1838 4916 Et
1864 4878 2059 4933 quem-

470 4953 758 5009 admodum
799 4962 884 5009 est
917 4950 1061 5007 Patri
1091 4954 1386 5009 secundum
1414 4954 1675 5010 deitatem
1703 4956 2061 5012 consubstan-

471 5046 633 5109 tinlis,
655 5046 732 5102 sic
760 5045 903 5101 idem
925 5055 1129 5101 sancta:
1150 5044 1350 5114 Virgini
1369 5047 1667 5101 secundum
1688 5063 1905 5104 carnem
1927 5064 2063 5119 ιντο-ι

469 5136 629 5191 batur
657 5152 776 5192 esse
795 5136 1114 5203 consimilis,
1138 5137 1334 5205 ubique
1355 5136 1585 5193 veritate
1613 5138 1890 5196 relucente
1943 5157 2063 5213 my-

471 5229 642 5290 stet-ii,
667 5228 922 5301 omnique
950 5238 1157 5285 remota
1189 5229 1403 5298 penitus
1461 5228 1716 5286 falsitate.
1764 5230 1821 5287 Si
1876 5239 2057 5286 autem

471 5320 639 5375 Deum
667 5322 817 5391 virgo
834 5338 943 5378 non
970 5321 1177 5389 genuit,
1201 5334 1300 5375 nec
1326 5333 1523 5389 magno
1576 5321 1901 5377 censebatur
1918 5322 2061 5376 inta-

471 5426 556 5472 cta
584 5416 843 5473 miraculo
875 5436 890 5471 :
923 5418 1104 5472 multa:
1132 5415 1397 5486 siquidem
1445 5424 1502 5471 et
1531 5416 1651 5470 alia;
1703 5414 1956 5469 mulieres
1971 5415 2064 5483 ju-

471 5518 586 5564 stus
614 5510 812 5564 sreculo
859 5510 1219 5580 protulerunt.
1272 5508 1405 5564 Nam
1465 5509 1662 5578 lingua:
1709 5506 2057 5578 prophetica,

471 5599 893 5656 ineil'abilitatcm
910 5600 1066 5670 hujus
1075 5603 1395 5658 sacramenti
1414 5602 1790 5672 prmcinentes,
1811 5599 2056 5652 aiebant:

471 5690 610 5745 Eure
632 5691 782 5759 virgo
810 5691 861 5746 in
886 5700 1042 5747 utero
1066 5694 1353 5764 concipiet,
1377 5700 1434 5746 et
1461 5691 1634 5762 pariet
1657 5688 1945 5756 Filium,et
1965 5703 2063 5743 vo-

468 5784 677 5839 cabitur
707 5798 903 5841 nomen
920 5783 1036 5843 eius
1055 5783 1388 5840 Emmanuel.
1434 5781 1593 5849 Quod
1648 5778 1866 5835 Gabriel
1889 5780 2056 5837 inter-

2165 4598 2248 4642 tus
2269 4583 2561 4642 secundum
2592 4597 2809 4638 carnem
2839 4581 2982 4637 Deus
3011 4581 3371 4651 sempiternus
3392 4582 3590 4637 existat
3625 4598 3638 4636 :
3671 4580 3752 4637 lo-

2162 4696 2335 4751 quens
2362 4679 2505 4733 enim
2535 4676 2603 4731 de
2624 4673 2865 4731 llehrreis
2904 4686 2959 4731 et
2987 4676 3241 4731 rebellem
3272 4677 3547 4732 nationem
3575 4676 3753 4747 ingraa

2167 4783 2380 4842 tamque
2400 4768 2736 4836 collaudatis,
2771 4778 2991 4839 propter
3021 4768 3256 4824 radicem
3288 4770 3537 4827 videlicet
3575 4770 3752 4826 Abra-

2164 4865 2310 4929 ham,
2339 4873 2393 4919 et
2448 4872 2674 4933 prepter
2720 4860 3221 4929 sentequristum,
3264 4862 3336 4916 ita
3394 4858 3755 4933 pronuntiat:

2167 4954 2427 5022 Quorum,
2452 4954 2624 5022 inquit
2650 4952 2825 5024 (Rom.
2860 4953 2958 5021 Ix),
2980 4962 3061 5007 est
3084 4952 3302 5024 adoptio
3353 4951 3599 5009 ﬁliorum.
3623 4952 3755 5009 Cla-

2168 5056 2279 5103 mat
2307 5048 2450 5103 enim
2501 5047 2551 5100 in
2585 5045 2866 5116 prephetis
2894 5063 2906 5097 :
2938 5045 3104 5102 Filius
3159 5062 3311 5101 meus
3365 5047 3754 5119 primogenita!

2165 5139 2328 5195 Israel
2358 5148 2411 5194 et
2452 5138 2643 5207 gloria.
2701 5136 2968 5191 inﬁnitam
3016 5153 3246 5209 namque
3284 5138 3509 5207 gloriam
3555 5138 3631 5193 eis
3658 5138 3756 5207 qui

2165 5229 2378 5301 probati
2404 5237 2532 5283 tunc
2562 5236 2718 5283 erant
2744 5229 3005 5295 moribus,
3038 5228 3216 5283 divina
3271 5228 3531 5284 miracula
3577 5228 3757 5285 confe-

2165 5319 2384 5389 rebant,
2414 5326 2468 5373 et
2496 5326 2816 5374 testamenta
2849 5333 2945 5389 per
2971 5333 3089 5387 qua:
3129 5318 3356 5373 Abraha:
3379 5318 3758 5389 multiplicatio

2164 5410 2386 5467 seminis
2413 5417 2491 5464 est
2525 5410 2808 5479 promissa,
2840 5417 2895 5464 et
2917 5407 3176 5476 legislatio
3207 5422 3327 5478 quae
3372 5406 3424 5461 in
3456 5416 3641 5462 monte
3668 5407 3753 5463 di-

2164 5504 2276 5573 gito
2300 5503 2395 5557 Dei
2422 5503 2729 5572 conscripta
2757 5509 2859 5567 est,
2890 5509 2946 5556 et
2973 5500 3289 5569 obsequium
3311 5514 3419 5570 quo
3439 5498 3619 5554 divino
3639 5498 3756 5555 ω]-

2166 5594 2242 5648 tui
2268 5592 2599 5660 serviebant,
2632 5602 2686 5646 et
2716 5590 2977 5660 promissa
3005 5590 3200 5659 quibus
3226 5590 3309 5645 vel
3337 5599 3485 5645 terra
3516 5588 3755 5645 Palaesti-

2167 5704 2233 5743 na
2254 5687 2338 5743 vel
2368 5696 2517 5743 certe
2539 5685 2840 5740 benedictio
2868 5684 2920 5738 in
2968 5683 3176 5737 semine
3221 5682 3448 5736 Ahralue
3504 5682 3755 5751 gentibus

2163 5782 2360 5840 collata
2404 5788 2487 5837 est
2533 5778 2796 5835 universis
2829 5795 2843 5830 :
2875 5791 3104 5847 quorum
3154 5775 3340 5832 Patres
3396 5775 3485 5845 qui
3541 5774 3594 5830 in
3651 5776 3752 5831 hac
