4060 6364
357 164 495 233 ιη’

1158 181 1243 236 DE
1275 175 1689 235 INVENTIONE
1730 175 1999 234 CAPlTlS
2036 180 2095 235 S.
2134 178 2418 240 JOANNIS
2459 172 2842 241 PROLOGUS.

3553 184 3660 241 “8

357 297 677 367 ignorantizc
725 305 883 353 nocte
914 288 1079 352 ivelut
1137 297 1425 352 luminaria
1482 296 1603 352 ﬁdei
1656 296 1955 367 probantur
1981 300 2027 357 Α
2057 305 2115 350 ιιι
2139 296 2475 355 demonstret
2497 308 2556 353 ut
2579 300 2624 354 is
2649 300 2740 369 qui
2768 314 2869 355 nos
2905 296 3075 355 verbo
3101 301 3305 356 creavit
3325 317 3425 373 pro
3448 318 3546 361 sua
3575 303 3663 360 di-

356 391 553 458 exorti,
578 399 633 445 et
661 407 727 446 ex
765 390 958 460 quibus
981 388 1248 445 Christus.
1283 389 1390 444 Nec
1411 390 1461 444 in
1486 390 1549 443 iis
1578 389 1728 445 stetit
1753 386 1959 443 beatis-
1986 420 1989 421 ν

357 484 527 539 simus
553 482 764 536 Paulus.
797 481 907 537 Nec
934 483 1076 536 enim
1104 496 1171 536 ex
1196 497 1305 551 quo
1348 491 1533 552 partus
1562 481 1632 537 de
1672 481 1836 535 Maria
1892 495 1959 535 ex

357 588 424 629 eo
455 581 538 628 est
559 571 721 628 Verbi
751 572 867 628 sine
894 572 1048 626 initio
1103 573 1367 626 exstantis
1396 572 1647 627 essentia.
1671 571 1779 626 Sed
1834 585 1960 625 mox

358 667 539 722 intulit
555 664 847 720 secundum
860 672 1165 729 carnem,ut
1178 664 1668 719 manifestationem
1688 679 1809 733 qua:
1822 662 1961 717 facta

356 765 441 813 est
471 758 522 811 in
547 772 729 819 carne,
758 772 864 811 non
892 755 1036 810 illam
1062 754 1399 810 nativitatem
1428 755 1662 809 divinam
1676 762 1964 808 mternam-
1990 784 1995 789 η

357 866 464 921 que
493 849 777 918 signiticet.
809 847 940 915 Quis
969 849 1132 918 igitur
1159 857 1304 905 esset
1328 848 1415 903 hic
1442 847 1708 915 Christus,
1738 847 1827 917 qui
1860 862 1961 900 na-

359 952 445 998 tus
468 953 550 999 est
579 959 645 997 ex
677 941 911 1012 Virgine,
939 956 1097 1013 quem
1118 943 1379 1013 spelunca
1403 943 1548 1013 cepit
1593 949 1652 996 ut
1679 956 1793 996 rem
1843 939 1964 995 nul-

358 1030 463 1091 lius
493 1036 667 1107 pretii,
700 1035 791 1106 qui
822 1036 873 1090 in
900 1037 1126 1107 pnnsepi
1150 1036 1341 1106 jacuit,
1366 1036 1458 1106 qui
1488 1034 1785 1091 secundum
1840 1049 1961 1088 car-

358 1132 484 1183 nem
542 1126 873 1197 temporibus
911 1127 1101 1193 crevit,
1143 1127 1343 1198 quique
1388 1127 1456 1182 ad
1503 1126 1756 1183 inferiora
1802 1132 1962 1181 terra:

357 1210 713 1286 descendens,
747 1221 926 1276 omnia
954 1235 1074 1291 quae
1104 1220 1285 1277 carnis
1315 1228 1440 1275 sunt
1492 1219 1725 1274 mirabili
1775 1219 1964 1288 digna-

358 1314 508 1369 tione
533 1312 808 1381 sustinuit,
840 1319 896 1367 ut
928 1311 1089 1367 tidem
1118 1312 1323 1367 faceret
1350 1311 1475 1382 quia
1501 1310 1769 1367 veraciter
1797 1312 1960 1366 homo

357 1404 533 1460 factus
562 1414 668 1472 est,
696 1421 797 1461 nec
826 1403 983 1459 aliter
1002 1419 1121 1460 esse
1149 1414 1346 1475 praeter
1373 1419 1495 1461 eum
1526 1403 1617 1474 qui
1664 1402 1959 1469 descendit,

357 1497 453 1554 sed
474 1498 611 1554 idem
638 1498 728 1568 qui
750 1495 1027 1553 descendit
1044 1497 1158 1567 ipse
1182 1504 1265 1552 est
1285 1496 1377 1568 qui
1392 1495 1664 1552 ascendit:
1688 1511 1796 1551 non
1818 1494 1960 1550 enim

358 1591 509 1661 prius
536 1589 796 1652 ascendit,
820 1588 914 1644 sed
935 1589 1214 1645 descendit
1237 1605 1250 1642 :
1278 1597 1337 1643 ut
1365 1596 1494 1658 pote
1514 1587 1604 1658 qui
1623 1602 1729 1642 non
1755 1601 1821 1641 ex
1836 1602 1964 1657 pro-

2060 390 2305 456 vinitate,
2338 391 2452 460 jugi
2508 408 2539 447 a
2591 393 2746 449 nobis
2776 393 2985 448 honore
3008 391 3332 450 celebretur.
3390 394 3663 454 Habentes

2062 481 2249 552 itaque
2274 482 2549 537 Christum
2581 492 2637 538 et
2663 485 3007 548 existentem,
3056 492 3113 539 et
3141 484 3333 554 Deum,
3363 496 3419 542 et
3438 487 3663 543 benedi-

2060 584 2204 631 ctum
2230 576 2281 631 in
2306 576 2522 643 sascula,
2554 592 2879 633 veneremur
2903 593 3025 633 eum
3055 587 3114 632 ut
3139 577 3448 648 Dominum,
3475 580 3663 636 dicen-

2063 674 2143 722 tes
2166 668 2525 723 assertoribus
2549 675 2859 723 exteron
2881 669 3193 739 dogmatum
3219 686 3233 724 :
3263 668 3321 726 Si
3366 671 3487 742 quis
3503 672 3663 741 spiri-

2062 765 2175 813 tum
2198 759 2397 814 Christi
2422 774 2530 814 non
2552 760 2733 823 habet,
2759 759 2848 814 hic
2874 776 2983 815 non
3022 768 3107 816 est
3134 777 3251 832 ejus
3292 761 3472 834 (Rom.
3488 766 3620 835 Nm)
3646 784 3658 817 :

2061 866 2162 907 nos
2183 862 2362 907 autem
2389 867 2605 909 sensum
2644 852 2843 908 Christi
2870 853 3132 910 habemus
3161 872 3176 910 :
3208 856 3413 912 idcirco
3464 865 3523 912 et
3566 872 3662 911 εις

2060 955 2369 1014 spectamus
2396 944 2688 999 adventum
2712 944 2897 1014 gloriae
2926 946 3105 1014 magni
3161 946 3257 1002 Dei
3284 955 3342 1003 et
3366 947 3662 1005 Salvatoris

2062 1036 2232 1091 nostri
2260 1035 2389 1091 Iesu
2417 1035 2635 1102 Christi,
2666 1040 2758 1107 qui
2788 1037 2876 1106 pie
2900 1037 3119 1108 quidem
3147 1039 3452 1096 viventibus
3475 1041 3663 1110 gloria!

2060 1127 2252 1183 reddet
2276 1142 2572 1194 coronam;
2604 1127 2672 1184 iis
2700 1136 2881 1183 autem
2903 1128 2995 1197 qui
3030 1129 3368 1184 exacerbant
3393 1144 3538 1196 eum,
3566 1146 3683 1187 an-.

2064 1219 2233 1275 dacize
2252 1235 2443 1276 eorum
2460 1220 2723 1289 condigna
2758 1221 3023 1278 restituet.
3054 1219 3181 1277 Haec
3200 1231 3394 1277 vestrae
3412 1222 3663 1281 charitati

2062 1312 2341 1381 dirigimns
2368 1328 2467 1383 pro
2483 1313 2679 1369 libellis
2701 1313 2909 1378 vestris,
2927 1328 3065 1384 quos
3080 1313 3145 1368 ad
3168 1329 3270 1370 nos
3284 1314 3559 1370 destinare
3576 1330 3654 1369 cu-
3678 1350 3683 1353 -

2062 1405 2244 1470 rastis,
2271 1414 2643 1461 asseverantes
2669 1406 2930 1475 quosdam
2961 1406 3246 1476 pestiferos
3268 1405 3512 1462 homines
3539 1420 3662 1461 vcr-

2064 1495 2255 1551 borum
2281 1505 2531 1567 portenta
2560 1497 3102 1568 promentesirruisse
3132 1506 3325 1553 vestra:
3351 1496 3662 1567 provinciae.

2066 1586 2307 1642 volentes
2335 1587 2653 1658 quibusdam
2710 1589 2926 1659 scriptis
2952 1597 3010 1644 et
3063 1587 3498 1659 oppositionibus
3544 1587 3663 1643 falsi

356 1684 602 1741 motione
630 1680 771 1738 Deus
797 1691 901 1752 est,
931 1681 1026 1738 sed
1048 1690 1269 1754 propter
1297 1680 1721 1737 misericordiam
1745 1695 1850 1751 qua
1877 1680 1961 1735 in-
1998 1678 2041 1737 Β
2069 1681 2300 1737 nominis
2327 1681 2567 1735 scientia:
2596 1682 2895 1751 simplicem
2923 1688 2980 1736 et
3006 1680 3296 1736 infueatam
3322 1688 3487 1735 recta:
3540 1678 3662 1736 ﬁdei

358 1760 692 1848 digebamus,
720 1776 884 1833 homo
910 1777 1197 1847 dignanter
1230 1776 1454 1833 effectus
1480 1785 1562 1832 est
1582 1776 1606 1831 ?
1626 1776 1746 1846 quis
1800 1784 1899 1842 est,
1931 1791 1963 1832 a

358 1886 450 1926 me
476 1870 609 1927 vela
641 1869 886 1941 quolibet
915 1871 1022 1925 alio
1053 1888 1162 1926 non
1184 1871 1443 1942 requirat,
1474 1870 1568 1927 sed
1590 1870 1658 1926 ab
1682 1869 1960 1940 Apostolo,

358 1964 451 2033 qui
478 1960 668 2018 Filium
692 1979 789 2034 per
814 1962 1199 2018 revelationem
1236 1962 1365 2019 dicit
1411 1961 1614 2028 Patris,
1665 1977 1787 2016 cum
1836 1961 1966 2017 dicit

362 2053 506 2127 (Gal.
540 2056 579 2122 ι)
613 2072 627 2108 :
660 2052 793 2110 Cum
823 2063 1005 2109 autem
1058 2054 1258 2125 placuit
1305 2053 1355 2109 ei
1394 2054 1487 2123 qui
1531 2068 1618 2108 me
1664 2052 1965 2121 segregavit

359 2146 430 2204 de
454 2156 606 2203 utero
636 2147 823 2201 matris
844 2162 998 2213 meae,
1019 2154 1073 2202 et
1093 2146 1307 2202 vocavit
1336 2162 1433 2217 per
1453 2147 1684 2215 gratiam
1708 2160 1880 2210 suam,
1903 2154 1966 2200 ut

362 2241 633 2315 revelaret
660 2238 852 2294 Filium
883 2256 1039 2295 suum
1068 2240 1121 2294 in
1149 2240 1275 2295 me?
1304 2238 1401 2294 Hic
1431 2253 1664 2309 namque
1698 2238 1818 2309 quis
1860 2245 1961 2304 est,

362 2330 521 2407 {esus
552 2328 800 2385 Christus
840 2332 1105 2386 veraciter
1146 2330 1414 2396 edocebit,
1455 2329 1960 2402 exclamansmom.

362 2422 441 2496 ix)
463 2441 475 2476 :
496 2422 573 2477 Ex
588 2422 1039 2492 quibusChristus
1053 2422 1342 2478 secundum
1356 2422 1692 2493 carnem,qui
1707 2432 1788 2480 est
1802 2438 1967 2494 super

362 2529 543 2568 onima
570 2513 711 2568 Deus
735 2513 1052 2569 benedictus
1074 2513 1129 2568 in
1158 2513 1374 2569 smcula.
1424 2512 1552 2569 llaec
1580 2512 1731 2569 Pauli
1779 2514 1964 2580 verba,

363 2621 522 2677 quam
551 2607 950 2677 subreptionem
979 2606 1259 2661 calumniae
1289 2620 1478 2661 eorum
1504 2606 1596 2675 qui
1641 2621 1807 2681 prava
1846 2605 1969 2662 dili-

364 2707 495 2767 gunt
522 2699 724 2753 habere
779 2698 1140 2769 permittunt?
1194 2697 1339 2752 Dixit
1384 2697 1529 2753 enim
1563 2696 1858 2767 Christum,
1910 2705 1970 2751 ut

364 2791 614 2847 ostendat
635 2791 892 2862 quoniam
934 2789 1233 2845 secundum
1286 2789 1572 2845 veritatem
1614 2788 1758 2845 Deus
1798 2789 1970 2844 factus

367 2892 452 2939 est
478 2883 640 2937 homo
663 2872 846 2949 {dixit
874 2897 997 2936 eum
1040 2896 1108 2936 ex
1159 2878 1358 2936 Judmis
1407 2879 1701 2937 secundum
1724 2880 1974 2949 carnem,

367 2980 427 3027 nt
454 2972 689 3028 insinuet
717 2972 843 3042 quia
862 2988 980 3027 non
1009 2987 1078 3026 ex
1101 2970 1196 3027 illo
1222 2980 1469 3044 tempore
1496 2986 1604 3041 quo
1618 2981 1703 3025 est
1718 2970 1968 3026 incarna-

2068 1774 2522 1844 pulchritudinem
2552 1774 3023 1842 constantiamque
3049 1780 3383 1843 pervertere.
3437 1770 3546 1826 Sed
3561 1784 3664 1839 ego

2065 1878 2164 1918 vos
2192 1864 2383 1918 iterum
2412 1863 2471 1917 Β.
2504 1862 2655 1918 Pauli
2695 1864 2873 1919 verbis
2894 1863 3161 1921 admoneo
3213 1863 3440 1933 (Colon.
3472 1881 3529 1929 ll,
3560 1864 3617 1933 5)
3645 1882 3661 1918 :

2066 1954 2259 2009 Videte
2289 1969 2355 2009 ne
2384 1956 2505 2027 quis
2526 1969 2627 2010 vos
2651 1953 2889 2025 decipiat
2915 1969 3016 2024 per
3044 1955 3438 2026 philosophiam
3468 1964 3526 2013 et
3546 1956 3663 2011 ina.

2066 2060 2189 2101 nem
2218 2046 2484 2101 fallaciam
2512 2046 2809 2102 secundum
2840 2045 3180 2101 traditionem
3212 2047 3489 2102 hominum
3526 2060 3669 2103 vana

2066 2140 2504 2205 consultantium,
2536 2147 2593 2195 et
2621 2153 2729 2194 non
2764 2138 3062 2195 secundum
3108 2136 3405 2195 Christum.
3450 2138 3663 2194 Furcula-

2066 2239 2305 2285 mentum
2334 2238 2516 2285 autem
2547 2229 2692 2285 aliud
2725 2238 2927 2286 saneta:
2970 2228 3095 2286 ﬁdei
3114 2245 3278 2287 nemo
3297 2239 3476 2301 potest
3497 2244 3663 2302 pone.

2066 2337 2127 2377 re
2155 2329 2351 2392 praeter
2380 2320 2434 2376 id
2462 2320 2607 2390 quod
2631 2321 2863 2391 positum
2891 2329 3001 2390 est,
3026 2320 3170 2390 quod
3199 2329 3286 2377 est
3309 2321 3552 2377 Christus
3574 2319 3664 2376 Je-

2066 2430 2179 2472 sus.
2210 2413 2363 2470 State
2403 2414 2568 2483 igitur
2605 2413 2661 2469 in
2695 2429 2804 2469 uno
2836 2415 3029 2485 spiritu
3074 2414 3378 2479 unanimes,
3422 2413 3663 2469 collabo-

2066 2514 2249 2562 rantes
2295 2506 2421 2561 tidei
2469 2504 2777 2574 Evangelii,
2827 2514 2885 2560 et
2933 2507 2986 2561 in
3039 2505 3190 2560 nullo
3234 2504 3544 2561 terreamiui
3596 2504 3667 2560 ab

2067 2599 2394 2655 adversariis
2414 2597 2639 2671 (Philip.
2668 2600 2730 2671 ι),
2774 2599 3141 2656 custodientes
3170 2600 3487 2655 traditiones
3530 2614 3663 2671 quos

2067 2692 2375 2764 accepistis,
2407 2693 2521 2747 sive
2549 2706 2580 2746 a
2611 2692 2813 2747 sanctis
2840 2700 2898 2747 et
2921 2691 3245 2747 beatissitnis
3270 2690 3541 2757 Patribus,
3569 2690 3664 2760 qui

2069 2787 2213 2857 apud
2255 2785 2489 2842 Nicmam
2521 2785 2678 2840 fidem
2717 2785 3089 2855 promulgasse
3143 2794 3457 2851 noscuntur,
3510 2799 3607 2840 seu
3630 2800 3664 2841 a

2066 2880 2271 2935 sanctis
2295 2886 2353 2934 et
2378 2877 2700 2935 venerandis
2728 2877 2947 2944 Basilio,
2986 2876 3269 2947 Gregorio,
3330 2894 3397 2933 ac
3444 2878 3666 2949 reliquis

2068 2970 2261 3027 eadem
2310 2969 2709 3045 sentientibus:
2740 2983 2972 3039 quorum
3015 2969 3231 3023 nomina
3257 2968 3311 3023 in
3358 2968 3496 3023 libro
3544 2968 3664 3025 vita:

370 3073 472 3131 tus,
495 3064 729 3130 existat;
761 3064 1042 3120 dixitcum
1069 3063 1161 3133 qni
1184 3072 1285 3128 est,
1312 3071 1373 3119 ut
1400 3079 1523 3119 eum
1549 3063 1665 3119 sine
1690 3062 1844 3119 initio
1865 3062 1963 3118 de-
1991 3075 2036 3136 ε
2068 3063 2268 3134 scripta
2287 3070 2433 3118 sunt.
2462 3059 2689 3117 Omnem
2712 3060 3104 3116 fraternitatem
3155 3075 3276 3131 qua:
3311 3049 3587 3116 vobiscum
3612 3060 3665 3117 in

370 3157 581 3225 claret;
612 3156 895 3215 dixitcum
924 3170 1088 3226 super
1116 3155 1322 3224 omnia,
1380 3163 1440 3210 ut
1494 3155 1660 3234 totius
1705 3162 1967 3209 creatum:

268 3248 274 3253 ’
373 3247 653 3304 Dominum
685 3248 968 3318 pnedicet;
994 3245 1127 3302 dixit
1153 3261 1276 3302 eum
1309 3246 1617 3312 Dominum,
1661 3261 1729 3301 ne
1759 3245 1969 3316 passio-

371 3339 526 3396 hibus
554 3339 845 3410 habituque
873 3338 1104 3394 traducti
1158 3338 1537 3394 intemeratam
1566 3335 1684 3407 ejus
1708 3335 1971 3392 audemus

370 3449 569 3505 negare
597 3433 950 3488 substantiam
979 3447 995 3498 ;
1025 3430 1162 3486 dixit
1187 3429 1559 3498 benedictum,
1602 3436 1663 3485 ut
1684 3428 1970 3483 adoremus

371 3541 492 3581 eum
516 3534 769 3598 tanquam
798 3528 1226 3598 omnipotentem
1255 3524 1589 3595 suppliciter,
1624 3537 1725 3579 nec
1753 3530 1811 3578 ut
1839 3537 1973 3578 con-

369 3633 582 3674 servum
600 3619 883 3675 calumniis
904 3618 1417 3691 appetamus;dixit
1458 3634 1584 3674 eum
1642 3618 1697 3674 in
1746 3617 1968 3681 sarcula,

2070 3157 2284 3214 Christo
2307 3164 2412 3226 est,
2461 3169 2563 3226 ego
2583 3163 2641 3212 et
2668 3154 2759 3227 qui
2813 3170 3022 3212 mecum
3056 3165 3179 3212 sunt
3217 3155 3506 3226 plurimum
3533 3157 3665 3212 salu-

2070 3258 2249 3305 tamus
2872 3258 2881 3261 ⁷⁷
2928 3258 2931 3263 ’
3206 3262 3211 3265 ’

2144 3342 2300 3417 [Hm
2321 3343 2505 3399 desunt
2528 3344 2580 3397 in
2598 3340 2826 3413 σπῖρα]
2856 3341 2987 3397 Data
3007 3341 3503 3412 Constantinopol..
3534 3357 3665 3401 con-

2071 3435 2250 3493 sulatu
2278 3436 2642 3507 piissimorum
2664 3435 2955 3492 Theodosii
2981 3437 3207 3507 August.
3252 3453 3285 3495 v
3331 3445 3388 3491 et
3431 3423 3666 3495 Valenti.-

2074 3544 2224 3586 mam
2251 3544 2325 3586 IV.

371 3777 3648 3803 Μ

767 3864 1061 3923 DlONYSll
1098 3862 1337 3921 EXIGUI
1375 3863 1467 3921 DE
1501 3860 1918 3919 INVENTIONE
1954 3859 2227 3919 CAPITIS
2265 3859 2513 3919 SANCTI
2553 3857 2838 3916 JOANNIS
2880 3855 3243 3914 BAPTISTE
3284 3842 3289 3847 δ

1718 4017 2314 4093 PROLOGUS.

444 4178 672 4237 Omnino
710 4171 1022 4233 venerando
1067 4170 1199 4227 mihi
1224 4168 1529 4227 Gaudentio
1556 4166 1740 4224 abbati
1764 4167 1970 4241 Diony-

372 4272 501 4333 sius.

442 4359 893 4418 Charissimorum
922 4357 1169 4421 fratrum,
1219 4367 1359 4424 quos
1386 4365 1484 4423 per
1510 4350 1738 4421 gratiam
1766 4348 1968 4407 Christi

370 4455 580 4525 regitis,
627 4466 757 4509 cura
798 4449 1145 4518 studiumque
1193 4444 1458 4516 compulit
1501 4450 1563 4498 ut
1606 4441 1799 4499 relatio
1849 4457 1969 4514 qua:

371 4546 441 4602 de
468 4544 780 4601 inventione
813 4530 1009 4613 capitis
1032 4539 1093 4592 Β.
1118 4535 1346 4593 Joannis
1366 4533 1619 4604 Baptistae
1640 4531 1829 4589 Gramo
1853 4548 1969 4590 ser-

374 4651 538 4692 mone
563 4634 870 4705 conscripta
898 4640 1001 4697 est,
1033 4628 1224 4685 Latino
1264 4641 1365 4699 per
1388 4640 1478 4681 me
1506 4623 1823 4681 redderetur
1854 4624 1970 4681 elo,

372 4727 505 4794 quio
529 4744 544 4779 :
569 4726 895 4781 conveniens
922 4739 1044 4780 esse
1071 4722 1336 4787 dicentes,
1360 4726 1421 4774 ut
1448 4719 1504 4775 in
1524 4716 1693 4773 natali
1721 4715 1839 4787 ejus
1860 4731 1969 4787 quo

375 4816 553 4884 major
577 4816 629 4869 in
657 4817 798 4870 natis
826 4816 1111 4869 mulierum
1155 4828 1316 4870 nemo
1343 4797 1596 4877 surrexit;
1632 4809 1747 4865 haec
1774 4809 1966 4865 relatio

374 4921 496 4978 qua:
539 4906 607 4961 de
654 4906 746 4960 illo
799 4905 1044 4971 traditur,
1093 4904 1305 4980 populis
1365 4902 1610 4958 ﬁdelibus
1664 4900 1963 4956 intimetur.

370 4999 647 5070 Promptis
661 4996 822 5066 igitur
848 4994 1041 5049 animis
1069 4996 1123 5048 in
1152 4995 1327 5065 spatio
1365 4994 1491 5052 licet
1514 4992 1666 5047 brevi
1695 4988 1843 5061 quod
1865 5005 1966 5061 po-

372 5094 629 5152 scebatur
655 5087 913 5160 explicui,
938 5086 1173 5141 maxime
1207 5095 1262 5141 et
1288 5088 1415 5155 quia
1450 5084 1797 5142 sanctitatem
1822 5091 1964 5138 tuam

374 5188 479 5243 hoc
516 5186 661 5242 idem
701 5181 819 5238 ﬁeri
851 5179 991 5235 velle
1038 5178 1286 5246 cognovi.
1322 5178 1434 5234 Nec
1477 5178 1583 5234 hoc
1629 5177 1746 5234 sine
1786 5176 1967 5232 divino

372 5287 508 5335 nutu
537 5288 749 5348 gestum
793 5286 913 5327 esse
950 5265 1259 5341 perspicio:
1284 5276 1340 5322 et
1378 5267 1520 5323 idem
1555 5278 1775 5323 sanctus
1801 5265 1968 5323 Joan-

375 5387 472 5427 nes
512 5369 741 5441 praevius
790 5362 1002 5419 Domini
1040 5359 1285 5417 veritatis
1327 5374 1524 5430 promo,
1580 5360 1966 5430 prophetarum

376 5464 588 5517 culmen
617 5459 880 5525 omnium,
932 5456 1319 5524 institutorque
1368 5452 1781 5515 monachorum,
1830 5452 1970 5507 sicut

377 5557 625 5626 primitus
670 5570 731 5610 se
778 5551 1056 5609 monachis
1103 5546 1365 5609 ostendit,
1405 5544 1497 5613 qui
1543 5543 1968 5600 sacratissimum

378 5656 540 5703 caput
562 5647 677 5704 eius
697 5646 761 5700 de
785 5646 946 5701 tlozuo
974 5640 1201 5698 llcro'lis
1217 5632 1488 5702 quondam
1518 5632 1659 5702 regis
1683 5633 1831 5703 impii
1854 5653 1971 5695 sus-

2073 4167 2334 4236 tulerunt,
2369 4163 2495 4223 dein
2521 4163 2764 4220 ablatum
2790 4161 3090 4231 Emesenae,
3123 4162 3191 4220 de
3234 4164 3420 4220 multis
3451 4164 3666 4234 ignora-

2073 4270 2190 4317 tum
2235 4257 2591 4330 temporibus,
2617 4258 2748 4312 item
2774 4257 3068 4315 monachis
3121 4273 3183 4315 se
3225 4257 3552 4328 declaravit;
3595 4261 3665 4322 ita

2072 4368 2218 4411 nunc
2242 4350 2425 4409 ofﬁcio
2460 4352 2873 4419 monachorum,
2899 4350 3148 4421 quamvis
3182 4353 3499 4423 humilium,
3526 4353 3666 4414 hanc

1999 4486 2050 4545 Β
2072 4444 2143 4502 de
2186 4458 2248 4501 se
2274 4443 2536 4500 Romanis
2564 4442 2846 4501 historiam
2885 4444 3233 4501 manifestare
3273 4444 3525 4515 dignatus
3559 4455 3665 4503 est.

2075 4537 2413 4605 Venerandi,
2458 4537 2658 4605 credo,
2696 4536 2974 4608 propositi
3027 4536 3333 4594 delectatur
3374 4539 3666 4609 obsequio,

2072 4637 2342 4700 quatenus
2388 4644 2484 4699 per
2530 4642 2625 4684 eos
2668 4630 2763 4700 qui
2804 4628 3131 4697 singularem
3161 4637 3439 4686 sectantur
3480 4631 3665 4700 vitam,

2071 4737 2229 4779 suam
2258 4722 2315 4777 in
2355 4720 2570 4778 Christo
2596 4720 2861 4792 panderet
2889 4722 3138 4791 gloriam.
3167 4721 3235 4777 Et
3272 4722 3377 4779 hoc
3415 4723 3664 4791 dicimus,

2073 4829 2186 4870 non
2213 4812 2358 4884 quod
2398 4813 2556 4870 nobis
2583 4812 2812 4882 alicujus
2851 4813 3127 4884 praeclara:
3162 4816 3358 4870 mentis
3394 4816 3667 4871 conscien-

2075 4908 2209 4963 tiam
2237 4908 2531 4964 insolcnter
2559 4922 2893 4977 arrogemus,
2926 4910 3021 4967 sed
3048 4909 3192 4981 quod
3220 4925 3317 4981 per
3339 4925 3401 4965 se
3422 4910 3508 4980 pia
3529 4926 3669 4981 prae-

2076 4999 2214 5056 ferat
2235 4999 2503 5070 professio
2530 5011 2774 5057 sanctum
2807 5003 3062 5068 studium,
3092 5003 3218 5059 licet
3260 5003 3435 5058 eidem
3481 5013 3667 5061 nostra

2074 5091 2346 5148 desidiosa
2401 5094 2745 5149 conversatio
2786 5110 2896 5151 non
2948 5103 3211 5164 aequetur.
3265 5092 3492 5160 Qualem
3538 5110 3669 5151 vero

2076 5191 2205 5240 tunc
2233 5182 2378 5239 idem
2403 5183 2749 5242 beatissimus
2773 5187 3018 5254 exegerit
3043 5186 3165 5241 vita:
3195 5184 3441 5253 modum,
3462 5195 3519 5243 et
3547 5187 3669 5259 quis

2075 5274 2277 5346 poterit
2316 5274 2568 5344 ignorare
2611 5273 2886 5333 ﬁdelium?
2916 5275 3048 5332 Nam
3088 5287 3280 5347 praeter
3327 5275 3474 5332 illam
3501 5278 3668 5337 divini

2065 5365 2314 5423 muneris
2358 5366 2968 5435 eximiamlargitatem,
2999 5384 3106 5439 qua
3134 5368 3205 5425 de
3250 5369 3669 5439 repromissione

2068 5461 2367 5525 conceptus
2389 5462 2494 5523 est,
2524 5462 2582 5510 et
2608 5455 2785 5512 adhuc
2823 5457 2965 5513 intra
2993 5467 3236 5514 materna
3274 5459 3565 5515 conclusus
3591 5461 3641 5515 vi

2069 5559 2246 5611 scera,
2290 5542 2358 5596 de
2394 5550 2548 5599 utero
2574 5558 2738 5613 quem
2767 5544 3077 5604 fecundavit
3125 5549 3386 5615 sterilem,
3415 5548 3470 5604 in
3513 5558 3668 5603 uteie

2071 5643 2273 5694 sancta:
2295 5632 2531 5706 Virginis
2552 5638 2772 5705 agnovit
2794 5640 3157 5699 universitatis
3184 5643 3497 5699 Auctorem.
3526 5638 3661 5696 l’rze-
