4060 6364
223 268 359 327 485

224 480 460 537 visione
486 479 684 549 noctis,
713 487 771 536 et
797 494 924 539 ecce
946 483 1085 539 ostia
1114 482 1427 539 monasterii
1466 483 1637 539 nostri
1665 492 1854 554 aperta

224 584 397 641 sunt,
429 583 487 630 et
510 575 565 629 in
593 587 789 643 magno
832 584 980 632 metu
1027 576 1255 647 positus,
1283 577 1496 633 cucurri
1526 586 1586 633 ut
1614 592 1677 633 ea
1704 577 1853 633 clau-

224 668 454 723 derem.
486 665 557 723 Et
580 684 767 725 rursus
789 669 1017 739 inspicio
1039 667 1239 725 ﬂumen
1260 668 1329 724 ad
1351 669 1487 726 ostia
1516 676 1699 725 nostra
1724 685 1855 741 pro-

225 779 521 836 rumpere.
554 763 671 821 Hoc
699 772 880 820 autem
907 779 1030 820 cum
1068 765 1344 831 vidissem,
1383 765 1715 836 stupefactus
1753 780 1849 822 co-

223 857 489 927 gitabam
514 858 658 913 unde
682 865 830 913 tanta
851 872 1111 929 aquarum
1141 867 1285 916 esset
1312 859 1665 916 immensitas.
1690 860 1850 916 Dum-

222 965 358 1022 que
397 952 453 1007 id
499 966 712 1008 mecum
759 952 876 1024 ipse
916 959 1213 1023 pertracto,
1246 951 1433 1008 levans
1469 952 1659 1008 oculos
1699 966 1853 1008 meos

222 1043 359 1099 vidi
388 1042 704 1101 Marcellum
738 1044 1133 1116 presbyterum,
1163 1044 1255 1115 qui
1282 1052 1400 1099 erat
1427 1044 1700 1101 secundus
1727 1050 1855 1115 post

222 1136 578 1196 Maxentium
606 1138 1101 1207 archimandritam,
1143 1155 1175 1194 a
1209 1139 1509 1196 meridiana
1550 1147 1707 1211 parte
1751 1136 1853 1194 ﬂu-

223 1234 408 1290 minis
440 1233 769 1297 venientem,
818 1242 876 1287 et
916 1232 1206 1287 multarum
1250 1240 1549 1288 turmarmn
1589 1245 1755 1287 voces
1783 1228 1852 1285 ab

224 1327 496 1383 orientali
524 1327 680 1397 plaga
717 1324 954 1382 basilicae
992 1324 1178 1381 Sancti
1216 1323 1416 1381 Iuliani
1462 1324 1714 1396 martyris
1756 1339 1853 1380 au-

224 1419 546 1476 diebamus.
580 1419 820 1487 Quarum
843 1419 909 1474 ad
939 1434 1039 1475 nos
1066 1419 1257 1488 ingens
1282 1434 1447 1475 sonus
1484 1418 1849 1487 deferebatur,

171 1509 175 1511 “
225 1520 293 1567 et
347 1528 446 1583 per
492 1528 662 1583 aquas
711 1514 871 1584 ipsas,
901 1512 1087 1583 populi
1123 1528 1246 1569 cum
1292 1512 1525 1583 impetus
1571 1512 1854 1568 alacritate

226 1606 632 1676 properabant.
662 1604 976 1661 Admirante
1004 1613 1184 1660 autem
1210 1619 1299 1659 me
1326 1603 1600 1675 quomodo
1642 1604 1699 1658 in
1736 1618 1854 1658 me-

226 1696 348 1754 diis
378 1699 534 1769 aquis
568 1698 908 1753 ambulantes
945 1697 1014 1752 ad
1044 1713 1144 1753 nos
1172 1697 1371 1753 conciti
1397 1696 1765 1767 pervenirent,
1796 1701 1853 1750 et

228 1806 585 1863 unaquaeque
605 1799 781 1847 turma
801 1792 983 1861 lingua
1004 1791 1223 1863 propria
1241 1791 1516 1862 psalleret,
1544 1790 1723 1846 subito
1746 1805 1854 1845 vox
1882 1780 1934 1843 Β

228 1884 432 1939 audita
472 1891 556 1940 est
604 1899 792 1940 eorum
835 1884 929 1953 qui
974 1884 1043 1939 ab
1093 1884 1303 1939 oriente
1342 1883 1687 1938 clamabant:
1718 1882 1855 1938 Ecce

230 1988 463 2033 sanctus
497 1976 729 2032 Joannes
757 1976 998 2047 Baptista
1038 1975 1319 2032 descendit.
1346 1975 1591 2045 Cumque
1626 1976 1697 2031 ad
1735 1990 1854 2032 me-

229 2056 517 2129 ridianum
547 2072 745 2128 ostium
774 2079 995 2136 starem,
1024 2078 1228 2141 aperta:
1255 2079 1381 2126 sunt
1402 2070 1582 2140 janua:
1613 2071 1854 2127 orienta—

230 2164 367 2227 les,
428 2172 485 2219 et
539 2164 882 2235 psallentium
944 2171 1133 2219 turmae
1193 2164 1440 2233 protinus
1494 2164 1851 2221 intraverunt.

231 2256 516 2312 Omittens
547 2257 710 2327 igitur
738 2256 1107 2327 spectaculum
1154 2254 1410 2322 ﬂuminis,
1443 2262 1499 2310 et
1538 2255 1593 2311 in
1627 2256 1851 2313 exordio

230 2350 406 2407 scalae
453 2351 776 2416 consistens,
826 2350 1012 2420 aspexi
1062 2358 1307 2405 sanctum
1354 2348 1594 2405 ofﬁcium
1638 2367 1851 2421 eorum,

233 2443 394 2515 quod
423 2442 477 2497 in
507 2444 841 2499 monasterio
872 2443 1239 2499 celebrabant.
1270 2441 1339 2497 Et
1374 2452 1525 2500 stans
1563 2444 1618 2499 in
1662 2445 1852 2501 eadem

231 2538 412 2601 scala,
436 2538 546 2593 vidi
565 2538 701 2593 atria
723 2538 850 2603 duo,
881 2553 1047 2591 unum
1072 2538 1366 2608 respiciens
1394 2538 1461 2593 ad
1490 2538 1847 2609 occidentem,

234 2638 297 2686 et
332 2630 562 2685 alterum
601 2628 668 2684 ad
700 2629 1013 2695 meridiem;
1056 2637 1112 2683 et
1144 2628 1283 2685 inter
1322 2637 1610 2700 utrumque
1654 2632 1849 2688 atrium

234 2721 507 2791 templum
524 2720 745 2789 grande,
763 2720 1094 2789 singulaeque
1112 2729 1301 2776 turmm
1332 2722 1769 2791 ingrediebantur
1796 2724 1852 2781 in

236 2812 449 2866 atrium
477 2812 623 2882 quod
646 2812 971 2883 respiciebat
1000 2812 1067 2869 ad
1100 2814 1386 2881 orientem,
1411 2814 1708 2871 adorabant
1730 2815 1847 2887 [al.,

232 2914 298 2962 et
327 2905 635 2978 adorantes]
666 2905 732 2960 ad
758 2906 1038 2977 templum.
1070 2905 1340 2963 lntrantes
1366 2916 1544 2963 autem
1566 2909 1621 2963 in
1653 2908 1846 2963 atrium

234 2996 632 3065 meridianum,
680 2998 825 3055 illico
872 2999 1243 3068 quiescebant.
1287 2996 1531 3070 Cumque
1577 3000 1848 3056 siluissent

233 3095 457 3156 turmae,
487 3089 868 3160 praecedebant
896 3091 985 3146 alii
1010 3099 1065 3147 et
1093 3091 1437 3147 clamabant:
1472 3090 1609 3145 Ecce
1634 3100 1847 3146 sanctus

233 3182 480 3238 Joannes
526 3181 751 3237 advenit.
799 3182 1044 3254 Cumque
1090 3190 1291 3240 starem
1343 3184 1399 3239 in
1450 3184 1641 3240 eodem
1688 3186 1847 3242 scalae
1878 3163 1923 3229 (ἶ

232 3274 392 3341 loco,
422 3276 572 3330 venit
616 3284 832 3331 sanctus
876 3274 1133 3343 Joannes,
1174 3276 1385 3333 Domini
1424 3294 1747 3349 prtecursor,
1795 3287 1851 3335 et

232 3367 357 3422 vidi
388 3383 511 3422 eum
539 3367 594 3423 in
623 3369 825 3439 templo
853 3368 999 3438 quod
1033 3368 1166 3425 mihi
1194 3378 1471 3426 ostensum
1501 3378 1611 3437 est;
1640 3380 1698 3427 et
1725 3386 1851 3428 ecce

233 3473 388 3513 unus
418 3466 593 3514 erata
619 3460 825 3515 dextris
863 3459 999 3529 ejus,
1032 3467 1085 3515 et
1120 3477 1258 3516 unus
1302 3477 1334 3515 a
1372 3461 1621 3517 sinistris.
1661 3460 1853 3520 Stante

234 3554 430 3604 autem
480 3548 574 3605 illo
624 3551 683 3605 in
727 3551 953 3621 templo,
996 3561 1281 3624 coeperunt
1324 3554 1509 3626 populi
1554 3561 1851 3613 turmarum

233 3642 317 3700 ad
365 3657 487 3697 eum
534 3652 933 3714 consequenter
979 3645 1239 3701 accedere
1287 3647 1434 3702 etab
1459 3662 1525 3702 eo
1554 3647 1849 3704 benedici:

233 3734 486 3806 itemque
532 3737 823 3807 psallentes
872 3736 1353 3807 proficiscebantur
1402 3739 1471 3794 ad
1516 3739 1792 3796 basilicam
1825 3750 1851 3779 ἰ

234 3825 433 3883 Sancti
462 3826 727 3898 Stephani
761 3830 1013 3901 martyris
1042 3830 1419 3900 congregandi.
1463 3831 1706 3901 Cumque
1735 3842 1851 3888 tur-

234 3932 347 3973 mae
375 3931 436 3975 se
463 3921 871 3992 explicuissent,
904 3921 1136 3992 cogitavi
1181 3930 1237 3977 et
1284 3938 1385 3991 ego
1431 3923 1579 3979 adire
1619 3939 1766 3994 eum,
1795 3932 1855 3980 ut

236 4012 601 4070 benedicerer
629 4015 697 4070 ab
726 4031 812 4071 eo.
841 4014 1137 4084 Visumque
1163 4022 1246 4071 est
1268 4014 1401 4070 mihi
1422 4016 1625 4072 intrare
1651 4016 1768 4089 [at.,
1799 4024 1856 4073 et

238 4104 532 4177 intrarem]
561 4122 660 4177 per
685 4122 751 4163 ea
784 4106 923 4162 ostia
951 4122 1049 4177 per
1073 4122 1192 4177 quae
1218 4114 1407 4162 turma:
1442 4106 1657 4162 fuerant
1686 4108 1853 4163 intro-

239 4211 468 4267 gressus.
498 4197 567 4253 Et
596 4200 721 4268 quia
768 4214 876 4254 non
914 4198 1156 4253 videram
1186 4198 1332 4268 quod
1379 4197 1540 4253 alicui
1578 4198 1855 4254 dedissent

241 4290 371 4364 [al.,
402 4290 661 4363 dedisset]
690 4291 935 4347 osculum
973 4290 1145 4360 pacis,
1184 4289 1287 4344 nisi
1329 4296 1535 4345 tantum
1582 4289 1648 4345 ad
1689 4290 1856 4359 pedes

241 4382 375 4454 [at.,
412 4382 484 4438 ad
530 4382 741 4455 pectus]
780 4384 898 4453 ejus
945 4382 1176 4439 osculati
1226 4389 1427 4447 essent,
1476 4382 1742 4438 accedens
1787 4382 1853 4438 ad

241 4488 371 4529 eum
412 4475 482 4529 ab
515 4476 773 4532 anteriori
803 4474 925 4547 [at.,
973 4472 1241 4545 interiori]
1287 4480 1445 4544 parte
1470 4488 1593 4529 cum
1622 4481 1771 4528 metu
1799 4480 1855 4529 et

811 266 1161 327 HISTORIA}
1201 264 1635 327 INVENTIONIS
1670 264 1942 327 CAPITIS
1976 264 2037 326 S.
2077 266 2357 329 JOANNIS
2400 268 2978 334 INTERPRETATIO.

224 383 421 442 sionis
450 382 815 455 inspectorem
843 400 963 443 esse
990 386 1239 456 dignatus
1262 394 1377 443 est.
1395 386 1516 443 Vidi
1543 402 1779 458 namque
1800 388 1855 443 in
1884 387 1937 448 Α

3446 278 3556 373 ιν

1962 408 2010 464 ἐν
2033 412 2233 485 θορύϐῳ
2260 414 2425 490 πολλῷ
2451 416 2730 493 γενόμενος,
2759 418 2999 479 κατῆλθον
3022 425 3114 476 τοῦ
3145 418 3439 480 ἀποκλεῖσαι
3460 426 3556 499 oui-

1956 508 2069 568 τάς.
2096 513 2197 564 Καὶ
2222 511 2371 565 πάλιν
2394 512 2676 587 ἐθεασάμην
2692 517 2925 588 ποταμόν
2946 518 3151 574 ἕλκοντα
3178 519 3260 574 ἐπὶ
3284 525 3376 580 τὸν
3397 521 3553 597 θύραν

1956 613 2046 667 τῆς
2075 614 2250 676 μονῆς.
2280 609 2368 662 Καὶ
2392 614 2557 664 ταῦτα
2585 607 2733 680 ἰδὼν,
2757 612 2915 673 ἐννεὰς
2945 614 3210 685 ἐγενόμην,
3248 615 3425 671 ἐννοῶν
3458 618 3555 674 πό-

1956 698 2034 751 θεν
2063 698 2122 755 τὸ
2146 699 2335 761 πλῆθος
2370 707 2471 755 τῶν
2494 701 2757 757 τοσούτων
2784 703 3007 761 ὑδάτων.
3046 709 3150 761 Καί
3180 707 3229 760 ἐν
3251 716 3324 777 τῷ
3351 730 3414 778 με
3440 697 3555 765 διαλ-

1953 789 2257 864 λογίζεσθαι,
2287 793 2465 853 ἤκουον
2485 802 2647 866 φωνήν
2667 796 2858 852 πολλῶν
2888 800 3164 871 ταγμάτων
3182 842 3195 863 ,
3238 801 3342 856 ἀπὸ
3382 803 3557 860 ἀνατο-

1954 883 2051 938 λῶν
2078 882 2212 958 ἦχον
2234 889 2350 959 ἡμῖν
2378 887 2646 966 φερόντων,
2677 895 2761 945 καί
2781 889 2853 964 ἐφ’
2879 894 3013 965 ἡμᾶς
3034 894 3324 972 ἐρχομένων
3353 898 3557 955 ἐπὶτῶν

1954 976 2193 1047 ὑδάτων,
2221 986 2305 1037 καί
2333 982 2455 1053 ἐμοῦ
2481 985 2827 1055 θαυμάζοντος
2849 992 2959 1046 πῶς
2987 988 3037 1040 ἐν
3060 989 3202 1059 μέσῳ
3232 998 3332 1047 τῶν
3352 990 3556 1049 ὑδάτων

1958 1073 2261 1151 ἐπορεύοντο
2292 1077 2362 1149 ἐφ’
2394 1080 2550 1149 ἡμᾶς,
2578 1082 2665 1133 καί
2693 1079 2912 1135 ἕκαστον
2938 1083 3111 1155 τάγμα
3154 1082 3285 1138 ἰδίαν
3312 1086 3557 1160 γλῶσσαν

1957 1163 2074 1240 εἶχε
2094 1172 2177 1224 καί
2206 1168 2436 1242 ἔψαλλεν,
2483 1175 2566 1228 καί
2607 1174 2799 1231 ἤκουσα
2840 1180 3002 1248 φωνήν
3036 1176 3293 1247 βοώντων
3326 1197 3345 1230 ε
3373 1179 3502 1236 ἰδοὑ
3530 1180 3559 1236 ό

1956 1259 2101 1335 ἅγιος
2138 1260 2367 1325 Ἰωάννης
2408 1264 2435 1317 ὁ
2480 1265 2772 1335 βαπτιστὴς
2815 1274 2908 1322 τοῦ
2942 1277 3166 1344 Σωτῆρος
3209 1272 3348 1341 ἡμῶν
3388 1270 3557 1330 Ἰησοῦ

1956 1361 2182 1430 Χριστοῦ
2204 1355 2571 1413 ἀναδείκνυται.
2610 1377 2629 1411 ι
2659 1362 2762 1414 Καὶ
2786 1359 2836 1413 ἐν
2861 1369 2933 1434 τῷ
2964 1362 3177 1417 ἑστάναι
3210 1384 3274 1434 με
3300 1366 3433 1439 πρὸς
3461 1372 3553 1426 τήν
3592 1394 3593 1397 π

1954 1450 2307 1525 μεσημϐρινὸν
2342 1451 2532 1524 θύραν,
2581 1463 2912 1531 παραχρῆμα
2953 1458 3223 1528 ἠνοίγησαν
3259 1456 3311 1512 αἱ
3333 1454 3601 1533 ἀνατολμξ

1956 1547 2041 1599 καί
2066 1545 2237 1619 θὺραι,
2270 1547 2354 1599 καί
2378 1546 2607 1604 εἰσῆλθον
2632 1548 2697 1603 τά
2716 1548 2973 1621 τάγματα.
3006 1554 3099 1603 Καί
3134 1554 3275 1622 ἀφείς
3311 1558 3402 1611 τὴν
3440 1552 3593 1611 θέανῗ

1954 1642 2342 1717 τοῦκποταμοῦ,
2382 1638 2606 1697 εἰσῆλθον
2640 1642 2869 1715 τρέχων,
2900 1646 2985 1696 καὶ
3020 1640 3176 1699 ἔστην
3204 1643 3255 1697 ἓν
3281 1644 3429 1719 ἀρχῇ
3464 1651 3560 1700 τοῦ

1958 1730 2255 1802 κλιμακίου·
2288 1734 2373 1786 καὶ
2394 1726 2523 1787 εἶδον
2545 1735 2634 1791 τὴν
2666 1732 2814 1805 ἁγίαν
2840 1737 3007 1789 αὑτῶν
3035 1734 3319 1807 ὑπηρεσίαν
3355 1738 3563 1810 γενομέ-

1959 1845 2046 1884 νην
2068 1824 2152 1880 ἐπί
2173 1828 2264 1884 τήν
2288 1828 2460 1899 μονήν
2478 1829 2566 1881 καί
2592 1826 2757 1887 ἑστώς
2781 1824 2833 1882 ἔν
2854 1835 2927 1901 τῷ
2956 1829 3098 1901 αὐτῷ
3126 1828 3389 1902 κλιμακίῳ,
3414 1831 3564 1888 ἐθεα-

1961 1919 2131 1987 σάμην
2163 1914 2321 1977 αὑλάς
2350 1916 2463 1973 δὺο⁶
2493 1922 2615 1990 μίαν
2640 1921 2732 1991 μέν
2752 1920 3149 1977 ἀποϐλέπουσαν
3177 1923 3247 1983 είς
3276 1921 3444 1987 δύσιν,
3468 1930 3561 1986 τήν

1960 2010 2015 2067 δὲ
2045 2009 2195 2071 ἄλλην
2217 2014 2303 2066 ἐπὶ
2332 2017 2422 2071 την
2451 2014 2800 2088 μεσημϐρίαν’
2852 2016 2938 2069 καί
2977 2016 3092 2069 ναόν
3147 2017 3309 2088 μέγαν
3338 2017 3386 2072 ἐν
3418 2019 3563 2091 μέσῳ

1960 2110 2147 2164 αὑτῶν.
2182 2105 2439 2164 Ἐκαστον
2467 2110 2639 2182 τάγμα
2661 2112 2803 2166 εἶσίει
2828 2112 2899 2172 εἰς
2920 2117 3011 2171 τήν
3034 2112 3191 2171 αὑλήν
3213 2117 3302 2172 τήν
3332 2114 3565 2169 ἀποϐλᾶ-

1958 2224 2162 2258 πονσαν
2192 2204 2263 2265 είς
2287 2200 2455 2269 δὺσιν,
2485 2206 2571 2258 καί
2593 2202 2896 2280 προσεκύνει
2941 2206 3023 2260 ἐπὶ
3057 2206 3140 2262 τὸν
3166 2206 3305 2263 ναόν⁶
3352 2211 3440 2263 καί
3477 2210 3564 2266 ἐπι

1958 2300 2048 2355 τήν
2070 2297 2417 2373 μεσημϐρινὴν
2448 2297 2625 2358 αὐλήν,
2655 2300 2742 2352 καί
2764 2307 3099 2374 παραχρῆμα
3127 2300 3399 2356 ἐπαύοντο.
3425 2301 3566 2359 Μετὰ

1958 2388 2013 2445 δέ
2035 2392 2091 2446 τό
2114 2393 2417 2461 παύσασθαι
2436 2394 2503 2448 τά
2530 2393 2797 2465 τάγματα,
2832 2393 3000 2468 ἕτεροι
3030 2393 3211 2459 ἐϐόων,
3235 2397 3322 2451 καί
3354 2392 3561 2469 ἕλεγον⁹

1964 2499 1986 2535 ε
2019 2480 2143 2537 ’ἰδοὺ
2194 2484 2219 2537 ὁ
2247 2482 2387 2557 ἅγιος
2426 2481 2677 2550 Ἰωάννης.
2711 2502 2731 2536 ι
2766 2486 2857 2539 Καὶ
2885 2485 3169 2557 ἐθεασάμην
3195 2488 3343 2543 αὐτόν
3370 2489 3454 2543 ἐπί
3469 2493 3563 2543 τοῦ

1958 2576 2228 2653 ὁραθέντος
2258 2599 2343 2648 μοι
2372 2585 2520 2634 ναοῦ·
2549 2581 2634 2633 καί
2674 2575 2744 2640 εἷς
2775 2580 2827 2643 ἐξ
2871 2578 3043 2644 δεξιῶν
3082 2582 3263 2645 αὑτοῦ,
3304 2584 3394 2637 καί
3417 2579 3489 2643 εἷς
3513 2582 3565 2648 ἐξ

1955 2672 2247 2739 εὐωνύμων.
2280 2674 2573 2749 Παραυτίκα
2597 2667 2686 2725 οὖν
2712 2671 2930 2746 ἤρξαντο
2969 2673 3035 2727 τά
3068 2674 3311 2744 τάγματα
3351 2677 3565 2731 ἀκολοὼ

1956 2766 2057 2825 θως
2086 2764 2459 2842 εἰσερχόμενα,
2498 2763 2579 2829 ἓν,
2616 2763 2699 2830 εν,
2740 2765 3049 2840 εὐλογεῖσθαι
3072 2767 3195 2845 παρ’
3225 2770 3403 2824 αὑτοῦ.
3436 2770 3564 2829 Πλη-

1956 2858 2214 2934 ρωθέντων
2258 2855 2313 2912 δέ
2350 2866 2452 2912 τῶν
2497 2858 2814 2930 ταγμάτων,
2866 2860 3171 2931 ἐλογισάμην
3218 2864 3359 2935 κάγὼ
3414 2864 3563 2924 αὑτός

1954 2953 2276 3029 προσελθεῖν,
2308 2955 2391 3006 καί
2421 2952 2740 3024 εὑλογηθῆναι
2767 2951 2889 3024 παρ’
2910 2955 3102 3008 αὑτοῦ·
3135 2958 3222 3009 καί
3262 2955 3562 3027 ἐσκεψάμην

1955 3043 2190 3097 εἰσελθεῖν
2222 3041 2305 3098 διά
2329 3050 2429 3099 τῶν
2454 3045 2639 3120 θυρῶν,
2658 3040 2737 3117 ⁴ὧν
2762 3043 2985 3103 εἰσῆλθον
3013 3046 3077 3099 τὰ
3100 3046 3361 3117 τάγματα.
3393 3049 3484 3103 Διά
3501 3049 3561 3103 τό

1955 3142 2025 3206 μή
2055 3137 2335 3191 θεάσασθαί
2384 3138 2447 3208 μέ
2483 3158 2597 3194 τινα
2634 3135 2787 3193 δόντα
2832 3140 2969 3209 αὑτῷ
3009 3141 3277 3214 εἰρήνηνεί
3300 3145 3369 3211 μή
3405 3143 3454 3195 ἐν
3484 3146 3560 3215 τῷ

1957 3229 2132 3286 στήθει
2157 3230 2313 3283 αὑτοῦ
2342 3268 2356 3293 ,
2398 3225 2499 3300 ἒγώ
2549 3226 2603 3283 δέ
2650 3230 2943 3305 προσελθών
2988 3232 3127 3305 αὑτῷ
3193 3233 3562 3306 ἁπεμπροσθεν

1956 3323 2086 3393 μετά
2114 3322 2271 3394 φόϐου
2298 3324 2385 3377 καί
2411 3322 2631 3395 τρόμου,
2679 3321 2821 3394 ἔχων
2859 3345 2958 3394 μου
2987 3330 3076 3384 τήν
3121 3326 3335 3397 κεφαλήν
3362 3327 3446 3381 ἐπὶ
3468 3332 3561 3387 τήν

1954 3424 2069 3487 γῆν,
2102 3416 2309 3487 ἡψάμην
2331 3419 2471 3489 αὐτῷ
2502 3424 2602 3473 τῶν
2634 3415 2826 3473 ποδῶν.
2847 3420 3005 3480 Αὐτός
3035 3416 3093 3473 δέ
3124 3438 3223 3489 μου
3258 3418 3430 3490 ἥψατο
3466 3426 3558 3477 τοῦ

1958 3512 2225 3582 πώγωνος,
2256 3512 2340 3565 καί
2368 3508 2532 3566 ἔδωκέ
2558 3531 2645 3581 μοι
2675 3513 2870 3585 εἰρήνην
2896 3514 2945 3566 ἐν
2977 3520 3049 3583 τῷ
3080 3511 3207 3586 ἁγίῳ
3246 3515 3397 3570 αὐτοῦ
3435 3516 3559 3571 στόέ

1958 3622 2112 3676 μοιτί·
2146 3606 2233 3660 καί
2257 3613 2503 3680 παραυτά
2530 3606 2755 3661 ἐκϐαλὼν
2780 3608 2831 3661 ἐκ
2859 3613 2949 3664 τοῦ
2978 3614 3161 3662 κολποῦ
3192 3610 3351 3666 αὑτοῦ
3378 3616 3561 3672 σκεῦος

1956 3700 2112 3772 γέμον
2156 3697 2379 3771 μέλιτος,
2422 3697 2582 3755 ἔδωκέ
2630 3722 2749 3767 μοι,
2781 3702 2964 3775 λέγων’
3005 3722 3025 3755 ε
3060 3704 3197 3759 Λαϐἐ
3233 3706 3427 3765 ταύτην
3468 3711 3560 3766 τήν

1960 3792 2209 3864 εὐλογίαν.
2244 3809 2263 3842 ι
2299 3794 2389 3847 Καὶ
2413 3792 2732 3868 ἒπορευόμην
2760 3796 2863 3869 πρό
2887 3797 3067 3852 αὑτοῦ·
3094 3800 3177 3851 καί
3203 3801 3380 3860 αὑτός,
3412 3803 3494 3854 καί
3515 3798 3563 3853 οἰ

1960 3883 2071 3955 μετ’
2100 3887 2261 3941 αὑτοῦ
2288 3886 2582 3958 εἰσήλθομεν
2618 3890 2689 3948 εἰς
2727 3894 2817 3948 τήν
2852 3892 3100 3967 ἡμετέραν
3130 3894 3301 3962 μονὴν’
3329 3894 3415 3945 καί
3448 3890 3559 3946 ἰδού

1959 3981 2243 4051 ἐθεασάμην
2265 3979 2450 4037 στύλον
2470 3982 2648 4057 πυρὸς,
2664 3984 2958 4057 προάγοντα
2993 3986 3138 4040 αὑτὸν
3156 4028 3171 4053 ,
3215 3987 3296 4039 καί
3335 3982 3564 4056 ἔμφοϐος

1959 4073 2222 4145 γενόμενος
2266 4073 2583 4134 διΰπνίσθην.
2623 4078 2762 4132 Μετά
2810 4075 2864 4131 δέ
2904 4083 3072 4133 ταῦτα
3118 4086 3181 4151 τῇ
3225 4078 3419 4152 ἑσπέρᾳ
3462 4086 3564 4133 τῶν

1961 4166 2117 4238 ἁγίων
2140 4174 2408 4233 νηστειῶν,
2435 4166 2558 4239 ἔφην
2581 4169 2714 4242 πρὸς
2734 4170 2853 4229 τοὺς
2874 4167 3145 4242 ἀδελφούς’
3185 4187 3204 4220 ε
3242 4182 3299 4225 ‘0
3326 4171 3440 4225 καθ’
3472 4171 3563 4228 ἕνα

1964 4261 2111 4333 ὑμῶν
2138 4262 2223 4317 τόν
2257 4262 2446 4318 ἑαυτοῦ
2494 4262 2690 4334 ψαλμὸν
2720 4262 3330 4338 δευτερωσάτω.ιΔὺτῶν
3358 4264 3410 4320 δὲ
3440 4268 3565 4320 καθ·-

1963 4356 2157 4426 ημένων
2188 4395 2204 4421 ,
2253 4358 2339 4411 καί
2390 4353 2761 4429 δευτεροὺντων
2807 4360 2929 4418 τοὺς
2975 4356 3230 4428 ψαλμοὺς,
3276 4358 3302 4413 ὁ
3354 4358 3565 4433 ἀδελφός

1959 4446 2221 4509 Ἰσαάκιος
2247 4445 2336 4525 ᾖρε
2366 4450 2490 4510 τοὺς
2512 4450 2794 4523 ὀφθαλμοὺς
2828 4452 3020 4513 αὑτοῦ,
3053 4455 3131 4506 καί
3172 4453 3413 4510 ἐθεάσατο
3452 4460 3565 4529 πῦρ

242 4570 588 4638 reverentia,
636 4570 858 4627 dimisso
906 4570 1083 4641 capite
1142 4570 1197 4624 in
1247 4576 1450 4624 terram
1502 4568 1746 4637 cucurri,
1801 4575 1852 4623 et

1962 4541 2228 4612 καιόμενον
2256 4541 2306 4595 ἐν
2329 4547 2442 4603 τοῖς
2469 4550 2635 4603 vomit:
2666 4542 2791 4614 (sic)
2807 4553 2898 4606 τῆς
2920 4542 3122 4618 θυρίδος
3150 4550 3244 4601 τοῦ
3260 4546 3406 4618 ἁγίου
3423 4569 3565 4608 σπη-

245 4659 395 4714 tenui
426 4660 593 4731 pedes
630 4661 766 4731 ejus.
814 4662 935 4732 Ipse
974 4676 1106 4717 vero
1155 4661 1569 4732 apprehendens
1613 4668 1855 4716 mentum

243 4768 428 4809 meum
457 4755 729 4810 osculatus
770 4763 853 4811 est
893 4771 1003 4811 me.
1032 4754 1191 4822 Quod
1213 4770 1337 4811 cum
1362 4754 1701 4819 meruissem,
1729 4769 1857 4823 pro-

244 4840 394 4895 tinus
424 4843 835 4912 expergefactus
861 4860 1000 4900 sum.
1026 4842 1220 4900 Paucis
1249 4854 1432 4900 autem
1460 4844 1651 4900 diebus
1678 4850 1858 4899 trans-

247 4932 406 4996 actis,
424 4932 585 4985 video
605 4942 661 4987 et
681 4949 811 4990 ecce
835 4937 972 4991 ostia
994 4937 1310 4993 monasterii
1331 4953 1361 4992 a
1378 4945 1533 5007 parte
1558 4937 1857 4993 meridiana

245 5039 437 5080 rursus
475 5031 663 5094 aperta
692 5033 833 5091 sunt,
864 5035 921 5081 et
944 5027 1113 5083 veluti
1170 5029 1238 5084 ad
1267 5029 1464 5085 fratres
1491 5028 1855 5085 vociferabam

246 5115 369 5192 [at.,
391 5115 773 5188 vociferabarj,
802 5131 900 5171 cur
921 5118 1021 5171 ista
1048 5118 1167 5190 [at.,
1190 5120 1285 5192 ita]
1317 5123 1455 5177 ostia
1476 5122 1853 5192 reliquissent;

246 5215 301 5262 et
330 5208 493 5264 celeri
515 5208 685 5278 gradu
709 5207 923 5278 perrexi
945 5213 1005 5261 ut
1030 5224 1095 5263 ea
1116 5211 1449 5283 clauderem,
1472 5221 1528 5269 et
1548 5229 1676 5271 ecce
1696 5212 1855 5269 video

246 5310 492 5359 sanctum
537 5299 804 5359 Joannem
858 5310 1092 5360 stantem
1140 5304 1207 5357 ad
1255 5307 1493 5361 exterius
1542 5308 1762 5374 ostium,
1800 5314 1857 5363 et

250 5406 371 5447 cum
401 5408 467 5448 eo
494 5393 631 5448 duos
659 5393 782 5449 illos
810 5407 947 5463 quos
988 5392 1136 5463 prius
1174 5392 1440 5463 videram,
1472 5403 1528 5450 et
1566 5396 1767 5453 accessi
1796 5402 1859 5451 ut

248 5483 598 5543 benedicerer
626 5485 694 5543 ab
722 5502 811 5554 eo,
842 5494 899 5543 et
924 5502 1113 5543 rursus
1137 5487 1359 5543 elevans
1396 5502 1506 5554 me,
1541 5489 1689 5544 dedit
1724 5486 1855 5544 mihi

248 5592 457 5652 pacem.
506 5578 843 5636 Vestimenta
889 5588 1073 5637 autem
1122 5579 1242 5651 ejus
1287 5587 1446 5635 erant
1493 5581 1755 5645 candida;
1801 5591 1857 5637 et

249 5685 379 5727 mox
413 5671 635 5729 trahens
663 5690 829 5729 unum
856 5689 953 5730 vas
980 5674 1047 5729 de
1091 5674 1213 5729 sinu
1262 5688 1361 5729 suo
1408 5674 1625 5745 plenum
1654 5674 1851 5742 mellis,

253 5763 401 5821 dedit
444 5764 577 5819 milii
623 5766 807 5824 dicens
842 5784 855 5821 :
900 5766 1090 5837 Accipe
1145 5765 1549 5823 benedictionem
1598 5766 1754 5833 hanc,
1798 5772 1854 5823 et

330 5885 361 5920 ⁸
394 5876 505 5951 AL,
537 5878 606 5934 ad
634 5880 1001 5936 occidentalem
1030 5881 1264 5957 plagam,
1292 5882 1445 5939 veluti
1471 5881 1540 5939 ad
1565 5880 1718 5939 basit.

537 5976 811 6040 ΡΔτιιοι..
858 5974 1129 6041 LXVII;

1961 4636 2104 4691 λαίου
2127 4634 2256 4691 ὅπου
2277 4632 2337 4695 ἧν
2356 4637 2387 4694 ἡ
2402 4642 2592 4716 κορυφῆ
2612 4644 2708 4693 τοῦ
2740 4637 2886 4709 ἁγίου
2902 4636 3150 4695 Ἰωάννου.
3172 4649 3227 4694 ‘0
3242 4639 3449 4716 ἀδελφὸς
3476 4638 3564 4699 οὖν

1962 4730 2282 4804 θεασάμενος
2304 4732 2573 4799 ἀνεϐόησε,
2597 4734 2782 4805 λέγων’
2818 4750 2837 4784 ε
2873 4735 3029 4811 Κύριε
3067 4736 3187 4807 ἐμοῦ
3226 4738 3411 4812 πάτερ,
3452 4736 3564 4793 ἰδοὺ

1963 4830 2070 4900 πῦρ
2101 4826 2295 4882 καίεται
2325 4825 2375 4880 ἓν
2403 4835 2466 4900 τῇ
2494 4824 2663 4901 θυρίδι
2709 4834 2800 4882 τοῦ
2853 4829 3129 4887 σπηλαίου.
3186 4845 3206 4880 ι
3252 4832 3396 4902 κᾶγώ
3439 4833 3564 4907 πρός

1963 4918 2111 4973 αὑτὸν
2150 4916 2299 4990 ἔφην’
2332 4936 2353 4970 ε
2399 4924 2478 4979 Μὴ
2524 4921 2700 4992 φοϐοῦ,
2734 4919 2948 4992 ἀδελφέ,
2992 4924 3115 4978 ἀλλά
3144 4925 3566 4999 σφραγισάμενος

1964 5011 2268 5081 ἡσύχασον.
2308 5028 2328 5064 ι
2362 5009 2488 5085 Ἐγώ
2517 5010 2570 5068 δέ
2600 5011 2745 5075 εἰδὼς
2787 5015 2845 5070 τό
2879 5020 3190 5094 μυστήριον,
3235 5014 3288 5072 ἔν
3322 5020 3564 5075 ἐκστάσει

1964 5103 2117 5178 πολλῇ
2147 5106 2283 5178 ἔγενό
2287 5129 2405 5177 μην.

2038 5201 2128 5252 καί
2158 5200 2226 5257 ὡς
2265 5197 2371 5267 μεθ’
2410 5199 2624 5276 ἡμέραν,
2672 5198 2721 5253 ἓν
2762 5208 2836 5274 τῷ
2872 5199 3125 5256 καθεύδειν
3167 5222 3230 5273 με
3262 5202 3311 5255 ἐν
3339 5209 3401 5277 τῇ
3431 5203 3565 5281 αὐτῇ

1965 5301 2125 5361 νυκτί,
2159 5298 2291 5371 μετά
2316 5302 2408 5356 τὴν
2452 5305 2550 5353 τῶν
2591 5297 2976 5371 νυκτοφυλάκων
3023 5301 3182 5370 ῶραν,
3228 5300 3312 5352 καί
3356 5297 3463 5354 ίδοὺ
3495 5302 3564 5365 ὡς

1969 5393 2089 5465 χείρ
2122 5391 2388 5467 ἀνθρώπου
2433 5388 2579 5453 ἕνυξέ
2604 5411 2664 5463 με
2702 5390 2870 5464 τρίτον
2900 5390 3000 5445 ἀπὸ
3028 5394 3117 5444 τοῦ
3149 5387 3312 5452 δεξιοῦ
3351 5391 3559 5466 μέρους.

1966 5488 2057 5539 Καί
2080 5482 2187 5538 ίδοὺ
2221 5489 2352 5556 φωνή
2393 5485 2523 5559 πρὸς
2553 5484 2614 5553 μὲ
2642 5483 2897 5556 λέγουσα·
2930 5499 2947 5532 t
2975 5480 3099 5536 ’ἰδοὺ
3140 5480 3393 5558 ἐδωρήθην
3417 5483 3555 5557 ὑμῖν.

1960 5575 2203 5636 ’Δναστάς
2233 5576 2466 5651 εὑρήσεις
2512 5577 2705 5650 ἀστέρα
2733 5575 3055 5649 προηγοῦντά
3084 5595 3161 5630 σε.
3208 5578 3300 5630 Καὶ
3339 5573 3467 5630 ὅπου
3500 5570 3562 5630 ἂν

1926 5688 1937 5693 ‘
1958 5670 2286 5745 καταπαυθῇ,
2312 5668 2417 5722 ἐκεῖ
2439 5666 2658 5737 σκάψον,
2687 5670 2768 5721 καὶ
2799 5668 3030 5743 εὑρήσεις
3052 5690 3133 5740 με.
3152 5685 3169 5719 ι
3199 5666 3329 5742 Ἐγώ
3355 5666 3410 5723 δὲ
3430 5665 3561 5735 μετὰ

1954 5764 2112 5839 φόϐου
2143 5761 2361 5829 ἐξῆλθον,
2391 5762 2474 5816 γαί
2502 5753 2634 5813 εἶδον
2673 5759 2870 5833 ἀστέρα
2910 5759 3074 5837 πυρός
3114 5760 3317 5817 ἑστῶτα
3344 5760 3431 5815 ἐπί
3464 5759 3563 5818 τὴν

3030 5962 3105 6027 ﬁt
