4060 6364
521 388 622 442 421
890 379 899 386 ’
1848 369 2208 433 DIONYSIUS
2245 367 2567 426 EXIGUUS.
3711 362 3831 430 ‘ﬂ

520 502 706 559 effudit
736 515 831 560 vas
858 515 1031 573 ipsum
1056 499 1234 556 mellis
1254 511 1419 569 super
1440 510 1633 552 manus
1658 509 1828 561 meas,
1858 492 1913 549 et
1952 494 2118 547 inter-

2234 490 2383 563 λύραν
2410 483 2470 543 οὗ
2500 487 2651 557 ἥμην.
2682 486 2769 541 Ital
2789 479 3008 557 ἔμφοϐος
3035 482 3321 556 γενόμενος.
3347 481 3633 559 έσφράγισα
3658 502 3825 557 ιμαυ-

468 576 485 682 :
520 594 704 666 τί)μῆ
747 608 871 651 eum
900 593 1084 648 dicens
1114 610 1125 645 :
1165 610 1184 643 ι
1221 590 1448 646 Domine
1475 597 1665 645 sancte
1686 586 1947 655 Joannes,
1976 584 2121 682 unde

2234 584 2329 639 τόν.
2377 584 2476 637 Καί
2528 580 2633 637 ἰδοὺ
2674 587 2949 656 προηγεῖτο
2999 576 3024 632 ό
3070 578 3219 637 αὐτὸς
3248 579 3433 655 ἁστιιρ,
3475 580 3559 633 καὶ
3603 581 3832 638 εἰσῆλθον

523 693 592 747 ad
620 703 722 747 nos
744 687 977 746 venisti?
1003 705 1022 740 ι
1057 686 1159 755 Qui
1189 685 1503 756 respondit:
1534 702 1553 737 ι
1582 684 1659 739 De
1684 682 1913 738 Sebaste
1935 680 2113 736 veni.»

525 781 788 838 Praibam
816 779 975 848 igitur
1001 792 1145 845 eum,
1174 785 1229 832 et
1260 784 1367 831 tam
1410 776 1525 845 ipse
1567 788 1731 844 quam
1764 773 1855 843 qui
1891 786 2014 827 cum
2054 784 2121 826 eo

525 871 916 943 erantingmssi
930 878 1057 927 sunt
1078 868 1130 923 in
1155 867 1543 924 monasterium
1568 874 1833 931 nostrum,
1846 871 1903 919 et
1923 863 2120 918 iterum

525 978 622 1022 vas
649 961 825 1019 mellis
860 961 994 1017 fudit
1017 976 1183 1031 super
1210 975 1399 1016 manus
1428 974 1597 1014 meas.
1629 959 1872 1025 Cumque
1898 970 2002 1024 ego
2028 954 2125 1010 de-

525 1055 768 1112 tulissem
806 1053 1238 1109 benedictionem
1287 1052 1403 1121 ejus
1454 1051 1520 1105 ad
1568 1050 1845 1120 superiora
1886 1047 2124 1114 triclinii,

523 1144 641 1216 ipse
670 1144 894 1200 intravit
929 1145 984 1199 in
1020 1144 1350 1207 oratorium;
1382 1150 1441 1199 et
1477 1157 1601 1199 cum
1630 1140 2028 1198 descendissem
2058 1140 2127 1196 ad

525 1237 825 1295 oratorium
859 1237 951 1293 ubi
988 1245 1123 1301 erat,
1152 1251 1282 1292 ecce
1309 1235 1467 1291 video
1496 1234 1805 1291 columnam
1833 1233 1971 1302 ignis
2004 1240 2129 1287 ante

528 1343 672 1384 eum.
733 1325 802 1383 Et
856 1326 1022 1383 nimio
1074 1341 1276 1397 pavore
1320 1333 1626 1395 correptus,
1674 1324 1943 1380 excitatus
1989 1338 2126 1378 sum.

525 1420 659 1479 Post
684 1420 803 1478 haec
839 1427 1042 1486 autem,
1070 1419 1384 1492 priusquam
1419 1417 1575 1473 nobis
1618 1418 1815 1474 ostium
1855 1422 2131 1473 monaste-

529 1519 617 1574 rii-
651 1517 743 1573 ubi
786 1524 905 1572 erat
956 1524 1202 1572 sanctum
1263 1515 1567 1586 depositum
1623 1514 1779 1575 nobis
1826 1512 2131 1568 traderetur

526 1608 584 1666 in
634 1608 839 1665 sanctis
878 1607 1209 1679 jejuniorum
1258 1607 1477 1673 diebus,
1533 1606 1622 1662 ubi
1675 1607 1855 1663 cibum
1907 1618 2134 1674 vespero

526 1702 876 1772 sumpsimus,
906 1708 964 1758 et
999 1701 1111 1757 dixi
1157 1700 1225 1756 ad
1258 1702 1450 1756 fratres
1488 1709 1721 1763 nostros.
1754 1697 2134 1766 Unusquisque

527 1801 770 1849 vestrum
797 1792 1039 1863 psalmos
1067 1807 1194 1848 suos
1221 1793 1419 1847 iterare
1445 1808 1553 1849 non
1584 1790 1839 1859 negligat.
1868 1787 1937 1842 Et
1964 1787 2131 1844 relin—

2225 676 2506 731 ἀκολουθῶν
2535 675 2697 747 αὑτῷ,
2740 674 2933 746 μέχρις
2956 666 3016 725 οὗ
3062 667 3194 729 ἔστη
3236 672 3322 726 έπὶ
3348 679 3440 731 τῆς
3485 671 3685 742 κόγχης
3732 679 3829 726 τοῦ

2225 770 2499 833 σπηλαίου,
2525 765 2583 823 οὗ
2610 766 2667 828 ἦν
2694 770 2725 826 ἡ
2753 767 2875 840 ἁγία
2904 770 3093 840 κορυφή
3128 772 3218 819 τοῦ
3248 763 3541 842 ιιροδρόμου
3570 769 3654 819 καὶ
3683 774 3835 821 Barr-

2226 870 2404 918 τιστοῦ
2435 861 2688 916 Ἰωάννου.
2712 858 2837 931 Ἐγώ
2864 858 2919 915 δὲ
2957 864 3123 915 ταῦτα
3160 861 3332 916 πάντα
3361 860 3687 933 θεασάμενος.
3719 882 3833 916 πα-

2228 962 2481 1032 ραχρῆμα
2508 955 2872 1031 προσεκύνησα
2895 959 2967 1021 τῷ
2996 959 3194 1027 κυριῷ,
3222 952 3395 1005 πεσὼν
3423 955 3509 1005 iul
3536 952 3723 1007 κοιλίαὶ
3750 955 3837 1006 ἐπι

2228 1048 2413 1110 πολλὰς
2444 1048 2611 1125 ὥρας’
2634 1046 2803 1101 λαϐὼν
2828 1044 2882 1099 δέ
2906 1046 3159 1116 θυμίαμα,
3182 1047 3264 1099 καί
3285 1045 3473 1117 βαλὼν,
3504 1042 3731 1115 δεόμενος
3750 1066 3840 1099 και

2230 1140 2559 1214 παρακαλῶν,
2580 1142 2840 1214 κρατήσας
2871 1138 3068 1214 ὀρὺγιον
3089 1138 3311 1214 ἠρξάμην
3337 1146 3599 1193 σκάπτειν.
3628 1142 3720 1209 sui
3750 1135 3840 1192 εὖ·

2230 1255 2319 1310 ρον
2343 1236 2429 1289 τὸν
2454 1235 2607 1290 τόπον
2648 1231 3025 1307 ᾠκοδομημένον
3065 1233 3169 1287 ἀπὸ
3210 1231 3401 1307 δαρτῆς
3440 1234 3721 1295 ἀσϐέστου,
3750 1254 3839 1288 και

2231 1328 2701 1395 πενταπαλαίστου,
2728 1330 2812 1381 καὶ
2849 1323 2970 1381 ὅσον
2996 1328 3015 1380 ι
3028 1330 3094 1400 γὼ
3127 1324 3399 1392 ἔσκαπτον,
3440 1322 3579 1397 ἦχος
3602 1328 3685 1380 καί
3708 1329 3840 1380 m3-

2232 1440 2329 1479 πος
2360 1416 2631 1474 ἀπεδίδοτο
2658 1419 2837 1491 μόγας,
2870 1421 2939 1479 ὡς
2960 1418 3060 1472 ἀπὸ
3085 1416 3284 1493 ὑδρίας.

2306 1513 2406 1563 Καὶ
2433 1511 2561 1583 μετά
2581 1509 2639 1565 τό
2668 1510 2867 1579 σκάψαι
2896 1528 2979 1580 με,
3026 1513 3108 1564 καὶ
3160 1510 3410 1565 καθίλθεῐν
3434 1507 3546 1565 ἴσον
3588 1516 3679 1564 τοῦ
3718 1507 3840 1565 £65:-

2234 1622 2378 1672 φους,
2412 1598 2557 1678 εὗρον
2595 1604 2940 1673 ἐκκεχυμένον
2981 1604 3049 1663 ὡς
3086 1598 3254 1673 ἄμμον
3280 1604 3530 1674 χαλκοῦν.
3565 1608 3653 1657 Καὶ
3702 1605 3839 1672 μετὰ

2234 1702 2403 1750 ταῦτα
2427 1698 2599 1766 καμὼν
2628 1695 2783 1750 πολλὰ
2812 1695 2951 1765 μόλις
2974 1694 3211 1754 ἐδυνήθην
3233 1705 3588 1771 ἀποχωρῆσαι
3614 1702 3705 1756 την
3729 1694 3840 1767 ἇμο

2236 1806 2347 1855 μον.
2371 1790 2463 1841 Καὶ
2492 1790 2623 1855 μετά
2650 1794 2817 1841 ταῦτα
2846 1786 3011 1850 έξήλθέ
3051 1790 3143 1841 σὺν
3288 1785 3442 1859 ἄμμῳ
3471 1791 3682 1864 κεραμὶς
3718 1791 3838 1857 μία.

529 1893 761 1954 quentes
807 1899 897 1943 me
942 1884 997 1940 in
1045 1884 1317 1951 triclinio,
1360 1884 1757 1940 descenderunt
1806 1882 1874 1937 ad
1922 1881 2129 1936 initium

2237 1882 2331 1933 Καὶ
2356 1878 2596 1935 ὑποκάτω
2642 1887 2734 1941 τῆς
2782 1878 3063 1954 κεραμίδος,
3107 1881 3239 1944 πλάξ
3268 1883 3567 1957 μαρμάρου.
3605 1885 3697 1934 Καὶ
3726 1901 3839 1954 αρε·

529 1975 687 2034 scala:
722 1990 846 2047 quae
880 1975 949 2032 ad
987 1983 1214 2044 utraque
1260 1976 1585 2031 monasteria
1616 1972 1852 2044 respicit.
1885 1970 2131 2040 Cumque

530 2066 903 2125 consedissent
940 2075 1002 2124 ut
1041 2069 1301 2125 iterarent
1338 2067 1598 2138 psalmos,
1631 2064 1697 2120 ad
1738 2062 2018 2119 dexteram
2054 2062 2132 2117 le-

530 2176 667 2219 vans
692 2162 882 2221 oeulos
922 2177 1054 2219 suos
1082 2161 1249 2216 frater
1288 2158 1507 2218 lsaacus
1546 2160 1725 2229 ignem
1764 2156 1898 2211 vidit
1940 2154 2131 2211 ardere

529 2254 588 2312 in
615 2254 814 2314 tabulis
840 2255 965 2313 ostii
1003 2255 1274 2325 spelunca:
1312 2254 1404 2313 ubi
1430 2261 1549 2308 erat
1577 2250 1941 2308 venerandum
1970 2254 2132 2319 caput

530 2348 704 2404 sancti
730 2345 956 2419 Joannis
992 2346 1249 2418 Baptistae
1288 2346 1605 2417 repositum.
1638 2344 1793 2410 Quod
1823 2358 1946 2398 cum
1972 2341 2132 2397 vidis~

530 2447 618 2497 aet
647 2439 833 2505 frater,
856 2438 1179 2496 exclamavit
1204 2446 1261 2494 et
1286 2437 1421 2493 dixit
1446 2456 1459 2492 :
1491 2456 1510 2490 ι
1541 2437 1768 2492 Domine
1792 2436 1886 2501 mi,
1912 2433 2131 2491 domine

529 2532 634 2603 mi,
669 2532 725 2590 in
770 2532 910 2589 ostio
948 2532 1224 2601 speluncae
1274 2531 1410 2601 ignis
1453 2544 1709 2586 accensus
1738 2535 1839 2584 est.
1877 2546 1897 2581 ›
1932 2524 2000 2580 Ει
2029 2539 2131 2595 ego

530 2624 828 2696 respondi:
859 2643 880 2678 ι
908 2624 989 2681 Ne
1018 2626 1230 2691 timeas,
1266 2621 1455 2693 frater,
1482 2624 1578 2681 sed
1607 2622 1853 2678 muniens
1884 2631 1936 2677 te
1960 2620 2131 2690 signa-

531 2717 656 2775 culo
682 2714 902 2783 Christi,
930 2717 1128 2773 ibidem
1157 2732 1464 2788 persevera.
1506 2735 1525 2768 ι
1560 2715 1779 2771 Fratres
1810 2722 1989 2770 autem
2018 2728 2131 2785 prie

533 2811 732 2868 timore
778 2812 1093 2870 claudentes
1143 2812 1359 2878 ostium,
1392 2812 1461 2869 ad
1498 2827 1585 2867 me
1620 2812 1821 2869 conciti
1861 2826 2128 2882 pervene~

530 2913 676 2960 runt.
708 2903 824 2974 Ego
853 2920 984 2961 vero
1026 2906 1341 2977 mysterium
1369 2920 1771 2975 recognoscens
1802 2920 1868 2960 ex
1911 2905 2131 2961 visioni—

530 2995 636 3052 bus
652 2996 789 3052 mihi
814 3004 941 3052 ante
968 2998 1301 3065 monstratis,
1327 2997 1438 3057 dixi
1468 2998 1535 3055 ad
1557 3013 1652 3055 eos
1678 3016 1691 3053 :
1718 3017 1739 3051 ι
1769 2997 1849 3053 Ne
1874 2996 2126 3063 timeatis,

530 3088 729 3145 fratres
754 3089 885 3154 mei,
911 3090 1037 3159 quia
1068 3090 1171 3145 hoc
1208 3091 1362 3147 nobis
1400 3106 1720 3162 prosperum
1757 3087 1919 3145 faciet
1948 3088 2130 3143 Domi-

530 3200 655 3243 nis.
680 3205 707 3240 ι
732 3186 865 3244 Post
888 3188 1002 3243 dies
1027 3198 1207 3245 autem
1228 3190 1468 3260 quinque
1492 3191 1796 3247 Maxentius
1825 3197 1881 3245 et
1908 3188 2131 3259 Stepha-

532 3298 637 3341 nus
673 3284 1010 3341 venerabiles
1038 3288 1338 3357 presbyteri
1364 3288 1822 3351 archimandritas,
1853 3288 2132 3345 venientes

532 3375 602 3432 ad
644 3383 893 3435 sanctum
934 3379 1249 3447 episcopum
1286 3379 1559 3437 dominico
1596 3379 1683 3435 die
1725 3394 1971 3450 vespere,
2003 3394 2131 3451 sug-

532 3474 817 3535 gesserth
858 3468 909 3522 ei
958 3470 1141 3524 omnia
1180 3469 1247 3526 de
1290 3470 1407 3540 ipsa
1462 3472 1751 3540 spelunca,
1786 3486 1909 3541 qucc
1950 3474 2131 3531 colue-

531 3560 689 3615 rebat
735 3561 1065 3616 monasterio
1114 3570 1321 3627 nostro,
1364 3571 1425 3618 ut
1461 3573 1749 3631 utrumque
1776 3568 1976 3635 pariter
2004 3568 2133 3637 jun-

530 3660 780 3721 geretnr;
840 3651 1108 3723 iussitque
1157 3655 1261 3710 hoc
1308 3655 1596 3726 episcopus
1649 3655 1784 3711 ﬁeri.
1852 3658 1953 3714 Cui
1998 3660 2136 3715 dixit

530 3739 845 3813 Swphanus
884 3744 1212 3816 presbyter:
1264 3766 1281 3798 ε
1335 3746 1417 3802 Ex
1462 3756 1732 3820 praecepto
1777 3757 1965 3805 nostro
2014 3766 2135 3807 cras

530 3842 747 3892 mature
785 3839 940 3894 trado
974 3840 1284 3911 speluncam
1322 3841 1477 3896 fratri
1522 3840 1795 3900 Marcello.
1831 3864 1851 3897 ›
1880 3843 1950 3899 Et
1976 3862 2137 3904 mane

531 3930 857 3997 perveniens
900 3931 1121 3987 tradidit
1164 3934 1320 3990 nobis
1372 3934 1549 4004 ipsum
1597 3936 1985 3997 monasterium
2036 3939 2136 3994 sub

529 4016 817 4090 praesentia
860 4023 1301 4095 presbyterorum
1348 4025 1593 4094 Palladii,
1636 4026 1803 4094 Petri,
1845 4026 2135 4096 Gennadii,

532 4118 590 4165 et
616 4108 911 4184 Stephani,
941 4115 1373 4173 archimandrita:
1403 4120 1717 4174 monasterii
1754 4118 2137 4188 Betbgalorum

530 4200 651 4277 [ειη
668 4202 1125 4280 Betbgaalorum].
1144 4208 1211 4263 Et
1224 4210 1474 4279 aperiens
1486 4212 1683 4267 ostium
1696 4212 1840 4282 quod
1854 4221 1969 4268 erat
1981 4214 2138 4269 obse-

528 4306 728 4368 ratum,
756 4300 915 4356 simul
956 4302 1183 4373 ingressi
1220 4320 1406 4359 sumus
1453 4312 1508 4360 et
1549 4305 1892 4362 adoravimus
1934 4307 2139 4379 [oravi-

529 4389 694 4462 mus].
732 4389 932 4448 Videns
979 4402 1159 4449 autem
1210 4396 1391 4450 locum
1440 4396 1601 4451 nimis
1640 4412 1761 4451 esse
1805 4397 2131 4466 neglectum,

452 4524 478 4557 g;
530 4482 869 4536 commonuit
897 4489 955 4535 ut
979 4482 1309 4551 diligentiam
1342 4485 1508 4554 ipsius
1538 4484 1882 4543 haberemus.
1909 4486 1977 4542 Et
2008 4505 2137 4561 pro-

474 4573 481 4603 '
530 4573 703 4629 fectus
742 4586 827 4629 est
867 4575 1007 4631 idem
1052 4574 1360 4647 Stephanus
1406 4579 1713 4650 presbyter,
1752 4580 1820 4635 ad
1866 4582 2133 4639 visitanda

2236 1974 2411 2043 μάσας
2432 1979 2521 2031 τήν
2541 1974 2729 2034 πλάκα,
2755 1969 2903 2042 εὖρον
2929 1978 3017 2031 την
3051 1972 3251 2043 ὑδρίαν.
3283 1977 3370 2027 καί
3393 1976 3524 2042 μετὰ
3559 1974 3717 2045 φόϐου
3759 1976 3839 2029 καί

2234 2067 2424 2141 τρόμου
2457 2068 2640 2127 εὑθέως
2677 2067 2842 2120 λαϐὼν
2868 2068 3056 2137 λύχνον
3077 2071 3161 2121 καί
3188 2069 3439 2139 θυμίαμα,
3482 2071 3566 2121 καὶ
3606 2088 3839 2141 προσκυ-

2236 2162 2392 2218 νήσας
2417 2159 2583 2219 πάλιν,
2614 2160 2743 2230 μετά
2767 2166 2936 2213 ταῦτα
2964 2160 3195 2228 ἐκαλυῷα
3225 2166 3313 2217 τὴν
3338 2162 3490 2218 αὐτην
3513 2158 3711 2231 ὑδρίαν.
3746 2163 3839 2215 καί

2234 2254 2484 2325 παραυτά
2509 2256 2837 2327 παρεγίνοντο
2859 2252 2985 2326 πρὸς
3006 2254 3141 2323 ἡμᾶς
3168 2254 3212 2305 οἱ
3238 2256 3357 2326 περὶ
3382 2254 3465 2306 τόν
3494 2251 3840 2329 ἀρχιμανδρί·

2234 2366 2325 2404 την
2352 2348 2439 2400 καί
2465 2344 2686 2400 διάκονον
2742 2344 3016 2399 Γεννάδιον.
3062 2348 3160 2400 Καὶ
3191 2349 3471 2417 συνιυχὼν
3498 2356 3584 2416 μόι
3621 2345 3708 2400 ἐπὶ
3742 2348 3839 2400 θύ-

2234 2458 2330 2510 ραν
2369 2444 2459 2493 τοῦ
2489 2437 2738 2496 σπηλαίου
2760 2478 2776 2504 ,
2809 2434 2919 2492 εἶπέ
2947 2459 3032 2509 μοι
3060 2454 3074 2468 '
3108 2455 3127 2488 ι
3168 2444 3345 2513 Δεῦρο,
3386 2440 3688 2510 είσῦθωμεν
3729 2439 3839 2494 ἴσω

2236 2531 2557 2603 ἀμφότεροι.»
2588 2534 2672 2586 Ital
2698 2532 2827 2603 μετὰ
2854 2532 2913 2587 τὸ
2942 2530 3203 2597 εὔξασθαι,
3233 2532 3387 2588 ἔδωκέ
3410 2556 3494 2605 μοι
3518 2536 3601 2590 τόν
3625 2537 3837 2590 ἀσπασ»

2236 2624 2329 2693 μὸν
2354 2626 2435 2677 καί
2464 2618 2574 2677 εἶπέ
2602 2644 2688 2693 μοι
2714 2638 2729 2653 ⁸
2765 2641 2783 2673 ι
2820 2620 3026 2699 Ὀραμα
3059 2620 3189 2679 εἶδον
3218 2626 3404 2691 ἐκεῖσε,
3450 2630 3517 2687 ὡς
3545 2626 3623 2682 ὄτι
3664 2629 3761 2701 ἐγώ
3782 2649 3840 2684 τε

2236 2717 2319 2770 καὶ
2346 2718 2411 2769 σὺ
2434 2716 2719 2786 ἑστήκαμεν
2752 2716 2803 2769 ιν
2840 2724 2914 2788 τῷ
2956 2716 3168 2772 ἐνταῦθα
3212 2719 3470 2791 σπηλαίῳ,
3501 2723 3616 2784 καί,
3646 2724 3799 2792 φησὶν
3820 2764 3835 2788 ,

2236 2804 2403 2884 ἄρτων
2428 2810 2611 2868 πλῆθος
2638 2809 2871 2864 ἀπέκειτο
2900 2810 2948 2862 ἐν
2974 2818 3045 2879 τῷ
3083 2812 3300 2865 ἐνταῦθα
3330 2812 3565 2884 σπηλαίῳ
3596 2814 3838 2886 καθαρῶν

2235 2910 2300 2963 ὡς
2328 2903 2534 2963 όῆλιος.
2586 2905 2678 2959 Καὶ
2724 2907 2860 2980 μερὶς
2908 2906 3075 2958 ἐπάνω
3122 2907 3305 2958 αὐτῶν.
3355 2910 3441 2960 Καὶ
3472 2904 3582 2960 ἰδοὺ
3616 2905 3839 2977 δ’ἇναμιτ

2235 2997 2429 3051 πολλῶν
2459 2998 2734 3069 ἀνθρώπων
2764 3001 3151 3069 κατερχομὲνων
3198 3000 3243 3052 ἐν
3292 3006 3365 3071 τῷ
3405 3000 3542 3071 αὑτῷ
3592 3000 3837 3069 σπηλαίῳ

2235 3092 2320 3144 καί
2346 3089 2621 3159 ὶλάμϐανον
2650 3089 2771 3165 παρ’
2799 3090 2936 3161 ἡμῶν
2961 3091 3064 3143 ἀπὸ
3108 3097 3206 3143 τῶν
3236 3094 3612 3166 προειρημένων
3640 3089 3835 3166 ἄρτων.

2236 3185 2339 3235 Καὶ
2367 3182 2531 3242 οὕτως
2556 3183 2646 3235 οὑκ
2683 3182 2971 3253 ἐξέλειψαν,
3012 3186 3095 3237 καὶ
3133 3184 3177 3239 οί
3203 3181 3453 3261 ἅνθρωποι
3488 3185 3837 3256 λαμϐάνοντες

2155 3264 2206 3330 G
2237 3277 2325 3329 οὐκ
2356 3276 2675 3338 ἐπαύσαντο,
2706 3277 2793 3328 καί
2822 3277 2960 3344 ἡμῶν
3002 3276 3310 3333 ἡττηθέντων
3342 3278 3445 3332 ἀπὸ
3493 3283 3593 3333 τῶν
3634 3278 3838 3335 πολλῶν

2239 3363 2428 3437 ὄχλων,
2458 3367 2673 3439 ἤρξαντο
2692 3368 2736 3420 οἱ
2756 3364 2900 3441 ἄρτοι
2930 3368 3167 3423 πέτεσθαι
3194 3372 3278 3423 ἰπὶ
3301 3372 3394 3431 τάς
3415 3373 3553 3443 ἡμῶν
3582 3380 3832 3448 χεῖρας.)

2239 3465 2331 3516 Καὶ
2383 3463 2511 3530 μετὰ
2556 3462 2616 3516 τὸ
2662 3458 3005 3531 διηγήσασθαι
3050 3463 3202 3517 αὑτὸν
3246 3469 3335 3523 την
3380 3462 3563 3539 ὅρασιν
3603 3468 3834 3534 ταύτην,

2240 3556 2383 3631 ἔφην’
2419 3575 2437 3607 ι
2478 3556 2632 3612 Καλόν
2660 3576 2755 3612 σου
2783 3559 2841 3611 τό
2870 3556 3057 3633 ὅραμα.
3095 3576 3112 3610 ι
3149 3562 3239 3613 Καὶ
3264 3557 3598 3631 λογισάμενος
3622 3603 3636 3625 ,
3666 3558 3833 3626 εἶπον,

2247 3669 2263 3700 ι
2296 3654 2356 3704 Τί
2382 3650 2510 3705 τέλει
2539 3657 2689 3705 τοῦτο
2718 3650 2778 3705 τό
2808 3648 2996 3727 ὅραμα;
3032 3668 3049 3701 ι
3079 3654 3167 3705 Καὶ
3212 3653 3362 3707 πάλιν
3376 3652 3735 3726 λογισάμενος,
3764 3649 3841 3707 εἷ-

2240 3764 2357 3809 πον,
2393 3760 2411 3791 ι
2440 3739 2557 3797 Ὀτι
2587 3745 2641 3797 ἐκ
2673 3748 2764 3797 τοῦ
2794 3748 2923 3797 Θεοῦ
2964 3744 3080 3798 ἐστι
3122 3750 3275 3799 τοῦτο
3329 3748 3385 3800 τὸ
3442 3744 3634 3821 ὅραμα.
3676 3763 3696 3798 ι
3734 3749 3841 3804 Ιίαέ

2239 3838 2392 3904 γνοὺς
2427 3833 2505 3891 ὅτι
2532 3838 2584 3889 ἐκ
2607 3842 2701 3889 τοῦ
2736 3843 2863 3890 Θεοῦ
2894 3838 3129 3911 ὑπάρχει
3154 3878 3168 3904 ,
3224 3836 3531 3908 ἀπεκάλυψα
3571 3839 3708 3909 αὖτῷ
3743 3845 3841 3899 τήν

2240 3927 2524 3997 ἐπιφάνειαν
2560 3932 2650 3981 τοῦ
2702 3926 2847 3998 ἁγίου
2874 3925 3125 3983 Ἰωάννου.
3181 3933 3271 3984 Καὶ
3320 3933 3565 4003 παραυτὰ
3612 3934 3842 3994 Rasum:

2241 4015 2404 4078 ἔννεὸς
2436 4016 2625 4087 ἔμεινε.
2658 4022 2745 4072 Καὶ
2765 4020 2951 4092 ἤρξατο
2969 4022 3304 4095 παρακαλεῖν,
3334 4041 3354 4074 ι
3389 4030 3481 4077 Ιιοῦ
3514 4025 3653 4079 ἑστιν
3698 4024 3725 4078 ὅ
3750 4022 3841 4081 τό·

2242 4126 2367 4176 πος;
2408 4129 2425 4161 ι
2464 4109 2591 4182 Ἑγώ
2631 4109 2685 4165 δέ
2723 4122 3056 4190 παραχρῆμα
3086 4115 3325 4180 ὑπέδειξα
3580 4124 3669 4175 καὶ
3710 4123 3840 4190 μετὰ

2241 4208 2409 4258 ταῦτα
2438 4205 2695 4276 ἐξήλθομεν
2736 4207 3028 4282 ἀμφότεροι,
3063 4212 3146 4261 καί
3186 4208 3471 4283 ἐλογιζόμην
3500 4215 3550 4267 τί
3587 4215 3840 4285 ὀφείλομεν

2240 4307 2477 4358 ποιῆσαι.
2513 4303 2601 4354 Καὶ
2629 4301 2896 4359 ὲσκόπησα
2938 4302 3185 4379 πρότερον
3213 4305 3440 4359 ἀπελθεῖν
3464 4350 3477 4373 ,
3521 4312 3603 4362 καί
3640 4311 3839 4363 ἀποκα-

2240 4390 2399 4464 λύψαι
2427 4399 2500 4466 τῷ
2530 4396 2702 4467 παπίᾳ
2722 4396 2972 4463 Στεφάνω,
3008 4402 3079 4465 τῷ
3110 4394 3494 4471 ἀρχιμανδρὶτη
3542 4405 3634 4453 τοῦ
3665 4412 3835 4475 Λαρω-

2242 4492 2379 4559 μίου,
2406 4488 2485 4541 ἵνα
2508 4487 2657 4546 αὐτὸς
2694 4489 2921 4561 γνωρίσῃ
2958 4495 3029 4557 τῷ
3063 4486 3347 4563 ἐπισκόπῳ.
3398 4493 3486 4545 Kal
3540 4493 3839 4554 ἀπελθόντες

2242 4581 2292 4638 ἒν
2312 4592 2384 4656 τῷ
2415 4583 2730 4659 μοναστηρίῳ
2758 4583 2928 4647 αὑτοῦ,
2961 4586 3053 4636 οὑκ
3077 4582 3287 4657 εὕρομεν
3317 4585 3467 4639 αὑτὸν
3490 4584 3575 4640 διὰ
3601 4587 3657 4640 τό
3686 4586 3838 4641 ἀπελ-

526 4668 863 4723 monasteria
891 4681 1012 4737 quae
1038 4676 1192 4723 erant
1219 4670 1273 4724 in
1303 4671 1497 4726 villulis
1526 4674 1837 4731 constituta.
1864 4675 1978 4748 Ego
2001 4695 2129 4737 vero

2236 4678 2333 4730 θεῖν
2360 4675 2507 4730 αὐτόν
2536 4675 2584 4729 ἐν
2616 4682 2726 4735 τοῖς
2772 4674 3076 4751 ἐπιχωρίοις
3122 4681 3505 4753 μοναστηρίοις.
3550 4681 3637 4732 Καὶ
3676 4680 3726 4732 ἐν
3763 4685 3836 4751 τῷ

526 4757 840 4832 Marcellus,
874 4777 1153 4818 assumens
1188 4762 1402 4833 fratres,
1450 4767 1591 4837 σαερί
1635 4769 1966 4839 diligentiam
2014 4789 2132 4828 mo-

530 4851 773 4907 nasterio
791 4853 937 4923 quod
950 4854 1107 4909 nobis
1128 4853 1309 4909 datum
1330 4855 1509 4912 fuerat
1524 4858 1833 4929 impendere
1860 4863 1982 4937 [al.,
2005 4864 2127 4918 dili-

531 4953 724 5017 genter
766 4943 1121 5017 impendere].
1172 4947 1414 5018 Dumque
1463 4950 1581 5007 loca
1629 4952 1739 5023 ipsa
1786 4956 2124 5023 mundamus,

512 5036 975 5111 ,veniensPetrus,
990 5040 1271 5111 presbyter
1292 5041 1397 5097 loci
1422 5042 1829 5113 Bethmamatis,
1861 5048 1933 5103 ait
1960 5049 2087 5103 mihi
2110 5067 2122 5102 :

536 5150 555 5183 ι
589 5129 916 5202 Stephanus,
959 5132 1372 5188 archimandrita
1411 5133 1843 5207 Bethgaalorum,
1878 5148 2127 5209 precatur

529 5232 587 5278 ut
632 5234 856 5296 propter
883 5225 1167 5283 Dominum
1216 5230 1493 5288 nobiscum
1525 5236 1710 5291 venias
1746 5236 1812 5291 ad
1843 5246 2123 5291 monaste-

528 5313 671 5369 rium
715 5315 863 5371 beati
901 5315 1148 5375 Carterii.
1189 5340 1208 5373 ι
1248 5320 1315 5377 Ει
1360 5327 1611 5397 respondi
1660 5343 1745 5381 me
1786 5328 1970 5383 venire
2014 5345 2125 5383 non

527 5419 711 5474 posse,
738 5408 864 5479 quia
894 5408 1223 5481 diligentiam
1268 5415 1388 5472 loco
1435 5418 1567 5473 mihi
1601 5418 1889 5473 commisso
1920 5418 2124 5489 depen-

539 5497 713 5555 lerem
738 5518 755 5556 :
782 5504 876 5572 qui
911 5509 1171 5579 compulit
1209 5526 1296 5566 me
1333 5527 1517 5567 secum
1554 5509 1844 5581 proficisci.
1883 5510 2125 5581 Cumque

525 5606 879 5664 pergeremus
929 5600 1148 5668 pariter,
1181 5601 1268 5657 aio
1312 5602 1378 5656 ad
1420 5617 1581 5656 eum:
1619 5619 1639 5653 ι
1675 5601 2043 5657 Ascendamus
2071 5611 2127 5659 et

508 5683 825 5777 ‘s‘alntemus
846 5686 1151 5761 Cyriacum,
1181 5694 1462 5749 diaconem
1488 5703 1543 5750 et
1571 5693 2068 5753 archimandritam.
2100 5715 2119 5749 ι

529 5772 1006 5853 Ascendentesque
1025 5793 1079 5838 et
1104 5785 1401 5840 salutantes
1424 5800 1570 5853 eum,
1602 5786 1863 5856 coepimus
1889 5788 1966 5841 ire
1986 5787 2127 5844 velle

488 5865 603 5955 λιιι
627 5869 937 5941 ρτωᾱίοιυιιι
965 5878 1351 5932 monasterium
1396 5878 1539 5935 beati
1587 5879 1833 5936 Carterii.
1880 5879 2131 5950 Dixitque

2239 4772 2373 4841 ἡμᾶς
2411 4769 2660 4824 ἐπανιέναι
2708 4769 2909 4834 ἐκεῖθεν,
2953 4769 3252 4842 ἐλογισάμην
3290 4771 3715 4842 μεταπέμψεσθαι
3753 4773 3836 4824 τὸν

2236 4863 2458 4919 διάκονον
2486 4865 2727 4941 κυριακὸν
2757 4860 3168 4939 άρχιμανδρίτην
3191 4872 3288 4919 τῶν
3316 4864 3364 4917 ἐν
3393 4873 3469 4938 τῷ
3498 4865 3620 4938 ἔερῷ
3648 4905 3661 4930 ,
3706 4867 3837 4919 ἀπο-

2234 4957 2460 5029 καλύψαι
2491 4961 2627 5028 αὐτῷ
2658 4957 2715 5012 τό
2756 4961 3040 5032 μυστήριον
3095 4966 3187 5019 τῆς
3239 4958 3529 5029 ἐπιφανείας
3570 4964 3658 5012 τοῦ
3691 4956 3834 5030 άγίον

2231 5047 2489 5104 Ἰωάννου.
2526 5053 2612 5103 καὶ
2640 5048 2921 5103 ἀπέστειλα
2950 5050 3035 5102 τόν
3068 5046 3275 5121 ἀδελφόν
3302 5046 3557 5104 ’ἰσαᾶκιον
3579 5091 3589 5111 ,
3644 5050 3831 5103 εἰπών·

2238 5161 2256 5192 ι
2298 5141 2593 5202 Σπουδαίως
2633 5148 2923 5216 παραγενοῦ
2964 5142 3060 5202 ἕως
3100 5145 3260 5214 ἡμῶν.
3300 5162 3318 5194 ι
3365 5147 3454 5197 Καὶ
3502 5150 3592 5199 τοῦ
3624 5140 3837 5215 ἀδελφοῦ

2233 5233 2553 5300 ἀπελθόντος,
2588 5235 2671 5288 καὶ
2702 5234 2930 5294 εἰπόντος
2977 5235 3137 5305 αὐτῷ,
3170 5243 3504 5313 παραχρῆμα
3532 5236 3836 5297 ὑπακούσας

2231 5326 2561 5399 παρεγένετο.
2606 5333 2766 5396 Ἠμῶν
2814 5325 2867 5381 δὲ
2910 5330 3293 5391 ἀσπασαμένων
3342 5330 3515 5394 αὑτὸν,
3552 5333 3637 5385 καὶ
3686 5330 3837 5389 αὐτὸς

2233 5414 2534 5489 ἀπήγγειλεν
2563 5418 2680 5485 ἡμῖν
2704 5418 2759 5470 τὸ
2783 5415 2976 5492 ὅραμα,
3012 5414 3037 5471 ὃ
3065 5415 3216 5484 εἶδεν,
3249 5416 3274 5472 ὃ
3306 5423 3387 5475 ναὶ
3432 5417 3489 5479 ἦν
3534 5428 3835 5492 συμφωνοῦν

2230 5513 2304 5579 τῷ
2325 5505 2547 5579 ὁράματι
2573 5512 2662 5563 τοῦ
2696 5506 2923 5563 διακόνου
2948 5508 3232 5564 Γενναδίου.
3264 5512 3435 5581 Εὐχὴν
3452 5511 3507 5566 δὲ
3528 5516 3834 5575 ποιήσαντες

2233 5600 2578 5674 ἐγνωρίσαμεν
2626 5604 2762 5672 αὑτῷ
2800 5608 2890 5661 τήν
2912 5603 3231 5674 ἀποκάλυψιν
3260 5611 3350 5658 τοῦ
3393 5603 3539 5677 ἁγίου
3559 5602 3783 5659 Ἰωάννου
3812 5644 3830 5671 ,

2231 5698 2316 5748 καὶ
2344 5692 2459 5766 ἔφη’
2497 5713 2514 5745 t
2548 5698 2609 5749 Τί
2652 5696 2829 5769 ὀφείλει
2876 5698 3144 5769 γενέσθαι;
3173 5716 3191 5749 ι
3226 5702 3316 5752 Καὶ
3360 5694 3500 5754 εἷπον
3529 5701 3649 5773 ἐγὼ,
3690 5715 3711 5749 ι
3744 5695 3830 5755 ¹ὅτι

2232 5788 2476 5864 συμφέρει
2501 5790 2748 5862 γνωρίσαι
2784 5796 2856 5857 τῷ
2891 5789 3150 5860 ἔπισκόπῳ
3178 5794 3297 5868 περὶ
3320 5792 3524 5846 τούτου.
3560 5794 3659 5845 Καὶ
3683 5791 3828 5846 πάλιν

2235 5878 2475 5953 μαθόντες
2505 5880 2587 5937 ὅτι
2612 5885 2670 5935 οὐ
2696 5883 3002 5957 παρεγένετο
3032 5884 3058 5940 ὀ
3086 5888 3283 5949 παπίας
3318 5887 3556 5961 Στέφανος
3595 5886 3828 5961 όκρρῤ..
