4060 6364
194 418 320 480 :29

767 409 1113 475 HISTORIA?)
1153 413 1587 473 INVENTIONIS
1625 410 1894 472 CAPITIS
1931 411 1989 469 S.
2030 407 2308 480 JOANNIS
2355 403 2928 462 INTEBPRETATIO.

3394 405 3500 463 450

197 537 346 593 milii
373 534 632 612 l(Syriacus
656 532 954 588 diaconus:
988 550 1006 582 ι
1037 529 1286 600 Nunquid
1332 536 1618 606 propterea
1655 526 1810 583 veni-

1942 525 2082 585 ἷηθείς
2132 521 2542 599 ἀρχιμανδρίτης
2580 523 2680 576 ἀπὸ
2724 527 2823 576 τῶν
2867 518 3160 596 ἔπικώριων
3192 559 3206 584 ,
3248 519 3507 592 ἐμείναμεν

197 632 303 696 sti,
337 638 393 685 ut
421 629 541 684 sine
579 642 730 682 mora
760 625 1096 692 discederes?
1133 643 1150 677 ι
1187 624 1286 680 Cui
1326 623 1576 702 respondi
1610 663 1624 676 .
1653 641 1672 674 ι
1708 619 1812 675 Ne-

197 737 370 778 cesse
395 730 476 776 est
516 730 575 776 ut
614 719 863 775 celeriter
908 717 1262 783 ambulemus,
1295 717 1419 788 quia
1450 717 1700 771 traditum
1732 721 1814 769 est

199 813 374 867 nobis
412 812 480 888 ab
523 810 778 881 episcopo
810 816 864 863 et
895 807 1040 862 aliud
1083 807 1469 862 monasterium
1506 807 1592 862 cui
1628 819 1814 884 curam

200 906 484 980 instanter
506 901 882 973 impendimus.
915 919 938 949 ›
967 899 1371 978 Descendentes
1410 898 1591 968 itaque
1621 911 1816 969 perve-

201 983 396 1072 nimus
438 995 508 1049 ad
550 981 938 1072 monasterium
975 1007 1120 1063 smpe
1159 1000 1552 1072 memoratum;
1586 1005 1818 1061 cumque

200 1065 605 1156 {alutassemus
635 1086 848 1162 fratres,
883 1085 1194 1158 ordinantes
1215 1069 1337 1156 quas
1367 1094 1522 1140 erant
1565 1099 1816 1140 necessa-

201 1165 322 1245 ria,
374 1167 797 1232 reverteba'mur.
849 1177 1045 1231 Dicunt
1095 1176 1224 1230 mihi
1271 1175 1479 1248 praefati
1525 1174 1716 1231 Petrus
1763 1183 1821 1230 et

204 1267 548 1345 Stephanus,
573 1269 872 1340 presbyteri
895 1267 1356 1322 archimandriun:
1389 1287 1408 1320 ι
1442 1267 1571 1322 Vale
1594 1263 1820 1322 dicimus

207 1361 353 1429 tibi;
382 1377 478 1416 ora
510 1377 607 1431 pio
638 1360 810 1415 nobis.
848 1379 867 1412 ι
907 1357 1040 1414 Tum
1069 1361 1156 1415 aio
1184 1360 1250 1415 ad
1280 1376 1377 1417 eos
1404 1380 1419 1415 ι
1449 1380 1466 1412 ι
1503 1360 1674 1416 Hodie
1704 1377 1823 1417 mo-

209 1453 517 1507 nasterium
574 1437 929 1526 suscepimus,
976 1461 1031 1508 et
1083 1454 1242 1510 vultis
1290 1454 1474 1509 abire?
1525 1453 1819 1522 Snstinete,

209 1560 433 1615 qumso,
463 1553 519 1600 et
548 1543 902 1600 consolamini
937 1560 1067 1612 nos;
1106 1565 1125 1598 ι
1162 1555 1216 1600 et
1247 1546 1402 1614 coegi
1433 1531 1555 1600 eos.
1581 1544 1825 1616 Cumque

207 1651 451 1706 vespera
500 1634 640 1692 facta
689 1629 855 1706 esset,
902 1645 1029 1709 post
1075 1638 1376 1707 orationes,
1415 1638 1548 1716 cibo
1586 1647 1824 1710 sumpto,

209 1727 528 1804 quievimus
561 1745 574 1781 :
607 1727 683 1782 illi
714 1728 873 1783 ambo
903 1718 957 1783 in
1001 1729 1233 1785 triclinio
1281 1731 1580 1801 superiore,
1620 1744 1720 1804 ego
1751 1731 1826 1803 ibi

208 1816 446 1889 quidem
476 1803 529 1873 in
556 1813 812 1875 interiore
839 1819 1105 1876 cubiculo.
1793 1807 1796 1816 ’

1916 620 2111 698 ἡμέρας
2143 616 2291 696 πέντε
2336 612 2733 694 ἀπεκδεχόμενοι
2756 615 2931 670 αὐτόν.
2965 614 3204 683 ὶαϐϐάτῳ
3245 611 3298 668 δὲ
3343 611 3502 675 δείλη.

1918 713 2056 781 ἡμῶν
2101 710 2387 780 καθημένων
2428 710 2512 762 καὶ
2574 706 2900 776 aenos-xm,
2956 708 3185 780 ἐξαίφνης
3237 709 3510 768 τυπτηθείς

1919 803 2095 859 ἐπὶτά
2139 801 2363 878 γόνατα,
2391 799 2639 878 δκάμφθην
2668 797 2809 866 ὅλος,
2849 802 2934 854 καί
2972 799 3063 854 οὐκ
3102 796 3346 866 ἠδυνήθην
3392 795 3512 854 οὔτε

1920 896 2245 959 σαλευθῆναι,
2263 890 2379 948 οὔτε
2406 893 2705 961 ἀναστῆναι,
2731 889 2848 946 οὔτε
2876 888 2993 946 ἄλλο
3029 913 3082 948 τι
3103 901 3334 952 ποιῆσαι.
3365 887 3531 956 Εἶπον⁸

1921 985 2010 1042 οὖν
2033 989 2074 1040 οἵ
2105 991 2224 1061 περὶ
2253 988 2339 1043 τὸν
2361 984 2588 1041 διάκονον
2642 982 2902 1048 Γεννάδιον
2929 987 3017 1038 καί
3052 985 3316 1060 ιυριακὸν⁶
3351 1001 3371 1036 ε
3411 986 3517 1039 Οὐκ

1921 1079 2105 1157 ἔφημεν
2131 1101 2232 1143 σοι,
2272 1076 2351 1132 ὅτι
2380 1077 2668 1146 εἰσέλθωμεν
2691 1077 2775 1129 καί
2801 1077 3131 1150 γνωρίσωμεν
3153 1079 3275 1150 περὶ
3323 1077 3511 1133 τούτου
3556 1099 3564 1111 ~

1922 1181 1994 1241 τῷ
2021 1169 2302 1240 ἐπισκόπῳ,
2326 1165 2504 1226 ἐπειδὴ
2535 1169 2556 1218 ὁ
2583 1169 2784 1227 παπίας
2820 1167 3059 1237 Στέφανος
3103 1165 3248 1221 οὔπω
3292 1164 3464 1230 ﬂent;
3494 1184 3514 1218 ε

1923 1263 2050 1338 Ἐσγώ
2073 1261 2127 1319 δί
2158 1261 2337 1335 ἔμεινα
2365 1259 2604 1330 μειζόνως
2633 1259 3053 1339 βασανιζόμενος·
3085 1259 3229 1314 αὐτοὶ
3249 1256 3305 1314 δὲ
3325 1259 3523 1332 πληρὼ-

1926 1375 2111 1417 σαντες
2138 1360 2229 1414 τήν
2262 1353 2550 1430 ὑπηρεσίαν
2579 1357 2666 1408 την
2698 1351 2960 1430 ἑσπερινήν
2980 1390 2996 1414 ,
3027 1354 3110 1405 καί
3139 1351 3357 1424 ἐλθόντες
3396 1347 3526 1405 ὅπου

1926 1448 2208 1517 ἀνεκείμην,
2239 1441 2549 1517 ἀπήγγειλαν
2581 1441 2823 1514 λέγοντες,
2855 1457 2875 1494 ε
2905 1440 2983 1498 ὅτι
3009 1443 3280 1515 ὠμόσαμεν
3306 1449 3380 1518 τῷ
3400 1441 3528 1516 ἁγίῳ

1923 1540 2132 1616 Ἰωάννῃ
2160 1541 2246 1593 καὶ
2272 1535 2627 1609 ἀνεδεξάμεθα,
2659 1533 2736 1592 ὅτι
2765 1536 2864 1612 πρὸ
2886 1536 3134 1591 ἀνατολῶν
3160 1537 3302 1596 ἡλίου
3329 1537 3525 1610 μανθάέ

1928 1632 2047 1690 νειὸ
2080 1632 2376 1690 ἐπίσκοπος.
2410 1648 2428 1681 t
2455 1628 2582 1702 ἐγώ
2618 1627 2670 1684 δὲ
2715 1629 2846 1702 πρὸς
2891 1629 3076 1688 αὐτοὺς
3113 1623 3278 1693 εἶπον,
3308 1617 3336 1679 ε’
3359 1628 3530 1689 Καλῶς

1935 1709 2298 1792 συνετάξασθε.
2338 1745 2356 1778 ε
2393 1727 2484 1779 Καὶ
2510 1732 2847 1799 παραχρῆμα
2883 1724 3178 1796 ἕκουφίσθην
3208 1725 3266 1777 ἐκ
3412 1720 3531 1780 ὀδυ-

1931 1827 2044 1873 νῶν.
2100 1820 2192 1873 Καί
2237 1825 2299 1892 τῇ
2351 1814 2568 1890 ίπιοῦση
2605 1809 2816 1889 κυριακῇ
2861 1816 3026 1892 ἡμέρᾳ
3071 1814 3180 1884 ἄμα
3211 1822 3283 1884 τῷ
3324 1808 3533 1884 διακόνῳ

297 1906 541 1979 Cumque
553 1905 840 1964 dormirem
855 1924 918 1964 ea
933 1909 1049 1983 ιαμ,
1066 1907 1265 1981 media]
1280 1919 1442 1986 nocto
1457 1912 1510 1967 in
1525 1928 1631 1984 qua
1643 1929 1833 1968 mona-

1942 1919 2175 1987 Κυριακχν
2203 1912 2288 1965 καί
2309 1908 2563 1978 Ἰουλιανῷ
2602 1910 2866 1978 μονάζοντι
2905 1907 3233 1971 εἰσελθόντες,
3259 1909 3531 1984 ἐγνωρίσα-

209 1999 377 2057 sterii
408 2001 495 2056 vel
525 1999 794 2072 speluncae
837 2011 1086 2072 apertum
1117 2011 1198 2058 est
1227 2003 1444 2070 ostium,
1484 1995 1585 2060 hoc
1613 2016 1716 2075 est,
1742 2022 1829 2061 se-

209 2094 413 2168 quenti
453 2093 538 2148 die
577 2093 732 2148 tertia
775 2093 1006 2161 sabbati,
1047 2101 1168 2166 post
1209 2098 1482 2154 orationes
1513 2103 1827 2169 nocturnas,

211 2185 385 2256 quasi
415 2200 608 2240 manus
637 2185 736 2240 viri
763 2185 1000 2256 pulsavit
1027 2197 1112 2241 me
1147 2191 1306 2243 tertio
1337 2190 1388 2243 in
1418 2177 1828 2260 dextroilatere,

212 2287 277 2334 et
338 2277 516 2333 audivi
566 2293 757 2335 vocem
811 2294 1059 2350 magnam
1114 2283 1384 2338 dicentem
1444 2283 1575 2338 mihi
1630 2303 1642 2338 :
1694 2283 1830 2340 Ecce

213 2374 419 2427 ostium
448 2383 681 2443 apertum
711 2383 806 2441 est,
841 2385 888 2429 et
918 2373 1034 2430 ideo
1064 2393 1313 2447 cognosce
1349 2394 1461 2431 eum
1494 2379 1579 2449 qui
1617 2378 1707 2432 tibi
1738 2395 1834 2450 pa-

215 2469 407 2538 tefecit
447 2461 757 2539 ingressum,
789 2483 852 2520 ne
891 2470 1025 2537 forte
1073 2463 1324 2540 negligas.
1369 2459 1483 2539 Ego
1530 2485 1661 2525 vero
1708 2486 1833 2526 cum

215 2573 428 2629 magno
465 2555 667 2616 timore
711 2575 1007 2617 conversus
1057 2559 1258 2631 assedi,
1309 2570 1364 2617 et
1413 2562 1572 2617 video
1621 2563 1833 2618 stellam

217 2653 540 2711 ﬂammeam
564 2657 618 2712 in
649 2645 788 2712 ostio
817 2657 905 2712 ubi
935 2651 1298 2729 quiescebam.
1331 2641 1700 2729 Majoremque
1730 2671 1840 2712 me-

219 2753 348 2802 tum
379 2743 711 2818 concipiens,
752 2749 960 2816 signavi
1004 2762 1092 2803 me
1121 2763 1282 2804 cruce
1310 2735 1529 2810 Christi,
1564 2743 1620 2802 et
1651 2747 1739 2801 illa
1770 2746 1838 2803 de

227 2837 366 2893 loco
395 2839 488 2894 illo
516 2839 738 2895 minime
777 2850 924 2895 mota
967 2848 1069 2896 est.
1121 2839 1340 2920 Surrexi
1391 2835 1592 2910 itaque,
1624 2846 1679 2895 et
1717 2839 1838 2895 misi

220 2945 431 2988 manus
472 2932 525 2987 in
573 2934 714 2988 ostio
765 2933 855 2988 ubi
906 2941 1044 3001 erat,
1090 2941 1147 2989 et
1192 2937 1392 2991 rursus
1421 2925 1640 2989 inventa
1670 2934 1840 2990 estin

224 3023 378 3080 ostio
393 3025 663 3094 sequenti.
679 3021 819 3081 Cum
835 3021 1127 3096 aperissem
1147 3019 1268 3100 [legl
1286 3017 1641 3098 aperuisseni]
1659 3015 1839 3082 autem

225 3113 456 3185 ostium,
491 3135 627 3174 unus
665 3135 730 3174 cx
779 3119 861 3175 bis
894 3120 985 3192 qui
1016 3117 1211 3175 ibidem
1243 3119 1617 3191 quiescebant,
1650 3120 1837 3175 sensit.

226 3208 310 3264 Et
351 3226 474 3265 cum
505 3211 572 3288 ad
608 3211 902 3288 secundum
941 3212 1313 3282 pervenissem
1362 3195 1582 3279 ostium,
1623 3212 1842 3267 inventa

1933 2026 2024 2078 μεν
2052 2011 2126 2078 τῷ
2173 2004 2431 2075 ἐπισκὸπῳ
2455 2003 2703 2080 Οὖρανίῳ,
2719 2001 2818 2057 ἀπὸ
2839 2009 2939 2057 τῶν
2959 2002 3169 2056 ἑωθινῶν
3191 2003 3532 2076 ἐξερχομένῳ,

1934 2099 2184 2161 εἰπόντες,
2216 2091 2293 2151 ὅτι
2320 2095 2344 2149 ὅ
2382 2093 2525 2168 ἅγιος
2558 2093 2785 2154 Ἰωάννης
2813 2094 2837 2148 ὁ
2863 2093 3155 2166 βαπτιστής
3176 2100 3267 2147 τοῦ
3310 2085 3535 2170 Χριστοῦ

1935 2173 2284 2261 ἀπεκαλύφθη.
2337 2187 2499 2247 Δῦτὸς
2537 2184 2588 2240 δὲ
2621 2187 2870 2250 ἀκούσας,
2917 2185 3074 2247 ἓννεὸς
3101 2183 3284 2258 ἔμεινε,
3315 2187 3400 2240 καί
3427 2180 3537 2241 εἷπε

1935 2285 2006 2354 μη
2034 2282 2212 2350 μαθεῖν
2234 2299 2368 2342 τινα,
2387 2281 2476 2332 καῖ
2494 2275 2670 2349 μηδείς
2697 2279 2851 2332 αὐτοῦ
2878 2275 3095 2348 ἅψηται.
3129 2279 3222 2332 Καί
3243 2265 3540 2350 εἶπενάὐτῷ

1938 2373 1963 2428 ὁ
1992 2371 2221 2434 διάκονος
2251 2370 2585 2450 Κυριακὸς⁶ἐ
2617 2370 2737 2425 Πότε
2773 2368 2948 2445 ἔρχῇ;
2978 2355 3002 2420 »³
3033 2379 3088 2448 Ὀ
3130 2365 3184 2424 di
3215 2369 3246 2435 ,’
3268 2363 3491 2448 (Αὔριον
3521 2408 3538 2434 ,

1939 2469 2082 2539 φησί,
2115 2467 2486 2539 παραγίνομαι.
2519 2481 2538 2514 ι
2575 2463 2978 2536 Παραγενόμενος
3028 2460 3082 2516 δί
3246 2461 3358 2525 ἑξης
3403 2462 3538 2536 μετά

1938 2557 2306 2634 πρεσϐυτέρων
2343 2559 2430 2610 καί
2466 2554 2700 2610 διακόνων
2724 2595 2741 2622 ,
2790 2556 3094 2616 ἐπιστάντες
3135 2551 3208 2623 τῷ
3246 2555 3418 2624 τόπῳ,
3450 2577 3541 2609 πε-

1939 2651 2119 2715 σόντες
2145 2645 2562 2728 προσεκῦνησαν.
2611 2649 2827 2720 Μάλχος
2863 2635 2973 2704 δέὁ
3001 2651 3360 2727 πρεσϐύτερος
3378 2646 3456 2713 ἐἷς
3479 2647 3544 2706 ὧν

1943 2743 2055 2817 ἅμα
2093 2752 2196 2801 τῶν
2236 2739 2680 2801 ἀκολουθησάντων
2732 2749 2805 2815 τῷ
2857 2737 3122 2813 ἔπισκόπῳ
3179 2741 3544 2801 δυσπιστησας

1944 2835 2077 2894 εἴπεο
2109 2855 2128 2888 ε
2160 2835 2314 2892 Πόθεν
2344 2843 2495 2890 τοῦτο
2525 2832 2694 2898 δῆλον,
2731 2832 2809 2888 ὅτι
2852 2837 2882 2891 ἡ
2916 2825 3101 2906 κεςαλη
3134 2841 3223 2888 τοῦ
3263 2827 3545 2908 Προδρομου

1941 2931 2198 3008 τυγχάνει
2234 2932 2388 2997 αὖτηξ
2421 2951 2438 2984 ι
2473 2933 2575 2986 udi
2597 2929 2845 2986 ἐπιϐαλὼν
2868 2937 2957 2989 τήν
2977 2937 3138 3006 χεῖρα
3163 2930 3322 2984 αὐτοῦ
3352 2930 3434 2982 ἐπὶ
3457 2936 3546 2989 την

1945 3025 2153 3103 ὑδρίαν,
2175 3036 2512 3106 παραχρῆμα
2540 3011 2626 3081 τοῦ
2657 3025 2894 3097 ἅψασθαι
2918 3035 3011 3084 τῆς
3048 3011 3236 3106 τριχὸς
3261 3065 3273 3086 .
3295 3011 3548 3106 ’ἐξηράνθη

1949 3123 1980 3180 ἡ
2008 3123 2131 3198 χείρ
2157 3121 2332 3184 αὐτοῦ,
2363 3123 2451 3174 καί
2474 3118 2700 3176 ἐκολλήθη
2730 3125 2801 3189 τῷ
2840 3117 3066 3188 στόματι
3103 3109 3195 3178 τῆς
3220 3114 3434 3192 ὑδρίας,
3466 3120 3550 3176 και

1948 3215 2036 3270 οὐκ
2063 3204 2463 3276 ἠδύνατοαῦτην
2483 3216 2809 3271 ἀποσπάσαι.
2835 3210 3092 3276 Ἐκτενοῦς
3122 3213 3175 3268 δὲ
3212 3213 3321 3286 ἅμα
3345 3217 3550 3273 πάντων

227 3311 327 3360 est
361 3303 518 3358 stella
553 3282 607 3358 in
647 3279 786 3360 osﬁo
832 3303 1024 3360 tertio.“
1053 3299 1269 3360 'D'einde
1310 3301 1587 3376 conspicio
1621 3295 1836 3359 'eam‘in

1951 3307 2221 3385 ’γενομένης
2247 3312 2409 3381 εὐχῆς
2438 3352 2452 3375 ,
2497 3312 2579 3364 καί
2618 3312 2819 3364 πάντων
2847 3297 3160 3374 δοξαζόντων
3181 3312 3269 3366 τὸν
3296 3311 3435 3374 Θεὸν,
3466 3313 3552 3368 και

230 3396 594 3452 interioribus
614 3395 774 3452 scalae
803 3397 1073 3467 gradibus.
1101 3395 1270 3452 Erant
1289 3404 1469 3452 autem
1496 3385 1632 3452 os'iia
1653 3396 1850 3452 utrius-

230 3503 354 3559 que
376 3489 686 3544 monasterii
705 3489 970 3559 patel‘acta
995 3483 1267 3559 Similiter,
1282 3497 1334 3545 et
1355 3479 1625 3560 speluncae
1647 3488 1846 3545 ostium

233 3589 457 3652 patens.
492 3580 560 3635 Et
603 3597 731 3637 ecce
777 3582 1114 3653 praecedebat
1160 3598 1248 3639 me
1277 3575 1440 3640 'stella
1471 3571 1619 3654 ipsa,
1642 3569 1846 3652 'et'ego

235 3688 478 3743 sequens
507 3689 647 3739 eam,
681 3675 953 3744 ingressus
986 3689 1104 3730 sum
1134 3687 1306 3744 usque
1339 3663 1484 3731 dum.
1513 3665 1584 3730 in”
1605 3673 1846 3730 absidula

237 3765 516 3836 spelunca:
541 3766 812 3832 constitit;
836 3774 892 3822 et
910 3766 1100 3822 videns
1129 3765 1234 3822 hoc
1259 3753 1606 3832 miraculum,
1625 3764 1848 3820 adoravi

239 3856 536 3913 Dominum
577 3873 778 3928 pronus
813 3859 869 3913 in
909 3861 1244 3929 terram'per
1285 3857 1448 3914 horas
1491 3857 1707 3911 multas.
1741 3853 1849 3911 Re-

238 3949 502 4006 cordatus
529 3965 648 4005 sum
674 3965 807 4005 vero
846 3953 991 4020 quod
1018 3951 1261 4020 hospites
1283 3929 1850 4006 h’aberem'venerabi-

238 4042 329 4100 les
366 4043 510 4098 viros
551 4041 771 4098 Petrum
799 4052 855 4098 et
892 4043 1250 4113 Stephanum,
1283 4043 1629 4115 presbyteros
1670 4048 1724 4095 et
1762 4034 1848 4093 ar-

240 4135 653 4198 chimandritas,
684 4142 742 4189 et
775 4149 844 4188 ne
877 4135 1284 4203 suspicarentur
1313 4132 1404 4187 ubi
1445 4127 1603 4186 nOcte
1631 4129 1846 4195 fuerim,

243 4230 318 4286 ab
368 4229 616 4284 oratione
663 4228 898 4282 surrexi.
951 4225 1372 4295 Ascendensque
1425 4240 1676 4284 rursum,
1727 4237 1850 4277 cum

242 4322 445 4378 vellem
474 4321 676 4392 ingredi
704 4323 1030 4387 cubiculum,
1062 4319 1248 4375 dicunt
1278 4319 1406 4374 mihi
1435 4337 1448 4372 :
1480 4337 1498 4370 ι
1535 4315 1637 4371 Ubi
1669 4313 1852 4371 tandiu

245 4413 434 4468 fuisti?
462 4433 482 4466 ε
511 4412 786 4484 Respondi
815 4432 829 4467 :
864 4432 882 4465 ι
917 4412 1054 4480 Quia
1086 4413 1153 4467 ad
1182 4427 1317 4482 opus
1363 4403 1725 4466 necessarium
1755 4410 1848 4465 'de-

245 4506 458 4561 scendi.
497 4524 518 4558 ι
553 4503 798 4576 Cumque
850 4503 1045 4561 vellem
1092 4504 1316 4560 introire
1368 4501 1460 4558 ubi
1510 4503 1848 4573 quieveram,

248 4598 439 4653 dicunt
474 4598 606 4654 mihi
636 4617 649 4652 :
681 4617 701 4650 ι
737 4597 942 4654 Rursus
972 4597 1304 4666 ingrederis?
1334 4615 1352 4648 ι
1388 4596 1456 4650 At
1485 4607 1586 4664 ego
1615 4595 1852 4650 sentiens

1952 3401 2200 3476 δεομένων
2249 3405 2480 3464 ἀνεθῆναι
2532 3403 2688 3458 αὐτὸν
2719 3447 2732 3469 ,
2779 3403 2919 3474 μόλις
2949 3408 3069 3460 ποτε
3120 3411 3210 3464 την
3261 3407 3351 3475 μὲν
3389 3411 3552 3483 χεῖρα

1950 3499 2250 3553 ἀπέσπασε.
2281 3499 2539 3568 Μεμένηκε
2571 3492 2626 3550 δὲ
2655 3495 2816 3556 οὕτως
2845 3496 3148 3551 ἀσθενοῦσα.
3179 3506 3234 3550 ⁸0
3257 3495 3310 3552 δέ
3338 3498 3551 3553 ἐπίσκο-

1952 3612 2050 3653 πος
2089 3592 2185 3646 σῦν
2211 3598 2314 3650 τοῖς
2363 3581 2796 3668 παραγενομένοις
2829 3590 2971 3663 αὐτῷ
3021 3595 3190 3656 πᾶσι,
3237 3591 3404 3664 λαϐὼν
3461 3600 3552 3651 την

1953 3679 2099 3752 ἀγίαν
2125 3677 2306 3755 ὑδρίαν
2339 3681 2436 3734 σὺν
2466 3686 2538 3752 τῷ
2574 3678 2882 3749 ἀποκιιμὲνῳ
2931 3682 3176 3755 θησαυρῷ
3200 3721 3216 3749 ,
3257 3682 3473 3739 ἀπέθετο
3503 3681 3553 3736 ἓν

1952 3780 2026 3846 τῷ
2056 3769 2322 3844 διακονικῷ
2351 3779 2442 3831 τῆς
2466 3770 2754 3842 ἁγιωτάτης
2795 3770 3078 3836 ἐκκλησίας,
3128 3772 3224 3834 ἕως
3263 3767 3322 3826 οὗ
3359 3771 3552 3828 οἰκοδο-

1952 3865 2084 3936 μήθη
2111 3863 2167 3918 τὸ
2185 3864 2459 3943 μαρτύριον
2488 3851 2779 3918 αὐτοῦλίαί
2804 3862 3086 3933 μελλόντων
3107 3868 3197 3922 την
3218 3861 3366 3934 ἁγίαν
3395 3864 3551 3917 αὐτοῦ

1954 3959 2231 4013 κατάθεσιν
2283 3965 2448 4012 ποιεῖν
2478 3997 2492 4020 ,
2538 3957 2668 4025 ἅφθη
2717 3954 2742 4009 ὁ
2794 3951 3081 4032 Πρόδρομος
3132 3955 3181 4008 ἐν
3223 3954 3445 4026 ὁράματι
3479 3962 3552 4025 τῷ

1955 4045 2304 4107 ἀπιστήσαντι
2333 4039 2700 4123 πρεσϐυτέρῳ,
2733 4050 2819 4100 καί
2852 4067 2973 4116 φησι
3010 4045 3140 4120 πρὸς
3169 4048 3323 4102 αὐτὸν
3354 4066 3372 4097 ε
3405 4045 3485 4101 ὅτι
3510 4049 3554 4099 ἐν

1960 4147 2024 4216 τῇ
2062 4135 2263 4216 προόδῳ
2307 4147 2407 4194 τῶν
2457 4139 2766 4192 καταθεσίων
2797 4158 2896 4207 μου
2942 4137 3105 4196 ἐπίθες
3148 4144 3237 4196 τήν
3270 4139 3428 4212 χεῖρά
3457 4158 3552 4190 σου

1957 4232 2092 4285 κατά
2113 4236 2203 4291 τῆς
2229 4219 2428 4304 ὑδρίας,
2463 4231 2548 4282 καὶ
2584 4236 2914 4301 παραχρῆμα
2953 4228 3157 4300 ἰαθήση.
3198 4247 3215 4278 ε
3263 4231 3365 4281 Καὶ
3399 4235 3553 4282 τοῦτο

1957 4327 2198 4389 ποιήσας,
2243 4317 2633 4378 ἀποκατεστάθη
2659 4321 2825 4392 ὑγιής.
2857 4319 3080 4390 Ἐγένετο
3109 4317 3163 4374 δέ
3189 4320 3253 4374 τὰ
3278 4321 3557 4375 καταθέσια

1957 4419 2048 4468 τοῦ
2071 4412 2220 4484 ἀγίου
2243 4409 2537 4487 Προδρόμου
2569 4414 2650 4463 καί
2678 4416 2969 4463 Βαπτιστοῦ
2992 4409 3225 4464 Ἰωάννου
3265 4410 3316 4466 ἒν
3353 4417 3426 4484 τῷ
3459 4412 3557 4466 αὐ⁹

1957 4509 2046 4557 τοῦ
2074 4509 2198 4576 ναῷ,
2233 4505 2348 4572 μηνὶ
2390 4499 2678 4574 Ὀκτωϐρὶῳ
2706 4541 2718 4564 ,
2744 4497 2906 4554 εἰκάδι
2949 4501 3093 4574 ἕκτη,
3138 4508 3231 4557 τοῦ
3269 4504 3446 4579 τρίτου
3476 4506 3559 4558 καί

1959 4595 2234 4658 ἑξηκοστοῦ
2259 4598 2341 4648 καί
2369 4587 2770 4650 ἑπτακοσιοστοῦ
2814 4591 2957 4654 ἔτους
2977 4639 2991 4662 ,
3041 4593 3347 4660 ίνδικτιῶνος
3386 4599 3555 4661 ἕκτης,

250 4693 543 4749 attonitum
583 4709 670 4750 me
711 4694 913 4750 factum
943 4708 1015 4749 ex
1045 4693 1378 4748 revelatione
1401 4706 1561 4761 quam
1591 4691 1836 4746 videram

1962 4687 2044 4740 ἐπί
2068 4693 2160 4752 τῆς
2189 4688 2435 4747 εὐσεϐοῦς
2465 4685 2728 4757 βασιλείας
2777 4693 2876 4741 τῶν
2911 4683 3263 4765 ¹ςωιλοχρίιίιτων
3293 4695 3433 4762 ἡμῶν
3473 4697 3561 4749 καί

250 4790 469 4842 veniam
514 4788 732 4857 poposci
759 4796 1014 4860 tanquam
1043 4787 1369 4852 malesanus,
1400 4795 1457 4841 et
1482 4785 1856 4842 continuo'me

253 4878 461 4946 recepi.
487 4877 783 4947 Postquam
803 4895 934 4934 vero
961 4893 1118 4934 mane
1147 4878 1345 4934 factum
1370 4885 1469 4942 est,
1493 4875 1859 4932 valedicentes

257 4967 413 5031 mihi,
460 4966 528 5020 ad
577 4968 820 5035 proprias
859 4969 1080 5024 cellulas
1126 4971 1393 5025 abierunt.
1444 4967 1556 5037 Ego
1595 4983 1726 5024 vero
1766 4967 1859 5022 ubi

256 5058 488 5132 profecti
525 5066 653 5113 sunt
673 5057 938 5123 'dilueulo,
977 5061 1209 5130 praecepi
1240 5061 1495 5117 fratribus
1521 5060 1614 5130 qui
1644 5061 1855 5115 mecum

258 5161 419 5207 erant
449 5168 462 5204 :
496 5169 515 5202 ι
547 5148 794 5206 Claudite
836 5149 1049 5220 januas,
1092 5162 1374 5208 manentes
1413 5154 1771 5219 extrinsecus,
1801 5160 1858 5207 et

261 5243 309 5299 si
341 5243 478 5298 forte
516 5243 712 5313 aliquis
749 5241 818 5297 ad
863 5241 1244 5313 requirendum
1273 5247 1500 5310 venerit,
1530 5254 1854 5317 occupatum

1968 4780 2191 4834 εὐσεϐῶν
2222 4784 2306 4836 καὶ
2338 4780 2611 4856 ὀρθοδὸξων
2640 4781 2886 4851 βασιλέων
2912 4784 3318 4841 Οὐαλεντινιανοῦ
3338 4779 3430 4842 τοῦ
3450 4791 3560 4842 νέου

1970 4877 2055 4928 καί
2083 4882 2376 4948 Μαρκιανοῦ
2399 4883 2496 4928 τῶν
2523 4876 2858 4947 ἀειμνήστων.
2895 4879 2982 4938 Εἰς
3028 4875 3174 4942 δόξαν
3218 4885 3300 4935 καὶ
3353 4880 3560 4937 ἔπαινον

1971 4972 2061 5021 τοῦ
2093 4969 2310 5038 μεγάλου
2343 4973 2469 5020 Θεοῦ
2498 4971 2577 5021 καὶ
2611 4978 2843 5044 σωτῆρος
2875 4965 3014 5041 ἡμῶν
3042 4968 3200 5028 Ἰησοῦ
3230 4980 3452 5047 Χριστοῦ
3479 5015 3493 5038 ,
3520 4973 3561 5049 ᾧ

1971 5060 2003 5116 ἡ
2034 5056 2153 5122 δόξα
2185 5057 2294 5128 ἅμα
2339 5068 2411 5132 τῷ
2463 5063 2708 5138 ἀχράντῳ
2767 5066 2922 5142 Πατρί
2968 5066 3055 5117 καί
3091 5071 3166 5138 τῷ
3206 5055 3436 5140 πανασγίῳ
3484 5070 3564 5122 καί

1968 5153 2202 5224 ζωοποιῷ
2252 5152 2506 5224 πνεύματι
2550 5156 2621 5213 εἰς
2659 5157 2782 5216 τοὺς
2812 5159 3000 5217 αἰῶνας
3023 5163 3123 5211 τῶν
3149 5158 3356 5212 αἰώνων.
3387 5153 3558 5227 ’Δμην.

262 5354 387 5396 esse
414 5355 500 5396 me
537 5342 722 5396 dicite.
771 5360 790 5394 ι
837 5337 992 5410 Saepe
1036 5351 1269 5408 namque
1307 5338 1555 5394 veniebat
1595 5340 1868 5396 Palladius
1895 5341 2202 5412 presbyter,
2234 5340 2440 5396 intrans
2466 5349 2521 5398 et
2553 5341 2901 5410 Evangelium
2946 5342 3214 5398 lectitans.
3258 5341 3394 5399 Cum
3434 5360 3564 5416 ergo

264 5433 425 5488 nolite
466 5435 721 5501 venisset,
764 5440 892 5488 tunc
930 5431 979 5487 ei
1025 5427 1220 5484 fratres
1257 5427 1460 5482 aditum
1502 5439 1852 5500 negaverunt,
1883 5430 2215 5487 afﬁrmantes
2241 5431 2294 5488 id
2321 5432 2465 5501 quod
2491 5441 2625 5498 erat,
2658 5433 2802 5502 quod
2840 5431 3185 5501 Evangelium
3223 5450 3437 5508 quoque
3465 5440 3566 5495 sub

263 5523 420 5582 clave
461 5527 897 5584 archimandritas
919 5526 1008 5588 sit,
1033 5533 1089 5579 et
1115 5528 1428 5578 excusatum
1457 5529 1542 5577 est
1569 5523 1664 5579 illi.
1695 5524 1946 5580 Secundo
1971 5526 2134 5580 etiam
2162 5527 2328 5592 venit,
2360 5519 2588 5581 venite't
2617 5527 2797 5592 tertio,
2829 5534 2885 5581 et
2912 5527 2991 5583 sic
3018 5519 3288 5598 ingressus
3317 5540 3419 5590 est.
3451 5533 3565 5603 Ego

268 5619 502 5692 namque
523 5639 743 5679 sumens
766 5619 1117 5682 thuribulum,
1149 5611 1430 5673 incensum
1461 5617 1515 5672 in
1539 5633 1604 5673 eo
1626 5617 1799 5688 posui,
1825 5626 1879 5673 et
1905 5619 2054 5689 pium
2088 5619 2370 5674 Dominum
2403 5619 2713 5688 suppliciter
2742 5619 3092 5675 obsecraham
3125 5633 3181 5677 ut
3203 5625 3331 5682 mihi
3387 5626 3568 5684 locum

269 5711 511 5766 thesauri
538 5713 772 5768 ctelestis
801 5711 1131 5766 ostenderet.
1163 5707 1381 5762 Tollens
1404 5708 1568 5764 etiam
1598 5718 1852 5778 rastrum,
1881 5710 2020 5781 coepi
2051 5709 2257 5779 fodere,
2280 5720 2334 5766 et
2357 5710 2579 5780 perveni
2619 5711 2686 5764 ad
2713 5711 2890 5766 locum
2919 5711 3063 5782 quod
3099 5727 3216 5771 erat
3245 5719 3565 5774 aedificatum

271 5801 341 5860 de
377 5805 526 5860 calce
554 5815 609 5858 et
641 5805 926 5861 ordinariis
949 5802 1160 5872 tegulis.
1193 5799 1571 5874 Quantumque
1602 5817 1704 5873 ego
1730 5800 1985 5861 fodiendo
2011 5802 2426 5870 descendebam,
2457 5808 2666 5858 tantum
2710 5817 2876 5860 sonus
2904 5807 3134 5863 validior
3182 5811 3334 5878 quasi
3381 5827 3452 5867 ex
3479 5825 3565 5866 re-

273 5898 622 5975 νειαιιεὶωιε
647 5900 852 5972 hydria:
889 5897 1230 5954 reddebatur.
