4060 6364
498 411 599 469 tsi
1305 384 1309 389 ’
1338 382 1341 383 ί
1802 395 2101 458 υιοΝγδιι

2218 394 2521 455 EXIGUUS.
3700 374 3821 433 451

572 525 643 582 Et
670 532 1022 597 posteaquam
1068 522 1179 579 fodi
1219 528 1275 579 et
1300 519 1553 577 descendi
1584 532 1758 589 usque
1794 518 1864 574 ad
1899 517 2098 585 solum,
2146 514 2326 587 reperi
2373 512 2518 568 velut
2556 518 2776 563 arenam
2813 517 2881 559 ex
2909 514 3017 557 aere
3047 498 3238 566 fusam,
3288 494 3628 565 multumque
3652 490 3816 549 labo—

503 634 652 686 rans,
682 616 774 673 vix
796 631 1013 672 arenam
1044 615 1197 687 potui
1225 622 1586 687 sequestrate.
1619 613 1750 670 Post
1777 612 1894 669 haec
1924 620 2105 668 autem
2146 586 2307 665 arena
2359 603 2593 670 sublata,
2635 614 2744 656 una
2777 596 2955 667 tegula
2998 595 3172 665 major
3200 594 3471 664 apparuit.
3504 586 3657 643 Hane
3685 601 3819 642 sus-

498 711 741 785 pendens
776 709 957 766 inveni
987 711 1085 765 sub
1131 725 1195 765 ea
1226 708 1463 764 tabulam
1504 722 1900 775 marmoream;
1975 704 2325 773 tabulamque
2371 697 2731 771 suspendens,
2784 692 3031 765 hydriam
3070 689 3267 761 reperi.
3296 688 3468 751 Hanc,
3496 702 3616 742 cum
3659 692 3822 741 metu

498 810 561 861 et
602 800 903 858 reverentia
952 800 1135 856 lumen
1184 799 1508 870 accendens,
1536 815 1601 856 ac
1636 800 1915 855 incensum
1957 810 2165 869 ponens
2208 796 2263 850 in
2293 791 2588 859 thuribulo,
2634 786 2851 860 palpavi
2898 784 3203 854 diligenter,
3247 789 3301 837 et
3347 781 3579 836 adorans
3628 776 3823 833 Domi-

501 913 656 964 num,
690 897 891 954 diutius
915 897 1172 953 attonitus
1198 896 1391 961 mansi,
1422 895 1773 968 hydriamque
1815 900 2058 949 sanctam
2099 903 2285 945 rursus
2339 884 2549 957 operui.
2606 880 2801 938 Statim
2857 894 2987 933 vero
3022 876 3178 932 Venit
3227 874 3294 929 ad
3348 890 3447 929 nos
3503 870 3826 928 Gennadius

505 982 764 1049 diaconu's
792 998 848 1047 et
888 988 1331 1057 archimandrita,
1377 966 1723 1058 salutansque
1769 1002 1857 1042 me
1907 985 1975 1040 ad
2025 983 2222 1040 ostium
2278 980 2571 1053 speluncae,
2611 975 2747 1031 dixit
2802 972 2953 1036 mihi,
3009 972 3152 1038 veni,
3208 984 3420 1040 precor,
3482 966 3827 1023 introeamus

497 1084 559 1143 in
599 1085 911 1157 speluncam
940 1084 1161 1156 pariter.
1196 1082 1263 1137 Et
1291 1056 1652 1154 posteaquam
1684 1080 1757 1135 ibi
1798 1077 2139 1134 adoravimus
2171 1074 2294 1149 [at.,
2330 1068 2624 1141 oravimus]
2655 1066 2802 1124 dedit
2830 1066 2963 1121 mihi
2995 1064 3144 1135 pacis
3171 1060 3436 1127 osculum,
3478 1070 3533 1117 et
3558 1056 3827 1113 fratribus

499 1178 669 1244 meis,
712 1186 769 1232 et
811 1176 925 1243 ait,
978 1194 997 1227 ‹
1026 1175 1094 1230 de
1132 1173 1401 1245 Capereto
1445 1170 1773 1228 monasterio
1832 1184 1956 1225 meo
2002 1182 2176 1239 nuper
2219 1164 2444 1234 adveni,
2481 1161 2596 1218 vidi
2640 1168 2817 1215 autem
2880 1157 2987 1211 tale
3032 1154 3323 1212 somnium.
3380 1151 3544 1219 Quasi
3599 1149 3823 1217 utrique

502 1268 781 1323 stabamus
814 1266 869 1320 in
895 1264 1133 1335 quodam
1161 1243 1347 1335 specu,
1387 1262 1440 1317 in
1480 1278 1588 1333 quo
1635 1260 2110 1315 mundissimorum
2148 1271 2351 1328 panum
2397 1253 2554 1311 sicuti
2601 1250 2684 1307 sol
2730 1258 2849 1305 erat
2892 1261 3085 1316 magna
3115 1245 3289 1317 capia,
3316 1252 3370 1300 et
3400 1243 3575 1315 portio
3621 1255 3815 1311 super.

436 1432 442 1449 ᾖ
499 1359 675 1431 posita
704 1358 951 1428 panibus.
983 1356 1245 1413 lmmensa
1274 1370 1403 1411 vero
1437 1354 1594 1427 Iadde
1632 1349 1734 1423 vis]
1765 1350 1953 1422 populi
1983 1348 2255 1412 veniebat,
2305 1354 2362 1402 et
2388 1342 2635 1401 sumebat
2681 1357 2751 1397 ex
2800 1340 2947 1410 ipsis.
2973 1338 3085 1394 Nec
3132 1336 3471 1402 deﬁciebant,
3499 1350 3599 1389 nec
3629 1348 3809 1388 cessa.

437 1438 445 1493 ἶ
499 1453 635 1509 bant
674 1452 920 1507 homines
959 1451 1053 1520 qui
1093 1456 1436 1521 acceperant.
1461 1446 1689 1515 Jamque
1732 1444 1889 1500 nobis
1919 1457 2029 1514 pra:
2058 1438 2403 1497 multitudine
2428 1437 2705 1493 turbarum
2745 1432 3139 1499 deﬁcientibus,
3170 1437 3453 1501 coeperunt
3493 1443 3659 1498 panes
3688 1438 3827 1479 ενοι

436 1588 444 1615 .,
499 1546 617 1602 lare
642 1561 805 1615 super
831 1560 1023 1601 manus
1053 1554 1288 1611 nostras,
1316 1552 1373 1599 et
1399 1544 1474 1599 ita
1523 1542 1896 1615 percipiebant
1921 1552 2112 1597 omnes
2138 1542 2406 1606 quotquot
2433 1532 2499 1587 ad
2530 1533 2673 1587 hanc
2699 1528 2938 1584 muneris
2960 1525 3186 1597 gratiam
3214 1522 3576 1579 conﬂuebant.
3604 1539 3622 1572 ι
3659 1516 3827 1572 Post.

430 1636 445 1673 j

424 1709 449 1758 7}

499 1652 663 1709 quam
696 1653 828 1694 vero
857 1639 1042 1694 retulit
1081 1639 1211 1694 mihi
1233 1611 1657 1705 somnium—ego
1675 1611 1975 1707 respondi,
2007 1651 2025 1685 ι
2045 1632 2256 1686 Bonum
2279 1635 2363 1685 est
2389 1625 2534 1697 quod
2564 1623 2766 1681 vidisti.
2788 1641 2806 1676 ι
2840 1619 2906 1675 Et
2934 1618 3241 1688 recogitans
3269 1616 3413 1688 apud
3440 1611 3828 1683 memetipsum

438 1709 453 1828 ξ
500 1734 629 1806 quid
655 1735 759 1792 sibi
785 1734 949 1792 vellet
986 1736 1103 1792 haec
1132 1736 1292 1803 visio,
1331 1750 1657 1804 rursumque
1702 1739 2043 1805 pertractans
2074 1742 2141 1784 ea
2166 1740 2287 1796 quae
2334 1728 2746 1795 praecesserant,
2800 1718 2909 1773 dixi
2957 1715 3086 1786 quia
3131 1714 3269 1770 visio
3317 1712 3418 1768 ista
3450 1726 3518 1765 ex
3546 1708 3660 1764 Deo
3708 1713 3823 1763 est.

1991 1827 1996 1828 κ
2129 1824 2141 1828 -
2290 1821 2322 1828 -.
2603 1826 2610 1828 Α
2720 1814 2740 1828 .
2990 1812 3030 1828 τ.
3274 1822 3524 1828 “gum
3573 1806 3823 1828 tum"

499 1830 692 1888 Sciens
720 1841 901 1889 autem
929 1833 1055 1903 quia
1078 1832 1334 1889 divinitus
1357 1834 1459 1888 ista
1505 1831 1865 1901 contigerant,
1913 1824 2145 1883 iudicavi
2181 1821 2413 1895 qualiter
2464 1826 2685 1875 sanctus
2713 1814 2950 1873 Joannes
2990 1811 3230 1883 Baptista
3268 1822 3530 1881 apparere
3569 1806 3828 1874 dignatus

502 1934 616 1993 est;
647 1926 741 1996 qui
768 1942 914 1993 mox,
946 1935 1007 1982 ut
1032 1927 1256 1995 audivit,
1281 1925 1481 1982 mansit
1508 1898 1770 1980 attonitus
1789 1962 1807 1990 ,
1834 1928 1891 1979 et
1920 1935 2079 1977 orare
2107 1916 2271 1987 etrapit
2293 1926 2353 1969 ut
2380 1914 2433 1970 ei
2475 1913 2655 1968 locum
2697 1907 3062 1974 ostenderem,
3093 1903 3238 1976 quod
3279 1911 3336 1959 et
3371 1899 3492 1957 feci.
3527 1899 3658 1955 Post
3704 1898 3826 1952 haec

502 2022 707 2095 egressi
756 2038 943 2081 sumus
982 2024 1217 2094 utrique,
1255 2031 1311 2079 et
1350 2021 1480 2092 quid
1517 2027 1795 2093 oporteret
1832 2017 1950 2074 fieri
2001 2013 2388 2079 tractabamus,
2437 2009 2723 2076 visumque
2751 2012 2835 2059 est
2876 1999 3013 2056 mihi
3042 2007 3100 2055 ut
3128 1998 3277 2069 prius
3315 1994 3472 2062 irem,
3516 2000 3573 2048 et
3614 1990 3830 2046 indica-

504 2083 621 2176 rem
649 2118 928 2191 Stephano
958 2083 1279 2192 presbytero
1328 2083 1387 2174 et
1409 2083 1843 2173 archimandrita:
1882 2108 2202 2167 monasterii
2237 2104 2383 2177 quod
2420 2101 2726 2174 appellatur
2774 2093 3139 2152 Claramnium
3188 2090 3309 2163 [al.,
3359 2083 3712 2156 Daramium],
3772 2089 3833 2136 et

504 2232 602 2289 per
630 2217 808 2288 ipsum
838 2217 1208 2273 manifestaret
1236 2217 1513 2287 episcopo.
1556 2212 1626 2267 Et
1652 2211 1932 2267 venientes
1957 2206 2028 2262 ad
2075 2202 2464 2260 monasterium
2491 2198 2627 2267 ejus,
2658 2211 2767 2251 non
2794 2208 2917 2249 eum
2945 2188 3265 2261 reperimus.
3306 2184 3526 2239 Abierat
3557 2183 3723 2247 enim,
3767 2188 3834 2234 ut

505 2307 761 2373 diximus,
792 2308 848 2363 in
865 2308 1192 2363 monasteria
1220 2321 1341 2377 quae
1371 2314 1524 2361 erant
1545 2304 1601 2359 in
1623 2302 1784 2371 agris,
1809 2316 1879 2355 ex
1905 2313 1971 2354 eo
2000 2296 2089 2352 die
2112 2310 2220 2365 quo
2251 2292 2407 2348 nobis
2427 2288 2655 2345 dederat
2674 2282 3064 2341 monasterium
3084 2278 3353 2336 etostium
3370 2277 3641 2348 speluncae
3669 2282 3831 2347 pate-

506 2402 729 2460 fecerat.
761 2401 1004 2473 Cumque
1031 2371 1564 2471 egressi-fuissemus,
1595 2393 1799 2466 placuit
1827 2400 1888 2447 ut
1916 2402 2271 2445 evocaremus
2300 2386 2370 2440 ad
2400 2399 2501 2440 nos
2523 2381 2809 2451 Cyriacum
2838 2377 3128 2433 diaconum
3156 2382 3211 2429 et
3238 2371 3736 2436 archimandritam,
3769 2380 3833 2427 et

506 2495 872 2551 revelaremus
895 2494 947 2550 ei
971 2490 1283 2565 mysterium
1304 2506 1404 2562 per
1423 2488 1569 2559 quod
1593 2486 1750 2543 nobis
1773 2493 1989 2542 sanctus
2011 2481 2247 2537 Joannes
2272 2491 2542 2550 apparere
2568 2475 2818 2545 dignatus
2843 2479 2944 2527 est.
2988 2469 3230 2526 Misimus
3258 2478 3437 2524 autem
3465 2466 3533 2522 ad
3560 2482 3685 2522 eum
3712 2463 3832 2519 fra-

507 2591 649 2642 trem
676 2584 971 2651 Isaacium,
1000 2558 1241 2639 dicentes
1273 2558 1344 2637 :—(
1380 2558 1518 2636 veni
1565 2578 1635 2634 ad
1679 2593 1780 2633 nos
1831 2575 2099 2632 celeriter.
2127 2592 2147 2625 ι
2181 2570 2262 2626 Ad
2309 2584 2473 2640 quem
2501 2583 2625 2624 cum
2662 2565 2830 2621 frater
2872 2563 3133 2631 venisset,
3164 2560 3491 2631 dixissetque
3537 2560 3611 2629 ei,
3657 2558 3834 2629 proti-

509 2695 613 2738 nus
646 2682 908 2739 obediens
950 2680 1119 2736 venit.
1154 2680 1327 2747 Quem
1364 2692 1487 2733 cum
1526 2676 1944 2737 salutassemus,
1978 2667 2235 2725 indicavit
2262 2666 2419 2721 nobis
2444 2663 2714 2720 somnium
2754 2659 2899 2731 quod
2954 2659 3106 2728 vidit,
3151 2665 3374 2727 eratque
3417 2666 3726 2709 consonans
3750 2650 3835 2706 vi-

517 2773 661 2829 sioni
685 2789 848 2845 quam
876 2770 1187 2828 Gennadius
1216 2769 1479 2826 diaconus
1508 2767 1641 2822 mihi
1682 2764 1964 2821 retulerat.
2008 2760 2075 2814 Et
2113 2774 2237 2815 cum
2288 2770 2617 2831 orassemus,
2647 2769 2777 2809 mox
2828 2752 2879 2807 ei
2926 2749 3317 2806 revelationem
3363 2744 3535 2802 sancti
3576 2742 3836 2815 Baptista:

512 2862 734 2922 Joannis
776 2866 1125 2921 manifestare
1173 2867 1504 2930 curavimus,
1533 2868 1591 2916 et
1622 2859 1699 2914 ait
1738 2877 1750 2911 :
1796 2876 1813 2909 ι
1843 2855 2157 2926 Cogitemus
2185 2851 2314 2922 quid
2362 2849 2481 2906 ﬁeri
2526 2838 2744 2905 debeat.
2773 2867 2792 2901 ι
2830 2846 2900 2901 Et
2945 2861 3046 2917 ego
3086 2844 3218 2910 dixi,
3270 2862 3291 2896 ‹
3326 2842 3465 2897 Ριιιο
3503 2840 3837 2897 conveniens

512 2976 634 3019 esse
664 2967 725 3015 ut
769 2960 875 3015 hoc
901 2959 1307 3015 innotescamus
1346 2956 1623 3027 episcopo.
1660 2971 1677 3005 ι
1716 2949 2062 3019 Rursumque
2084 2952 2481 3014 cognoscentes
2508 2943 2656 3013 quod
2685 2956 2827 3011 saepe
2856 2947 3188 2996 memoratus
3216 2937 3525 3007 Stephanus
3552 2932 3839 3005 presbyter

520 3061 575 3107 et
605 3049 1025 3106 archimandrita
1051 3049 1121 3104 de
1146 3062 1277 3117 agro
1304 3023 1415 3102 non
1441 3023 1685 3109 venerat,
1714 3041 2013 3096 mansimus
2038 3036 2230 3092 diebus
2250 3035 2493 3106 quinque
2515 3042 2871 3105 posteaquam
2890 3031 3150 3087 revelatio
3172 3029 3330 3085 nobis
3356 3036 3574 3084 ostensa
3603 3033 3705 3080 est.
3737 3023 3841 3078 Dic

524 3160 657 3201 vero
680 3144 1031 3199 sabbatorum
1053 3114 1481 3212 post‘meridiem
1506 3136 1820 3192 sedentibus
1838 3140 2011 3209 atque
2039 3129 2527 3187 sermocinantibus
2556 3128 2732 3192 nobis,
2764 3127 3039 3196 ingressus
3064 3134 3153 3180 est
3183 3124 3250 3179 ad
3278 3139 3378 3178 nos
3404 3120 3583 3177 Salius
3613 3114 3839 3193 [Salius]

521 3234 865 3293 collectarius
900 3242 954 3288 et
976 3232 1137 3287 Maris
1162 3232 1285 3307 [al.,
1313 3228 1536 3302 Marius]
1565 3226 1829 3297 Linopola
1852 3223 2193 3293 Lechtarius,
2221 3232 2278 3278 et
2305 3222 2473 3278 locuti
2514 3220 2805 3276 nobiscum
2831 3219 3090 3275 continuo
3118 3214 3479 3273 recessehnt.
3513 3213 3627 3283 Ego
3657 3220 3841 3268 autem

517 3326 631 3379 dixi
658 3322 810 3379 fratri
839 3322 1064 3390 lsaacio,
1094 3330 1153 3375 ut
1182 3330 1307 3392 post
1342 3337 1438 3378 eos
1466 3320 1665 3376 ostium
1692 3316 1986 3373 clauderet.
2029 3314 2276 3385 Itemque
2304 3313 2669 3371 residentibus
2694 3314 2852 3369 nobis
2874 3319 2930 3367 et
2949 3311 3313 3383 loquentibus,
3346 3309 3421 3363 ita
3464 3323 3585 3363 sum
3611 3314 3840 3379 repente

520 3416 840 3471 verberatus
877 3416 931 3469 in
983 3416 1226 3483 genibus,
1266 3424 1326 3469 ut
1368 3421 1516 3468 totus
1554 3413 1885 3475 incurvarer,
1918 3424 2021 3465 nec
2050 3424 2270 3481 possem
2300 3408 2524 3465 omnino
2552 3422 2878 3478 consurgere
2914 3407 3001 3462 vel
3030 3405 3156 3476 quid
3197 3406 3377 3478 operis
3414 3404 3661 3476 implere.
3689 3402 3844 3458 Time

521 3509 677 3563 aiunt
704 3506 772 3561 ad
801 3521 890 3561 me
916 3503 1228 3561 Gennadius
1254 3512 1309 3559 et
1334 3504 1591 3575 Cyriacus
1618 3502 1879 3557 diaconus
1902 3510 1957 3557 et
1976 3500 2411 3557 archimandritas
2435 3518 2448 3555 :
2488 3518 2509 3554 ι
2543 3499 2736 3556 Nonne
2762 3499 2996 3554 diximus
3025 3498 3149 3564 tibi,
3175 3496 3297 3552 Noli
3325 3512 3507 3554 moras
3536 3497 3839 3561 innectere,

525 3599 623 3655 sed
648 3614 857 3665 eamus,
886 3606 943 3653 et
970 3598 1024 3653 in
1054 3597 1301 3652 notitiam
1331 3596 1572 3667 episcopi
1607 3596 1963 3667 deponamus,
1996 3595 2123 3667 quia
2163 3595 2447 3666 presbyter
2485 3594 2795 3666 Stephanus
2832 3593 3029 3649 dicitur
3064 3592 3303 3649 nondum
3332 3593 3636 3650 advenisse.
3672 3611 3692 3645 ι
3729 3590 3843 3663 Ego

525 3706 660 3747 vero
707 3691 882 3746 mansi
928 3690 1283 3746 vehementer
1307 3689 1555 3745 afflictus.
1586 3688 1693 3759 lpsi
1722 3696 1905 3744 autem
1934 3687 2303 3759 vespertinum
2338 3687 2679 3744 celebrantes
2736 3684 2995 3752 officium,
3029 3684 3257 3755 ingressi
3290 3694 3417 3742 sunt
3451 3687 3541 3742 ubi
3567 3684 3840 3757 iacebam,

450 3800 459 3805 '
523 3793 581 3839 et
622 3782 1094 3849 denuntiaverunt,
1145 3782 1406 3849 dicentes,
1464 3801 1483 3834 ι
1516 3779 1876 3850 Jurejurando
1919 3781 2283 3837 satisfeeimus
2311 3789 2502 3837 sancto
2540 3779 2756 3848 Joanni,
2790 3780 3145 3851 suscipientes
3173 3796 3465 3852 personam
3503 3788 3654 3836 tuam
3694 3776 3844 3848 quod

524 3891 741 3933 omnem
770 3892 990 3932 causam
1018 3891 1139 3932 cras
1177 3885 1303 3931 ante
1330 3875 1460 3931 solis
1484 3881 1662 3932 ortum
1691 3890 1789 3946 per
1821 3883 1874 3931 te
1903 3874 2023 3949 [per
2046 3883 2098 3931 te
2120 3890 2239 3931 cras
2267 3884 2449 3931 autem
2476 3874 2593 3933 sole
2618 3883 2741 3930 orto
2767 3888 2866 3945 per
2892 3883 2967 3942 te,
2998 3870 3131 3944 ete.]
3160 3880 3456 3945 cognoscet
3479 3873 3784 3944 episcopus.
3816 3888 3838 3921 ι

524 3966 596 4021 Et
639 3981 742 4037 ego
789 3967 1064 4039 respondi,
1102 3986 1121 4019 ‹
1156 3965 1305 4023 Bene
1335 3966 1627 4022 admodum
1655 3966 1877 4036 fecistis,
1910 3968 2016 4024 hoc
2062 3968 2205 4024 idem
2237 3968 2660 4039 promittentes;
2698 3985 2719 4020 ι
2762 3974 2819 4022 et
2864 3968 3111 4037 protinus
3158 3982 3190 4022 a
3241 3965 3520 4022 doloribus
3573 3962 3846 4019 relevatus

525 4078 669 4119 sum.
711 4063 971 4133 Sequenti
995 4072 1177 4119 autem
1207 4064 1295 4119 die
1334 4063 1609 4121 dominico
1639 4064 1799 4121 simul
1831 4080 1955 4120 cum
1986 4062 2221 4120 diacono
2245 4062 2475 4136 Cyriaeo
2496 4072 2553 4119 et
2578 4062 2795 4118 Juliano
2820 4063 3089 4119 monacho
3116 4063 3418 4131 venientes,
3443 4061 3707 4133 'episcopo
3731 4058 3845 4129 jam

530 4164 659 4226 post
686 4158 980 4213 matutinas
1009 4158 1286 4213 orationes
1313 4155 1381 4212 de
1410 4156 1642 4214 ecclesia
1687 4163 1821 4212 tunc
1848 4154 2149 4225 egredienti
2199 4155 2582 4224 suggessimus,
2614 4154 2882 4223 dicentes,
2930 4154 3057 4223 quia
3101 4161 3320 4209 sanctus
3348 4151 3583 4208 Joannes
3606 4151 3846 4221 Baptista

537 4248 812 4305 revelatus
837 4259 938 4307 est.
968 4250 1089 4321 Ipse
1117 4265 1248 4306 vero
1279 4248 1614 4320 stupefactus
1652 4248 1727 4303 ait
1756 4267 1769 4303 :
1809 4266 1829 4299 ί
1861 4246 2049 4301 Nullus
2079 4246 2187 4303 hoc
2225 4247 2401 4315 novit,
2441 4256 2498 4303 et
2522 4246 2644 4317 quis
2688 4255 2927 4302 vestrum
2967 4246 3164 4300 audeat
3209 4244 3559 4313 contingere?
3594 4262 3613 4296 ι
3670 4241 3846 4297 Dixit-

528 4353 637 4410 que
666 4342 718 4397 ei
746 4342 1003 4414 Cyriacus
1031 4345 1289 4400 diaconus
1323 4361 1337 4395 :
1368 4362 1387 4395 ›
1421 4341 1649 4409 Quando
1677 4340 1863 4396 venire
1888 4337 2169 4408 dignaris?
2199 4358 2219 4392 ι
2257 4347 2311 4394 et
2331 4338 2441 4405 ille,
2475 4357 2495 4391 ‹
2523 4352 2663 4405 cras,
2692 4336 2886 4406 inquit,
2919 4335 3223 4391 adveniam.
3255 4353 3274 4387 ›
3305 4332 3530 4390 Postera
3558 4340 3736 4388 autem
3760 4332 3848 4388 die

546 4448 673 4488 cum
695 4436 1025 4507 presbyteris
1053 4443 1107 4489 et
1151 4434 1396 4490 diaeonis
1426 4435 1711 4504 episcopus
1734 4430 1903 4498 venit,
1937 4438 1992 4485 et
2020 4430 2286 4487 intrantes
2313 4431 2379 4485 ad
2412 4431 2615 4497 locum,
2647 4430 2991 4501 procidentes
3029 4429 3085 4484 in
3111 4427 3275 4484 facies
3301 4442 3427 4484 suas
3464 4427 3847 4483 adoraverunt.

539 4524 782 4581 Malchus
804 4527 924 4600 [at.,
951 4526 1250 4597 Malachus]
1272 4535 1453 4582 autem
1474 4526 1776 4597 presbyter,
1798 4538 1937 4578 unus
1956 4539 2025 4580 ex
2047 4523 2129 4580 his
2149 4525 2379 4595 quicum
2400 4525 2661 4597 episcopo
2681 4532 2964 4593 venerant,
2993 4522 3280 4580 infideliter
3299 4530 3499 4588 motus,
3524 4523 3631 4577 ait:
3654 4541 3672 4574 ι
3698 4521 3851 4578 Unde

546 4619 655 4673 hoc
683 4628 891 4673 certum
921 4628 1023 4688 est,
1058 4621 1203 4692 quod
1232 4630 1396 4693 caput
1419 4618 1771 4676 Praecursoris
1805 4619 2041 4674 existat?
2076 4639 2096 4673 ι
2142 4619 2472 4690 Mittensque
2509 4636 2727 4676 manum
2777 4629 2837 4676 ut
2874 4621 3219 4693 contingeret
3252 4619 3521 4693 hydriam,
3565 4619 3851 4675 confestim

537 4711 772 4780 exaruit,
798 4713 1132 4783 adhazsitque
1160 4692 1350 4771 manus
1371 4714 1486 4785 ejus
1506 4713 1734 4787 hydriae,
1757 4728 1857 4768 nec
1877 4727 1997 4768 eam
2022 4712 2313 4769 extrahere
2340 4713 2528 4768 valuit.
2553 4713 2821 4771 lnstanter
2841 4692 3026 4770 autem
3050 4713 3118 4768 ab
3144 4692 3396 4769 omnibus
3414 4711 3664 4768 oratione
3690 4712 3849 4778 facta,

538 4805 856 4875 cunctisque
882 4806 1307 4877 glorificantibus
1336 4808 1529 4877 Deum,
1563 4816 1726 4878 atque
1749 4807 2099 4879 precantibus
2140 4822 2241 4877 pro
2272 4821 2371 4873 eo,
2401 4805 2493 4860 vix
2540 4805 2757 4861 tandem
2803 4805 3021 4875 quidem
3048 4820 3271 4861 manum
3309 4804 3487 4877 potuit
3514 4802 3834 4873 abstrahere

536 4895 636 4956 sed
663 4896 739 4952 ita
760 4898 1058 4968 permansit
1084 4898 1338 4956 invalida.
1372 4898 1675 4971 Episcopus
1715 4909 1919 4966 autem,
1948 4915 2074 4955 cum
2104 4896 2369 4953 universis
2398 4898 2490 4969 qui
2520 4912 2702 4956 secum
2733 4906 2911 4969 erant,
2942 4897 3212 4968 accipiens
3241 4864 3486 4970 hydriam
3513 4910 3637 4952 eum
3660 4864 3854 4951 sancto

538 4992 795 5049 thesauro
818 4991 892 5048 ibi
917 4993 1179 5065 reposito,
1206 4994 1425 5050 interim
1450 4996 1500 5051 in
1526 4994 1774 5051 diaconio
1794 5035 1809 5061 ,
1836 4996 1890 5052 id
1916 4995 2075 5050 estin
2097 4994 2392 5051 secretario
2421 4994 2669 5051 ecclesiae
2698 4995 3015 5063 collocavit,
3046 4994 3222 5051 donec
3245 4993 3605 5050 aedificaretur
3631 4991 3855 5047 basilica

540 5086 598 5142 in
626 5089 849 5145 nomine
877 5088 1015 5159 ejus.
1047 5086 1177 5155 Quae
1218 5087 1309 5143 ubi
1350 5086 1589 5159 perfecta
1616 5097 1719 5156 est,
1751 5105 1876 5145 cum
1908 5088 2023 5144 dies
2051 5093 2253 5143 sancta:
2291 5085 2645 5156 depositionis
2674 5086 2791 5155 ejus
2820 5086 3066 5153 instaret,
3097 5085 3347 5156 apparuit
3375 5090 3594 5141 sanctus
3618 5080 3857 5137 Joannes

543 5182 595 5237 ei
644 5183 804 5255 cujus
857 5199 1051 5240 manus
1094 5189 1333 5251 aruerat,
1364 5182 1549 5239 dicens
1576 5201 1587 5237 :
1626 5182 1693 5237 In
1715 5184 1829 5253 ipsa
1857 5182 2203 5252 processione,
2230 5194 2346 5232 cum
2370 5180 2432 5248 ﬁt
2461 5180 2735 5250 depositio,
2766 5196 2899 5250 pone
2925 5195 3137 5233 manum
3163 5186 3305 5232 tuam
3333 5194 3488 5248 super
3512 5175 3778 5249 hydriam,
3810 5183 3859 5227 et

540 5274 720 5327 statim
761 5272 1052 5329 sanabitur.
1080 5271 1198 5328 Hoc
1226 5280 1408 5329 autem
1440 5289 1563 5330 cum
1596 5273 1831 5340 fecisset,
1863 5272 2113 5328 restituta
2140 5277 2225 5326 est
2253 5269 2497 5339 pristina:
2523 5270 2763 5327 sanitati.
2791 5281 2816 5309 α
2846 5270 3011 5327 Facta
3041 5281 3125 5328 est
3151 5270 3208 5326 S.
3236 5270 3461 5327 Joannis
3497 5267 3860 5326 Prmcursoris

543 5382 610 5424 ac
653 5370 915 5441 Baptistae
955 5370 1226 5442 depositio
1256 5369 1311 5426 in
1356 5370 1472 5441 ejus
1500 5371 1703 5441 templo
1730 5369 1932 5426 mensis
1978 5366 2228 5423 Octobris
2277 5367 2537 5437 vigesima
2582 5376 2758 5433 sexta,
2805 5383 2950 5423 anno
2992 5368 3121 5436 765,
3152 5366 3449 5422 indictione
3480 5373 3654 5431 sexta,
3686 5366 3861 5433 impe-

544 5461 791 5517 rantibus
830 5462 1096 5531 religiosis
1122 5462 1333 5532 piisque
1375 5478 1441 5518 ac
1488 5462 1808 5520 orthodoxis
1854 5459 2106 5529 Augustis
2146 5456 2526 5516 Valentiniano
2562 5458 2785 5518 Juniore
2822 5476 2888 5516 ac
2914 5460 3208 5529 Marciano,
3236 5458 3568 5531 principibus
3598 5456 3860 5514 memoria

549 5554 875 5623 sempiterna
922 5554 1095 5625 dignis
1134 5573 1147 5609 :
1181 5557 1247 5613 ad
1270 5557 1485 5612 laudem
1520 5566 1574 5612 et
1602 5556 1830 5625 gloriam
1862 5552 2040 5620 magni
2072 5550 2168 5606 Dei
2196 5566 2261 5608 ac
2281 5551 2581 5610 Salvatoris
2611 5554 2781 5611 nostri
2804 5550 2933 5610 Jesu
2962 5552 3186 5620 Christi,
3229 5552 3317 5609 cui
3354 5552 3527 5623 gloria
3550 5566 3677 5611 cum
3721 5550 3861 5607 inte-

551 5653 762 5704 merato
792 5642 955 5705 Patre
984 5649 1430 5720 sanctissimeque
1458 5664 1522 5703 ac
1548 5645 1759 5703 vivifico
1781 5645 2009 5716 Spiritu,
2039 5642 2093 5698 in
2122 5644 2319 5701 smcula
2348 5649 2688 5705 saeculorum.
2721 5644 2916 5702 Amen.

596 5920 609 5933 θ
627 5858 654 5886 ἰ
672 5845 781 5932 ,Ηίο
803 5844 999 5933 desiuit
1020 5846 1263 5932 _Dionysii
1295 5844 1490 5933 Exigui
1514 5843 1926 5933 interpretatio,
1943 5859 2063 5915 quae
2090 5844 2371 5917 suppletur
2393 5859 2460 5902 ex
2477 5843 2543 5900 R.
2558 5843 2619 5900 P.
2638 5840 2923 5901 Combelis.
2941 5848 3014 5887 -'-
3039 5841 3343 5914 Sequentes
3372 5848 3554 5900 autem
3578 5855 3864 5901 sermones

553 5917 644 5979 hic
668 5920 725 5979 in
752 5919 1067 5992 appendicis
1096 5915 1267 5977 vicem
1297 5917 1607 5975 exscribere
1629 5915 1851 5986 placuit.
1887 5916 2041 5972 Eutr.
