4060 6364
317 265 426 325 455

386 441 800 523 pretiosi'cgpitins
814 446 882 523 δέ
896 441 1246 523 Ρνᾳνειινεονίε
1270 442 1491 497 Joannis
1514 441 1782 512 Baptism.
1816 441 1913 497 In-

392 515 611 591 ierprete
640 516 706 570 Η.
748 515 810 569 Ρ.
843 515 1113 585 Combefis.

386 654 587 710 lterum
631 651 842 707 divinus
869 648 1027 706 nobis
1064 647 1371 705 Praecursor
1399 648 1617 704 advenit
1644 666 1656 701 ;
1690 650 1914 703 iterum-

319 764 425 821 que
451 746 626 803 oratio
654 742 851 801 festum
880 750 1209 800 conventum
1232 751 1417 798 actura
1442 742 1672 808 accedit,
1706 758 1771 799 ac
1798 756 1915 813 gra-

319 844 514 897 tiarum
543 839 814 896 actionem
864 836 917 891 in
971 834 1254 891 collectam
1303 836 1390 891 hic
1438 834 1543 889 loci
1574 834 1914 890 celebratura

222 934 229 939 '
316 928 657 985 concionem.
684 924 848 980 Multa
870 933 995 980 sunt
1018 924 1317 980 admirandi
1338 923 1607 980 Prceconis
1629 924 1914 994 solemnia,

316 1021 577 1094 prteclara
617 1018 778 1073 simul
802 1018 984 1073 omnia
1022 1033 1086 1074 ac
1110 1016 1380 1086 illustria;
1425 1026 1712 1089 potestque
1740 1017 1916 1087 quivis

316 1131 387 1172 ex
416 1112 635 1182 singulis
686 1111 895 1168 illustre
947 1110 1048 1166 sibi
1099 1119 1473 1180 argumentum
1522 1111 1826 1175 desumere,
1856 1118 1918 1167 ut

317 1206 529 1278 singula
576 1204 723 1277 quod
761 1205 923 1261 liceat
961 1203 1263 1271 conferant,
1289 1204 1535 1275 aliusque
1562 1204 1700 1260 alius
1726 1202 1917 1259 memi-

319 1300 484 1368 nerit,
514 1298 732 1369 quando
761 1298 925 1353 etiam
952 1298 1038 1352 vel
1068 1298 1226 1353 unius
1253 1297 1581 1362 meminisse,
1610 1311 1787 1367 exque
1810 1312 1919 1352 me-

318 1393 427 1447 rito
471 1390 711 1457 laudare,
745 1390 941 1446 nedum
970 1391 1205 1447 orationi
1233 1390 1469 1457 difﬁcile,
1500 1389 1599 1447 sed
1626 1399 1681 1447 et
1710 1390 1917 1462 impos-

317 1484 476 1540 sibile
505 1482 705 1538 existit.
734 1466 848 1539 Nec
888 1482 1035 1539 enim
1075 1483 1250 1539 solum
1288 1482 1644 1539 Praecursoris
1666 1483 1919 1539 nativitas

319 1578 617 1647 cogitatum
648 1576 864 1647 vimque
906 1575 1122 1633 dicendi
1149 1585 1393 1649 superat,
1419 1592 1610 1633 verum
1637 1568 1801 1632 etiam
1822 1591 1919 1631 an-

320 1670 491 1725 terior
519 1668 610 1724 illa
641 1669 929 1740 conceptio
976 1685 1042 1726 ac
1070 1670 1124 1725 in
1154 1678 1397 1727 materna
1426 1672 1548 1725 alvo
1600 1670 1914 1735 exsultatio,

962 256 1052 312 AD
1090 254 1362 313 HISTOR.
1413 254 1844 313 lNVENTlONlS
1880 249 2149 312 CAPITIS
2185 254 2242 313 S.
2282 254 2561 316 JOANNIS
2599 257 2972 321 APPENDIX.

315 374 853 455 Concioinyrintant,
869 372 1144 455 secundum
1169 382 1321 455 atque
1342 372 1913 455 tertiam‘invenlion'em
1944 368 1989 433 A

3505 266 3613 322 εει

2020 395 2184 467 Λόγος
2205 397 2276 458 εἰς
2300 402 2390 482 τήν
2418 402 2646 482 πρώτην,
2677 404 2773 482 mi
2790 401 3049 478 δευτέραν,
3080 406 3373 482 καίτρίτην
3408 404 3612 482 εὕρεσιν

2319 477 2411 531 τῆς
2434 472 2603 542 τιμίας
2632 474 2847 546 κεφαλῆς·
2876 472 2966 530 τοῖο
2995 472 3310 551 Προδρόμου.

2089 630 2235 685 Πάλιν
2264 631 2386 701 ἡμῖν
2426 628 2452 685 ὁ
2490 633 2626 692 θεῖος
2658 634 2903 705 ἐφέστηκε
2932 635 3253 713 Πρόδρομος·
3285 636 3368 691 καί
3407 635 3557 692 πάλιν
3586 635 3616 694 ὃ

2016 724 2160 798 λόγος
2188 727 2296 783 ἥκει
2322 730 2705 802 πανηγυρίσων,
2734 732 2817 785 καί
2854 740 2963 792 τοῖς
2999 732 3397 806 συνειλεγμένοις
3435 730 3621 807 ἕορτοξο

2017 840 2124 874 σων
2164 823 2231 875 τά
2276 820 2619 896 χαριστήρια.
2654 822 2827 876 Πολλαί
2853 820 2953 896 γάρ
2989 846 3073 895 μοι
3104 825 3156 879 αἱ
3196 831 3288 880 τού
3317 828 3616 895 θαυμαστοῦ

2018 914 2236 985 κήρυκος
2262 912 2590 989 πανηγύρεις,
2618 915 2701 968 καί
2728 918 2897 968 πᾶσαι
2923 912 3049 986 ὁμοῦ
3078 914 3306 991 λαμπραί
3331 918 3414 970 καί
3441 913 3619 975 διάση-

2018 1026 2123 1076 μοι.
2171 1007 2257 1060 Καί
2303 1004 2475 1071 ἔξεστί
2506 1028 2562 1078 γε
2602 1014 2677 1078 τῷ
2705 1008 2994 1080 βουλομένω
3034 1008 3273 1087 λαμπράν
3298 1008 3371 1082 ἐφ’
3403 1010 3621 1073 ἑκάστης

2019 1102 2276 1157 ποιεῖσθαι
2311 1104 2394 1155 καί
2432 1106 2522 1161 τήν
2561 1103 2827 1170 ὑπόθεσιν,
2856 1106 2924 1159 τὰ
2950 1106 3083 1159 κατά
3111 1103 3322 1175 δύναμιν
3358 1106 3620 1177 συνεισφὲ-

2019 1213 2176 1268 ροντα
2205 1194 2440 1261 ἕκαστον,
2466 1198 2549 1251 καί
2570 1193 2717 1250 ἄλλον
2746 1194 2897 1258 ἄλλης
2921 1196 3382 1270 διαμνημονεύοντα
3403 1197 3480 1254 ὅτι
3504 1197 3622 1269 μηδ’

2019 1285 2129 1349 ἰξόν
2172 1286 2261 1340 ἕνα
2300 1289 2385 1342 καί
2418 1289 2503 1343 τόν
2546 1291 2699 1344 αὐτὸν
2734 1292 3020 1362 μεμνῆσθαι
3042 1299 3244 1353 πασῶν,
3282 1290 3413 1348 ὅπου
3443 1314 3498 1365 γε
3539 1294 3621 1348 καί

2019 1378 2078 1433 τό
2106 1384 2228 1451 μιᾶς
2256 1382 2452 1437 τούτων
2478 1384 2778 1453 μνησθῆναι,
2804 1388 2890 1440 καὶ
2914 1387 3047 1463 πρός
3085 1388 3225 1450 ἀξίαν
3251 1386 3399 1463 ἐρεῖν.
3430 1387 3486 1441 οὗ
3515 1409 3624 1458 χα-

2019 1470 2170 1526 λεπόν
2191 1472 2341 1542 μόνον
2368 1474 2614 1549 τῷλόγῳ,
2647 1477 2771 1531 ἀλλά
2799 1481 2885 1533 καί
2906 1476 3172 1535 ἀδύνατον·
3202 1480 3258 1533 οὐ
3278 1482 3379 1555 γάρ
3396 1481 3628 1552 γέννησις

2022 1566 2169 1636 μόνον
2181 1568 2211 1625 ἡ
2226 1572 2316 1622 τοῦ
2332 1566 2647 1644 Προδρόμου,
2664 1572 2751 1624 καί
2776 1572 2832 1626 ού
2848 1576 3085 1646 κρείττων
3102 1574 3181 1627 καί
3201 1570 3629 1645 λόγον(εἰο),ἀλλά

2025 1660 2110 1710 καί
2138 1656 2383 1729 σύλληψις
2410 1661 2440 1717 ἠ
2468 1661 2569 1735 πρὸ
2591 1659 2807 1728 ταύτης,
2837 1666 2921 1717 καί
2946 1665 2977 1721 ἡ
3002 1665 3149 1741 παρά
3189 1671 3251 1739 τῇ
3279 1667 3433 1738 μητρί
3460 1662 3627 1723 δήπου

319 1777 484 1834 quam
523 1770 579 1818 et
619 1761 903 1833 prophetia
950 1771 1239 1818 consecuta
1291 1769 1393 1818 est.
1444 1762 1711 1817 Praeterea
1753 1762 1917 1816 etiam

2036 1750 2333 1827 ἓγγάστριος
2363 1755 2653 1829 σκίρτησις,
2770 1759 2853 1811 καί
2897 1758 3172 1829 προφητεία
3202 1759 3491 1812 συνείπετο.
3519 1753 3630 1812 "Eu

319 1854 589 1921 educatio,
613 1854 701 1909 cui
732 1853 932 1909 nullius
960 1854 1189 1910 aliorum
1217 1855 1409 1910 similis
1433 1862 1534 1910 est.
1570 1853 1728 1908 Tanti
1755 1854 1921 1909 etiam

318 1945 423 2001 viri
469 1944 537 1999 ad
582 1943 872 2000 Iordanem
902 1945 1183 2013 adventus,
1216 1962 1377 2017 quam
1408 1946 1623 2002 dicendi
1674 1948 1784 2002 vim
1813 1963 1921 2003 non

318 2043 562 2108 superet,
594 2036 758 2106 inque
786 2037 1058 2107 angustias
1085 2040 1289 2108 cogat?
1328 2038 1397 2093 At
1440 2038 1569 2109 quid
1597 2038 1664 2093 de
1709 2038 1923 2094 Domini

319 2131 391 2187 ad
417 2144 543 2185 eum
584 2129 819 2185 adventu
854 2130 1021 2198 dicas,
1066 2132 1325 2188 inclinato
1356 2132 1430 2186 illi
1456 2132 1681 2201 vertice,
1733 2148 1925 2191 manus

320 2230 490 2290 taetu,
524 2237 589 2278 ac
609 2222 859 2293 baptismi
889 2238 1085 2278 arcana
1115 2224 1476 2280 lustratione?

395 2316 603 2373 Horum
623 2318 865 2373 omnium
883 2319 1130 2385 seorsim,
1155 2319 1549 2390 propriumque
1569 2316 1702 2373 mihi
1730 2318 1926 2374 festum

324 2418 429 2479 est,
456 2428 566 2467 una
614 2412 778 2468 etiam
808 2428 934 2468 cum
972 2412 1209 2482 gloriosa
1238 2412 1621 2480 decollatione,
1654 2426 1816 2481 quam
1842 2412 1927 2468 vir

328 2504 593 2562 maximus
635 2504 911 2573 sustinuit,
954 2504 1167 2559 lascivm
1213 2519 1279 2559 ac
1306 2503 1594 2574 impudicae
1622 2503 1927 2589 saltatiopis

327 2593 577 2650 mercede
599 2593 667 2648 ab
696 2592 912 2649 Herode
935 2609 1105 2650 caesus
1133 2596 1332 2665 capite.
1356 2594 1557 2651 Verum
1577 2594 1702 2665 quia
1730 2595 1927 2651 horum

326 2685 639 2741 meminisse
668 2700 777 2741 non
804 2685 964 2754 hujus
992 2694 1076 2742 est
1114 2687 1393 2758 temporis,
1425 2704 1547 2743 cum
1576 2696 1631 2743 et
1676 2690 1927 2759 proprios

328 2775 563 2831 habeant
591 2776 857 2847 ascriptos
884 2776 1026 2845 dies,
1057 2778 1322 2847 nobisque
1351 2779 1599 2848 superius
1626 2779 1813 2851 paucis
1838 2794 1927 2835 re-

330 2868 440 2923 lata
461 2869 597 2923 sint:
630 2868 694 2924 iis
715 2868 762 2924 si
792 2868 940 2924 lubet
970 2869 1202 2937 omissis,
1236 2870 1307 2925 ad
1334 2871 1440 2926 alia
1468 2886 1775 2927 sermonem
1804 2888 1928 2929 con-

329 2968 623 3029 vertemus,
653 2976 773 3032 quae
802 2969 857 3015 et
887 2961 1041 3017 nobis
1079 2962 1561 3033 impraesentiarum
1590 2978 1927 3034 prosequen-

330 3052 397 3109 da
424 3054 731 3109 statuimus.
782 3051 951 3109 Plane
999 3069 1130 3110 vero
1178 3054 1267 3110 hic
1304 3055 1537 3110 orationi
1593 3056 1927 3126 przestitutus

2026 1849 2121 1913 μὴν
2148 1847 2229 1899 καί
2257 1846 2489 1918 ἀναγωγή
2512 1851 2596 1901 καί
2622 1850 2879 1923 ἀνατροφή
2911 1892 2923 1915 ,
2951 1848 3122 1918 μηδενὶ
3151 1858 3252 1905 τῶν
3277 1847 3436 1904 ἄλλων
3462 1870 3632 1926 προσ-

2027 1944 2221 1991 εοικυῖα
2246 1954 2258 1968 ’
2302 1941 2385 1992 καὶ
2427 1940 2457 1997 ἡ
2486 1940 2626 2015 παρὰ
2652 1940 2737 1995 τὸν
2772 1939 3026 2015 Ἰορδάνην
3052 1939 3107 1996 δέ
3155 1938 3315 2013 ἄφιξις
3343 1948 3431 1997 τοῦ
3461 1938 3634 1996 τοιού..

2026 2051 2143 2092 του,
2174 2033 2290 2085 τίνα
2319 2030 2466 2103 λόγον
2500 2032 2601 2102 οὐχ
2642 2033 2959 2109 ὑπερϐαίνει,
2994 2036 3074 2087 καί
3103 2038 3173 2095 εἰς
3203 2035 3420 2109 ἀπορίαν
3446 2034 3635 2105 ἐμϐάλ-

2026 2120 2121 2187 λει;
2166 2123 2225 2175 Τί
2270 2119 2314 2177 δ’
2341 2117 2398 2176 ἀν
2438 2121 2583 2198 εἴπης
2622 2129 2921 2199 παρουσίαν
2950 2132 3039 2185 τήν
3071 2127 3203 2199 πρὸς
3235 2128 3385 2181 αὐτὸν
3412 2134 3504 2182 τοῦ
3556 2125 3634 2181 δε·

2029 2213 2253 2278 σπότου,
2278 2216 2366 2270 καί
2388 2223 2606 2289 κορυφῆς
2630 2214 2705 2271 ἐπ’
2731 2219 2869 2290 αὐτῷ
2889 2218 3071 2283 κλίσιν,
3100 2221 3186 2273 καί
3215 2220 3395 2293 χειρός
3417 2219 3633 2291 ἐπαφήν,

2027 2307 2116 2360 καὶ
2144 2305 2396 2378 βάπτισιν
2426 2305 2487 2367 δὴ
2512 2313 2601 2367 τήν
2630 2309 2961 2384 ἀπόρῤητονς

2100 2399 2301 2453 Τούτων
2336 2393 2424 2453 οὖν
2452 2398 2691 2455 ἀπάντων
2719 2398 2823 2455 ἰδία
2849 2423 2935 2471 μοι
2965 2405 3048 2456 καί
3079 2403 3189 2457 καθ’
3219 2402 3435 2458 ἕκαστον
3463 2405 3494 2461 ἦ
3534 2426 3637 2459 πα-

2030 2494 2262 2567 νήγυρις,
2305 2492 2411 2563 μεθ’
2441 2491 2548 2563 ἅμα
2576 2496 2664 2548 καί
2688 2502 2780 2554 τῆς
2808 2493 3006 2559 ἐνδόξου
3035 2496 3317 2567 ἀποτομῆς,
3349 2496 3408 2555 ἣν
3436 2496 3637 2555 ὑπέστη

2033 2583 2060 2640 ὅ
2088 2586 2391 2658 παμμέγας,
2436 2587 2620 2660 κεφαλῇ
2659 2589 2793 2661 πρός
2822 2596 2912 2643 τοῦ
2940 2588 3165 2664 Ἦρὼδου
3196 2591 3525 2661 ἀποτμηθείς,
3574 2590 3637 2645 δι’

2029 2677 2218 2751 ἀσελγῆ
2248 2682 2335 2733 καί
2357 2680 2640 2735 ἀκόλαστον
2666 2678 2893 2755 ὄρχησιν
2914 2699 2928 2712 ⁸
2954 2683 3078 2737 ἀλλά
3103 2685 3211 2739 ἐπεὶ
3232 2707 3287 2755 γε
3309 2686 3503 2740 τούτων
3527 2682 3637 2740 δια-

2030 2774 2352 2844 μνημονεύειν
2397 2776 2455 2829 οὐ
2506 2780 2599 2829 τοῦ
2639 2777 2891 2849 παρόντος
2930 2784 3129 2853 καιροῦ,
3167 2776 3255 2833 ἅτε
3299 2782 3383 2834 καί
3428 2781 3479 2833 ἒν
3528 2777 3638 2849 ἰδίῳ

2033 2862 2255 2921 ἕκοίστου
2284 2868 2725 2938 ἀποτεταγμένων,
2756 2872 2835 2923 καί
2866 2872 2980 2940 ημῖν
3008 2869 3091 2925 διὰ
3124 2871 3369 2945 βραχέων
3396 2870 3637 2946 ἔμπροσ-

2030 2956 2113 3011 θεν
2156 2957 2447 3034 εἰρημένων,
2479 2957 2669 3011 ἐκείνων
2698 2960 2954 3031 ἀφέμενοι,
2984 2964 3029 3013 εἰ
3072 2958 3227 3051 δοκεῖ,
3277 2961 3357 3015 ἐπ’
3385 2958 3511 3015 ἄλλα
3553 2964 3639 3017 τόν

2034 3048 2177 3122 λόγον
2205 3050 2517 3125 τρεψόμεθα,
2550 3054 2635 3106 καί
2664 3057 2755 3106 τοῦ
2779 3051 2931 3125 λόγου
2952 3054 3037 3107 τόν
3066 3048 3259 3108 σκοπόν
3280 3055 3638 3130 προσθέμεθα.

331 3162 553 3217 scopus,
582 3156 641 3202 ut
664 3146 890 3218 pretiosi
912 3147 1105 3218 capitis
1132 3146 1505 3203 inventionem
1534 3146 1826 3213 edisserat;
1849 3164 1930 3205 os-

2036 3145 2222 3205 Σκοπός
2258 3142 2312 3199 δὲ
2357 3145 2565 3206 πάντως
2595 3152 2669 3216 τῷ
2717 3144 2873 3218 λόγῳ,
2904 3146 3114 3219 κεφαλῆς
3150 3148 3302 3202 αὐτοῦ
3350 3148 3526 3220 τιμίας
3554 3154 3643 3208 τὴν

336 3241 635 3295 tensionem
683 3252 882 3311 nempe
912 3240 1073 3306 illius,
1105 3240 1270 3310 inque
1325 3240 1670 3295 manifestum
1699 3240 1933 3312 produc-

334 3334 560 3391 tionem.
610 3332 818 3405 Quippe
865 3334 1065 3390 scimus
1110 3348 1229 3389 eam
1260 3348 1370 3388 non
1392 3349 1555 3388 unam
1586 3349 1728 3404 esse,
1757 3334 1935 3391 sed-et

336 3425 647 3495 secundam,
682 3434 737 3481 et
763 3425 1002 3481 tertiam.
1028 3422 1162 3481 Cum
1192 3424 1375 3495 itaque
1403 3440 1604 3481 arcano
1633 3424 1729 3480 Dei
1758 3426 1933 3482 consi-

336 3519 410 3575 lio
440 3519 610 3574 tribus
634 3518 745 3588 jam
774 3519 981 3576 vicibus
1009 3518 1337 3574 occultatum
1385 3517 1567 3585 fuerit,
1598 3518 1935 3589 totidemque

338 3633 369 3674 e
399 3628 557 3673 terrae
584 3618 705 3673 sinu
751 3616 1012 3687 prodierit
1038 3631 1104 3673 ac
1153 3616 1458 3684 emerserit,
1490 3630 1672 3686 opera:
1700 3616 1934 3686 pretium

338 3711 499 3768 fuerit
528 3721 588 3766 ut
616 3712 847 3781 primum
876 3711 1063 3782 primm
1119 3717 1341 3781 tumque
1385 3710 1636 3766 secundae
1666 3710 1937 3767 inventio-

339 3804 420 3859 nis
448 3804 725 3859 mentione
750 3803 953 3869 habita,
981 3802 1183 3858 exhinc
1207 3802 1395 3857 ordine
1416 3801 1484 3857 ad
1513 3802 1727 3857 tertiam
1752 3810 1935 3858 trans-

339 3909 555 3963 eamus;
584 3911 745 3966 quam
766 3904 822 3950 et
847 3911 1085 3966 prmsens
1125 3896 1301 3951 oratio
1334 3904 1711 3964 argumentum
1732 3895 1933 3950 habet:

340 4003 649 4059 quanquam
674 3987 807 4042 alias
834 3987 991 4043 decet
1013 3995 1072 4041 ut
1098 3995 1153 4041 et
1182 3986 1401 4055 reliquis
1427 3987 1724 4056 adhaereat,
1742 4003 1844 4043 nec
1869 3987 1937 4043 ab

340 4081 537 4151 aliqua,
570 4081 719 4136 velut
747 4096 868 4151 qua:
895 4079 1147 4135 omnibus
1176 4087 1381 4145 utatur,
1427 4079 1771 4149 singulariter
1801 4096 1937 4151 pen-

340 4172 483 4227 deat.
516 4170 574 4227 ln
633 4172 777 4228 hunc
830 4172 1013 4241 itaque
1042 4169 1264 4225 modum
1300 4186 1417 4226 rem
1465 4171 1828 4240 aggrediatur,
1875 4186 1940 4227 ac

340 4263 675 4334 propositum
708 4262 980 4331 ostendat,
995 4262 1205 4317 ratione
1232 4264 1386 4330 cujus
1415 4262 1659 4316 instituta
1688 4270 1791 4329 est,
1817 4278 1939 4318 cum

340 4355 644 4411 nominibus
673 4355 792 4410 aliis
819 4354 981 4425 plane
1021 4352 1257 4411 deﬁciat.
1291 4353 1429 4411 Hinc
1480 4370 1611 4410 vero
1639 4354 1715 4410 illi
1757 4355 1939 4426 auspi-

341 4447 515 4503 canda
532 4450 636 4504 erit
663 4450 924 4503 narratio.

2038 3239 2239 3311 εῧρεσιν
2263 3246 2583 3313 προσειπεῖν,
2614 3236 2859 3302 ἀνάδειξιν
2898 3241 3057 3301 αὐτῆς
3086 3237 3275 3299 δηλαδὴ
3302 3241 3387 3297 καί
3412 3241 3639 3316 φανέρω-

2038 3352 2139 3388 σιν.
2170 3328 2375 3390 Ἐπειδὴ
2405 3332 2462 3385 ού
2492 3332 2610 3401 μίαν
2648 3328 2799 3405 ἴσμεν
2825 3333 3039 3395 ταύτην,
3082 3333 3208 3387 ἀλλά
3254 3336 3341 3388 καί
3377 3331 3641 3407 δευτέραν,

2037 3428 2123 3480 καὶ
2148 3426 2343 3500 τρίτην.
2370 3426 2492 3497 Τρίς
2521 3424 2614 3493 μὲν
2635 3421 2734 3483 ἤδη
2762 3424 3044 3495 κρυϐεῖσαν
3068 3426 3204 3481 κατά
3232 3445 3342 3480 τινα
3364 3426 3647 3498 οἰκονομίαν

2037 3515 2273 3597 ἆρρητον,
2297 3517 2609 3577 τοσαυτάκις
2650 3515 2705 3572 δὲ
2744 3516 2878 3572 κάτω
2904 3538 3005 3572 που
3050 3524 3150 3572 τῶν
3188 3525 3281 3578 τῆς
3305 3524 3400 3590 γῆς
3425 3514 3647 3591 λαγόνων

2038 3607 2383 3673 ἀναδοθεῖσαν,
2414 3608 2543 3668 εἰκός
2565 3606 2733 3667 δήπου
2759 3610 2843 3664 καί
2873 3610 3009 3682 ἡμᾶς
3041 3616 3226 3685 πρῶτα
3252 3612 3529 3681 μνησθῆναι
3555 3617 3645 3671 τῆς

2038 3706 2268 3779 πρώτης,
2302 3700 2388 3757 εἷθ’
2410 3703 2524 3767 ἑξῆς
2547 3701 2812 3779 δευτέρας,
2844 3705 2925 3759 καὶ
2952 3706 3080 3759 κατά
3106 3704 3248 3768 τάξιν
3278 3703 3387 3778 ἅμα
3411 3712 3504 3765 τῆς
3533 3705 3647 3777 τρί-

2037 3811 2161 3857 της’
2187 3797 2244 3855 ἣν
2283 3798 2367 3851 καί
2394 3796 2637 3851 ὑπόθεσιν
2677 3794 2702 3849 ό
2727 3798 2905 3868 παρών
2938 3794 3054 3865 ἔχει
3080 3795 3221 3867 λόγος
3240 3809 3257 3825 ⁸
3301 3797 3346 3849 εί
3375 3798 3457 3851 καί
3486 3792 3645 3856 ἄλλως

2039 3898 2299 3966 προσῆκον
2353 3892 2489 3961 αὐτῷ
2528 3891 2886 3967 προσφύεσθαι
2940 3890 3225 3966 ἑκατέραις,
3260 3890 3347 3944 καί
3396 3886 3643 3961 μηδεμιᾶς

2043 3985 2389 4059 ἀπηρτῆσθαι,
2434 3985 2503 4044 ὡς
2554 3984 2859 4056 ἀμφοτέραις
2903 3986 3297 4058 συγχρώμενον.
3337 3983 3528 4037 Οὐκοῦν
3565 3983 3646 4039 καί

2045 4076 2178 4147 πρὸς
2207 4080 2297 4135 τὴν
2324 4077 2627 4150 ἐγχείρησιν
2668 4075 2832 4135 οὕτως
2859 4075 3001 4142 ίέτω,
3029 4078 3110 4129 καί
3139 4074 3378 4130 δεικνύτω
3400 4079 3490 4134 τήν
3520 4074 3647 4152 πρό-

2044 4166 2177 4220 θεσιν
2208 4164 2272 4220 δι’
2306 4168 2363 4224 ἣν
2408 4170 2493 4220 καί
2521 4166 2545 4220 ό
2572 4167 2739 4239 λόγος,
2772 4174 2882 4225 τοῖς
2909 4162 3076 4226 ἄλλοις
3104 4167 3313 4227 πάντως
3325 4165 3643 4237 λειπόμενος.

2042 4256 2227 4315 Ἐσται
2256 4258 2300 4313 δ’
2332 4261 2556 4314 ἐντεῦθεν
2584 4262 2724 4330 αύτῷ
2752 4260 2782 4317 ἡ
2807 4257 3061 4330 διήγησις.

2114 4350 2262 4428 ’Δρτι
2312 4354 2399 4423 μὲν
2440 4346 2529 4407 οὖν
2570 4352 2596 4407 ό
2641 4351 2937 4424 θαυμαστὸς
2979 4351 3229 4420 Ἰωάννης,
3256 4352 3340 4407 καί
3366 4352 3527 4423 μέγας
3554 4360 3648 4415 τῆς

1990 4472 1995 4477 ί
2047 4446 2281 4507 ἀληθείας
2307 4448 2465 4522 κῆρυξ
2495 4449 2580 4501 καί
2624 4443 2943 4523 Πρόδρομθς,
2971 4449 3060 4504 τήν
3094 4446 3233 4521 ἱερὰν
3265 4444 3475 4519 κεφαλὴν
3516 4447 3649 4521 πρὸς

408 4542 528 4598 .Iam
554 4543 737 4614 itaque
765 4542 1109 4598 admirandus
1135 4542 1394 4609 Joannes,
1424 4556 1759 4614 magnusque
1779 4543 1930 4599 Veri-

2049 4538 2387 4615 τοῦἮρὼδου
2431 4541 2763 4611 ἀποτμηθεὶς,
2813 4543 2897 4595 καί
2937 4549 3028 4600 τῆς
3053 4535 3352 4617 Ἡρωδιάδος
3394 4543 3525 4611 μετὰ
3559 4545 3649 4602 τήν

339 4636 464 4690 tatis
511 4651 689 4706 prmco
734 4652 798 4692 ac
842 4651 1168 4707 przecursor,
1218 4635 1285 4690 ab
1314 4634 1531 4691 Herode
1559 4638 1737 4707 capite
1765 4652 1937 4695 caesus

340 4725 549 4792 fuerat;
580 4726 951 4798 Herodiasque
977 4739 1101 4800 post
1128 4726 1454 4798 impudicam
1483 4728 1849 4791 saltationem,
1882 4730 1937 4785 in

343 4816 460 4885 ipsa
488 4819 635 4885 regia
660 4820 905 4876 obscuris
938 4821 1240 4877 recessibus
1267 4828 1385 4875 tuto
1416 4819 1734 4876 collocarat.
1766 4820 1941 4876 Time-

346 4906 440 4961 bat
469 4909 612 4962 enim
650 4911 877 4967 scelesta
904 4914 1099 4970 mulier
1142 4929 1211 4970 ne
1241 4921 1434 4969 trunco
1470 4914 1681 4983 reliquo
1703 4915 1933 4981 unitum,

347 4999 414 5056 ad
461 4998 603 5053 illius
645 5002 1046 5070 coarguendum
1096 5006 1273 5063 scelus
1326 5006 1523 5062 iterum
1585 5008 1933 5085 excitaretur.

348 5090 668 5161 Quanquam
693 5106 801 5147 non
826 5092 884 5147 in
912 5093 1132 5163 longum
1159 5105 1371 5168 tempus
1396 5113 1585 5154 eorum
1612 5114 1732 5168 quae
1756 5107 1940 5169 patra-

347 5194 524 5255 verat,
555 5184 777 5241 dilatam
797 5187 1103 5243 mercedem
1123 5192 1348 5261 recepit,
1372 5207 1498 5247 cum
1550 5192 1667 5263 ipsa
1698 5193 1940 5264 turpissi-

350 5295 438 5338 tuo
481 5279 595 5336 fato
636 5280 745 5335 vita
774 5280 982 5349 iuncta,
1006 5287 1117 5334 tum
1148 5290 1272 5351 post
1299 5298 1420 5339 eam
1450 5284 1593 5341 illius
1624 5285 1731 5341 ﬁlia
1759 5305 1773 5354 ;
1804 5302 1941 5343 cmsa

349 5388 544 5443 nempe
582 5371 816 5428 ﬂuminis
844 5372 1014 5442 glacie
1046 5372 1120 5427 illi
1148 5374 1359 5429 cervice
1386 5376 1531 5430 inter
1557 5378 1802 5445 hiberna,
1834 5394 1943 5448 quo

352 5475 406 5521 et
432 5481 529 5536 par
549 5481 711 5537 pcena
736 5466 990 5522 delictum
1015 5465 1311 5537 exciperet.
1340 5465 1630 5523 Enimvero
1653 5470 1730 5525 sic
1753 5485 1944 5540 ampu-

352 5564 488 5626 tato,
510 5560 587 5613 uti
615 5558 865 5625 diximus,
884 5556 1108 5615 Joannis
1136 5558 1333 5627 capite,
1368 5559 1530 5628 inque
1558 5560 1699 5613 hunc
1723 5561 1942 5617 modum

353 5650 421 5705 ab
449 5649 718 5723 impudica
746 5651 971 5707 nmliere
1003 5657 1158 5705 teme
1188 5649 1410 5706 latebris
1437 5649 1708 5721 deposito,
1729 5666 1942 5709 manse-

354 5747 442 5798 rat
469 5739 538 5796 ad
561 5742 759 5799 inuitos
798 5757 970 5801 annos
1012 5743 1308 5813 pretiosum
1357 5742 1491 5801 illud
1516 5744 1720 5802 monile
1747 5761 1813 5803 ac
1836 5748 1943 5805 uti-

2047 4629 2218 4691 άναιδῆ
2249 4629 2497 4707 ὄρχησιν,
2530 4630 2651 4688 εἵσω
2681 4653 2780 4688 που
2825 4639 2927 4688 τῶν
2965 4631 3255 4703 βασιλείων,
3300 4629 3351 4687 ἓν
3395 4654 3501 4689 τισι
3546 4655 3649 4704 μυ-

2049 4733 2171 4797 χοῖς
2197 4723 2404 4786 ἀδύτοις
2442 4728 2528 4782 καί
2565 4727 2801 4803 κλείθροις
2840 4726 3032 4785 ταύτην
3071 4725 3440 4797 καταθεμένην
3471 4723 3649 4783 ἐδεδίει

2047 4820 2145 4893 γὰρ
2170 4820 2200 4877 ἡ
2231 4826 2550 4893 παράνομος,
2573 4826 2643 4892 μή
2671 4826 2742 4891 τῷ
2766 4820 2924 4893 λοιπῷ
2944 4815 3087 4881 αὖθις
3115 4822 3319 4889 σώματι
3349 4820 3647 4892 συναφθείη,
3674 4810 3691 4822 ⁵

2048 4918 2134 4971 καί
2159 4919 2229 4977 εἰς
2258 4916 2474 4990 ἔλεγχον
2494 4920 2686 4979 ταύτης
2719 4918 2866 4973 πάλιν
2892 4915 3211 4977 διανασταίη.
3242 4919 3298 4972 Εἰ
3330 4919 3414 4972 καί
3437 4918 3533 4970 οὐκ
3573 4918 3649 4977 εἰς

2049 5013 2247 5088 μακράν
2292 5012 2359 5065 τά
2402 5014 2659 5094 ἐπίχειρα.
2698 5008 2763 5066 ὧν
2809 5011 3029 5086 ἔδρασεν
3069 5013 3361 5083 ἐκομίσατο,
3418 5009 3547 5066 αὐτή
3590 5027 3647 5064 τε

2044 5106 2319 5174 αἰσχίστῳ
2348 5106 2545 5175 θανάτῳ
2575 5110 2664 5164 τήν
2690 5105 2872 5177 ψυχὴν
2899 5105 3241 5180 ἀπορρήξασα
3268 5092 3349 5156 niti
3377 5100 3487 5171 μετ’
3516 5100 3645 5153 ὲκεί-

2049 5217 2130 5254 υην
2169 5197 2200 5253 ἠ
2239 5197 2428 5256 ἐκείνης
2454 5198 2700 5271 θυγάτηρ,
2733 5198 3057 5253 ἀποκοπεῖσα
3097 5199 3185 5254 την
3224 5190 3433 5261 κεφαλὴν
3461 5190 3511 5244 ἓν
3535 5190 3649 5267 ὥρᾳ

2047 5296 2299 5360 χειμῶνος
2346 5296 2453 5350 τοῖς
2502 5290 2807 5366 κρυστάλοις
2853 5297 2942 5345 τοῦ
2992 5293 3249 5357 ποταμοῦ,
3274 5283 3336 5338 ἶν’
3380 5279 3520 5354 εἶχοι
3559 5284 3648 5338 καὶ

2048 5388 2138 5441 τήν
2168 5381 2309 5441 δίκην
2348 5383 2623 5456 ἰσόρροπον
2642 5400 2653 5413 ·
2686 5384 2812 5439 ἀλλά
2847 5385 2948 5458 γὰρ
2977 5390 3068 5442 τῆς
3096 5378 3304 5451 κεφαλῆς
3332 5377 3647 5446 ἀποτμηθεί·

2050 5498 2146 5536 σης
2172 5483 2236 5537 ὡς
2264 5475 2467 5550 ἔφαμεν,
2497 5478 2733 5551 ἀσφαλῶς
2756 5478 2891 5532 οὕτω
2918 5476 3063 5552 παρά
3090 5482 3182 5536 τῆς
3209 5472 3517 5536 ἀκολάστου,
3550 5476 3647 5541 γῆς

2046 5576 2339 5645 κρυπτῆρσι
2381 5569 2754 5631 κατατεθείσης,
2808 5566 2982 5637 ἔμενεν
3023 5564 3159 5644 ἄχρι
3200 5564 3403 5642 χρόνων
3430 5561 3642 5627 πολλῶν,

2043 5660 2102 5716 τό
2147 5661 2311 5729 τίμιον
2356 5660 2509 5714 ἐκεῖνο
2540 5668 2727 5735 χρῆμα
2773 5663 2857 5715 καί
2901 5661 3246 5736 πάγχρηστον
3288 5660 3495 5716 ἀθέατον
3534 5659 3645 5716 τοῖς

2045 5749 2246 5811 πολλοῖς
2271 5791 2286 5821 ,
2332 5746 2628 5821 ἄψαυστον,
2671 5751 3125 5827 ἀπροσπέλαστον
3176 5752 3233 5813 οὔ
3246 5774 3312 5816 τω
3351 5749 3501 5823 τάχα
3544 5747 3637 5801 τοῦ
