4060 6364
538 238 644 295 459

1799 236 2158 300 momsms
2196 188 2561 305 manus."

3719 261 3836 327 440

536 371 670 413 nere
714 354 1173 428 defungebantur,
1228 359 1285 414 in
1333 360 1533 415 classes
1583 356 1813 414 seorsim
1857 359 2107 417 distribut

2234 387 2313 422 τοι
2340 368 2499 422 ἐϐόων
2519 384 2535 400 ⁶
2568 398 2641 413 --
2660 368 2782 428 Ἰδού
2825 393 2910 429 σοι
2935 374 3021 430 καί
3046 372 3073 431 ὅ
3100 375 3258 449 μέγας
3281 375 3512 441 Ἰωάννης·
3533 378 3678 454 ἕνητῷ
3696 392 3826 455 ναῷ,
3866 390 3869 391 ⁷

536 456 708 504 erant.
760 448 859 505 llic
887 465 1077 505 sensus
1101 450 1253 505 vocis
1291 458 1409 505 erat
1440 467 1453 502 :
1486 448 1624 504 Ecce
1647 465 1869 523 magnus
1895 451 2127 510 Joannes

536 537 730 593 Christi
760 538 997 609 Baptista
1026 540 1333 595 ostenditur.
1379 540 1509 607 Quae
1548 555 1668 595 eam
1699 540 1985 598 mittebant
2026 560 2127 600 vo-

535 644 654 684 cem
684 628 883 686 classes
905 629 1154 700 singulae,
1184 646 1283 702 per
1327 631 1648 688 orientalem
1697 641 1909 703 portam
1958 636 2130 693 intra-

534 719 685 776 banL

603 810 739 868 Cum
778 822 960 871 autem
997 828 1100 885 ego
1151 829 1220 869 ex
1260 813 1324 869 iis
1350 827 1471 884 quae
1519 825 1881 886 apparuerant
1934 818 1989 873 in
2016 826 2132 875 stu-

528 911 717 976 porem
748 914 918 971 actus,
943 905 1153 960 cuidam
1181 904 1338 959 scala:
1366 904 1480 959 illic
1509 905 1697 975 positae
1725 907 2001 974 inniterer,
2020 908 2127 965 duo

527 997 723 1052 iterum
766 998 901 1053 atria
930 1005 1151 1068 aspecto
1178 1014 1191 1049 :
1223 996 1453 1051 alterum
1485 996 1553 1051 ad
1581 997 1863 1065 orientem,
1895 999 2125 1055 alterum

525 1087 598 1142 ad
618 1089 899 1145 meridiem
929 1097 1310 1160 exporrectum
1350 1096 1485 1144 erat.
1532 1087 1768 1143 Medium
1796 1090 2127 1148 consistebat

526 1180 789 1252 templum
815 1181 1261 1253 pulcherrimum,
1294 1180 1347 1235 in
1374 1179 1519 1249 quod
1548 1180 1855 1251 singulatim
1886 1182 2127 1251 ingressa

531 1273 749 1341 agmina
806 1281 1119 1330 reverenter
1168 1272 1539 1328 adorationem
1590 1273 1938 1342 praestabant.
1989 1273 2126 1329 Tum

530 1380 750 1434 quoque
800 1366 891 1421 alii
921 1366 1029 1422 duo
1070 1365 1347 1436 praestanti
1376 1364 1556 1435 specie
1601 1365 1731 1419 mihi
1778 1367 1958 1420 statim
1998 1365 2125 1423 facti

526 1461 899 1529 conSpicui,in
922 1460 1039 1515 haec
1068 1461 1230 1515 verba
1253 1459 1559 1513 clamabant
1584 1476 1597 1512 :
1631 1458 1714 1513 En
1735 1459 1822 1514 tibi
1837 1469 1885 1514 et
1905 1478 2123 1533 magnus

490 1618 493 1619 ν
520 1552 750 1606 Joannes
778 1555 833 1606 in
859 1554 1066 1623 templo,
1101 1570 1249 1624 quem
1277 1562 1327 1605 et
1355 1552 1468 1607 vide
1494 1561 1544 1606 et
1573 1554 1742 1609 crede.
1766 1553 1938 1621 Quem
1960 1558 2121 1611 etiam

518 1645 691 1698 multo
722 1643 930 1714 fulgore
972 1644 1344 1714 splendentem
1371 1645 1579 1714 aspexi.
1613 1644 1661 1701 ls
1705 1646 2119 1714 ingredientium

518 1734 739 1801 classes,
765 1735 1163 1789 subridentibus
1207 1735 1520 1805 aspectabat
1568 1736 1756 1798 oculis,
1789 1739 2120 1809 singulisque
2148 1763 2196 1823 Β

515 1828 707 1884 ordine
732 1828 1124 1885 benedictionis
1153 1846 1345 1885 munus
1374 1830 1737 1900 impendebat.
1768 1830 1869 1887 Ubi
1892 1833 1995 1887 illae
2015 1834 2115 1891 be~

515 1921 853 1978 nedictiones
898 1924 1183 1994 impertita:
1226 1925 1472 1990 fuissent,
1506 1923 1778 1995 ﬁnemque
1806 1943 1995 1983 earum
2029 1946 2118 1988 res

516 2012 855 2080 habuissent,
887 2015 1001 2086 ipse
1028 2031 1246 2086 quoque
1277 2016 1345 2071 ab
1386 2032 1452 2072 eo
1497 2017 1880 2075 benedictione
1905 2020 2115 2076 donan-

513 2104 615 2159 dus
642 2106 862 2162 accessi.
885 2107 963 2164 Ac
989 2124 1121 2162 vero
1148 2108 1215 2162 ad
1246 2108 1410 2178 pedes
1440 2108 1515 2162 illi
1542 2110 1735 2179 accidi,
1761 2118 1907 2167 totus
1952 2114 2117 2184 trepi-

512 2197 615 2253 dus
643 2214 707 2255 ac
734 2216 951 2269 pavens.
976 2203 1045 2256 At
1066 2202 1155 2257 ille
1179 2202 1362 2257 statim
1386 2204 1562 2273 erigit,
1582 2219 1646 2260 ac
1676 2203 1868 2261 ﬁducia
1889 2207 2118 2277 implens

512 2291 581 2345 ad
612 2292 872 2347 tremendi
903 2293 1012 2349 oris
1066 2294 1309 2349 osculum
1355 2294 1585 2363 benigne
1616 2296 1864 2351 admittit.
1913 2297 2117 2355 Deinde

511 2383 675 2437 etiam
706 2400 798 2439 vas
825 2386 985 2440 melle
1006 2386 1229 2456 plenum
1253 2388 1374 2442 sinu
1402 2388 1715 2458 proferens,
1748 2390 1877 2445 mihi
1910 2392 1963 2445 in
1997 2408 2115 2447 ma-

509 2490 613 2530 nus
643 2475 879 2542 tradidit,
908 2478 1170 2549 jubetque
1201 2480 1481 2550 accipiam.
1513 2479 1639 2535 Mox
1660 2497 1725 2537 ac
1752 2483 1955 2552 accepi,
1989 2483 2117 2539 inde

512 2568 763 2636 exibam;
810 2584 873 2625 ac
928 2571 1075 2625 velut
1136 2572 1238 2626 viae
1288 2572 1480 2627 ducem
1528 2573 1773 2642 agebam.
1841 2572 1977 2628 Tum
2024 2575 2116 2631 ille

511 2658 665 2716 nulla
694 2676 845 2717 mora
897 2670 1022 2733 post
1050 2678 1138 2717 me
1174 2663 1541 2732 sequebatur,
1573 2664 1841 2735 simulque
1870 2666 2029 2722 ambo
2059 2667 2114 2723 in

505 2754 895 2810 monasterium
923 2771 1110 2811 sumus
1147 2755 1393 2826 ingressi.
1444 2756 1526 2812 Illi
1576 2758 1802 2815 comites
1849 2770 2025 2828 erant,
2058 2769 2116 2818 et

468 2842 641 2916 ηυδε
666 2846 905 2903 videram
933 2848 1151 2916 classes,
1171 2849 1311 2919 apud
1332 2864 1468 2920 quas
1498 2846 1657 2906 et'iam
1682 2852 1893 2921 igneam
1921 2868 2115 2923 quam-

502 2940 629 2996 dam
658 2942 967 2998 columnam
996 2942 1102 2998 illis
1142 2943 1526 3014 praelucentem
1575 2945 1779 3016 aspexi.
1834 2945 1970 3003 Hinc
1997 2964 2114 3004 ma-

501 3034 606 3106 iori
635 3036 915 3105 perculsus
941 3045 1110 3101 metu,
1138 3051 1205 3091 ex
1248 3036 1556 3092 turbatione
1584 3054 1832 3093 somnum
1876 3042 2108 3097 excussi.

499 3124 778 3196 Ejusmodi
806 3127 907 3182 fuit
933 3127 1079 3197 quod
1116 3128 1245 3184 mihi
1270 3127 1324 3182 in
1344 3129 1613 3184 somnium
1645 3128 1860 3196 accidit,
1884 3130 2104 3199 longum
2133 3153 2180 3218 ρ

498 3218 632 3273 illud
653 3262 669 3287 ,
700 3234 763 3275 ac
789 3219 1006 3290 longam
1055 3221 1261 3277 habens
1290 3222 1684 3293 expositionem
1709 3262 1725 3289 ,
1774 3239 1880 3278 non
1920 3225 2099 3282 minus

498 3312 838 3367 tremendum
892 3329 1055 3384 quam
1097 3331 1314 3381 verum,
1368 3315 1634 3386 siquidem
1685 3324 1911 3388 utraque
1949 3319 2003 3373 in
2032 3335 2098 3375 eo

497 3402 638 3458 ratio
668 3402 870 3458 existit.
903 3402 1123 3461 Interim
1151 3420 1254 3475 ego
1285 3404 1478 3462 dubius
1516 3407 1725 3462 haerens
1768 3410 1995 3466 subditis
2019 3410 2100 3481 ju-

495 3494 623 3562 beo,
647 3503 708 3550 ut
733 3506 1053 3553 consuetum
1079 3514 1301 3570 precum
1328 3515 1557 3571 pensum
1607 3502 1973 3572 unusquisque
2002 3504 2099 3559 du-

495 3587 648 3658 plum
671 3588 974 3644 exsolvant.
1006 3589 1067 3643 ln
1095 3590 1179 3644 his
1208 3606 1346 3645 unus
1377 3591 1589 3645 illorum
1617 3590 1816 3648 lsacius
1857 3594 2094 3662 nomine,

494 3677 622 3733 dum
663 3678 842 3735 adhuc
893 3681 1095 3751 psallit,
1126 3682 1290 3753 inque
1334 3681 1504 3737 Deum
1544 3683 1687 3738 tollit
1734 3684 1943 3755 oculos,
1973 3695 2099 3743 ante

494 3772 812 3843 speluncam
858 3774 1037 3843 ignem
1083 3776 1382 3844 ardentem,
1415 3777 1665 3848 intraque
1709 3780 1893 3850 templi
1949 3780 2098 3839 fores

494 3865 841 3922 invadentem
870 3868 1061 3924 cernit.
1101 3868 1288 3925 Visum
1343 3869 1435 3926 ille
1491 3870 1771 3927 confestim
1833 3874 2093 3930 ostendit.

492 3953 608 4029 Ego
635 3970 820 4016 tacere
854 3960 1069 4030 jubens,
1098 3962 1299 4032 quippe
1336 3964 1429 4033 qui
1477 3979 1544 4019 ex
1589 3967 1855 4036 superiori
1891 3968 2100 4025 visione

494 4056 623 4105 ante
652 4051 732 4106 rei
762 4066 976 4107 sensum
999 4069 1318 4124 acceperam
1338 4097 1356 4123 ,
1378 4065 1527 4110 metu
1564 4071 1687 4112 eum
1717 4058 1944 4114 liberum
1974 4060 2095 4117 feci.

492 4137 785 4197 Videbatur
826 4144 970 4198 enim
1014 4144 1144 4198 mihi
1207 4144 1372 4201 fuisse
1414 4147 1753 4217 perterritus.
1804 4148 2097 4220 Postquam

491 4240 671 4287 autem
701 4234 791 4288 alii
820 4235 1058 4306 quinque
1080 4236 1195 4293 dies
1228 4238 1578 4307 transissent,
1605 4240 1711 4295 alia
1735 4241 1932 4298 iterum
1965 4244 2097 4299 mihi

492 4322 632 4379 visio
662 4324 881 4395 obtigit.

480 4409 488 4433 ‘
558 4415 692 4472 Nam
718 4433 909 4475 manus
935 4422 1179 4490 quaedam
1208 4431 1373 4479 noctu
1402 4438 1691 4498 apparens,
1721 4427 1971 4485 dextrum
2001 4431 2096 4486 mi-

488 4504 545 4559 hi
566 4507 800 4575 percutit
827 4508 1035 4576 femur;
1066 4527 1134 4567 ex
1153 4527 1258 4583 qua
1281 4514 1442 4569 etiam
1462 4532 1568 4570 vox
1589 4520 1876 4575 resonabat
1896 4521 1948 4576 in
1980 4522 2096 4580 haec

487 4596 652 4651 verba
674 4598 913 4656 clamans
931 4619 944 4654 :
962 4601 1162 4675 Surge;
1184 4622 1299 4660 ecce
1327 4606 1466 4662 vobis
1496 4608 1631 4665 dono
1655 4626 1926 4668 concessus
1954 4631 2088 4670 sum.

491 4684 662 4742 Porro
704 4700 859 4745 etiam
902 4694 1052 4747 stella
1094 4698 1335 4763 occurrit,
1358 4714 1472 4766 qua:
1497 4699 1597 4776 loci
1625 4701 1784 4756 index
1805 4704 1924 4758 erit.
1956 4703 2091 4759 Tum

489 4789 592 4844 ego
629 4779 812 4834 statim
856 4784 1094 4850 surrexi,
1128 4786 1394 4855 simulque
1445 4789 1599 4845 stella
1634 4792 1877 4861 praeibat,
1919 4793 2091 4852 donec

487 4868 712 4923 veniens
732 4871 883 4925 stetit
910 4886 1073 4941 supra
1091 4873 1268 4929 locum
1282 4877 1372 4932 ubi
1399 4877 1655 4948 spelunca
1678 4888 1813 4946 erat,
1830 4882 1882 4937 in
1909 4898 2017 4952 quo
2034 4892 2090 4940 et

486 4959 694 5014 concha
722 4961 974 5030 contigua
1001 4963 1266 5031 exstabat,
1307 4968 1406 5023 sub
1435 4983 1542 5037 qua
1571 4969 1844 5027 defossum
1872 4989 2086 5029 sacrum

482 5048 676 5118 pignus
731 5048 849 5105 fuit.
901 5048 1036 5106 Cum
1084 5053 1265 5123 itaque
1316 5058 1657 5129 perspicuum
1700 5060 1837 5117 adeo
1875 5065 2086 5133 signum

484 5139 834 5208 aspexissem,
865 5140 920 5195 in
946 5155 1118 5210 genua
1148 5148 1531 5217 procumbens,
1561 5150 1850 5220 multisque
1878 5154 2085 5224 suppli-

482 5244 616 5284 cans
644 5229 740 5296 illi,
772 5230 863 5301 qui
891 5246 949 5287 se
978 5233 1107 5287 mihi
1147 5236 1495 5307 conspicuum
1545 5239 1776 5311 fecerat,
1806 5242 1983 5298 locum
2016 5244 2083 5298 li-

481 5333 621 5388 gone
668 5321 854 5380 fodere
901 5326 1059 5396 coepi.
1107 5326 1243 5384 Tum
1289 5331 1397 5386 alta
1442 5333 1733 5403 attingens,
1768 5351 1831 5390 ac
1860 5351 2079 5392 arenam

480 5412 770 5481 quamdam
806 5416 1028 5473 alfusam
1059 5418 1357 5494 offendens,
1386 5434 1510 5496 post
1551 5440 1712 5496 quam
1764 5428 1927 5484 etiam
1962 5438 2081 5486 erat

481 5506 682 5576 tegula,
713 5515 825 5563 tum
870 5521 1047 5568 crusta
1077 5514 1319 5587 lapidea,
1361 5520 1460 5575 sub
1512 5534 1576 5576 ea
1621 5520 2071 5591 pretiosissimum

478 5597 671 5668 pignus
717 5596 929 5668 inveni,
958 5598 1149 5674 hydria
1177 5607 1407 5678 quadam
1453 5617 1701 5680 opertum
1724 5652 1739 5679 ,
1773 5612 1933 5683 inque
1980 5613 2070 5669 illa

477 5690 837 5746 reconditum.
874 5692 950 5750 Ea
976 5712 1034 5753 re
1060 5701 1241 5757 animo
1268 5702 1420 5759 laetus
1445 5705 1697 5773 eli'ectus,
1731 5708 1927 5762 iterum
1967 5715 2071 5764 sta-

477 5782 577 5836 tim
604 5783 783 5839 locum
809 5788 1033 5859 occului,
1062 5793 1193 5849 nihil
1221 5794 1682 5873 indeiextrahens,
1704 5800 2070 5874 hactenusque

486 5878 626 5945 quod
648 5878 821 5938 visum
848 5880 1041 5956 fuerat,
1067 5888 1197 5945 nulli
1226 5890 1492 5960 aperiens.

2236 458 2289 514 ὂν
2314 464 2398 515 καὶ
2426 459 2542 536 ὅρα,
2580 466 2666 519 καί
2692 468 2925 522 πίστευε.
2952 494 3027 508 -
3050 465 3141 523 ⁸ον
3161 472 3244 525 καὶ
3264 470 3539 546 ἐθεασάμην
3569 475 3722 537 πολλῆ
3762 488 3829 555 τῇ

2233 551 2380 629 αἴγλῃ
2417 557 2859 629 ἐναπολάμποντα.
2885 558 2977 621 ⁸ος
3000 559 3059 621 δὴ
3104 565 3190 616 καί
3221 565 3287 619 τά
3323 566 3547 624 εἰσιόντα
3584 571 3830 645 τάγματα

2230 645 2466 718 μειδιῶσι
2512 652 2859 722 προσέϐλεπεν
2896 653 3205 726 ὀφθαλμοῖς,
3246 659 3381 713 κατά
3423 661 3563 725 τάξιν
3608 663 3830 737 εὐλογῶν

2229 739 2468 796 ἕκαστον.
2498 752 2584 802 Ὧς
2632 741 2677 798 δ’
2705 745 2869 801 ἐκεῖνα
2904 751 2994 806 τήν
3036 748 3263 821 εὐλογίαν
3299 748 3488 826 εἴληφε,
3531 757 3620 810 καί
3661 759 3828 833 πέρας

2230 826 2345 903 εἶχε
2374 833 2432 888 τὸ
2454 833 2569 889 κατ’
2586 836 2790 901 αὐτούς,
2815 839 2994 898 ἀπῄειν
3018 842 3101 894 καί
3141 842 3293 903 αὐτὸς
3321 844 3545 918 εὐλογίαν
3567 851 3660 907 τήν
3679 851 3830 925 παρά

2230 923 2378 979 τοῦδε
2436 925 2735 999 ληψόμενος.
2787 933 2881 985 Καὶ
2908 930 2967 990 δὴ
2993 940 3106 993 τοῖς
3127 936 3286 990 αὐτοῦ
3314 941 3634 1012 προσπίπτω
3673 923 3826 1010 ποσὶ,

2228 1017 2517 1091 σύντρομος
2558 1018 2624 1075 ὢν
2668 1026 2755 1076 καὶ
2793 1022 3030 1096 περιδεὴς
3076 1024 3222 1087 ὅλος·
3254 1027 3309 1090 ὃς
3349 1051 3412 1103 με
3452 1038 3538 1088 καὶ
3582 1036 3829 1113 ἀνεγείρει

2228 1111 2432 1176 θᾶττον,
2462 1114 2545 1166 καὶ
2582 1114 2804 1187 θάρσους
2829 1115 3132 1187 ἐμπίπλησι,
3162 1117 3283 1181 δούς
3310 1144 3397 1192 μοι
3435 1121 3523 1180 ἰπὶ
3550 1127 3722 1200 στόμα
3745 1134 3828 1185 καί

2228 1213 2318 1268 τήν
2344 1211 2543 1283 ἀγάπην
2562 1219 2654 1268 τοῦ
2681 1223 2891 1289 φρικτοῦ
2914 1218 3098 1274 ἐκείνου
3122 1222 3412 1294 φιλήματος.
3436 1221 3555 1282 Εἶτα
3572 1226 3827 1303 xuii-no:

2228 1323 2279 1357 τι
2305 1303 2495 1379 πλῆρες
2525 1306 2723 1377 μέλιτος
2754 1317 2842 1365 τοῦ
2870 1311 3057 1367 κολποῦ
3086 1314 3313 1370 ἐκϐαλὼν
3348 1324 3411 1392 τῇ
3458 1318 3552 1394 ἐμῇ
3578 1324 3728 1395 χειρὶ
3756 1324 3828 1376 ἐν·

2227 1396 2490 1462 τίθησι,-
2504 1401 2666 1467 Λαϐὲ,
2694 1403 2932 1474 φάμενος,
2957 1412 3131 1460 τοῦτο.
3156 1404 3373 1480 -Ἐγώ
3416 1407 3471 1463 δὲ
3512 1409 3623 1484 ἅμα
3660 1413 3826 1469 ἐκεῖνο

2224 1485 2429 1553 ἔλαϐον,
2456 1493 2542 1544 καὶ
2566 1489 2675 1563 ἅμα
2701 1495 2877 1549 ἐκεῖθεν
2904 1496 3081 1563 ἐξήειν,
3108 1501 3488 1574 προηγούμενος
3518 1504 3709 1558 ὡσανεὶ
3736 1514 3826 1568 τῆς

2228 1576 2367 1633 ὁδοῦ.
2395 1577 2517 1637 Εἶτα
2546 1586 2627 1637 καὶ
2656 1587 2815 1647 αὐτὸς
2840 1588 3111 1663 ἐπορεύετο
3147 1593 3293 1652 εύθύς
3313 1593 3425 1663 μετ’
3444 1596 3558 1667 ἐμὲ,
3586 1599 3672 1651 καὶ
3699 1619 3825 1652 συν·

2228 1676 2479 1745 εισήειμεν
2509 1672 2655 1747 ἄμφω
2681 1681 2813 1754 πρὸς
2844 1686 2934 1741 τήν
2962 1687 3143 1752 μονήν·
3171 1685 3455 1758 ἐφεπόμενοι
3475 1689 3641 1760 ἐκείνῳ
3668 1696 3757 1747 καὶ
3795 1693 3825 1750 ἃ

2224 1765 2423 1843 ἑώρακα
2451 1770 2723 1844 τάγματα,
2754 1773 2879 1851 παρ’
2922 1773 2995 1837 οἷς
3040 1779 3319 1847 ἐθεασάμην
3350 1785 3436 1836 καὶ
3482 1782 3670 1839 στῦλόν
3714 1808 3825 1845 τινα

2220 1863 2431 1932 πύρινον
2458 1866 2810 1938 ἐπιλάμποντα
2860 1870 3175 1948 ἔμπροσθεν.
3209 1872 3378 1931 ’Ἔνθεν
3415 1899 3496 1935 τοι
3529 1884 3613 1935 καὶ
3637 1882 3823 1952 μείζονι

2221 1955 2358 2027 φόϐῳ
2390 1957 2610 2029 ληφθείς,
2634 1967 3011 2047 τεταραγμένος
3040 1974 3133 2022 τοῦ
3154 1967 3313 2023 ῦπνου
3338 1973 3550 2048 ἁνὲθορα
3574 1973 3627 2027 ³⁸.
3677 1979 3774 2029 Καὶ
3802 1975 3823 2031 ό

2219 2050 2309 2121 μὲν
2336 2046 2528 2126 ὄνειρός
2554 2075 2639 2124 μοι
2657 2056 2857 2114 τοιόσδε
2888 2062 3087 2137 μακρὸς
3115 2061 3202 2126 ὢν,
3232 2068 3316 2120 καὶ
3342 2067 3539 2142 μακράν
3568 2065 3714 2139 ἔχων
3738 2074 3820 2128 την

2219 2139 2460 2211 δήλωσιν,
2485 2148 2569 2201 καὶ
2592 2151 2797 2217 φρικτὸς
2824 2153 2973 2206 πλέον
3004 2154 3033 2213 ἦ
3062 2155 3242 2216 ἀληθής
3268 2154 3347 2211 ὅτι
3375 2164 3496 2231 περὶ
3549 2161 3700 2215 αὐτὸν
3747 2166 3821 2217 καὶ

2219 2234 2503 2311 ἀμφότερα.
2534 2238 2655 2310 Ἐγώ
2674 2240 2727 2295 δὲ
2742 2245 2800 2298 τὸ
2818 2243 2967 2299 τοῦδε
2988 2244 3077 2317 F.
3098 2247 3199 2319 leg.
3223 2249 3446 2321 τοιοῦδε]
3466 2255 3657 2329 ἀγωνίᾳ
3673 2277 3821 2330 περιο

2216 2331 2409 2393 πεσὼν,
2432 2338 2543 2389 τοῖς
2569 2332 2659 2387 ὑπ’
2686 2333 2772 2405 ἔμέ
2792 2339 3200 2414 παρακελεύομαι
3215 2351 3494 2416 μοναχοῖς,
3519 2344 3687 2418 διχῶς
3703 2349 3819 2403 ἕκα-

2216 2436 2335 2471 στον
2351 2422 2440 2477 τήν
2458 2423 2646 2481 συνήθη
2666 2425 2869 2483 τελέσαι
2890 2430 3072 2501 εὐχήν.
3095 2437 3183 2487 Καί
3203 2454 3279 2493 τις
3301 2438 3464 2493 αὐτῶν
3478 2436 3685 2501 Ἰσάκιος
3699 2440 3818 2496 τούη

2216 2529 2344 2581 νομα
2368 2510 2450 2567 ἔτι
2478 2512 2699 2585 ψάλλων,
2727 2522 2811 2574 καί
2830 2528 2938 2591 Θεῷ
2960 2525 3080 2583 τούς
3102 2524 3380 2597 ὀφθαλμούς
3403 2526 3579 2603 αἴρων,
3605 2531 3699 2604 όρᾷ
3720 2534 3816 2607 πρὸ

2215 2611 2307 2659 τοῦ
2333 2606 2585 2665 σπηλαίου
2615 2608 2874 2682 καιόμενον
2902 2621 3030 2691 πῦρ,
3067 2621 3153 2671 καί
3195 2617 3339 2674 ἔνδον
3380 2629 3480 2676 τῶν
3509 2624 3675 2700 θυρῶν
3723 2633 3813 2681 τοῦ

2216 2703 2338 2751 ναοῦ
2370 2699 2549 2753 εἰσιόν⁹
2582 2699 2636 2763 ὅς
2664 2725 2751 2772 μοι
2795 2708 2884 2760 καὶ
2926 2709 2981 2762 τό
3021 2708 3195 2784 όραθέν
3242 2716 3538 2787 παραυτίκα
3587 2714 3811 2773 ἐδείκνυ·

2215 2788 2316 2859 ἐγὼ
2345 2787 2392 2845 δ’
2428 2792 2717 2863 ἡσυχάζειν
2746 2804 2924 2854 τοῦτον
2976 2801 3164 2866 εἰπὼν,
3207 2802 3296 2859 ἅτε
3371 2810 3454 2860 καὶ
3494 2808 3554 2862 τὸ
3598 2815 3813 2882 πρᾶγμα

2213 2888 2595 2959 προησθημὲνος
2623 2891 2678 2943 ἐκ
2716 2898 2807 2952 τῆς
2832 2894 2931 2967 πρό
2958 2901 3138 2972 μικροῦ
3167 2892 3355 2967 ὅψεως,
3389 2906 3480 2954 τοῦ
3509 2898 3657 2961 δέους
3682 2904 3813 2963 τέως

2215 2976 2499 3043 ἀπήλλαξα·
2523 2982 2664 3054 ἐῴκει
2691 2984 2788 3057 γάρ
2813 3005 2899 3054 μοι
2929 2984 3350 3059 δεδειματῶσθαι.
3380 2991 3517 3046 ἐπεὶ
3547 2992 3599 3049 δέ
3630 2996 3811 3069 ἡμέραι

2214 3069 2365 3125 πέντε
2396 3069 2771 3145 διαγεγόνασιν,
2798 3076 2949 3145 ἑτέρα
2974 3078 3121 3132 πάλιν
3146 3076 3263 3151 ὄψις
3291 3082 3569 3152 ἐπέσκηψε.

2280 3172 2399 3244 Χεὶρ
2421 3171 2518 3243 γάρ
2540 3191 2618 3230 τις
2640 3172 2770 3226 κατά
2788 3174 2948 3227 νύκτα
2964 3174 3254 3246 ἐπιφανεῖσα
3272 3176 3355 3231 τὸν
3373 3175 3529 3241 δεξιόν
3546 3200 3634 3250 μοι
3651 3181 3810 3239 πλήτ-

2199 3282 2275 3316 τει
2295 3263 2475 3337 μηρόν.
2502 3261 2589 3324 Ἧς
2618 3267 2706 3319 καί
2745 3271 2877 3337 φωνή
2924 3267 3209 3339 ἀπηχεῖτο,
3262 3267 3348 3324 ’Δν
3363 3270 3479 3326 άστ
3494 3293 3549 3337 α,
3603 3273 3805 3344 βοῶσα,

2201 3351 2340 3418 ἰδού
2369 3352 2682 3430 ἐδωρήθην
2709 3358 2871 3430 ύμῖν.
2890 3359 3119 3434 Εύρήσε
3137 3382 3191 3421 ις·
3210 3358 3271 3415 δὲ
3292 3363 3399 3415 καί
3437 3364 3685 3435 ἀστέρα
3704 3367 3807 3420 τὸν

2199 3444 2392 3499 τόπον
2418 3444 2889 3507 ύποδεικνῦντά
2917 3450 3199 3512 σοι’δςκαὶ
3223 3455 3449 3529 παρευθύ
3473 3456 3807 3524 ἀνέστην,καὶ

2202 3538 2309 3610 ἅμα
2329 3540 2636 3619 καὶόάστήρ
2666 3544 2942 3618 προηγεῖτό
2968 3567 3064 3617 μου
3092 3555 3185 3609 τῆς
3216 3545 3471 3614 όδοῦ,ἕως
3499 3550 3648 3604 ἐλθὼν
3679 3549 3804 3611 ἔστη

2201 3636 2368 3691 ἐπάνω
2384 3644 2474 3692 τοῦ
2488 3637 2797 3705 τόπου,ἕ’νθα
2810 3643 2867 3697 τό
2886 3644 3129 3702 σπήλαιον
3145 3641 3277 3711 ἧν,ἐν
3294 3642 3334 3719 ᾧ
3354 3653 3521 3721 κογχὴ
3545 3651 3804 3723 ἐτύγχανε

2198 3737 2494 3810 προσεχὴς,
2538 3733 2705 3790 ἐκεῖσε
2754 3746 2847 3797 τῆς
2890 3739 3103 3811 κεφαλῆς
3128 3742 3544 3817 κατωρυγμίνης.
3582 3755 3670 3805 Ὠς
3714 3742 3803 3800 οὖν

2200 3822 2406 3899 ἐναργὲς
2426 3830 2577 3880 τοῦτο
2608 3835 2825 3897 σημεῖον
2855 3830 3154 3901 ἐθεασάμην,
3188 3832 3355 3893 κλίνας
3380 3836 3446 3889 τά
3470 3833 3684 3905 γόνατα,
3709 3841 3795 3892 καί

2200 3915 2358 3969 πολλὰ
2402 3915 2487 3970 τόν
2527 3922 2741 3988 φανέντα
2785 3942 2870 3991 μοι
2911 3919 3211 3989 ἱκετεύσας-,⁸
3238 3925 3320 3979 τόν
3372 3925 3531 3982 τόπον
3574 3929 3801 4003 ἠρξάμην

2204 4005 2455 4082 ὀρύττειν,
2490 4010 2685 4087 ὀργάνῳ
2708 4011 3040 4088 χρησάμενος
3068 4015 3197 4092 πρός
3221 4018 3277 4071 τό
3298 4013 3523 4093 ὄρυγμα.
3564 4023 3655 4074 ἰαί
3704 4027 3798 4077 τοῦ

2201 4098 2391 4171 βάθους
2418 4101 2699 4174 ἁψάμενος,
2732 4108 2814 4161 καί
2840 4103 3005 4179 ἄμμον
3030 4110 3143 4163 τινὰ
3170 4113 3595 4184 κατακεχυμένην
3614 4114 3795 4191 εὑρὼν,

2200 4191 2309 4265 μεθ’
2325 4194 2384 4253 ἣν
2405 4197 2735 4273 καὶκέραμον,
2750 4194 2860 4254 εἶτα
2882 4199 3047 4256 πλάκα
3057 4200 3589 4269 λιθίνην,ύποκάτωθεν
3605 4209 3795 4267 ταύτης

2200 4286 2257 4341 τό
2284 4285 2559 4362 πολύτιμον
2598 4299 2766 4363 κτῆμα
2788 4292 3030 4367 εύρίσκω,
3055 4292 3205 4373 ὑδρία
3228 4299 3327 4351 τινί
3346 4300 3791 4372 κατακαλυπτόμε-

2200 4400 2304 4445 νον,
2332 4383 2416 4436 καὶ
2440 4380 2561 4436 εἵσω
2590 4386 2962 4459 περιεχόμενον
2981 4401 2995 4417 ⁸
3029 4385 3101 4459 ἐφ’
3186 4392 3269 4443 καὶ
3308 4388 3529 4461 εὔθυμος
3572 4398 3789 4466 γεγονὼς

2200 4474 2350 4528 πάλιν
2381 4476 2449 4537 ὡς
2473 4471 2617 4545 εἶχον
2634 4474 2727 4549 [Ε.
2754 4477 2855 4548 leg.
2880 4477 3032 4549 εἰκὸς]
3053 4482 3137 4537 τὸν
3160 4482 3315 4537 τόπον
3346 4483 3575 4557 ἐκάλυψα
3594 4526 3608 4551 ,
3640 4485 3790 4558 μηδὲν

2198 4565 2375 4621 ἐκεῖθεν
2398 4568 2607 4638 ἐξαγὼν,
2640 4570 2757 4635 μήτ’
2790 4569 2995 4647 ἔκφορον
3017 4574 3142 4634 τέως
3166 4580 3387 4638 ποιήσας
3413 4578 3470 4632 τὸ
3500 4577 3689 4655 rimosa.

2268 4663 2403 4715 Ἐπεὶ
2431 4659 2485 4715 δέ
2521 4664 2653 4734 μετὰ
2677 4666 2852 4740 μικρὸν
2883 4668 3165 4742 παρέϐαλεν
3207 4673 3323 4741 ἡμῖν
3352 4674 3435 4726 καὶ
3463 4670 3487 4726 ό
3524 4672 3782 4747 ἁρχιμαν-

2197 4750 2374 4828 δρίτης
2421 4754 2705 4823 Γεννάδιος,
2743 4761 2869 4835 ἀνὴρ
2920 4762 3109 4823 ἐκεῖνος
3154 4764 3340 4825 πολλῆς
3372 4767 3645 4836 ἠξιωμένος
3696 4776 3784 4826 τῆς

2196 4846 2441 4922 χάριτος,
2493 4848 2546 4911 ὃς
2591 4855 2679 4907 καί
2714 4876 2828 4909 τινα
2859 4857 3119 4913 ὀπτασίαν
3146 4862 3229 4913 καὶ
3258 4861 3408 4921 αὐτός
3442 4861 3692 4936 ἑωρακὼς,
3727 4870 3784 4937 τῇ

2193 4942 2293 5017 πρὸ
2321 4952 2499 5018 μικροῦ
2540 4943 2600 5005 δή
2638 4950 2802 5017 ταύτῃ
2831 4953 2911 5003 καὶ
2950 4952 3171 5028 ἡμετέρᾳ
3217 4952 3564 5027 συνάδουσαν,
3595 4957 3654 5013 ἦν
3699 4976 3781 5025 μοι

2192 5039 2279 5090 καὶ
2304 5041 2478 5092 πᾶσαν
2508 5035 2605 5095 ἄνα
2648 5042 2802 5117 μέρος
2830 5044 3046 5115 ἐξέφηνε,
3072 5048 3186 5103 τότε
3221 5045 3273 5102 δὲ
3311 5052 3393 5103 καί
3420 5050 3575 5109 αὐτὸς
3611 5052 3781 5105 ἀνεπι-

2189 5126 2443 5191 δοιάστως
2471 5132 2633 5202 ἐκείνῳ
2678 5136 3035 5205 ἀνακαλύπτω,
3065 5142 3131 5195 τά
3177 5138 3416 5215 ὁραθέντα
3456 5164 3543 5215 μοι
3585 5144 3779 5200 ἕκαστα

2187 5223 2319 5297 πρὸς
2348 5225 2474 5289 λέξιν
2505 5231 2679 5292 εἰπὼν,
2707 5233 2790 5285 καί
2818 5230 2971 5301 μηδὲν
2998 5236 3193 5289 τούτων
3227 5237 3652 5311 ἀποκρυψάμενος
3675 5255 3691 5270 ⁹
3724 5237 3776 5299 ὃς

2186 5312 2333 5387 ἡδονῇ
2376 5320 2459 5372 καὶ
2490 5320 2712 5386 ἐκπλήξει
2738 5323 2934 5398 ληφθείς
2972 5326 3219 5384 ἠντιϐόλει
3243 5327 3403 5393 δεῖξαι
3433 5331 3573 5401 αὐτῷ
3606 5334 3690 5386 καὶ
3718 5333 3774 5386 τὸ

2182 5410 2408 5485 ὄρυγμα,
2434 5418 2515 5471 καί
2543 5416 2627 5472 τόν
2666 5418 2817 5475 τόπον
2840 5434 2852 5448 ·
2887 5422 2967 5474 καί
2993 5427 3092 5475 ποῦ
3124 5414 3226 5492 ἆρα
3254 5422 3311 5477 τό
3356 5424 3487 5497 ἱερόν
3528 5425 3772 5495 κειμήλιον

2179 5507 2519 5568 ἀποτέθειται.
2551 5518 2643 5569 Καὶ
2684 5513 2746 5575 δὴ
2784 5518 2867 5571 καί
2904 5514 3113 5572 δεικνύω
3152 5518 3315 5586 αὐτῷ,
3345 5515 3504 5594 ἄνδρα
3530 5525 3770 5575 τοσοῦτον

2180 5609 2250 5676 μή
2278 5612 2535 5682 στερήσας
2557 5617 2650 5671 τῆς
2678 5611 2815 5672 θέας.
3517 5666 3521 5673 .

2253 5694 2339 5758 Ὠς
2366 5694 2451 5751 οὖν
2479 5700 2568 5754 ἀπ’
2610 5702 2829 5762 ἀλλήλων
2872 5700 3156 5776 διέστημεν,
3193 5704 3456 5779 λογισμοῖς
3495 5708 3767 5778 ἐϐαλ>.όμην

2180 5786 2349 5858 αὖθις,
2379 5797 2430 5848 τί
2476 5797 2562 5848 καί
2603 5793 2706 5850 δέοι
2732 5817 2795 5868 με
2832 5798 3025 5867 πρᾶξαι
3054 5805 3259 5854 σκοπῶν
3282 5815 3296 5830 ·
3331 5798 3472 5857 ἔνθεν
3500 5806 3587 5860 καί
3613 5809 3763 5861 τοῦτο

2256 5890 2285 5926 ³*
2323 5887 2432 5947 Sic.
2468 5888 2630 5949 Forte
2655 5890 2937 5961 legendum
2964 5892 3215 5970 ἐγρήγορα
3254 5892 3413 5951 Eutr.
