4060 6364
281 279 395 339 Ml

928 273 1021 331 AD
1058 272 1333 331 HISTOR.
1383 270 1814 330 INVENTIONIS
1850 272 2116 331 CAPITIS
2150 274 2210 332 S.
2248 274 2526 337 JOANNIS
2566 279 2927 343 APPENDIX.

3472 294 3577 352 442

365 390 498 461 Quia
517 403 646 445 vero
665 387 816 445 brevi
842 396 966 459 post
984 388 1148 444 etiam
1170 386 1482 445 Gennadius
1501 388 1667 445 abbas
1691 388 1759 443 ad
1783 404 1884 445 nos
1908 443 1913 456 ,

2016 413 2194 465 ρμαιον
2210 397 2461 469 κατεφάνη
2482 420 2587 473 μοι,
2610 412 2910 463 κοινωνῆσαι
2929 414 3003 482 τῷ
3016 407 3250 488 προέδρῳ
3264 413 3319 470 τό
3335 423 3572 493 πρᾶγμα⁶

284 485 555 550 accessit,
588 483 671 539 vir
717 484 904 554 utique
947 482 1180 553 ingentis
1222 481 1410 551 gratiae
1454 495 1652 538 munus
1696 496 1726 535 a
1774 480 1886 537 Deo

2016 489 2235 563 >ύράνιος
2258 488 2310 547 δέ
2341 489 2495 555 οὗτος
2524 491 2581 553 ἦν
2609 494 2636 551 ό
2662 506 2755 559 τῆς
2778 466 3067 570 Ἐριεσηνῶν⁸
3084 504 3351 573 ἐκκλησίας
3376 466 3581 591 rm:er-

285 586 646 645 consecutus,
695 576 787 646 qui
826 584 881 631 et
926 576 1040 646 ipse
1090 576 1352 631 visionem
1391 574 1680 644 quamdam
1727 574 1889 645 paulo

284 672 539 746 superius
562 671 746 726 relatae
773 670 965 726 visioni
992 670 1123 725 mihi
1150 670 1305 725 factae
1328 666 1542 725 affinem
1580 668 1891 739 conspexis-

285 774 398 833 set,
428 777 589 834 quam
618 770 675 818 et
715 769 884 816 totam
912 754 1193 830 sigillatim’
1216 760 1348 815 mibi
1377 760 1625 831 exposuit
1649 777 1663 827 ;
1695 766 1809 814 tum
1838 766 1894 814 et

287 870 396 926 ego
424 855 568 910 omni
596 853 769 925 posita
798 853 1149 919 hmsitatione,
1176 870 1295 925 quae
1315 854 1445 908 mihi
1474 862 1693 911 ostensa
1715 861 1895 909 essent

288 946 371 1001 illi
399 945 603 1015 aperui,
636 944 843 1015 singula
870 944 937 999 ad
963 945 1187 1000 verbum
1228 960 1472 1013 narrans,
1505 945 1742 1017 nihilque
1770 961 1893 1001 eum

288 1040 496 1096 celans.
529 1038 667 1094 llinc
712 1038 801 1093 ille
848 1038 1042 1109 gaudio
1084 1054 1148 1094 ac
1185 1048 1409 1110 stupore
1439 1047 1660 1109 captus,
1684 1037 1895 1093 ostendi

288 1135 397 1191 sibi
443 1150 565 1190 cum
612 1134 811 1190 fossam
862 1134 1121 1204 rogabat,
1154 1141 1269 1188 tum
1313 1134 1524 1197 locum;
1550 1147 1613 1186 ac
1658 1146 1893 1202 quonam

289 1225 420 1281 loco
449 1240 661 1281 sacrum
711 1225 901 1295 pignus
950 1234 1096 1280 esset
1143 1224 1398 1295 positum.
1450 1222 1529 1280 Ac
1573 1237 1703 1277 sane
1730 1222 1895 1278 etiam

289 1320 546 1385 ostendo,
579 1333 681 1375 nec
710 1325 917 1373 tantum
944 1318 1117 1373 virum
1147 1325 1367 1389 aspectu
1396 1315 1677 1388 prohibeo.

254 1486 258 1489 Ι
371 1412 505 1468 Cum
536 1425 666 1480 ergo
696 1412 763 1466 ab
804 1410 1032 1468 invicem
1060 1409 1298 1479 abjuncti
1324 1424 1584 1476 essemus,
1616 1406 1900 1476 cogitatio-

292 1520 429 1560 num
460 1506 653 1559 iterum
688 1502 802 1557 salo
827 1502 1100 1572 jactabar,
1126 1517 1348 1557 versans
1376 1502 1553 1557 animo
1593 1499 1721 1571 quid
1767 1497 1900 1554 mihi

290 1604 443 1653 esset
471 1595 791 1652 faciendum.
821 1594 957 1650 Hinc
985 1602 1042 1650 et
1061 1594 1199 1650 istud
1228 1594 1417 1664 ingens
1444 1593 1573 1648 mihi
1602 1592 1774 1647 visum
1804 1590 1902 1645 ob-

291 1688 487 1752 latum,
520 1697 578 1741 ut
604 1701 725 1741 cum
754 1684 1009 1755 episcopo
1048 1699 1165 1740 rem
1192 1682 1496 1739 conferrem
1541 1684 1757 1755 (nempe
1787 1688 1900 1734 tum

292 1780 531 1838 Uranius
572 1778 959 1835 Emesenorum
1005 1777 1257 1834 Ecclesiae
1302 1776 1608 1848 prmerat),
1671 1788 1901 1844 eumque
1930 1790 1979 1853 Β

293 1873 415 1944 ejus
452 1872 598 1943 quod
644 1880 971 1942 apparuerat
1021 1886 1145 1926 cum
1195 1871 1497 1941 adjutorem
1546 1870 1897 1937 adhiberem,

294 1976 416 2020 tum
452 1965 592 2020 illius
636 1964 691 2018 in
731 1980 795 2019 ea
842 1981 902 2021 re
948 1964 1187 2020 consiliis
1218 1972 1417 2020 uterer.
1471 1962 1606 2030 Quia
1635 1978 1765 2019 vero
1794 1979 1902 2018 non

295 2059 484 2115 statim
528 2073 642 2112 rem
671 2057 895 2128 prmstiti
917 2099 933 2126 ,
960 2056 1059 2112 sed
1087 2056 1423 2112 molitionem
1452 2056 1767 2123 cunctabar,
1799 2055 1904 2111 huc

298 2152 429 2207 illuc
458 2151 872 2220 cogitationibus
914 2150 1354 2216 distrahentibus,
1404 2163 1467 2205 ac
1510 2164 1633 2204 cum
1673 2148 1740 2203 ad
1769 2147 1905 2205 alios

300 2243 580 2309 referens,
633 2241 921 2314 Cyriacum
962 2257 1157 2314 nempe
1208 2243 1494 2298 diaconum
1532 2241 1904 2313 quosdamque

303 2337 462 2405 alios,
494 2348 603 2392 tum
635 2337 799 2391 etiam
840 2336 1127 2391 inconsulti
1151 2335 1315 2390 animi
1346 2350 1563 2390 seusqu
1594 2334 1800 2404 accepi,
1833 2349 1898 2391 ac

303 2438 566 2501 quantum
591 2429 723 2485 mihi
752 2428 937 2485 dilatio
960 2430 1171 2501 peperit
1191 2429 1340 2483 mali.
1367 2426 1503 2485 Sero
1527 2443 1761 2498 namque
1781 2428 1905 2485 sab-

304 2526 437 2593 bati,
466 2525 593 2580 dum
638 2523 895 2580 consideo
926 2524 1009 2578 his
1053 2524 1146 2595 qui
1175 2522 1419 2591 aderant,
1448 2538 1513 2578 ac
1550 2521 1793 2591 quaedam
1827 2520 1906 2577 fa-

306 2622 483 2690 bulor,
513 2622 813 2692 derepente
856 2619 1054 2689 aliquis
1104 2619 1171 2673 ad
1216 2632 1391 2688 genua
1439 2618 1653 2689 plagam
1692 2615 1905 2685 inﬂigit,

309 2724 590 2786 totumque
612 2714 915 2779 immotum,
945 2712 1036 2767 vix
1065 2712 1121 2766 in
1164 2711 1341 2766 solum
1397 2710 1678 2764 incurvum
1709 2706 1902 2763 reddit.

310 2808 390 2864 Ea
416 2825 477 2864 re
504 2815 814 2879 conspecta,
840 2805 932 2875 qui
957 2805 1203 2872 aderant,
1228 2819 1292 2858 ac
1317 2801 1579 2873 imprimis
1607 2815 1768 2870 quem
1795 2798 1910 2854 dixi

312 2899 771 2968 Gennadium,in
815 2913 1007 2971 preces
1053 2913 1119 2953 ac
1166 2905 1292 2953 vota
1342 2903 1759 2962 convertuntur,
1793 2909 1908 2949 ma-

312 3011 585 3067 gnumque
618 2992 1021 3048 Praecursorem
1066 2997 1279 3060 rogant,
1302 2997 1363 3043 ut
1400 3003 1486 3043 me
1515 3002 1646 3042 casu
1689 2985 1905 3049 liberet,

313 3089 586 3160 pedesque
616 3085 694 3141 uti
740 3085 890 3155 prius
935 3098 1098 3139 sanos
1142 3080 1410 3136 restituat.
1451 3079 1727 3134 Noverant
1762 3077 1908 3132 enim

314 3197 423 3251 quo
455 3180 672 3235 nomine
700 3177 778 3233 sic
805 3176 1094 3232 mulctatus
1143 3189 1354 3240 essem,
1391 3187 1619 3243 esseque
1659 3172 1715 3227 in
1743 3185 1909 3228 causa
1942 3181 1987 3245 ρ

314 3288 435 3329 rem
458 3288 489 3326 a
516 3286 605 3326 me
632 3269 933 3340 neglectam
963 3284 1026 3323 ac
1046 3267 1469 3323 cunctationem.

390 3365 527 3421 Cum
568 3379 697 3420 vero
743 3364 925 3419 statim
957 3362 1154 3418 emisso
1180 3368 1309 3417 voto
1337 3358 1506 3431 pedes
1534 3356 1602 3413 ad
1631 3357 1737 3414 iter
1765 3371 1920 3413 com-

314 3464 537 3530 paratos
572 3455 918 3526 recepissem,
948 3453 1053 3507 illis
1079 3452 1241 3509 sociis
1283 3449 1568 3507 confestim
1596 3449 1664 3504 ad
1705 3449 1918 3521 cpisco-

315 3566 447 3622 pum
490 3548 730 3615 accedo,
775 3546 981 3602 nullum
1035 3545 1161 3600 huic
1224 3543 1428 3599 ducens
1478 3540 1919 3613 anteponendum

318 3642 618 3711 negotium.
649 3638 785 3695 Tum
811 3646 866 3694 et
890 3638 963 3693 illi
995 3638 1110 3694 visa
1132 3636 1312 3694 omnia
1332 3635 1541 3708 aperio,
1558 3635 1915 3707 insomnium,

315 3741 605 3807 visionem,
629 3739 960 3810 speluncam,
994 3736 1194 3801 locum,
1228 3733 1500 3790 defossam
1528 3731 1791 3804 hydriam,
1823 3730 1921 3787 de-

317 3849 580 3906 mumque
600 3848 816 3888 sacrum
846 3838 1042 3901 caput,
1074 3827 1227 3898 cujus
1254 3828 1466 3882 ratione
1506 3824 1692 3880 isthmc
1714 3822 1916 3879 omnia.

317 3925 618 3999 Episcopus
643 3940 703 3981 se
724 3923 909 3980 statim
939 3922 1053 3992 ipse
1093 3920 1173 3975 rei
1199 3918 1449 3987 accingit,
1473 3917 1736 3985 lmtusque
1762 3930 1917 3968 man-

318 4021 447 4078 dato
476 4022 851 4090 obtemperat;
893 4024 1056 4086 atque
1082 4013 1219 4068 adeo
1249 4013 1597 4067 illucescente
1622 4007 1917 4076 dominica,

318 4115 388 4171 ad
418 4116 594 4170 locum
618 4112 764 4168 venit
783 4126 907 4166 cum
930 4106 1289 4179 lampadibus,
1317 4120 1383 4159 ac
1405 4110 1718 4158 reverenter
1745 4108 1923 4154 metu-

320 4224 427 4279 que
446 4216 665 4263 extensa
696 4204 763 4259 ad
797 4202 1046 4276 hydriam
1076 4213 1238 4254 manu
1262 4202 1426 4266 caput
1454 4192 1653 4256 educit,
1680 4198 1920 4245 tremen-

322 4302 446 4356 dum
477 4299 784 4355 videntibus
811 4292 1180 4367 spectaculum
1207 4308 1221 4343 :
1244 4290 1435 4358 hisque
1457 4283 1717 4355 exceptis,
1742 4282 1921 4337 incre-

321 4395 483 4451 dibile
510 4394 650 4449 aliis.
678 4392 813 4447 Nam
843 4398 897 4446 et
916 4388 1010 4459 pili
1041 4384 1227 4441 adnati
1258 4382 1600 4446 videbantur,
1632 4376 1921 4446 suavisque

321 4488 604 4545 efflabatur
631 4485 786 4552 odor,
819 4499 884 4539 ac
929 4478 1221 4536 indicibilis
1246 4476 1421 4545 fulgor
1451 4471 1741 4528 emicabat.

391 4579 527 4647 Quia
556 4593 685 4633 vero
715 4576 972 4647 episcopo
997 4585 1178 4628 comes
1205 4567 1490 4640 presbyter
1507 4606 1524 4632 ,
1550 4560 1790 4617 Malchus
1815 4574 1917 4615 no-
1951 4584 2001 4643 Ι)

321 4674 485 4739 mine,
511 4672 807 4727 subdubius
835 4675 953 4724 erat
973 4682 1039 4721 ac
1060 4663 1343 4721 hmsitabat
1360 4702 1374 4727 ,
1409 4673 1536 4714 num
1565 4655 1921 4712 Praecursoris

324 4765 467 4819 istud
496 4771 658 4834 caput
694 4764 983 4827 existeret,
1012 4758 1175 4814 missa
1207 4756 1261 4810 in
1293 4751 1423 4808 illud
1453 4749 1711 4806 audacius
1756 4762 1919 4802 manu

331 4857 550 4927 (quippe
577 4871 699 4910 cum
723 4869 950 4923 nequam
977 4851 1066 4906 ille
1087 4849 1245 4906 bonis
1267 4845 1510 4901 invidere
1538 4840 1755 4912 soleat),
1783 4854 1918 4894 con—

330 4948 506 5003 festim
536 4954 591 5000 et
615 4946 728 5014 ipse
756 4944 1143 4999 incredulitatis
1171 4939 1413 5011 decerpit
1451 4936 1684 4992 fructum
1705 4977 1720 5001 ,
1746 4931 1922 4987 arefa-

330 5047 421 5094 cta
460 5036 683 5091 dextera
705 5074 719 5099 ,
752 5048 816 5087 ac
842 5045 990 5086 urnm
1031 5032 1250 5086 haerenti
1298 5029 1384 5085 cui
1414 5042 1534 5082 eam
1584 5024 1919 5080 admoverat.

327 5131 406 5186 Ac
437 5143 569 5184 sane
599 5127 673 5181 ita
701 5122 1019 5186 mansisset,
1067 5122 1168 5176 nisi
1195 5117 1289 5190 qui
1335 5120 1560 5175 aderant
1607 5116 1675 5171 ad
1724 5115 1923 5170 multas

329 5226 493 5280 horas
522 5226 771 5277 sanctum
795 5216 1193 5279 obsecrassent,
1213 5221 1274 5267 ut
1301 5228 1422 5268 eum
1451 5217 1686 5277 curaret,
1713 5209 1805 5279 qui
1827 5208 1925 5263 ob-

330 5317 524 5372 noxius
550 5320 715 5379 esset,
730 5310 889 5378 eique
911 5305 1371 5369 reconciliaretur,
1391 5304 1482 5372 qui
1508 5302 1701 5358 dubius
1712 5301 1921 5357 fuisset.

328 5409 570 5478 Recepto
598 5403 724 5460 inde
756 5396 1113 5456 Prtecursoris
1156 5394 1333 5464 capite
1376 5394 1612 5465 (nempe
1641 5387 1922 5447 Februarii

328 5502 418 5569 24,
450 5515 559 5571 quo
591 5498 756 5555 etiam
786 5493 872 5549 die
913 5489 1215 5559 contigerat
1240 5485 1416 5557 prima
1452 5483 1755 5550 inventio),
1780 5479 1921 5535 Ura-

328 5597 451 5652 nius
476 5595 762 5663 episcopus
792 5588 845 5642 in
874 5600 971 5641 sua
999 5584 1261 5639 hactenus
1284 5578 1580 5649 pretiosum
1610 5575 1803 5645 pignus
1830 5573 1926 5629 de-

330 5686 484 5759 ponit
502 5683 732 5742 ecclesia
756 5699 771 5747 ;
802 5679 1061 5750 brevique
1087 5683 1211 5748 post
1238 5673 1400 5729 etiam
1451 5668 1708 5739 templum
1736 5666 1922 5737 Bapti-

331 5788 428 5838 sta:
450 5779 708 5843 excitans,
738 5791 859 5831 cum
890 5775 937 5829 ei
967 5774 1152 5845 plures
1182 5784 1361 5841 opera:
1390 5764 1763 5830 accessissent,
1796 5762 1924 5818 illuc

329 5887 528 5933 munus
539 5871 794 5931 transfert
804 5867 1078 5928 Emeseuae
1089 5862 1312 5924 civitati.
1329 5858 1585 5932 omnique
1602 5856 1693 5945 alii
1710 5854 1921 5916 civitati

1992 602 2133 654 χων·
2158 588 2377 660 κᾴκεῖνον
2406 588 2575 643 λαϐεῖν
2614 594 2697 645 καί
2734 594 3062 671 συλλήπτορα
3088 604 3183 653 τοῦ
3221 610 3473 673 φανέντος,
3497 588 3580 662 καί

1993 681 2299 753 σύμϐουλον.
2343 682 2489 737 Ἐπεὶ
2527 682 2582 739 δὲ
2612 687 2699 740 οὐκ
2730 689 2870 750 εὐθὺς
2915 697 3069 747 τοῦτο
3098 690 3311 772 ἔπραξα,
3344 698 3447 754 ἀλλ’
3478 701 3581 754 ἐνε-

1993 775 2182 846 δυόμην
2223 783 2313 837 την
2349 778 2668 855 ἐγχείρησιν,
2702 778 2796 837 ὧδε
2840 784 3044 842 κάκεῖσε
3092 791 3448 866 στρεφόμενος,
3496 797 3583 852 καί

1995 871 2185 947 ἑτέροις
2213 878 2279 927 τὰ
2301 875 2431 927 κατά
2458 873 2515 929 τό
2543 880 2761 949 πρᾶγμα
2782 878 3146 951 ἀνατιθέμενος,
3174 893 3246 955 τῷ
3270 907 3324 941 τε
3354 897 3583 964 Κυριακῷ

1996 963 2161 1033 ἐκείνῳ
2186 971 2259 1038 τῷ
2287 966 2504 1036 Διακόνῳ
2533 968 2613 1019 καί
2643 963 2808 1027 ἄλλοις
2832 974 2960 1035 τισί,
2986 972 3095 1027 τότε
3127 978 3315 1037 καὶτῆς
3344 979 3584 1042 ἀϐουλίας

1996 1057 2237 1131 ᾐσθόμην,
2268 1062 2351 1114 καί
2377 1055 2436 1113 οὗ
2458 1080 2544 1131 μοι
2577 1068 2737 1115 κακοῦ
2765 1064 2795 1121 ἡ
2822 1064 3037 1126 ἀναϐολή
3066 1066 3226 1129 αἴτιος
3243 1071 3410 1143 γέγονε
3430 1087 3444 1101 ·
3469 1074 3585 1146 περί

1997 1148 2157 1209 δείλην
2199 1151 2298 1225 γάρ
2343 1150 2494 1220 ὀψίαν
2541 1152 2815 1208 σαϐϐάτου
2860 1163 2965 1216 τοῖς
3014 1164 3253 1215 συνοῦσιν
3300 1163 3585 1233 ἐφιζομένου

1999 1263 2115 1314 μου.
2149 1244 2229 1296 καί
2274 1264 2390 1299 τινα
2435 1243 2747 1315 ὁμιλοῦντος,
2792 1249 3061 1324 καταφέρει
3103 1271 3201 1319 μου
3222 1249 3314 1318 Iri;
3355 1254 3589 1317 ἐξαπίνης

1998 1334 2193 1409 πληγήν
2221 1337 2305 1391 ἐπὶ
2346 1346 2445 1393 τῶν
2467 1340 2706 1413 γονάτων,
2737 1342 2823 1396 καί
2859 1343 3051 1400 τίθησιν
3090 1341 3203 1400 ὅλον
3239 1346 3486 1412 ἀκίνητον,
3518 1354 3591 1419 τῷ

2002 1425 2165 1502 ἐδάφει
2205 1428 2349 1501 μόλις
2386 1430 2773 1506 προσκεκυφότα
2796 1452 2808 1464 ·
2838 1437 2907 1495 ὡς
2933 1430 3020 1491 οὖν
3057 1444 3211 1494 τοῦτο
3240 1440 3523 1517 ἑωράκασιν
3548 1443 3593 1497 οί

2001 1520 2267 1595 παρόντες,
2300 1524 2381 1576 καί
2430 1524 2658 1595 μάλιστα
2702 1525 2963 1589 Γεννάδιος
3004 1529 3196 1591 ἐκεῖνος
3236 1531 3612 1609 ὁπροῤῥηθεὶς,

2004 1635 2108 1687 μοι,
2156 1617 2434 1692 τρέπουσιν
2479 1617 2693 1679 ἑαυτοὺς
2721 1621 2792 1680 είς
2828 1622 3021 1692 εὐχήνο
3050 1626 3135 1677 καί
3173 1626 3258 1679 τὸν
3298 1627 3456 1698 μέγαν
3495 1627 3595 1682 ίκε-

2006 1708 2211 1763 τεύουσι
2259 1707 2568 1785 Πρόδρομον,
2597 1711 2752 1767 λῦσαί
2790 1734 2873 1784 μοι
2900 1719 2987 1773 τήν
3032 1718 3323 1790 συμφοράν,
3354 1720 3433 1770 καί
3478 1720 3595 1779 τοὺς

2005 1799 2170 1861 πόδας
2218 1823 2304 1873 μοι
2349 1805 2503 1860 θεῖναι
2531 1806 2742 1882 ἀρτίους
2770 1810 2839 1867 ὡς
2888 1807 3193 1884 ἔμπροσθεν·
3234 1808 3459 1883 ἔγνωσαν
3498 1816 3596 1892 γάρ

2007 1892 2125 1951 ὅτου
2152 1898 2296 1953 ἕνεκα
2323 1905 2414 1959 τήν
2437 1901 2628 1971 πληγήν
2644 1905 2837 1963 ταύτην
2867 1905 3261 1979 εἰσεπραξάμην.
3289 1909 3378 1961 Καί
3399 1904 3476 1963 ὅτι
3504 1907 3596 1982 ῥᾳ-

2005 1989 2164 2061 θυμία
2192 1994 2275 2045 καί
2300 1993 2534 2064 μέλλησις
2561 1996 2747 2051 τούτου
2775 2018 2861 2068 μοι
2888 1999 3144 2075 πρόξενος.

2074 2088 2210 2139 Ἐπεὶ
2237 2083 2289 2139 δέ
2320 2086 2429 2156 ἅμα
2457 2097 2518 2161 τῇ
2546 2090 2682 2165 εὐχῇ
2726 2094 2811 2144 καί
2848 2094 2970 2153 τοὺς
3008 2090 3169 2153 πόδας
3198 2088 3344 2164 εἶχον
3369 2091 3598 2165 βαδίζον·

2005 2200 2121 2241 τας,
2152 2179 2451 2252 ἀφικνοῦμαι
2477 2182 2677 2256 σπουδῇ
2704 2185 2835 2259 πρὸς
2862 2187 2948 2241 τόν
2973 2185 3219 2263 πρόεδρον
3242 2190 3336 2242 σύν
3364 2190 3599 2252 ἐκείνοις,

2006 2275 2077 2341 μη
2106 2269 2223 2327 ἄλλο
2260 2296 2311 2329 τι
2349 2276 2450 2353 πρό
2472 2277 2655 2332 τούτου
2691 2279 2893 2345 θέμενος
2924 2277 3098 2353 ἔργον,
3209 2283 3291 2335 καί
3329 2281 3496 2336 πάντα
3537 2281 3599 2336 τά

2006 2363 2251 2439 ὁραθέντα
2274 2370 2551 2441 γνωρίσας,
2582 2371 2667 2424 τόν
2696 2366 2897 2445 ὄνειρον,
2928 2375 3018 2429 την
3064 2372 3337 2439 ὀπτασίαν,
3374 2374 3433 2427 τό
3469 2376 3600 2431 σπή-

2006 2455 2166 2523 λαιον,
2192 2459 2275 2514 τὸν
2297 2461 2472 2526 τόπον,
2503 2466 2591 2521 τήν
2629 2465 2960 2534 κεχωσμένην
2984 2462 3161 2540 ὑδρίαν
3179 2480 3191 2495 ⁸
3218 2469 3300 2519 καί
3324 2466 3489 2532 τέλος,
3512 2470 3601 2525 τήν

2008 2548 2147 2626 ἱεράν
2187 2553 2399 2624 κεφαλήν
2447 2552 2511 2609 δι’
2550 2554 2610 2613 ἣν
2659 2560 2883 2625 κάκεῖνα,
2915 2558 3157 2629 λαμϐάνω
3203 2563 3347 2623 εὐθὺς
3386 2565 3469 2618 καί
3513 2568 3602 2619 τοῦ

2006 2643 2318 2716 πράγματος
2341 2647 2625 2723 αὐτουργόν
2647 2654 3007 2725 ὑπουργοῦντα
3028 2656 3123 2708 σὺν
3151 2656 3367 2730 εύθυμίᾳ
3396 2658 3603 2727 ἐπιτάγ-

2010 2752 2169 2807 ματι⁶
2214 2736 2267 2800 ός
2314 2744 2399 2796 καί
2438 2752 2681 2817 κυριακῆς
2725 2746 3125 2819 ἐπιφωσκούσης,
3167 2751 3436 2822 ἐφίσταται
3480 2751 3605 2823 μετὰ

2009 2827 2281 2900 λαμπάδων
2307 2841 2380 2905 τῷ
2404 2833 2578 2906 τόπῳο
2616 2840 2704 2892 καί
2745 2838 2977 2914 εὐλαϐείᾳ
3016 2844 3104 2894 καί
3144 2842 3282 2915 φόϐῳ
3323 2849 3413 2901 τὴν
3444 2850 3605 2917 χεῖρα

2010 2928 2073 2993 τῇ
2094 2920 2246 2997 ύδρίᾳ
2274 2929 2562 2999 προτείνας,
2596 2934 2687 2987 τήν
2723 2930 2934 3003 κεφαλήν
2961 2934 3221 3008 ἀναφέρειο
3254 2936 3421 3005 θαῦμα
3451 2929 3606 2991 οὖσαν

2010 3023 2118 3075 τοῖς
2148 3015 2307 3090 ὁρῶσι
2332 3022 2553 3095 φριττὸν,
2580 3024 2664 3077 καί
2685 3023 2810 3082 πλὴν
2829 3030 2931 3078 τῶν
2954 3023 3184 3099 όρώντων
3214 3022 3432 3081 ἄπιστον
3456 3040 3471 3058 ⁸
3498 3028 3605 3103 τρί-

2011 3132 2114 3183 χει⁹
2138 3114 2238 3191 γάρ
2281 3115 2470 3192 ὁρῶντο
2510 3120 2677 3192 ταύτῃ
2724 3129 3167 3195 προσπεφυκυῖαν
3198 3123 3288 3177 καί
3314 3118 3495 3176 εὐωδία
3533 3142 3607 3183 τις

2019 3208 2105 3260 καί
2130 3205 2278 3277 αἴγλη
2307 3209 2601 3281 ἀπέλαμπεν
2630 3209 2873 3285 ἔίρρητος.

2093 3302 2227 3354 Ἐπεί
2254 3299 2307 3355 δέ
2333 3300 2359 3355 ὁ
2390 3305 2486 3357 σύν
2524 3312 2598 3376 τῷ
2644 3304 2905 3379 ἑπισκόπῳ
2953 3304 3312 3385 πρεσϐύτερος
3337 3345 3352 3373 ,
3404 3305 3608 3377 Μάλχος

2020 3395 2241 3451 ἐκαλεῖτο
2272 3392 2446 3463 οὗτος,
2476 3397 2817 3471 ἀμφιδοιάζων
2846 3424 2957 3465 πως
2984 3399 3043 3463 ἦν
3071 3402 3384 3478 ἀμφιλογῶν,
3430 3404 3475 3458 εί
3522 3410 3610 3459 τοῦ

2020 3487 2312 3567 Προδρόμου
2356 3490 2487 3552 αῦτη
2516 3494 2651 3569 κάρα
2691 3497 2969 3568 τυγχάνει,
3012 3496 3293 3552 ἐπιϐάλλων
3332 3498 3499 3573 ταύτῃ
3531 3498 3611 3553 καί

2020 3584 2112 3645 τάς
2137 3593 2328 3661 χεῖρας
2357 3588 2685 3668 θρασύτερον·
2710 3592 2819 3645 ἐπεί
2855 3593 2939 3645 καί
2987 3587 3154 3647 εἴωθεν
3184 3593 3211 3647 ὁ
3238 3592 3456 3668 πονηρός
3504 3598 3612 3654 τοῖς

2021 3676 2190 3739 καλοῖς
2216 3681 2456 3751 ἐγκοτεῖν·
2502 3690 2834 3758 παραχρῆμα
2880 3680 3028 3745 οὗτος
3066 3686 3154 3740 καί
3202 3691 3295 3746 τῆς
3341 3685 3613 3744 ἀπιστείας

2020 3770 2267 3843 τρέπεται
2296 3772 2383 3827 τόν
2410 3774 2620 3847 καρπόν,
2650 3782 2743 3835 τῆς
2773 3776 2951 3851 χειρός
2980 3776 3116 3847 αύτῷ
3160 3777 3613 3851 ἀποξηρανθείσης,

2021 3864 2108 3916 καί
2132 3871 2195 3937 τῇ
2226 3862 2378 3940 ύδρίᾳ
2459 3871 2800 3942 προσήγγισε,
2822 3868 3295 3945 προσπλασθείσης*
3319 3871 3403 3924 καί
3428 3865 3614 3938 (usus:

2024 3950 2084 4009 ἀν
2111 3956 2273 4018 οὕτως
2301 3960 2331 4016 ἡ
2361 3960 2508 4028 χείρ,
2540 3962 2585 4013 εἰ
2607 3966 2676 4032 μὴ
2697 3962 2782 4016 τόν
2813 3960 2956 4033 ἅγιον
2983 3962 3193 4022 πολλαῖς
3229 3962 3384 4039 ὥραις
3426 3958 3613 4015 ίδυσώ-
3662 3958 3675 3973 ³

2024 4070 2190 4108 πησαν
2232 4052 2278 4104 οἱ
2306 4052 2586 4126 παρόντες,
2624 4052 2796 4110 δοῦναι
2824 4063 2896 4128 τῷ
2927 4056 3158 4127 σφαλέντι
3183 4060 3271 4114 τὴν
3313 4056 3616 4131 θεραπείαν,

2023 4145 2107 4197 καὶ
2131 4143 2499 4216 καταλλαγῆναι
2519 4152 2591 4217 τῷ
2615 4146 3031 4219 ἀμφιλογήσαντι.
3065 4154 3154 4207 Ὠς
3173 4143 3257 4200 οὖν
3280 4147 3304 4201 ό
3334 4145 3616 4220 Πρόδρομος

2026 4238 2212 4291 ἐκεῖθεν
2233 4243 2323 4297 τὴν
2345 4240 2504 4314 κάραν
2537 4240 2773 4294 ἀνέλαϐεν
2790 4256 2803 4271 ⁶
2836 4240 3000 4316 ἡμέρα
3027 4239 3080 4295 δέ
3106 4238 3164 4300 ἦν
3184 4247 3462 4299 τηνικαῦτα
3483 4241 3617 4299 εἰκάς

2024 4328 2244 4405 τετάρτη
2285 4337 2376 4385 τοῦ
2421 4332 2787 4407 Φεϐρουαρίου,
2815 4331 2920 4385 καθ’
2949 4333 3008 4391 ἣν
3030 4335 3116 4385 καὶ
3154 4332 3185 4389 η
3222 4332 3401 4403 πρώτη
3427 4331 3619 4405 γέγονεν

2028 4422 2260 4497 εὕρεσις*
2289 4431 2351 4494 τῇ
2380 4424 2489 4478 κατ’
2517 4424 2671 4478 αὐτόν
2710 4422 2948 4497 ἐκκλησίᾳ
2983 4423 3130 4488 τέως,
3171 4421 3228 4477 τὸ
3266 4420 3415 4474 καλὸν
3467 4427 3619 4477 τοῦτο

2028 4525 2215 4592 χρῆμα
2236 4518 2610 4591 ἔγκατατίθησι.
2630 4515 2748 4571 Μετ’
2774 4515 2933 4586 ὀλίγον
2961 4513 3015 4570 δέ
3037 4516 3118 4569 καί
3138 4515 3251 4570 ναόν
3265 4521 3338 4586 τῷ
3360 4522 3621 4574 Βαπτιστῆ

2028 4613 2326 4689 ἀνεγείρας,
2370 4611 2564 4665 πολλῶν
2616 4618 2688 4684 τῷ
2742 4608 2875 4685 ἔργῳ
2927 4612 3309 4685 συναραμένων,
3359 4610 3522 4665 ἐκεῖσε
3564 4610 3622 4667 τό

2028 4704 2183 4786 δῶρον
2213 4710 2562 4780 μετακομίζει.
2594 4703 2880 4777 Ἐμεσηνῶν
2924 4714 2986 4780 τῇ
3042 4704 3187 4759 πόλει
3216 4706 3298 4759 καὶ
3326 4701 3448 4777 ἄλλη
3474 4706 3624 4779 πάσῃ

2028 4805 2171 4860 πόλει
2213 4806 2293 4858 καί
2348 4805 2528 4879 χώρᾳ,
2586 4799 2802 4855 πλοῐτον
2841 4795 3048 4868 ἄφθονον
3092 4801 3176 4853 καί
3214 4799 3457 4855 ἀκένωτον
3488 4814 3501 4828 ·
3536 4802 3621 4853 καί

2027 4898 2122 4958 ἤδη
2151 4900 2240 4969 μέν
2265 4899 2296 4955 ἡ
2322 4894 2537 4973 δευτέρα
2565 4893 2794 4966 εὕρεσις,
2827 4894 2911 4945 καί
2941 4890 3241 4964 φανέρωσις,
3273 4891 3621 4947 Οὐαλεντινια-

2028 4999 2114 5047 νοῦ
2143 4990 2261 5045 τότε
2304 4991 2389 5043 καί
2432 4992 2714 5056 Μαρκιανοῦ
2754 4990 2854 5039 τῶν
2906 4992 2998 5043 τῆς
3043 4983 3307 5053 βασιλείας
3354 4984 3623 5053 σκήπτρων

2028 5086 2395 5157 ἐπειλημμένων
2413 5099 2425 5111 '
2468 5082 2598 5140 εἰκὸς
2628 5078 2681 5135 δὲ
2710 5081 2843 5151 ἡμᾶς
2868 5080 2954 5132 καί
2974 5082 3066 5136 την
3090 5074 3313 5149 ἔναγχος
3336 5078 3418 5128 καί
3448 5076 3623 5148 τρίτην

2028 5183 2210 5243 εἰπεῖν,
2244 5176 2300 5239 ἧς
2329 5178 2471 5232 ἕνεκα
2499 5178 2584 5229 καί
2611 5172 2636 5228 ό
2662 5172 2830 5245 λόγος,
2861 5173 2946 5225 καί
2993 5170 3023 5229 ἢ
3067 5176 3166 5225 τῶν
3216 5164 3373 5222 ἄλλων
3420 5163 3622 5224 ἐκδηλο-

2026 5274 2153 5350 τέρα
2183 5274 2265 5327 καί
2292 5273 2558 5345 γνώριμος.

2100 5376 2172 5439 Τῇ
2201 5373 2299 5422 τῶν
2326 5365 2604 5435 Ἐμεσηνῶν
2646 5355 2756 5426 οὖν,
2805 5361 2872 5421 ὡς
2913 5356 3098 5431 ἔφαμεν
3124 5397 3143 5425 ,
3187 5354 3329 5412 πόλει
3355 5362 3446 5416 τῆς
3477 5354 3623 5432 ἱερᾶς

2028 5463 2241 5535 κεφαλῆς
2267 5462 2667 5533 ἐναποκειμένης,
2691 5458 2897 5514 καὶτοῖς
2920 5452 3241 5526 ἔγγυθεν,καί
3263 5459 3369 5511 τοῖς
3393 5453 3616 5528 μακράν,

2028 5564 2228 5620 καὶτῆς
2255 5557 2563 5626 ἁπανταχοῦ
2587 5554 2772 5611 ἥκουσι
2796 5548 3047 5607 πλουσίας
3082 5555 3176 5608 τῆς
3225 5549 3444 5622 χάριτος
3484 5565 3618 5620 προ-

2028 5657 2272 5726 κειμένης,
2300 5652 2459 5723 ἕμεινε
2492 5647 2717 5724 χρόνους
2744 5647 2829 5699 ἐπὶ
2858 5642 3069 5702 πολλοὺς
3095 5640 3120 5696 ό
3144 5641 3400 5715 θησαυρὸς
3425 5638 3619 5710 ἀμετά-

2028 5750 2171 5809 θετος
2191 5762 2204 5776 ⁸
2238 5743 2292 5806 ὃς
2316 5764 2371 5815 γε
2402 5744 2445 5796 εί
2483 5743 2567 5795 καί
2604 5746 2678 5812 τῷ
2711 5737 2850 5808 τόπῳ
2879 5738 3216 5811 περιὼριστο,
3247 5732 3349 5787 ἀλλ’
3377 5733 3501 5801 οὐχί
3531 5731 3620 5782 καί

2024 5853 2144 5908 ταῖς
2163 5841 2433 5916 ἑνεργείαις
2460 5833 2721 5913 διώριστο,
2743 5831 2950 5906 ἄφθονον
2995 5836 3085 5891 τήν
3117 5830 3272 5904 χάριν
3299 5824 3471 5883 ἁπλῶν
3489 5862 3504 5893 ,
3536 5822 3619 5880 καί
