4060 6364
425 244 530 316 με

1713 215 2068 284 NONYSIUS
2103 213 2260 277 EXIG
2270 219 2421 287 UUS.

3700 196 3814 259 Μ

425 380 488 422 ac
515 361 721 433 regioni
749 361 1058 416 thesaurum
1085 353 1303 410 uberem
1326 363 1389 405 ac
1417 347 1819 402 inexhaustum.
1877 340 2012 395 Hac-
2041 342 2064 398 ἓ

2170 347 2416 402 ςπύντας
2446 339 2745 399 διήκουσαν.
2769 335 2922 393 Ἀλλὰ
2949 334 3051 412 γὰρ
3093 332 3140 388 οἶ
3181 336 3271 388 τοῦ
3326 334 3478 387 Θεοῦ
3522 321 3814 396 ἀπόῥέη-

427 463 585 514 tenus
612 451 844 510 secunda
891 447 1132 506 inventio
1180 459 1245 498 ac
1277 439 1645 498 manifestatio
1691 437 1807 491 tum
1850 434 2014 494 facta,

429 568 552 610 cum
585 547 986 606 Valentinianus
1014 557 1079 597 ac
1107 537 1407 594 Marcianus
1447 533 1659 604 imperii
1698 538 1911 599 sceptra
1943 535 2021 581 te-

431 655 642 711 nerent.
673 641 862 712 Opera:
885 636 1119 708 pretium
1167 646 1296 687 vero
1327 638 1387 685 ut
1434 637 1491 684 et
1533 639 1651 682 eam
1702 639 1822 694 qua:
1852 633 2025 691 nuper

433 737 672 803 contigit,
701 732 1021 798 tertiamque
1049 737 1383 787 enarrcmus,
1415 719 1569 789 cujus
1616 724 1673 772 et
1707 715 1873 771 etiam
1897 725 2025 765 cau-

434 845 494 884 sa
525 803 763 888 instituta
797 822 951 878 nobis
981 819 1158 874 oratio
1190 825 1300 883 est,
1329 829 1452 885 quae
1495 821 1548 867 et
1579 809 1800 880 reliquis
1845 804 2027 862 notior

435 931 519 979 est
546 932 707 993 atque
732 917 1009 973 illustrior.

505 1035 641 1090 Cum
665 1033 847 1102 itaque
872 1042 1084 1083 sacrum
1115 1031 1276 1095 caput
1316 1020 1545 1081 Emesre,
1574 1025 1633 1071 ut
1658 1015 1910 1078 diximus,
1943 1024 2032 1102 ref

436 1126 671 1198 positum
693 1100 856 1184 esset,
887 1129 1050 1186 atque
1077 1117 1144 1171 iis
1191 1113 1279 1184 qui
1311 1126 1341 1166 ο
1374 1111 1550 1166 vicino
1599 1107 1800 1176 quique
1846 1100 2036 1174 procul

437 1234 506 1274 ac
535 1216 770 1285 undique
799 1212 1063 1274 venirent,
1097 1206 1422 1262 uberrimum
1474 1201 1660 1272 gratize
1686 1211 1879 1252 munus
1911 1209 2036 1265 pro-

435 1318 628 1370 staret,
662 1312 930 1360 manserat
961 1303 1242 1356 thesaurus
1272 1298 1324 1352 in
1349 1310 1522 1350 annos
1569 1293 1752 1363 plures
1807 1289 1856 1344 ei
1913 1288 2038 1341 loco

440 1402 683 1458 addictus
713 1417 728 1454 :
755 1415 817 1455 ac
841 1409 1146 1467 quanquam
1177 1407 1243 1448 co
1272 1387 1709 1455 circumscriptus
1739 1391 1876 1445 erat,
1927 1393 2039 1434 non

441 1503 622 1550 tamen
640 1487 1167 1546 illiusambituetiam
1183 1484 1410 1538 virtutes
1432 1479 1802 1539 armabantur,
1831 1471 1923 1529 sed
1945 1485 2039 1525 eo—

441 1587 594 1658 piose
624 1581 884 1639 beneficia
930 1579 1257 1650 explicabat,
1289 1584 1344 1629 et
1374 1583 1432 1627 ut
1458 1570 1524 1625 ad
1555 1583 1743 1625 omnes
1773 1566 2044 1638 pertinge-

439 1690 580 1737 rent.
611 1678 900 1732 Enimvero
939 1689 1058 1744 qua:
1087 1672 1178 1726 Dei
1211 1683 1419 1724 arcana:
1450 1665 1707 1727 rationes,
1742 1661 2044 1728 incompre-

2123 455 2200 488 τοι
2244 433 2398 507 λόγοι,
2450 433 2533 488 καί
2579 433 2680 488 τῶν
2716 431 2872 486 αὐτοῦ
2923 429 3179 506 κριμάτων
3214 425 3272 480 τὸ
3318 420 3765 481 ἀκατάληπτον
3795 456 3812 480 ,

2127 529 2284 598 χέρσι
2314 526 2591 600 βαρϐάρων
2620 527 2742 586 τούς
2764 525 2813 578 ἐν
2837 524 3024 595 Ἐμέσῃ
3065 523 3258 581 τόπους
3304 523 3390 574 καί
3455 517 3679 573 αὑτήν
3714 517 3816 571 τήν

2124 616 2346 692 Ἐμεσαν
2397 620 2520 674 ἑλεῖν
2569 619 3051 692 συγχωρήσαντος,
3111 612 3168 668 ού
3219 613 3406 669 δίκαιον
3463 609 3501 667 ὃ
3587 605 3819 678 ἂγαθὸς

2129 711 2309 790 ἔκρινε,
2341 716 2427 767 καί
2456 713 2618 789 κάραν
2646 709 2734 771 τὴν
2774 709 3030 781 ’πάντιμον
3081 709 3226 782 ποιρά
3254 707 3466 768 τούτοις
3498 699 3817 775 γενέσθαι·

2131 804 2314 860 οὔκουν
2342 804 2456 862 οὐδὲ
2482 808 2673 879 γίνεται
2705 821 2717 835 ·
2748 803 2871 858 ἀλλὰ
2918 803 3060 878 ποιρά
3088 821 3186 856 τινι
3226 800 3399 870 πιστῷ
3437 798 3556 850 καί
3622 795 3818 848 σεωυ-

2133 899 2258 972 δαίῳ
2281 903 2398 976 περὶ
2424 901 2487 955 τά
2515 899 2660 966 καλά,
2695 899 2881 952 ἐκεῖθεν
2909 892 3038 954 αὖτέ)
3057 896 3302 968 ληφθεῖσα
3330 934 3344 958 ,
3375 891 3670 959 ἀλλαχοῦ
3708 882 3819 944 ἤδη

2135 998 2529 1065 μετακομίζεται
2556 1010 2570 1025 ⁸
2597 992 2791 1064 κόμα-ια
2811 990 2854 1046 δ’
2877 988 2936 1050 ἦν
2961 992 2991 1049 ἡ
3015 987 3255 1058 δεξαμένη
3278 989 3334 1041 τό
3365 983 3475 1060 δῶρ
3488 998 3591 1037 ον·
3627 981 3818 1056 μικρᾶ

2137 1087 2226 1154 μὲν
2259 1084 2400 1146 πόλις
2428 1088 2510 1139 καί
2540 1082 2742 1153 ἄσημος
2768 1124 2781 1145 ,
2812 1083 3060 1155 ἐπίσημος
3115 1077 3154 1135 δ’
3184 1079 3400 1134 ἐντεῦθεν
3447 1071 3762 1150 γενομένη
3797 1114 3813 1138 ,

2137 1181 2221 1234 καί
2249 1186 2349 1235 τῶν
2391 1177 2551 1233 mm
2581 1177 2973 1253 διαφανεστέρα.

2211 1276 2278 1328 Τό
2318 1272 2361 1328 δ’
2409 1272 2547 1328 ἔνδον
2595 1275 2820 1344 συνέχον
2869 1274 2954 1326 καί
2995 1271 3216 1341 κατὲχον
3283 1269 3371 1324 τόν
3441 1262 3811 1338 θησαυρόν,

2145 1367 2330 1426 σκεῦός
2367 1387 2416 1420 τι
2460 1367 2704 1441 ἀργύριον
2730 1362 2806 1425 ἧν,
2838 1371 3070 1438 χρυσοῖς
3097 1363 3328 1422 πετάλοις
3356 1359 3808 1434 ἐνηρμοσμένον,

2147 1461 2208 1518 ὡς
2247 1453 2304 1511 ἀν
2333 1457 2391 1512 τό
2415 1460 2577 1529 τίμιον
2606 1457 3001 1533 περιστέλλοιτο.
3027 1456 3152 1513 Πλήν
3191 1460 3419 1528 ἠγνοεῖτο
3467 1465 3612 1511 τοῖς
3669 1447 3812 1503 πολ-

2145 1553 2280 1612 λοῖς,
2311 1555 2394 1604 καί
2434 1551 2655 1621 μάλιστα
2682 1560 2789 1608 τοῖς
2831 1555 2919 1608 τήν
2959 1546 3204 1622 βασιλίδα
3233 1550 3479 1611 οἰκοῦσιν,
3518 1542 3693 1600 ὅπου
3744 1545 3809 1598 τό

2151 1643 2311 1719 δῶρον
2371 1645 2756 1709 ἐναποτέθειται,
2808 1649 2882 1716 τῷ
2937 1663 2991 1697 τε
3037 1642 3308 1711 ἀγνώστως
3356 1643 3447 1699 τήν
3480 1639 3809 1709 μετάθεσιν

611 1721 897 1732 ...η.....,.,,
942 1721 1058 1744 .,....
1088 1721 1178 1726 η-
1697 1721 1705 1727 _
1925 1721 1936 1728 _

444 1773 720 1841 hensaque
743 1766 977 1839 judicia!
1027 1765 1161 1819 Cum
1192 1775 1384 1831 nempe
1415 1757 1732 1812 Emesenam
1765 1752 2038 1820 regionem

2168 1738 2476 1808 γεγενῆσθαι,
2526 1739 2608 1791 καί
2652 1743 2723 1805 τῷ
2763 1735 3055 1809 ἀγνοεῖσθαι
3083 1735 3170 1788 τὸν
3196 1733 3382 1809 χρόνον
3405 1732 3518 1788 καθ’
3583 1728 3652 1784 ὃν
3695 1730 3805 1786 ἀπό

2255 1833 2261 1840 .
2471 1830 2482 1841 .
2586 1830 2596 1841 .
2679 1829 2689 1841 .
2953 1833 2958 1838 .
3033 1828 3069 1841 ..
3316 1825 3388 1841 ...
3481 1827 3494 1841 .
3743 1829 3768 1840 -

443 1861 723 1934 ipsamque
751 1862 936 1916 urbem
968 1857 1218 1912 Emesam
1248 1853 1597 1906 harbarormn
1623 1847 1869 1902 manibus
1889 1858 2046 1912 expu-

445 1957 597 2026 gnari
646 1955 971 2018 sivisset,ac
1018 1964 1206 2004 eorum
1239 1945 1352 2000 lieri
1380 1941 1618 2006 ditionis,
1671 1939 1810 1994 hand
1865 1947 2047 1992 tamen

443 2041 1476 2121 :equumputavitutetpretiosissimum
1506 2045 1668 2106 caput
1697 2047 1864 2105 penes
1906 2031 2045 2097 illos,

448 2141 661 2210 il.isque
692 2139 960 2194 addictum
991 2137 1150 2192 foret.
1177 2132 1438 2201 Adeoque
1466 2144 1641 2198 neque
1690 2127 1809 2193 fuit,
1839 2124 1932 2180 sed
1975 2123 2048 2194 pii

445 2231 726 2302 cujusdam
773 2229 1096 2298 honestique
1123 2224 1347 2282 cultoris
1376 2237 1541 2293 opera
1572 2220 1697 2274 inde
1747 2226 2048 2286 smnptum,

451 2324 559 2380 alio
591 2333 701 2380 tum
717 2319 1384 2387 transfertur;Comanam
1415 2315 1643 2378 scilicet,
1675 2309 1925 2381 eiignam
1958 2323 2052 2362 ur-

443 2417 575 2487 bem
607 2433 671 2474 ac
696 2417 1003 2482 obscuram,
1035 2429 1154 2484 quae
1182 2423 1364 2468 tamen
1414 2426 1481 2466 eo
1509 2411 1736 2480 pignore
1788 2406 1957 2461 ditata
1988 2403 2053 2459 il-

451 2509 633 2566 lustris
652 2508 852 2580 evasit,
876 2523 939 2563 ac
963 2505 1186 2577 reliquis
1214 2503 1410 2560 clarior
1440 2502 1634 2559 exinde
1659 2501 1775 2555 fuit.

524 2589 678 2657 Quod
708 2589 986 2644 vasculum
1036 2588 1344 2659 thesaurum
1400 2584 1543 2638 intus
1577 2583 1808 2638 habebat
1833 2595 1898 2636 ac
1921 2595 2054 2636 con-

456 2677 680 2744 tinebat,
715 2692 848 2732 urna
877 2675 1123 2746 quaedam
1144 2682 1404 2743 argentea
1434 2672 1613 2727 aureis
1641 2679 1928 2742 compacta
1985 2670 2058 2724 la-

454 2769 614 2824 minis
654 2778 792 2836 erat,
819 2781 929 2838 quo
986 2782 1179 2838 nempe
1215 2763 1514 2836 pretiosum
1570 2766 1762 2836 pignus
1807 2762 2055 2833 pretioso

449 2855 673 2915 vasculo
700 2869 1068 2914 asservaretur
1141 2859 1407 2915 Cancrum
1449 2859 1691 2929 plerique
1718 2856 2051 2918 nesciebant,

458 2963 522 3005 ac
548 2946 818 3020 praecipue
839 2951 1035 3020 regium
1058 2949 1268 3004 urbium
1295 2949 1464 3018 cives,
1515 2963 1623 3018 quo
1653 2946 1783 3002 illud
1809 2946 1930 3002 loco
1957 2959 2056 3015 po-

457 3039 618 3097 situm
641 3052 782 3097 esset
814 3060 826 3096 :
863 3051 974 3110 tum
997 3043 1142 3114 quod
1174 3040 1454 3096 translatio
1479 3039 1691 3095 occulta
1730 3053 1794 3093 ac
1819 3038 1941 3094 sine
1965 3052 2055 3092 ar-

453 3131 599 3192 bitro
627 3133 766 3190 facta
789 3107 980 3190 'l‘niSSet
1007 3102 1160 3200 ;.tum
1185 3133 1330 3204 quod
1383 3132 1683 3188 nesciretur
1712 3139 1926 3199 tempus
1947 3143 2058 3199 quo
2085 3102 2134 3167 (ἶ

460 3225 549 3282 illa
577 3226 912 3295 contigisset.
942 3224 1127 3296 Neque
1149 3225 1292 3279 enim
1315 3225 1435 3294 quis
1456 3223 1928 3294 palam,quantum
1955 3236 2058 3276 no-

456 3317 547 3376 bis
574 3317 786 3388 assequi
807 3317 982 3382 licuit,
1006 3333 1126 3374 eam
1182 3334 1296 3374 rem
1331 3317 1564 3373 tradidit.
1626 3315 1812 3388 Itaque
1867 3316 2065 3371 mansit

459 3401 712 3467 Cumana:
731 3409 916 3480 eaput,
957 3426 1023 3466 ne
1053 3411 1201 3481 ipsis,
1235 3423 1398 3482 puto,
1429 3409 1616 3468 incolis
1664 3411 1796 3465 satis
1853 3417 2062 3464 notum.
2137 3421 2140 3423 λ

462 3495 600 3555 ITum
625 3501 772 3555 enim
796 3505 1067 3572 tempora,
1089 3499 1208 3556 tum
1231 3503 1445 3570 negotia
1475 3500 1585 3556 alla
1615 3515 1727 3557 rem
1759 3499 2064 3570 ignorantia

457 3582 788 3646 ‘obtexe'ra'nt
842 3609 855 3645 :
907 3607 1028 3647 cum
1071 3592 1368 3664 praesertim
1424 3592 1773 3649 lconomachi
1852 3592 2066 3648 interim

411 3753 416 3759 .
461 3673 830 3750 emersissent,
865 3699 1001 3752 quos
1038 3689 1250 3738 tantum
1282 3685 1436 3740 abest
1486 3693 1547 3739 ut
1584 3685 1896 3742 sanctorum
1944 3683 2068 3739 reli-

469 3775 608 3844 quiis
638 3775 837 3831 cultum
867 3777 1204 3844 adhiberent,
1239 3787 1297 3832 ut
1323 3778 1485 3834 etiam
1512 3779 1816 3848 ubicunque
1838 3778 1943 3853 illa:
1973 3792 2070 3832 ex-

467 3858 615 3925 stare
645 3880 1017 3939 noscerentnr,
1042 3869 1292 3927 inccndio
1315 3882 1407 3926 eas
1431 3871 1719 3926 traderent.
1749 3869 1880 3924 Eam
1911 3869 2072 3939 igitur

471 3968 542 4021 ob
573 3968 835 4021 rationem
859 3968 988 4023 nulli
1013 3969 1267 4040 deinceps
1285 3969 1704 4024 Sacratissimum
1727 3968 1918 4040 pignus
1943 3982 2074 4022 con-

472 4056 716 4127 Spicuum
746 4067 863 4112 erat
891 4070 982 4113 aut
1011 4060 1370 4131 exploratum.
1409 4057 1700 4129 Postquam
1757 4067 1940 4112 autem
1987 4071 2074 4112 re-

475 4167 816 4206 rumsumma
847 4159 915 4208 ad
938 4154 1271 4209 orthodoxos
1301 4153 1478 4220 rediit,
1505 4153 1811 4222 iterumque
1859 4158 2076 4220 sceptra

478 4233 723 4303 ﬁdelibus
749 4247 1002 4317 Augustis
1023 4246 1332 4304 concredita
1355 4256 1498 4312 sunt,
1525 4264 1589 4304 ae
1609 4235 1954 4306 [conon-aelii
1977 4246 2080 4300 im—

401 4331 415 4346 ’
477 4338 551 4408 pii
584 4355 708 4393 cum
736 4339 914 4393 sonitu
939 4337 1234 4408 petierunt,
1288 4329 1608 4407 condignam
1658 4338 1865 4393 scilicet
1913 4335 2077 4390 ultio-

479 4447 602 4486 nem
636 4432 799 4495 nacti,
836 4442 945 4486 tum
969 4448 1100 4488 sane
1131 4434 1294 4487 etiam
1318 4430 1640 4486 l’rmcursori
1666 4439 1723 4484 ut
1741 4439 2077 4500 caputsuum

483 4520 825 4579 manifestum
855 4513 1058 4577 faceret
1110 4523 1354 4594 placuit;
1399 4521 1831 4592 stupemlumque
1887 4536 2084 4576 munus

485 4629 593 4668 non
623 4613 750 4668 huic
771 4612 912 4667 illive
941 4614 1144 4670 civitati
1196 4612 1425 4686 (exiguis
1474 4628 1668 4682 nempe
1707 4611 1917 4684 oppidis
1970 4613 2088 4668 exi-

484 4706 711 4776 guisque
741 4707 982 4762 terminis
1010 4706 1299 4778 definitis),
1329 4709 1423 4763 sed
1457 4717 1513 4762 ιιι
1538 4707 1780 4762 omnium
1838 4707 2086 4762 maxima:

488 4809 808 4871 summeque
839 4800 1023 4880 regali,
1058 4815 1253 4872 nempe
1283 4791 1782 4876 Constantinopoii,
1816 4800 2084 4869 traderet;

489 4909 597 4964 quo
619 4896 816 4965 nempe
837 4879 892 4950 et
924 4893 1204 4950 thesaurus
1230 4894 1555 4950 inviolabilis
1602 4903 1930 4961 servaretur,
1966 4879 2088 4949 illa-

471 4996 596 5059 que
624 4989 741 5058 ejus
777 4987 1114 5058 depositione
1157 4984 1560 5056 honestaretur,
1621 4987 1900 5060 ipsumque
1949 4985 2088 5042 adeo

491 5097 710 5137 sacrum
737 5096 950 5146 nmnus,
979 5091 1035 5136 nt
1075 5098 1172 5152 par
1212 5089 1314 5150 est,
1364 5080 1662 5152 Splendoris
1703 5078 1902 5150 aliquid
1933 5079 2001 5134 ab
2024 5093 2089 5133 ea

496 5173 848 5242 mutnaretur,
881 5176 1026 5246 quod
1056 5191 1248 5246 nempe
1279 5191 1442 5246 penes
1488 5177 1630 5230 illam
1655 5175 1888 5243 majores
1917 5175 2092 5229 hono-

497 5284 580 5321 res
605 5270 1316 5340 cultumqnein'ipensiorem
1364 5269 1606 5325 haberet.
1668 5265 1801 5323 Tum
1860 5281 2092 5335 namque

499 5353 720 5414 Michael
745 5377 807 5415 ac
835 5359 1117 5416 The'odora
1148 5369 1361 5430 sceptra
1415 5369 1780 5432 susceperant,
1828 5359 2094 5428 lgnatins—

497 5459 600 5517 que
627 5448 878 5506 Methodii
902 5468 1210 5519 successor,
1244 5453 1326 5506 vir
1349 5453 1527 5510 multis
1557 5453 1734 5508 clarus
1777 5445 2090 5519 virtutibus,

501 5541 792 5597 Ecclesiam
810 5545 1050 5612 regebat.
1081 5545 1191 5598 Sub
1215 5545 1296 5598 his
1315 5544 1550 5616 inclytis,
1574 5545 1735 5600 etiam
1763 5541 2093 5612 pretiosissi-

504 5651 645 5688 nmm
671 5636 860 5705 pignus
891 5635 1028 5689 istud
1057 5636 1107 5689 in
1134 5637 1370 5702 reginam
1402 5636 1612 5690 urbium
1672 5632 1915 5698 infertur,
1979 5640 2082 5686 ter-

502 5731 739 5802 tiamque
788 5727 926 5785 hanc
983 5743 1047 5785 ac
1095 5738 1428 5802 postremam
1471 5728 1865 5788 inventionem!
1895 5727 2088 5786 nanci-

2149 1829 2362 1898 Ἐμέσης
2392 1830 2519 1906 πρὸς
2541 1830 2605 1885 τά
2633 1829 2829 1898 Κὸμανα
2859 1828 3233 1897 μετατεθειται·
3278 1825 3392 1881 οὐδὲ
3435 1827 3542 1903 γὰρ
3598 1829 3805 1892 σαφῶς

2151 1944 2248 1988 τις,
2282 1921 2384 1978 ὅσα
2431 1943 2488 1994 γε
2535 1925 2678 1977 αὐτοὶ
2737 1923 3005 1992 συνίσμεν,
3046 1923 3167 1996 περί
3213 1921 3400 1975 τούτου
3456 1921 3799 1996 ἐγνῷρισεν.

2152 2017 2338 2070 Οὐκοῦν
2383 2017 2464 2070 καί
2509 2013 2654 2086 ἔμενε
2708 2022 2814 2076 τοῖς
2863 2013 3103 2084 ιίομάνοις
3136 2014 3167 2071 ἦ
3215 2011 3397 2086 κεφαλὴ
3423 2054 3437 2076 ,
3471 2005 3624 2082 μηδέ
3657 2009 3801 2084 παρ’

2126 2121 2131 2128 ’
2153 2109 2317 2165 αὐτῶν
2343 2106 2506 2166 δήπου
2531 2111 2630 2164 τῶν
2651 2111 2932 2185 προσοίκων
2955 2105 3192 2177 ἀσφαλῶς
3213 2106 3360 2178 τάχα
3386 2105 3793 2180 γνωριζομένηο

2155 2201 2200 2257 οἳ
2226 2222 2279 2256 τε
2306 2202 2408 2276 γὰρ
2440 2201 2639 2275 χρόνοι,
2671 2203 2756 2255 καί
2784 2202 2847 2255 τὰ
2870 2200 3155 2275 πράγματα
3178 2241 3193 2265 ,
3223 2195 3405 2258 πολλὴν
3433 2203 3525 2256 τήν
3560 2194 3797 2269 ἄγνοιαν

2157 2296 2553 2368 ignorabant,"
2587 2292 2815 2366 μάλιστα
2867 2296 3056 2366 μεταξύ
3112 2297 3196 2350 καί
3243 2301 3341 2350 τῶν
3383 2294 3791 2366 Εἱκονομάχων

2135 2385 2606 2459 ’ἀναφανέντων·οἷς
2620 2390 2725 2458 ούχ
2742 2385 2879 2448 ὅπως
2901 2389 2964 2442 τὰ
2989 2394 3089 2442 τῶν
3111 2385 3264 2460 ἁγίων
3291 2386 3496 2441 ἐσέϐετο
3519 2383 3789 2454 lsi-{mur

2157 2483 2393 2538 ἀλλὰκαὶ
2419 2485 2543 2560 πυρί
2577 2483 2926 2556 ’ἐνεπίμπρατο
2979 2479 3028 2534 εἴ
3065 2502 3167 2535 που
3211 2479 3273 2539 δή
3321 2483 3400 2535 καί
3447 2487 3696 2551 ςανεῐειν
3731 2475 3789 2539 ἦν

2157 2577 2330 2632 λοιπόν
2373 2579 2454 2631 καί
2505 2576 2562 2632 τὸ
2605 2578 2840 2653 πανίερον
2883 2579 3035 2631 τοῦτο
3087 2583 3274 2650 χρῆμα
3302 2580 3369 2644 μή
3401 2574 3522 2651 παρ’
3548 2575 3787 2631 ὁτουοῦν

2157 2673 2424 2740 θεώμενον,
2471 2669 2502 2730 ἦ
2542 2668 2745 2729 ἔκδηλον
2793 2670 3190 2740 καθιστάμενον·
3217 2671 3327 2724 ἐπεὶ
3372 2667 3424 2723 δέ
3474 2677 3589 2729 τοῖς
3629 2667 3785 2740 ὀρθο-

2160 2761 2322 2829 δόξοις
2380 2762 2620 2823 ἐπανῆλθε
2670 2763 2734 2818 τά
2791 2764 3077 2836 πράγματα
3111 2804 3124 2828 ,
3181 2764 3266 2816 καί
3319 2762 3420 2815 ὑπὸ
3488 2759 3782 2836 βασιλεῦσι

2160 2866 2364 2920 πιστοῖς
2403 2859 2470 2914 τά
2500 2866 2765 2934 σκῆπτρα,
2794 2859 2941 2912 πάλιν
2971 2859 3393 2931 μετακεχωρηκε,
3445 2863 3545 2912 τῶν
3572 2853 3782 2910 δυσσε·

2141 2949 2263 3005 ’ϐῶν
2283 2950 2643 3022 Εἱκονομάχων
2668 2949 2779 3022 μετ’
2807 2951 2946 3022 ἤχου
2978 2949 3340 3012 ἀπολωλότων,
3372 2952 3457 3020 καὶ
3483 2949 3633 3013 ἀξίαν
3682 2951 3778 3005 τὴν

2162 3039 2424 3118 εἴσπραξιν
2453 3044 2759 3119 εὑρηκότων,
2789 3044 2904 3099 τότε
2935 3041 2995 3102 δή
3019 3046 3100 3098 καί
3131 3042 3155 3098 ὁ
3198 3041 3488 3120 Πρόδρομος
3516 3049 3611 3100 τήν
3643 3043 3779 3096 ἔαυ-

2163 3141 2255 3190 τοῦ
2293 3135 2508 3208 ’κεφαλὴν
2550 3142 2841 3209 φανερῶσαι
2899 3133 3182 3194 ηὐδόκησε’
3235 3138 3315 3190 καί
3365 3134 3524 3210 δῶρον
3569 3138 3776 3193 ταύτην

2164 3225 2593 3300 ἀξιοθαύμαστόν,
2627 3230 2684 3282 ού
2721 3225 2840 3297 τῇδε
2871 3226 2901 3287 ἦ
2942 3225 3059 3296 τῇδε
3089 3235 3151 3297 τῇ
3181 3226 3320 3282 πόλει
3351 3225 3527 3282 δοῦναι
3554 3226 3730 3302 ἔκρινε
3758 3241 3772 3257 ⁸

2165 3326 2366 3397 μικραῖς
2401 3340 2508 3375 τισι
2537 3321 2756 3380 ταύταις
2784 3322 2867 3375 καῖ
2890 3327 3085 3394 μικροῖς
3105 3321 3560 3395 περιγραφομέναις
3581 3318 3769 3398 ὁρίοις,

2165 3412 2289 3468 ἀλλά
2316 3421 2378 3482 τῇ
2403 3421 2586 3468 πασῶν
2615 3415 2802 3483 μείζονι
2849 3415 2932 3467 καί
2960 3410 3339 3485 βασιλικωτάτῃ
3386 3419 3448 3486 τῇ
3498 3426 3774 3465 Κωνσταν-

2163 3506 2306 3560 ’τίνου
2336 3505 2460 3577 φημί
2484 3520 2496 3534 ⁵
2531 3505 2598 3564 ὡς
2629 3498 2689 3558 ἀν
2718 3507 2801 3558 καί
2827 3506 2912 3558 τὸν
2939 3503 3157 3559 πλοῦτον
3201 3501 3463 3578 διατὴροίη
3522 3499 3718 3557 ἄσυλον
3750 3542 3767 3568 ,

2142 3600 2252 3652 ’καί
2281 3598 2573 3668 σεμνύνοιτο
2602 3598 2691 3668 μὲν
2717 3596 2847 3655 αὕτη
2875 3604 2936 3671 τῇ
2966 3596 3262 3658 καταθέσει,
3287 3591 3590 3667 σεμνᾶτερον
3621 3591 3670 3648 δ’
3702 3597 3772 3652 ὡς

2172 3689 2300 3747 εἰκὸς
2319 3689 2412 3741 καί
2439 3687 2499 3742 τὸ
2540 3685 2701 3761 δῶρον
2754 3687 2898 3759 παρά
2950 3687 3144 3745 ταύτης
3191 3683 3535 3746 ἀποτελοῖτο,
3592 3693 3668 3757 τῷ
3713 3704 3768 3739 τε
3833 3677 3848 3688 ’

2172 3777 2410 3848 μειζόνως
2436 3775 2684 3848 τιμᾶσθαι
2713 3818 2724 3835 .
2753 3779 2926 3844 καὶτῷ
2956 3779 3155 3846 μείζοσι
3199 3781 3315 3836 ταῖς
3361 3777 3625 3848 εὐφημίαις
3676 3799 3771 3830 κα-

2174 3869 2593 3946 ταγεραίρεσθαι.
2638 3867 2858 3936 Μιχαὴλ
2879 3870 2977 3941 γὰρ
3002 3869 3085 3921 καί
3108 3866 3350 3944 Θεοδώρα
3378 3871 3476 3922 τῶν
3498 3873 3769 3944 σκήπτρων

2175 3967 2450 4019 τηνικαῦτα
2500 3961 2891 4031 ἐπειλημμένοι·
2947 3963 3030 4014 καί
3077 3963 3204 4030 μετά
3253 3960 3486 4017 Μεθόδιον
3527 3963 3772 4035 Ἰγνάτιος

2176 4059 2266 4111 τήν
2295 4053 2551 4112 ἐκκλησίαν
2582 4052 2720 4126 ἄγειν
2773 4056 3209 4125 πεπιστευμένος,
3264 4058 3390 4132 ἀνὴρ
3437 4057 3653 4118 πολλαῖς
3701 4058 3772 4112 ἓν·

2180 4147 2476 4224 διαπρέπων
2501 4151 2613 4208 ταῖς
2645 4151 2879 4226 χάρισιν·
2913 4150 3012 4204 ύπό
3039 4152 3231 4205 τούτων
3255 4149 3314 4209 δὴ
3359 4158 3457 4206 τῶν
3487 4150 3731 4221 ἀοιδίμων
3755 4193 3772 4220 ,

2182 4241 2262 4294 καί
2305 4244 2363 4296 τὸ
2399 4241 2736 4314 πολυτίμητον
2780 4250 2932 4298 τοῦτο
2986 4252 3171 4316 χρῆμα
3199 4251 3261 4319 τῇ
3290 4242 3515 4314 βασιλίδι
3549 4245 3774 4317 ἀνακομί-

2185 4338 2327 4399 ζεται
2351 4352 2365 4366 ⁸
2397 4340 2480 4390 καί
2506 4339 2679 4412 τρίτην
2711 4338 2901 4394 ταύτην
2929 4376 2943 4400 ,
2974 4341 3056 4392 καί
3086 4335 3378 4392 τελευταίαν
3422 4338 3647 4413 εὑρίσκει
3689 4342 3776 4397 τήν

2187 4429 2409 4504 εὕρεσιν.
2433 4428 2488 4484 '0
2515 4426 2567 4484 δὲ
2592 4428 2786 4505 ’τρόπος
2814 4427 3008 4485 τοιόσδε
3039 4437 3130 4488 τῆς
3160 4427 3492 4503 ἀνευρέσεως.

2261 4525 2393 4578 Κατά
2419 4524 2517 4596 γὰρ
2550 4525 2668 4593 μίαν
2697 4528 2794 4576 τῶν
2835 4529 3025 4577 νυκτῶν
3046 4563 3061 4588 ,
3106 4523 3179 4589 τῷ
3234 4521 3357 4576 κατὰ
3401 4522 3487 4576 τὸν
3536 4519 3779 4594 Θεοφόρον

2190 4616 2358 4685 τούτῳ
2389 4617 2472 4668 καί
2502 4613 2753 4685 ὁμωνύμῳ
2795 4616 2880 4668 καί
2918 4613 3187 4688 ὁμοτρόπῳ
3243 4615 3487 4690 ἀρχιερεῖ
3526 4617 3636 4685 Θεῷ
3662 4614 3779 4673 τούς

2190 4707 2378 4777 ὕμνθυς
2419 4707 2755 4783 προσ-φέροντι
2778 4746 2792 4770 ,
2823 4708 2929 4762 θεία
2966 4728 3045 4766 τις
3089 4704 3274 4761 ἄνωθεν
3319 4695 3436 4778 ὅῷις
3474 4705 3759 4777 ἐπέσκηψεν

2196 4797 2276 4854 ὅτι
2302 4799 2500 4870 κόμανα
2545 4801 2574 4858 ἡ
2623 4799 2764 4859 πόλις
2815 4803 2904 4858 τήν
2945 4799 3161 4869 πότιμον
3190 4799 3402 4874 κεφαλήν
3441 4797 3738 4870 διακατέχῃ
3763 4841 3777 4864 ,

2192 4892 2426 4966 ἀργυρέῳ
2452 4894 2624 4947 σκεύει
2651 4894 3056 4968 ὲγκεκρυμμένην
3081 4935 3094 4958 ,
3125 4896 3208 4948 καί
3237 4894 3356 4971 ἱερῷ
3384 4889 3524 4965 τόπῳ
3555 4895 3782 4949 ἐναποτε-

2192 4985 2419 5055 θειμένην
2442 5001 2455 5014 ⁸
2482 4984 2673 5049 καίότι,
2700 4989 2867 5056 φησὶν,
2895 4988 3198 5057 ἀνακομίσαι
3310 4986 3569 5052 Βυζαντίδι
3594 4989 3780 5045 ταύτην

2193 5082 2443 5152 προσήκει
2473 5118 2486 5133 .
2532 5085 2689 5133 Τοῦτο
2737 5081 2820 5132 καὶ
2866 5086 2940 5152 τῷ
2987 5078 3257 5158 Προδρόμῳ
3301 5078 3508 5134 δοκοῦν·
3537 5075 3592 5139 ὃς
3619 5079 3782 5133 καὶτὰ

2199 5170 2439 5240 ὁραθέντα
2477 5169 2602 5228 δῆλα
2652 5172 2918 5228 καθίστησι
2958 5175 3042 5226 καί
3078 5180 3150 5245 τῷ
3187 5173 3420 5247 βασιλεῖ·
3463 5168 3537 5231 οἷς
3571 5174 3654 5224 καί
3695 5171 3781 5241 ἀμ·

2187 5264 2420 5337 φοτὲροις
2433 5263 2542 5322 πῶς
2557 5257 2614 5316 ἀν
2629 5260 2785 5324 εἴποις
2801 5265 3023 5334 εὐθύμως
3040 5267 3156 5339 περὶ
3171 5265 3229 5318 τὸ
3242 5269 3456 5340 πρᾶγμα
3473 5261 3741 5318 διατεθεῖσι
3763 5301 3777 5325 ,

2197 5359 2484 5415 στέλλονται
2512 5362 2611 5438 πρὸ
2640 5365 2833 5417 τούτων
2857 5363 3000 5422 εὐθὺς
3026 5365 3109 5416 καί
3149 5365 3195 5416 οἱ
3221 5364 3299 5418 τόν
3329 5362 3584 5440 βεξαυρόν
3627 5360 3780 5416 ἀνελεῖ·

2198 5453 2353 5522 μενοι.
2386 5453 2445 5508 Οἳ
2471 5459 2557 5511 καὶ
2585 5457 2670 5511 τόν
2692 5457 2845 5512 τόπον
2873 5456 3254 5525 καταλαϐόντες,
3286 5460 3366 5512 καῖ
3399 5455 3521 5512 ἔνθα
3549 5461 3579 5516 ἡ
3605 5455 3778 5528 κεφαλή

2196 5546 2482 5602 ἔναπέκειτο
2531 5551 2850 5610 ἐπιστάντες.
2906 5549 3034 5603 καθά
3078 5552 3155 5604 καὶ
3200 5550 3223 5604 ό
3267 5551 3548 5628 ἀρχιερεύς
3586 5553 3780 5608 τούτοις

2197 5638 2468 5710 ἒγνώρισεν
2495 5682 2507 5700 ,
2567 5641 2796 5713 ἐντίμως
2833 5642 3009 5696 ἐκεῖθεν
3075 5641 3491 5715 ἀναλαμξάνουσι
3518 5687 3529 5706 ,
3589 5647 3676 5698 καὶ
3723 5650 3778 5716 τῇ

2187 5728 2420 5802 βασιλίδι
2493 5731 2656 5810 δῶρον
2718 5732 2931 5799 eadem
2994 5736 3419 5814 ἕναποφέοουσινο
3691 5736 3781 5814 γὰρ
