4060 6364
274 284 410 349 MS

947 288 1037 346 AD
1077 286 1347 345 HISTOR.
1392 283 1823 343 INVENTIONIS
1860 284 2129 345 CAPITIS
2164 287 2224 343 s.
2266 258 2546 345 .IOANNIS
2594 288 2955 346 APPENDIX.

3486 294 3593 355 μϐ

274 408 487 475 s'citur‘.
530 408 700 470 Pori-0'
773 398 1165 469 adinventi‘on'is’
1222 412 1413 470 modus
1462 410 1727 481 ejusmodi
1776 412 1874 468 fuit

2001 407 2146 465 οὔπω
2191 413 2495 472 ἐπιστάντες
2540 416 2621 467 καί
2665 413 2908 485 βασιλεὺς
2954 410 3061 484 ἅμα
3110 417 3193 469 καί
3225 420 3584 493 πατριαρχὴς,

372 496 541 567 Nocte
568 504 800 587 quadam
823 492 943 563 cum
960 506 1200 578 pontifex
1232 498 1558 577 Theopboro
1584 498 1661 561 illi
1687 514 1888 574 cogno-

275 602 429 659 mini
476 583 825 671 moi-ibusque
853 599 1027 654 aﬁi'nis
1057 600 1239 656 laudes
1269 598 1380 655 Deo
1410 596 1662 664 offerret,
1708 600 1888 654 divina

275 690 541 770 quaedam
572 695 781 753 coalitus
810 695 944 751 visio
967 693 1039 748 illi
1062 695 1249 764 obtigit
1277 684 1501 765 (habere
1527 692 1730 748 scilicet
1782 691 1889 747 Co-

274 790 509 845 manani
529 788 803 845 civitatem
836 789 1278 858 pretiosissimum
1302 796 1482 857 caput,
1516 794 1769 854 argentea
1794 801 1887 840 ur-

274 888 359 940 na
387 886 668 946 inclusum,
697 898 760 937 ac
788 890 945 938 sacro
977 884 1095 938 loco
1123 882 1396 939 conditum
1420 898 1434 947 ;
1460 890 1747 951 operteque
1775 894 1889 950 pre-

274 978 427 1031 tium
458 992 577 1031 esse
629 970 691 1030 ut
741 974 1054 1046 Bysantlu‘m
1109 973 1525 1037 transferretur;
1571 973 1646 1027 sic
1692 984 1888 1041 nempe

272 1071 453 1123 etiam
483 1067 807 1123 Praecursori
836 1066 1052 1135 visum).
1083 1065 1185 1132 Qui
1213 1074 1267 1119 et
1289 1064 1601 1135 imperatori
1624 1078 1743 1132 qua:
1768 1062 1884 1115 visa

271 1161 501 1216 fuerant
530 1160 839 1215 declaravit.
873 1158 1149 1213 Ambobus
1172 1158 1334 1225 igitur
1360 1172 1479 1211 eam
1514 1157 1565 1219 in
1589 1171 1703 1210 rem
1749 1155 1889 1209 bene

270 1256 558 1319 animatis,
582 1254 863 1309 mittuntur
888 1253 1071 1307 statim
1100 1252 1167 1306 ab
1197 1260 1427 1320 utroque
1446 1250 1538 1320 qui
1574 1248 1887 1303 thesaurum

272 1351 500 1405 tollant.
522 1348 719 1407 Hieum
742 1348 807 1401 ad
834 1349 1012 1402 locum
1026 1347 1318 1411 venissent,
1344 1359 1407 1399 ac
1433 1343 1519 1397 ubi
1534 1349 1696 1411 caput
1720 1341 1889 1410 depo—

269 1444 447 1497 situm
477 1451 643 1509 esset,
673 1456 781 1509 quo
805 1440 882 1494 eis
905 1438 1149 1509 pontifex
1184 1436 1382 1491 indicio
1438 1435 1696 1503 signarat,
1750 1431 1888 1486 didi-

266 1536 502 1602 cissent,
528 1541 838 1590 reverenter
864 1532 989 1587 inde
1025 1536 1398 1585 extraxerunt.
1434 1526 1719 1581 Enimvero
1751 1540 1888 1579 non-

269 1631 409 1684 dum
439 1640 589 1686 certo
618 1628 700 1683 rei
729 1627 782 1681 in
813 1626 1003 1681 urbem
1033 1625 1198 1679 allato
1230 1624 1441 1687 nuntio,
1491 1622 1790 1691 imperator
1815 1618 1888 1673 si-

270 1723 393 1777 mul
426 1738 489 1777 ac
515 1721 842 1791 patriarcha,
857 1735 921 1775 ac
939 1724 1209 1787 quotquot
1230 1716 1282 1770 in
1296 1716 1414 1770 aula
1433 1728 1703 1785 proceres,
1727 1721 1890 1782 quot-

1992 500 2107 558 ὅσον
2140 504 2350 581 περὶτὰ
2375 506 2637 578 βασίλεια,
2691 509 2778 561 καί
2834 504 2957 562 ὅσον
2997 509 3049 561 ἐν
3089 508 3282 582 ἱερεῦσι
3318 514 3404 565 καὶ
3435 513 3589 581 μονά-

1991 602 2136 661 ζουσι
2169 640 2182 663 ,
2220 608 2323 660 τῆς
2373 597 2568 659 πόλεῶς
2611 604 2932 672 προεξῄεσαν
2959 643 2971 667 ,
3024 605 3205 681 μύροις
3245 606 3329 660 καί
3354 606 3586 679 λαμπάσι

1989 698 2413 758 προῦπαντῶντες
2437 729 2453 753 ,
2485 693 2568 745 καὶ
2592 694 2684 745 σὺν
2710 693 2866 767 πολλῇ
2890 692 3167 769 δορυφορίᾳ
3285 698 3471 772 νεφαλῇ
3496 704 3587 757 τήν

1989 781 2188 838 εἴσοδον
2210 785 2603 858 εὐτρεπίζοντες²
2688 781 2915 854 ὄμματα,
2944 791 3024 842 καί
3050 789 3219 859 χείλη,
3246 793 3330 846 καί
3349 794 3583 864 μέτωπα,

1990 882 2076 932 καὶ
2125 880 2227 954 πρὸ
2267 881 2462 932 τοίτων
2518 876 2732 952 καρδίας
2768 879 3159 953 προσάψαντες,
3194 886 3384 942 ταύτην
3425 888 3585 959 χερσί

1988 975 2322 1047 φριττόύσαις
2362 974 2387 1027 ὁ
2432 975 2713 1049 ἀρχιερεὺς
2752 973 3063 1044 ἀνελόμενος,
3109 983 3182 1046 τῷ
3227 979 3276 1030 ἂν
3306 977 3586 1047 βασιλείοις

1990 1066 2282 1142 ἐναπογέρει
2302 1074 2400 1138 ναῷ
2429 1067 2573 1119 κάκεῖ
2590 1068 2681 1157 τοι
2700 1066 2951 1139 θησαυρῶν
2977 1070 3306 1135 κατατίθησι,
3350 1072 3583 1141 πέμπτην

1990 1154 2201 1232 ἄγοντος
2230 1158 2341 1213 τότε
2372 1160 2454 1211 καί
2477 1154 2761 1213 εἰκάδαποῦ
2793 1158 2962 1225 Μαΐου
2987 1161 3162 1227 μηνῖςθ
3193 1159 3323 1217 αὕτη
3359 1161 3459 1235 γάρ
3500 1163 3586 1216 καὶ

1989 1260 2078 1311 τῆς
2107 1254 2442 1329 πανηγύρεως
2491 1252 2677 1325 ἡμέρα,
2713 1254 2797 1304 καὶ
2845 1250 2995 1322 ἑορτή
3043 1248 3231 1309 δηλαδή
3276 1258 3365 1311 τῆς
3407 1253 3584 1322 τρίτης

1990 1345 2301 1416 ἀνευρέσεως
2322 1387 2335 1409 ,
2368 1343 2395 1401 ἦ
2425 1346 2506 1396 καί
2535 1344 2855 1402 καταθέσεως
2875 1359 2887 1372 ·
2920 1342 3142 1413 λεγέσθω
3171 1342 3271 1416 γὰρ
3301 1340 3579 1417 ἀμφότερα,

1989 1433 2067 1490 ὅτι
2094 1439 2174 1491 καί
2204 1438 2295 1506 μία
2323 1439 2442 1511 περὶ
2474 1436 2732 1511 ἀμφότερα
2762 1437 2792 1493 ἡ
2820 1438 3125 1509 πανήγυρις.
3164 1430 3299 1488 ’Ἔδει
3344 1435 3443 1507 γὰρ
3498 1433 3582 1489 τὸν

1989 1535 2077 1588 τήν
2103 1527 2297 1605 Τριάδα
2325 1533 2632 1599 τιμήσαντος,
2666 1531 2752 1581 καί
2778 1536 2889 1586 τοῖς
2919 1525 3083 1586 ἄλλοις
3128 1525 3394 1602 διαρρήδην
3438 1528 3582 1600 Eapp-

1986 1636 2170 1683 ναντα,
2205 1624 2316 1695 τρίς
2345 1623 2428 1674 καὶ
2456 1621 2608 1675 αὐτὸν
2636 1628 2728 1680 τῆς
2755 1619 2967 1691 κεφαλῆς
2996 1620 3208 1689 ὲμφάναι
3242 1624 3331 1677 τήν
3357 1617 3577 1692 εὕρεσιν·

1988 1716 2071 1766 καί
2096 1711 2213 1782 μήτ’
2242 1711 2491 1781 eueniat,
2526 1711 2638 1783 μήτ’
2668 1710 2953 1783 ὑπερϐῆναι
3005 1711 3089 1763 τὸν
3142 1710 3369 1781 ἀριθμόν·
3411 1710 3480 1769 ὡς
3521 1702 3583 1761 ἂν

270 1822 419 1883 quot
447 1813 631 1869 clerici
660 1827 725 1867 ac
750 1810 1025 1877 monachi,
1079 1818 1231 1864 extra
1284 1807 1552 1860 civitatem
1580 1804 1733 1858 eﬁusi
1759 1818 1877 1858 cum

1991 1801 2021 1857 ἕ
2025 1825 2114 1873 χοι
2132 1804 2222 1858 κάν
2250 1804 2418 1875 τούτῳ
2441 1806 2616 1878 ὥσπερ
2640 1801 2700 1861 δή
2727 1804 2818 1856 κὰν
2849 1810 2955 1861 τοῖς
2986 1799 3154 1862 ἄλλοις
3298 1804 3587 1876 ἀρχιφώτῳν

268 1905 552 1961 sumtibus
573 1920 638 1959 ac
665 1902 999 1973 lampadibus
1019 1899 1233 1955 obviam
1258 1902 1658 1967 processerunt,
1685 1894 1884 1949 multo-

268 2012 387 2066 que
417 2000 679 2066 apparatu
707 1998 872 2063 caput
892 2006 1089 2062 pompa
1114 1989 1483 2053 deduxerunt;
1517 1986 1603 2041 cui
1658 1993 1712 2040 et
1753 1999 1882 2039 ocu-

268 2089 378 2153 los,
405 2098 464 2145 et
484 2089 649 2153 labia,
679 2095 733 2143 et
760 2086 1013 2151 frontem,
1038 2097 1254 2156 praeque
1284 2082 1402 2139 aliis
1446 2089 1669 2151 pectora
1696 2078 1883 2133 admo-

269 2190 497 2240 verunt.
520 2179 656 2235 Tum
676 2176 917 2251 pontifex
948 2177 1153 2247 trepida
1182 2191 1346 2231 manu
1387 2173 1677 2239 sublatum,
1732 2170 1882 2241 pala-

270 2277 398 2334 tino
429 2276 631 2346 templo
660 2276 971 2338 thesaurum
1002 2272 1181 2349 infert,
1210 2286 1275 2326 ac
1301 2270 1409 2331 illic
1438 2267 1658 2339 deponit
1692 2284 1703 2320 :
1730 2280 1883 2320 nem-

270 2385 345 2441 pe
376 2369 467 2423 die
494 2367 563 2422 25
593 2366 793 2422 mensis
821 2364 964 2418 Maii.
995 2362 1091 2418 Hic
1112 2363 1254 2417 enim
1283 2359 1615 2418 celebritatis
1639 2357 1771 2425 dies,
1799 2355 1880 2410 fe-

270 2469 425 2518 stum
454 2460 662 2516 scilicet
713 2458 887 2517 tertiae
934 2455 1261 2521 lnventionis
1317 2470 1414 2509 seu
1493 2451 1875 2522 Depositionis.

272 2550 581 2623 Utrumque
634 2552 780 2607 enim
807 2551 1034 2618 dicatur,
1065 2549 1281 2621 quando
1302 2556 1358 2605 et
1387 2549 1668 2617 utriusque
1698 2546 1877 2601 nomic

272 2662 348 2703 ne
367 2662 476 2701 una
496 2646 671 2715 agitur
698 2645 1032 2703 solemnitas.
1060 2642 1166 2699 Par
1217 2643 1359 2697 enim
1405 2650 1525 2699 erat
1579 2648 1638 2695 ut
1667 2638 1879 2694 Triadis

273 2738 477 2803 cultor,
502 2752 565 2792 ac
593 2752 687 2806 qui
732 2736 850 2792 aliis
884 2735 1002 2805 ejus
1042 2735 1327 2808 perspicue
1354 2733 1645 2789 detexisset
1674 2739 1876 2807 myste-

273 2830 444 2894 rium,
469 2829 641 2909 tribus
665 2842 881 2899 quoque
904 2827 1109 2884 vicibus
1132 2835 1297 2897 caput
1324 2841 1478 2882 suum
1498 2822 1877 2879 inveniendum

274 2923 568 2994 proderet;
598 2938 663 2978 ac
693 2938 868 2992 neque
894 2922 961 2978 ab
990 2936 1057 2978 eo
1078 2920 1332 2977 deﬁceret
1348 2934 1603 2989 numero,
1627 2933 1729 2973 nec
1754 2933 1879 2972 eum

272 3024 591 3086 superaret;
630 3023 689 3070 ut
714 3017 814 3071 hac
836 3030 1054 3086 quoque
1104 3013 1336 3078 ratione,
1365 3012 1443 3067 uti
1496 3010 1636 3078 aliis,
1691 3010 1879 3083 prima:

273 3107 407 3163 duci
437 3106 615 3161 Triadi
646 3107 786 3162 uniri
840 3116 1042 3177 posset,
1068 3116 1228 3177 atque
1262 3107 1382 3176 ejus
1427 3119 1654 3159 numero
1705 3103 1878 3158 hone-

1987 1898 2219 1954 ἑνοῦσθαι
2245 1897 2446 1973 τριάδι.
2492 1900 2578 1951 καί
2606 1898 2804 1973 ἀριθμῷ
2852 1905 2925 1966 τῷ
2978 1898 3165 1958 ἐκείνης
3204 1898 3534 1968 σεμνύνεσθαι
3562 1913 3576 1926 ⁸

1984 1990 2149 2059 τίμιος
2177 1993 2278 2065 γὰρ
2310 1989 2334 2043 ὁ
2364 1990 2597 2064 ἀριθμὸς,
2623 1991 2707 2042 καί
2732 1994 2823 2043 τοῦ
2852 1989 3062 2053 παντὸς,
3097 1991 3165 2048 ὡς
3192 1990 3374 2053 εἰπεῖν,
3399 1985 3538 2052 ἄξιος
3562 2002 3581 2020 ⁶

1983 2084 2106 2154 τρία
2149 2081 2247 2154 γάρ
2285 2082 2401 2151 ἡμῖν
2432 2082 2498 2136 τὰ
2549 2081 3012 2154 προσκυνούμενα,
3066 2088 3181 2140 ταῖς
3232 2082 3582 2137 ύποστάσεσιν

1985 2172 2120 2227 οὕτω
2150 2174 2414 2245 νοούμενα,
2442 2168 2536 2228 κᾶν
2566 2181 2627 2249 τῇ
2658 2176 2810 2246 φύσει
2841 2178 3131 2233 συνήνωται
3150 2192 3162 2205 °
3209 2178 3293 2237 καί
3319 2178 3439 2250 τρία
3460 2176 3585 2251 περί

1983 2275 2075 2326 τήν
2119 2268 2454 2343 ψυχήνμὲρη
2483 2267 2805 2339 διέγνωσται,
2833 2269 2881 2321 ἐν
2910 2264 2983 2331 οἷς
3008 2270 3092 2323 καί
3118 2271 3177 2324 τὸ
3214 2268 3411 2340 λογικὸν
3455 2272 3582 2333 ζῶον

1981 2361 2218 2432 ἐξάγεται
2236 2377 2246 2389 '
2280 2369 2421 2434 τρεῖς
2449 2364 2535 2415 καὶ
2561 2364 2681 2435 περὶ
2703 2361 2761 2415 τὸ
2784 2367 2936 2431 σῶμα
2955 2358 3273 2422 διαστάσεις,
3305 2362 3354 2414 ἐν
3375 2356 3456 2420 αἷς
3483 2358 3581 2419 ἤδη

1976 2460 2059 2529 καὶ
2106 2462 2488 2530 περιγράφεται.
2532 2462 2688 2530 Τρεῖς
2735 2458 2822 2507 καί
2859 2454 2904 2508 οἱ
2954 2452 3180 2515 δοθέντες
3222 2455 3391 2526 τούτῳ
3442 2454 3580 2526 νόμοι

1983 2546 2113 2622 πρὸς
2135 2548 2482 2621 ἐπανόρθωσιν
2508 2591 2522 2614 ,
2554 2548 2766 2618 φυσικὸς
2798 2546 2909 2617 ἅμα
2931 2549 3017 2601 καί
3043 2548 3292 2624 γραπτός.
3324 2550 3409 2601 καί
3437 2544 3463 2601 ὅ
3487 2554 3583 2606 τῆς

1986 2641 2208 2713 χάριτος
2234 2657 2246 2670 ·
2280 2642 2331 2693 ἒν
2358 2644 2495 2717 τρισί
2527 2642 2763 2715 θεωρίαις
2793 2642 2880 2695 καί
2908 2639 3075 2701 ὁνοῦς
3122 2642 3295 2712 ἀνάγει
3343 2644 3431 2698 τήν
3477 2636 3582 2712 ἔφες

1982 2756 2063 2789 σιν
2088 2752 2101 2765 ⁸
2132 2734 2291 2809 ὁρατῇ
2316 2774 2332 2800 ,
2364 2757 2510 2807 φημι,
2543 2738 2625 2789 καί
2646 2742 2823 2809 νοητῇ,
2857 2739 2939 2789 καὶ
2966 2743 3027 2807 τῇ
3072 2735 3203 2808 ὑπὲρ
3249 2738 3339 2791 τήν
3388 2733 3575 2791 νόησιν.

1982 2826 2112 2882 οὐδέ
2138 2830 2237 2901 γάρ
2271 2826 2388 2898 ἔχει
2418 2826 2535 2881 ἄλλο
2578 2850 2628 2883 τι
2655 2831 2787 2900 πρὸς
2813 2825 2839 2881 ὃ
2866 2830 3046 2901 ἐκταθῇ
3074 2869 3088 2890 ,
3132 2824 3222 2881 κᾶν
3271 2827 3579 2883 διαϐατικὼ·

1981 2938 2137 2979 τατος
2183 2923 2405 2992 γένηται.
2433 2928 2580 2994 Τρεῖς
2612 2924 2696 2975 καὶ
2723 2920 2776 2974 αἱ
2809 2921 2857 2974 ἐν
2886 2928 2961 2993 τῷ
3006 2920 3335 2990 βαπτίσματι
3364 2916 3578 2975 καταδύ-

1982 3030 2130 3073 σεις,
2163 3011 2214 3065 αἳ
2252 3016 2340 3067 καί
2376 3018 2465 3071 τήν
2503 3011 2696 3086 Τριάδα
2741 3019 2967 3069 τυποῦσι
2989 3052 3005 3076 ,
3064 3016 3148 3068 καὶ
3196 3013 3574 3087 summum.

1982 3110 2130 3180 Τρεῖς
2156 3107 2244 3159 καί
2270 3106 2323 3161 ui
2351 3114 2463 3167 τοῖς
2490 3107 2738 3177 μαθηταῖς
2768 3106 3071 3176 ἐμπνεύσεις
3092 3112 3184 3161 τοῦ
3225 3105 3372 3176 ἁγίου
3419 3105 3575 3160 πνεύ-

273 3198 442 3253 stari.
472 3196 745 3253 Pretiosus
766 3213 998 3267 namque
1023 3212 1282 3253 numerus
1326 3203 1429 3261 est,
1488 3194 1765 3265 omnique,
1817 3202 1877 3250 ut

1982 3202 2143 3270 ματος
2170 3199 2317 3271 παρὰ
2356 3203 2450 3252 τοῦ
2481 3206 2742 3273 Σωτῆρος,
2773 3199 2819 3251 ἐν
2847 3194 2928 3257 αἷς
2957 3199 3039 3251 καὶ
3068 3194 3256 3267 δαψιλῆ
3284 3200 3373 3255 τήν
3416 3193 3577 3270 χάριν

273 3287 365 3355 sic
387 3285 583 3352 dicam,
616 3288 929 3357 acceptione
967 3287 1176 3356 dignus.
1231 3284 1439 3341 Etenim
1470 3286 1572 3340 tria
1603 3292 1729 3363 sunt
1755 3298 1876 3354 qua:

274 3376 574 3432 adoramus
600 3376 677 3432 sic
728 3377 975 3451 personis
1003 3378 1275 3442 distincta,
1319 3377 1420 3432 etsi
1480 3385 1673 3451 natura
1726 3376 1875 3439 unita

272 3476 431 3535 sunt.
463 3467 592 3524 Tres
619 3470 748 3527 item
789 3478 971 3541 partes
991 3470 1134 3526 circa
1182 3470 1415 3524 animam
1467 3450 1873 3536 dignoscantur,

274 3562 479 3632 quibus
502 3561 699 3615 animal
720 3562 983 3618 rationale
1013 3561 1269 3617 incitatur
1294 3576 1358 3615 ac
1379 3560 1581 3628 agitur;
1612 3567 1719 3614 tres
1741 3574 1876 3630 quo-

270 3668 389 3724 ,que
419 3653 560 3709 circa
584 3669 778 3731 corpus
805 3654 1190 3723 dimensiones,
1217 3654 1410 3724 quibus
1441 3654 1570 3708 illud
1587 3638 1875 3723 deﬁnitur,

276 3753 393 3800 tres
410 3744 616 3799 homini
645 3746 781 3800 datae
803 3747 968 3815 leges,
990 3748 1183 3817 quibus
1214 3754 1633 3817 componeretur
1666 3763 1679 3799 :
1713 3752 1874 3800 natu-

276 3834 428 3902 ralis,
461 3836 680 3907 scripta,
713 3851 776 3890 ac
798 3836 1002 3905 gratiae.
1034 3834 1227 3892 Tribus
1278 3839 1489 3891 animus
1542 3836 1875 3907 contempla-

268 3928 519 3989 ,tionibus
545 3928 869 3983 desiderium
892 3930 1161 3995 subvehit,
1194 3944 1391 4000 nempe
1446 3930 1696 3995 naturali,
1724 3929 1875 3983 intel-

276 4023 488 4092 ligibili,
516 4039 580 4079 ac
602 4038 665 4079 ea
694 4037 814 4093 qua:
872 4024 977 4078 vim
1033 4039 1246 4078 onmem
1290 4023 1595 4078 intellectus
1639 4018 1868 4077 excedit.

278 4119 399 4174 Non
422 4118 561 4174 enim
593 4119 758 4173 habet
778 4133 886 4189 quo
909 4118 1134 4172 ulterius
1156 4117 1498 4182 extendatur,
1531 4116 1617 4171 vel
1671 4117 1716 4170 si
1749 4131 1874 4187 per—

276 4212 677 4283 Spicacissimus
704 4212 792 4267 sit.
812 4210 944 4266 Tres
985 4194 1148 4263 etiam
1176 4210 1227 4263 in
1262 4209 1529 4279 baptismo
1555 4207 1869 4273 mersiones,

266 4318 399 4374 quae
427 4311 480 4358 et
511 4303 827 4358 Trinitatem
872 4301 1123 4371 ﬁgurant,
1153 4316 1219 4356 ac
1270 4300 1502 4355 obscure
1545 4299 1869 4368 signiﬁcant.

272 4396 498 4469 Triplex
530 4396 763 4468 Spiritus
792 4395 963 4452 sancti
995 4396 1047 4449 in
1078 4394 1373 4464 discipulos
1403 4409 1433 4446 a
1463 4392 1745 4447 Salvatore
1789 4388 1871 4446 fa-

270 4496 367 4567 cta
398 4488 705 4565 insumatio,
749 4490 941 4559 quibus
983 4488 1059 4542 illi
1107 4488 1389 4558 copiosum
1438 4488 1624 4555 gratiae
1679 4502 1870 4540 munus

1978 3290 2506 3364 προσεπεσπάσαντο.
2535 3298 2680 3366 Τρεῖς
2710 3294 2797 3345 καί
2825 3292 2877 3346 ui
2908 3283 3017 3346 ’τῶν
3053 3291 3371 3366 πραγμάτων
3406 3310 3570 3360 μετα-

1980 3380 2162 3435 ϐολαί·
2195 3384 2401 3449 σεισμοὶ
2438 3381 2573 3437 οὕτω
2618 3382 2957 3455 καλούμενοι,
3004 3378 3097 3437 xiv
3147 3383 3358 3457 θάτερος
3408 3383 3575 3436 αὐτῶν

1979 3470 2128 3527 οὔπω
2155 3473 2405 3531 ἐνέστηκε.
2438 3478 2538 3528 Καὶ
2558 3476 2609 3530 τί
2638 3473 2719 3529 δεῖ
2760 3496 2846 3545 μοι
2870 3474 3071 3531 πλείονα
3094 3476 3252 3549 λέγειν
3275 3476 3397 3546 περὶ
3425 3482 3578 3551 ⁴τριῶν

1976 3571 2063 3621 καί
2101 3567 2324 3644 τριάδος.
2357 3580 2441 3629 Ὠς
2467 3573 2569 3643 γὰρ
2614 3570 2745 3628 αὕτη
2792 3579 2888 3630 τῆς
2926 3572 3151 3630 πίστεως
3179 3573 3318 3641 ἡμῶν
3344 3572 3403 3626 τὸ
3430 3576 3576 3642 κεφα-

1977 3661 2144 3724 λαῖον,
2171 3663 2303 3717 οὕτω
2330 3665 2533 3723 πάντως
2548 3666 2627 3717 καί
2653 3669 2740 3718 τοῦ
2772 3664 2989 3737 ἀριθμοῦ
3015 3664 3074 3717 τὸ
3103 3664 3273 3737 τρίτον
3298 3665 3572 3737 ἐξαίρετον,
3656 3716 3667 3725 η

1976 3749 2017 3826 ᾧ
2049 3756 2127 3807 καί
2157 3757 2186 3812 ἡ
2217 3754 2417 3829 εὕρεσις
2447 3757 2833 3829 συνηρίθμηται,
2858 3758 2939 3810 καί
2969 3749 3008 3826 ᾧ
3029 3756 3306 3831 σεμνοτέρα
3334 3757 3576 3809 καθίστα-

1976 3866 2089 3902 ται·
2124 3848 2235 3902 οὺδέ
2260 3850 2359 3924 γάρ
2388 3853 2479 3919 μία
2507 3849 2637 3905 αὕτη
2669 3890 2681 3912 ,
2722 3846 2800 3904 ὅτι
2832 3852 2917 3903 καὶ
2940 3848 2972 3903 ὅ
3010 3845 3079 3908 εἷς
3108 3849 3319 3922 ἀριθμὸς
3338 3892 3350 3914 ,
3394 3849 3575 3917 ἀτελής

1975 3945 2060 3995 καὶ
2090 3938 2312 4003 ἅποσοςο
2348 3940 2459 3996 οὐδέ
2488 3941 2703 4016 δευτέρα
2729 3982 2744 4006 ,
2799 3938 2877 3997 ὅτι
2922 3946 3007 3995 καὶ
3052 3939 3077 3994 ὁ
3122 3939 3357 4014 δεύτερος
3480 3940 3573 4013 ὕλῃ

1978 4034 2304 4105 σύμμικτος,
2362 4031 2419 4093 ἧς
2458 4035 2613 4093 αὐτὸς
2669 4034 3005 4106 ἐκαθάρενεν⁸
3056 4034 3234 4087 οὐκοῦν
3289 4031 3374 4086 διὰ
3423 4039 3574 4087 τοῦτο

1974 4126 2141 4198 τρίτη.
2168 4122 2245 4180 ὅτι
2273 4129 2356 4179 καί
2383 4128 2518 4198 αὐτῷ
2545 4129 2708 4195 τίμιον
2730 4126 2789 4179 τὸ
2815 4127 2984 4198 τρίτον
2998 4127 3082 4177 καί
3101 4120 3570 4196 περισπούδαστον,

1978 4224 2045 4281 ὡς
2162 4221 2341 4297 Τριάδι
2365 4226 2641 4294 τιμώμενον
2673 4225 2757 4276 καί
2776 4222 3259 4292 συναριθμούριενον.

2048 4314 2169 4369 ‘AD’
2196 4318 2306 4370 ἐπεί
2332 4336 2412 4378 σε,
2447 4311 2485 4367 ὦ
2513 4317 2870 4390 μακαριώτατε
2912 4313 3173 4388 Προδρομε
3196 4352 3212 4376 ,
3239 4321 3331 4373 τῆς
3358 4309 3570 4384 Τριάδος

1930 4448 1935 4453 η
1972 4402 2204 4480 ῗγνωμεν
2247 4412 2331 4462 καί
2374 4408 2596 4480 λάτρην,
2650 4411 2736 4460 καὶ
2783 4407 3105 4479 πρεσϐευτήν
3146 4403 3358 4477 ἄριστον
3382 4442 3398 4467 ,
3427 4402 3489 4457 δι’
3516 4405 3572 4460 ἣν

1976 4504 2055 4553 καί
2119 4506 2208 4560 τήν
2280 4499 2490 4570 κεφαλὴν
2558 4500 2912 4570 ἀποτέτμησαι
2941 4537 2957 4563 ,
3006 4502 3074 4567 μή
3140 4496 3332 4553 ἐλλείπῃ
3382 4497 3573 4552 ταύτην

282 4580 460 4651 adepti
489 4592 633 4637 sunt.
666 4581 796 4637 Tres
826 4582 953 4636 item
980 4595 1159 4635 rerum
1208 4580 1560 4647 mutationes,
1605 4593 1738 4648 quas
1762 4585 1871 4632 ter-

1982 4595 2098 4666 ἧμῖν
2168 4596 2342 4664 εὐμενῆ
2416 4593 2699 4648 καθιστῶν⁹
2776 4594 2845 4651 ὡς
2894 4586 2953 4644 ἂν
3004 4591 3067 4645 τά
3128 4611 3182 4645 τε
3249 4587 3419 4654 ἄλλα,
3491 4590 3573 4641 καί

280 4683 536 4730 racmotus
564 4683 786 4743 vocant,
807 4689 1109 4743 quanquam
1162 4671 1333 4727 altera
1389 4672 1579 4726 harum
1634 4668 1870 4725 nendum

282 4767 505 4820 exstitit.
523 4766 659 4833 Quid
688 4782 816 4822 vero
864 4782 999 4836 opus
1033 4767 1185 4836 plura
1216 4767 1282 4820 de
1315 4766 1553 4820 ternario
1584 4779 1647 4819 ac
1678 4763 1872 4818 Triade

286 4858 502 4911 dicere!
532 4859 619 4933 Uti
643 4861 784 4927 enim
842 4861 993 4913 Trias
1030 4860 1153 4917 ﬁdei
1207 4846 1405 4916 nostra:
1457 4867 1620 4933 caput
1646 4868 1749 4928 est,
1796 4860 1873 4914 sic

278 4946 447 5017 plane
476 4955 531 5001 et
558 4949 820 5003 ternarius
848 4952 988 5005 inter
1017 4968 1269 5008 numeros
1297 4952 1527 5007 eximius
1554 4960 1654 5021 est,
1703 4951 1789 5007 cui
1818 4959 1874 5005 et

285 5037 529 5093 inventio
568 5040 683 5093 haec
710 5041 849 5094 sacri
879 5043 1113 5110 pignoris
1154 5053 1590 5111 connumeratur,
1648 5059 1712 5099 ac
1765 5058 1871 5112 qua

282 5132 625 5188 honestatem
655 5132 970 5202 ampliorem
1006 5144 1159 5189 nacta
1191 5145 1292 5191 est.
1355 5136 1537 5207 Neque
1580 5136 1724 5191 enim
1784 5136 1871 5189 illa

272 5243 391 5299 luna
421 5235 503 5283 est
532 5236 585 5284 et
612 5226 918 5295 singularis,
940 5227 1154 5295 quando
1197 5230 1357 5283 etiam
1410 5247 1573 5285 unum
1618 5245 1872 5284 numerus

281 5318 630 5389 imperfectus
653 5326 735 5374 est
764 5333 827 5373 ac
857 5332 1048 5372 carens
1069 5318 1398 5385 quantitate;
1445 5336 1619 5388 neque
1649 5319 1868 5390 duplex,

283 5412 425 5481 quod
456 5418 512 5466 et
539 5411 777 5466 binarius
808 5406 1375 5464 materizecommixtus
1390 5410 1474 5473 sit,
1510 5427 1537 5463 a
1571 5427 1674 5480 qua
1704 5409 1871 5465 Joan-

283 5519 380 5558 nes
410 5519 572 5573 purus
592 5503 819 5559 exstitit.
847 5501 1034 5570 Itaque
1063 5501 1132 5555 ob
1159 5515 1276 5554 eam
1309 5514 1521 5553 causam
1564 5502 1759 5571 triplex
1806 5517 1869 5556 ea

283 5604 385 5658 est,
411 5596 555 5663 quod
586 5595 660 5649 illi
691 5595 952 5649 ternarius
1007 5594 1200 5648 honori
1251 5592 1530 5658 habeatur,
1565 5608 1627 5646 ac
1676 5593 1869 5647 Charus

283 5684 373 5750 sit,
397 5694 650 5755 tanquam
679 5688 932 5744 nimirum
962 5686 1155 5743 Triade
1184 5686 1499 5743 honestatus
1548 5700 1612 5742 ac
1641 5686 1690 5741 ei
1737 5700 1869 5742 con-

266 5765 620 5845 numeratus.

1976 4689 2148 4763 τρίϐον
2180 4692 2269 4747 τὴν
2295 4688 2427 4763 πρὸς
2449 4688 2629 4744 ἐκείνην
2660 4683 2947 4759 βαδίζοιμεν
2967 4725 2980 4747 ,
3008 4690 3110 4739 πᾶν
3140 4684 3335 4738 σκολιὸν
3360 4681 3443 4738 διὰ
3475 4688 3573 4737 σοῦ

1976 4780 2347 4854 ἐκτρεπόμενοι,
2380 4781 2465 4832 καί
2490 4780 2621 4852 πρὸς
2650 4775 2798 4837 ὁδοὺς
2822 4777 2913 4837 τάς
2938 4777 3128 4836 εὐθείας
3157 4776 3567 4848 ἀπευθυνὸμενοι’

1980 4870 2183 4943 οἴδαμεν
2212 4875 2312 4944 γὰρ
2338 4877 2430 4929 τήν
2465 4868 2583 4945 περί
2616 4873 2751 4939 ἡμᾶς
2796 4890 2892 4923 σου
2932 4872 3018 4923 καὶ
3046 4877 3263 4943 στοργήν
3302 4874 3384 4922 καί
3411 4868 3570 4923 διάθε-

1968 4975 2079 5017 σιν·
2105 4966 2182 5016 καί
2203 4968 2313 5022 πῶς
2341 4960 2445 5016 καθ’
2462 4961 2681 5018 ἑκάστην
2702 4960 2945 5014 πλουσίαν
2960 4957 3292 5031 ἐπιδαψιλεύει
3310 4964 3398 5017 τὴν
3416 4960 3571 5030 χάριν

1976 5057 2116 5125 ἡμῖν,
2149 5055 2367 5123 ποίμνης
2396 5061 2486 5111 τῆς
2515 5061 2611 5113 σῆς
2630 5058 3028 5123 προϊστάμενος,
3082 5053 3163 5105 καί
3210 5051 3326 5109 τοὺς
3372 5055 3443 5118 τῷ
3466 5055 3569 5117 ναῷ

1978 5155 2055 5218 σῷ
2082 5142 2548 5219 προσεδρεύοντας,
2610 5145 2854 5215 μεγάλαις
2891 5152 3010 5204 ταῖς
3053 5140 3268 5217 δωρεαῖς
3298 5133 3569 5207 ἀμειϐόμεο

1976 5256 2078 5299 νος·
2112 5236 2177 5293 ὧν
2204 5241 2286 5291 καὶ
2308 5236 2478 5308 εἴημεν
2500 5236 2841 5294 ἀπολαύοντες
2861 5276 2874 5299 ,
2911 5238 2997 5287 καί
3017 5233 3215 5288 αὐτόθεν
3247 5229 3299 5283 δὲ
3324 5231 3567 5302 ἀπαίρον-

1976 5352 2061 5391 τες
2083 5328 2261 5405 τριάδι
2281 5338 2343 5405 τῇ
2525 5329 2932 5401 παρασταίημεν,
2980 5328 3064 5379 καὶ
3116 5332 3188 5392 τῷ
3229 5326 3414 5382 ἐκείνης
3442 5324 3569 5392 φωτί

1981 5422 2384 5493 ἑλλαμγθείημεν,
2412 5418 2469 5474 ’ἓν
2494 5426 2696 5493 Χριστῷ
2710 5417 2874 5477 Ἰησοῦ
2896 5424 2969 5489 τῷ
2990 5419 3148 5491 κυρίῳ
3166 5418 3323 5487 ἡμῶν,
3416 5421 3567 5471 πᾶσα

1973 5518 2159 5587 πρέπει
2188 5518 2307 5583 τιμή
2337 5516 2418 5567 γαί
2445 5512 2799 5587 προσκύνησις
2840 5512 2937 5564 σὺν
2987 5517 3058 5579 τῷ
3103 5511 3319 5583 ἀνάρχῳ
3359 5512 3520 5586 πατρί
3548 5551 3564 5577 ,

1973 5611 2150 5680 καὶτῷ
2180 5610 2409 5678 παναγίῳ
2439 5608 2691 5676 Πνεύματι
2735 5610 2824 5658 νῦν
2870 5607 2956 5659 καὶ
2992 5606 3062 5665 είς
3099 5606 3223 5667 τούς
3258 5608 3443 5667 αἰῶνας
3465 5612 3565 5661 τῶν

1975 5702 2188 5755 αἰώνων*
2216 5701 2366 5760 ἀμήν.
