4060 6364
492 268 593 327 εει
1194 268 1201 274 ’
1791 264 2107 325 υιοΝγειυ

2210 263 2513 323 εχιουυε.
3694 262 3797 321 με

561 383 696 452 Quia
727 398 857 442 vero
884 391 961 454 te,
994 384 1306 442 beatissime
1326 385 1657 453 Praecursor,
1680 383 1958 440 Trinitatis
1978 384 2238 439 cultorem
2265 383 2461 438 scimus
2491 382 2862 454 optimumque
2888 393 3213 453 praeconem,
3230 380 3302 436 ob
3316 394 3479 453 quam
3494 380 3666 437 etiam
3694 383 3790 439 tibi

492 473 676 534 cervix
710 489 849 539 casa
868 474 988 545 fuit,
1018 490 1087 531 ne
1113 490 1292 531 cesses
1313 490 1433 531 eam
1460 475 1618 532 nobis
1643 474 1962 547 placabilem
1998 473 2257 543 reddere;
2286 489 2393 544 quo
2419 473 2626 529 scilicet
2652 489 2775 530 cum
2803 474 2928 541 alia,
2959 483 3075 530 tum
3102 473 3368 541 semitam,
3398 489 3521 545 quae
3549 475 3621 530 ad
3652 475 3797 533 illam

493 566 640 624 ducit
693 566 1025 638 incedamus,
1074 567 1333 638 quidquid
1385 569 1665 639 obliquum
1719 576 1802 624 est
1846 570 1953 625 tuis
1981 570 2233 642 auspiciis
2279 570 2535 637 vitantes,
2566 577 2732 639 atque
2772 569 2845 624 ad
2873 570 2989 625 vias
3030 576 3209 625 rectas
3255 569 3468 627 directi.
3512 569 3625 626 Nec
3654 571 3802 627 enim

494 668 617 715 tuus
645 673 774 730 erga
801 675 901 716 nos
927 661 1201 731 impensus
1228 676 1381 718 amor
1402 677 1468 717 ac
1493 662 1708 719 alfectio
1731 678 1831 718 nos
1859 662 2009 729 latet,
2037 671 2206 733 utque
2232 663 2474 733 quotidie
2496 662 2717 719 uberem
2740 664 2895 719 nobis
2911 664 3185 736 impertias
3204 665 3454 734 gratiam,
3484 666 3575 736 qui
3602 680 3805 736 nempe

494 754 640 824 gregi
671 762 763 809 tuo
810 753 1116 823 praesideas,
1165 770 1231 811 ac
1256 755 1321 811 iis
1365 757 1459 826 qui
1515 756 1567 811 in
1598 756 1799 827 templo
1827 764 1922 810 tuo
1952 756 2157 811 assidui
2213 765 2361 827 sunt,
2390 772 2587 827 magna
2614 752 2837 814 munera
2866 760 3046 829 largus
3071 770 3449 817 remunerator
3473 760 3755 831 impendas
3781 779 3799 817 :

495 861 613 917 quae
639 856 695 902 et
723 862 822 902 nos
852 848 1055 903 utinam
1084 864 1497 920 consequamur,
1525 849 1757 919 hincque
1791 850 2085 918 migrantes
2110 849 2291 906 Triadi
2327 861 2527 908 sanctae
2554 853 2831 919 sistamur,
2857 862 3019 924 atque
3045 853 3187 909 illius
3214 855 3334 911 luce
3363 856 3711 922 illustremur,
3748 856 3805 911 in

496 937 709 995 Christo
736 938 864 996 Jesu
894 939 1123 997 Domino
1168 949 1380 1010 nostro,
1404 957 1568 1012 quem
1597 942 1754 999 decet
1775 942 1951 999 honor
1975 950 2033 999 et
2054 942 2299 1001 adoratio
2322 962 2444 1002 cum
2472 947 2712 1018 ingenito
2742 948 2903 1005 Patre
2932 965 2996 1005 ac
3023 951 3367 1009 sanctissimo
3396 951 3619 1024 Spiritu,
3652 967 3805 1008 nunc

497 1038 552 1087 et
573 1031 629 1087 in
654 1034 852 1090 saecula
880 1035 1222 1091 saeculorum.
1252 1036 1459 1135 Amen6

497 1168 696 1265 Sa‘nctiJ
714 1168 893 1265 lintris
921 1169 1089 1265 ηρειξςὶ
1128 1186 1189 1223 ac
1207 1170 1538 1265 confessoris
1564 1164 2095 1265 Theodotimstutﬁtg

2210 1176 2292 1226 Γοῦ
2321 1170 2461 1265 ὁσίου
2486 1174 2679 1265 πατρὸς
2702 1178 2839 1248 ἡμῶν
2858 1219 2874 1245 ,
2927 1179 3018 1233 καί
3070 1176 3380 1265 ὁμολογητοῦ
3408 1177 3671 1255 Θεοδώρου
3704 1186 3804 1233 τοῦ

570 1240 805 1294 laudatio
846 1242 901 1294 in
948 1242 1155 1295 tertiam
1199 1238 1544 1296 inventionem
1589 1238 1865 1294 venerandi
1907 1238 2094 1309 capitis

565 1312 881 1365 sanctissimi
912 1310 1280 1367 Praecursoris.

565 1426 659 1482 (Ex
681 1425 787 1475 cod.
806 1438 897 1475 ms.
918 1425 1141 1475 bibliotb.
1163 1438 1272 1488 reg.
1300 1439 1348 1474 n.
1367 1424 1480 1476 275.
1502 1424 1672 1475 Exstat
1695 1422 1816 1475 item
1843 1423 1893 1472 in
1908 1420 2101 1473 duobus

499 1488 613 1541 aliis
634 1488 772 1538 codd.
794 1487 929 1553 reg.)

570 1595 840 1652 Hodierna
866 1612 965 1652 nos
985 1595 1117 1663 dies,
1134 1595 1406 1654 auditores
1425 1596 1836 1668 religiosissimi,
1856 1597 2101 1652 Praecur-

452 1694 455 1696 ’
499 1692 639 1747 soris
667 1691 944 1747 memoriae
969 1692 1188 1747 tertium
1236 1692 1480 1747 nuntium
1527 1690 1778 1759 aﬂ‘erens,
1829 1691 1884 1745 in
1929 1705 2098 1746 unum

498 1784 661 1854 cogit.
687 1783 961 1856 Siquidem
988 1787 1131 1841 enim
1166 1801 1295 1842 casu
1325 1787 1546 1842 invento
1578 1786 1832 1842 thesauro
1863 1785 2099 1841 universi

498 1875 699 1947 gaudio
728 1887 1079 1946 concurrunt,
1112 1894 1337 1949 remque
1358 1878 1719 1935 desideratam
1744 1878 1931 1933 videre
1950 1893 2100 1948 quae-

498 1976 655 2037 runt;
687 1984 847 2039 quam
875 1987 984 2026 non
1012 1970 1163 2027 festae
1191 1972 1325 2027 lucis
1346 1971 1739 2042 iucunditatem
1761 1971 1956 2027 merito
1985 1971 2100 2026 exi-

498 2071 609 2133 gat,
633 2064 779 2133 quod
797 2065 960 2121 modo
987 2064 1241 2137 Baptistae
1262 2082 1473 2122 summe
1498 2065 1868 2123 venerandum
1914 2074 2098 2136 caput,

499 2156 756 2226 omnique
782 2172 917 2214 auro
944 2173 1008 2215 ac
1046 2159 1300 2230 pretiosis
1317 2159 1516 2230 lapillis
1527 2159 1686 2227 longe
1702 2157 1989 2230 pretiosius
2003 2158 2098 2213 Dei

500 2261 768 2317 propensa
791 2248 1073 2307 voluntate
1102 2251 1373 2321 proditum
1400 2261 1504 2319 est,
1532 2250 1625 2321 qui
1654 2250 1723 2307 ad
1748 2250 1973 2306 humani
1999 2264 2097 2321 ge-

500 2340 644 2396 neris
668 2340 897 2397 salutem
916 2350 1112 2397 cuncta
1141 2342 1414 2414 disponit?

568 2430 912 2490 Exsultemus
940 2434 1100 2504 igitur
1125 2435 1180 2490 in
1208 2450 1295 2502 eo,
1327 2442 1491 2504 atque
1518 2433 1783 2501 laetemur,
1831 2432 2097 2505 siquidem

500 2525 762 2595 religiosae
812 2526 1008 2581 mentis
1049 2524 1358 2581 hominibus
1409 2524 1767 2595 spiritualium
1810 2539 2096 2581 munerum

499 2618 775 2690 perceptio
806 2619 1095 2675 exsultatio
1125 2626 1224 2673 est.
1255 2615 1547 2675 Cantemus
1568 2619 1621 2674 in
1669 2618 1852 2674 laetitia
1877 2636 1892 2685 ;
1919 2618 2099 2675 laude-

499 2727 617 2768 mus
637 2712 690 2769 in
712 2714 1004 2783 gratiarum
1025 2712 1241 2769 actione
1270 2730 1283 2765 :
1314 2712 1419 2768 alia
1464 2712 1579 2768 haec
1610 2711 1943 2779 solemnitas,
1993 2712 2100 2768 alia

498 2804 740 2863 laudatio
768 2814 870 2863 est.
921 2805 1301 2862 Natalitiorum
1347 2804 1612 2862 festivitas
1658 2814 1811 2863 ortus
1860 2804 2101 2878 speciem

501 2896 753 2968 praefert;
785 2912 906 2968 quae
934 2913 1129 2969 nempe
1164 2897 1464 2969 spiritalem
1486 2898 1770 2955 luciferum
1820 2898 1895 2954 ita
1942 2897 2100 2955 exhi-

499 2990 642 3059 beat,
673 3001 734 3047 ut
759 3006 829 3049 ex
854 3000 1102 3049 materno
1131 3002 1287 3050 utero
1330 2992 1532 3049 mundo
1555 2993 1829 3053 miriﬁcus.
1842 2993 2052 3050 oriatur
2081 3010 2096 3048 :

500 3083 875 3141 decollationis
899 3093 1080 3142 autem
1120 3100 1386 3154 occasus;
1433 3100 1553 3156 quae
1605 3086 1815 3142 scilicet
1862 3085 2102 3141 divinum

503 3174 651 3232 idem
680 3176 945 3233 luminare
985 3177 1065 3234 sic
1108 3184 1484 3250 repraesentet,
1530 3186 1591 3233 ut
1638 3178 1803 3234 totius
1846 3176 2104 3247 spiritalis

499 3268 607 3324 diei
633 3284 798 3325 cursu
822 3270 1042 3341 expleto
1066 3270 1167 3327 sub
1196 3278 1395 3327 terram
1421 3271 1636 3337 subeat,
1681 3272 1900 3341 illicque
1923 3271 1979 3326 in
2028 3270 2105 3327 in-

502 3360 656 3418 ferno
685 3362 876 3431 positis
904 3361 1105 3418 Christi
1134 3363 1395 3419 adventus
1414 3364 1645 3434 praevios
1665 3362 1902 3433 fulgores
1925 3376 2104 3434 asper-

500 3460 611 3521 gat.
638 3450 813 3520 Quam
840 3451 1071 3523 denique
1098 3469 1243 3509 nunc
1270 3454 1376 3511 diei
1404 3455 1638 3525 agimus,
1669 3453 1972 3511 abstrusius
2000 3454 2102 3510 ali-

502 3544 651 3615 quid,
667 3558 864 3615 nempe
889 3546 1235 3616 sempiternae
1258 3546 1383 3602 vitae
1414 3544 1875 3602 resurrectionem
1918 3544 2106 3601 subin-

502 3635 667 3692 dicat.
692 3635 905 3692 Etenim
930 3645 1080 3694 ortus
1107 3646 1193 3694 est
1209 3654 1273 3694 ac
1310 3637 1461 3694 velut
1505 3638 1723 3708 iterum,
1753 3637 2105 3695 sacratissimi

503 3726 621 3797 ejus
648 3728 843 3800 capitis
871 3729 1202 3798 ostensione,
1233 3730 1302 3785 ad
1331 3730 1500 3786 vitam
1550 3728 1862 3786 Praecursor
1884 3743 2106 3801 repara-

504 3830 611 3880 tus.
634 3820 682 3877 0
708 3837 825 3879 rem
852 3822 1071 3879 miram!
1105 3822 1222 3879 Non
1242 3823 1367 3880 tulit
1386 3831 1530 3879 terra
1550 3829 1610 3879 ut
1639 3823 1695 3879 in
1718 3823 1995 3893 longiores
2014 3839 2099 3880 an-

509 3928 609 3970 nos
635 3914 848 3971 huncce
871 3915 1184 3970 thesaurum
1210 3915 1265 3971 in
1293 3930 1354 3972 se
1380 3914 1668 3982 detineret,
1699 3929 1908 3985 nosque
1962 3915 2104 3971 illius

506 4005 713 4077 jactura
744 4006 1020 4074 alliceret;
1051 4006 1147 4062 sed
1172 4007 1396 4078 proprio
1426 4005 1662 4076 quodam
1691 4013 1939 4077 tempore
1959 4005 2108 4061 velut

511 4112 713 4153 novum
734 4097 1023 4169 quemdam
1039 4113 1105 4153 ac
1128 4106 1398 4154 maturum
1426 4098 1680 4167 fructum,
1698 4113 1854 4155 suum
1872 4097 2108 4154 fructum

507 4191 778 4262 producit.
812 4189 957 4246 Vidit
984 4191 1166 4262 itaque
1194 4191 1391 4249 caelum
1436 4208 1653 4249 sacrum
1677 4201 1859 4263 caput,
1883 4198 1940 4247 et
1966 4190 2109 4246 laeta-

508 4290 620 4338 tum
646 4285 1006 4356 est;aspexit
1058 4286 1353 4341 humanum
1399 4298 1609 4355 genus,
1680 4286 1845 4355 inque
1918 4282 2109 4339 laudes

509 4376 735 4432 ellusum
765 4384 880 4444 est;
904 4391 1123 4434 sensum
1160 4378 1304 4433 illius
1330 4377 1603 4433 daemones
1639 4382 2021 4447 perceperunt,
2052 4381 2110 4430 et

511 4467 741 4538 disrupti
769 4477 929 4536 sunt;
958 4468 1076 4524 sole
1102 4469 1433 4539 splendidius
1452 4468 1644 4524 enituit
1670 4465 1917 4522 veritatis
1946 4465 2106 4533 luce;

512 4558 638 4613 luna
658 4557 944 4627 fulgentius
971 4559 1190 4629 pietatis
1226 4561 1403 4614 nitore
1438 4578 1450 4612 :
1483 4558 1763 4615 stellarum
1788 4557 2109 4614 varietatem

517 4652 899 4708 miraculorum
923 4660 1213 4724 exsuperat
1240 4652 1603 4708 multitudine.
1634 4650 1765 4719 Quae
1787 4650 1930 4706 enim
1947 4665 2111 4719 quan-

516 4754 640 4801 tave
669 4743 792 4799 inde
814 4746 997 4801 statim
1039 4746 1381 4803 curationum
1436 4744 1585 4800 omni
1634 4743 1787 4800 fonte
1838 4743 2111 4813 limpidius

515 4840 838 4910 uberiusque
863 4840 1061 4897 ﬂuenta
1086 4841 1511 4910 promanarunt?
1539 4839 1770 4911 Spiritus
1808 4854 1938 4896 mox
1988 4854 2114 4910 gra-

515 4936 644 4990 tiam
667 4936 780 5005 agri
810 4935 933 4991 liliis
955 4935 1202 4991 omnibus
1226 4935 1550 5005 fragrantius
1594 4951 1660 4993 ac
1686 4935 1955 4992 valentius
1983 4950 2111 5005 per-

514 5012 769 5099 spiravit.
798 5027 1183 5084 Suavissimum
1230 5028 1452 5085 odorem
1491 5029 1773 5085 universus
1836 5036 2113 5083 terrarum

515 5120 663 5175 orbis
690 5118 874 5175 olfecit
893 5134 960 5176 ac
981 5119 1288 5176 exsultavit.
1336 5119 1644 5177 Hauserunt
1676 5136 1887 5186 omnes,
1937 5133 2115 5190 exque

516 5227 583 5267 eo
611 5213 755 5282 quod
783 5214 1098 5285 quaerebant
1125 5228 1191 5268 ac
1247 5221 1509 5284 quantum
1547 5214 1858 5286 cupiebant,
1904 5226 2115 5284 proque

517 5321 584 5363 eo
613 5322 677 5362 ac
721 5310 913 5365 animis
941 5308 1323 5375 incitabantur,
1354 5310 1457 5366 sibi
1483 5319 1797 5381 rapuerunt.
1831 5308 2115 5365 Uberrima

517 5398 661 5452 enim
684 5400 878 5469 gratia,
908 5408 966 5455 ut
992 5408 1256 5471 quantum
1277 5400 1449 5457 ﬁdelis
1496 5402 1663 5457 animi
1710 5401 1979 5457 destinata
2020 5414 2118 5455 vo-
2144 5407 2198 5468 Ι)

519 5492 697 5546 luntas
724 5492 1093 5563 abundaverit,
1126 5505 1332 5551 tantum
1360 5496 1711 5567 percipiatur.
1736 5496 1903 5565 Caput
1923 5492 2113 5547 circui-

520 5592 602 5638 tus
629 5598 805 5638 eorum
831 5586 1047 5656 (nempe
1086 5588 1474 5659 peccatorum),
1533 5587 1708 5657 inquit
1737 5584 1934 5649 David,
1968 5583 2115 5638 labor

519 5674 774 5731 tabiorum
799 5679 1028 5748 ipsorum
1058 5679 1564 5752 (Psal.cxxx1x,10)
1593 5681 1781 5737 :nobis
1798 5693 1929 5735 vero
1955 5684 2117 5748 caput

521 5770 627 5827 hoc
655 5769 899 5829 laborum
946 5774 1183 5830 emersit
1209 5774 1430 5844 solutio,
1462 5776 1779 5834 morborum
1840 5771 2112 5846 depulsio,

2274 1244 2839 1337 S‘rou‘d-irout'érdiptov
2860 1244 2942 1337 εἱξ
2967 1256 3058 1333 τήν
3085 1244 3258 1324 τρίτην
3284 1250 3484 1325 εὕρεσιν
3628 1252 3805 1321 τιμίας

2272 1318 2481 1388 κεφαλῆς
2501 1325 2593 1375 τοῦ
2627 1318 2773 1394 ἁγίου
2804 1318 3117 1397 Προδρόμουέ

2270 1604 2449 1680 Τρίτον
2477 1608 2686 1677 μήνυμα
2707 1614 2800 1667 τῆς
2826 1613 2916 1663 τοῦ
2946 1606 3243 1686 Προδρὸμου
3266 1614 3464 1683 μνήμης
3493 1614 3524 1672 ἦ
3553 1619 3808 1690 παροῦσα

2200 1699 2361 1777 ἡμέρα
2394 1701 2651 1776 φέρουσα,
2691 1703 3023 1773 συγκαλεῖται
3066 1706 3233 1777 ἡμᾶς,
3280 1703 3319 1760 ὦ
3364 1706 3714 1788 φιλόχριστοι.
3744 1715 3809 1768 Ei

2199 1795 2298 1867 γάρ
2328 1795 2586 1868 θησαυροῦ
2614 1816 2726 1856 πως
2772 1796 2873 1849 ἀπό
2902 1798 3287 1868 συμϐεϐηκότος
3333 1801 3609 1876 εὑρημένου
3636 1845 3652 1868 ,
3682 1823 3810 1861 οι.)-

2200 1890 2456 1963 τρὲχουσι
2484 1890 2670 1952 πάντες
2709 1888 2967 1970 ἅνθρωποι
3014 1902 3317 1972 περιχαρῶς
3369 1901 3638 1961 ζητοῦντες·
3680 1898 3809 1953 ἰδεῖν

2200 1983 2258 2036 τό
2284 1983 2606 2053 ποθούμενον,
2634 1984 2802 2046 πόσης
2824 1988 2914 2041 οὐκ
2940 1980 2997 2040 ἀν
3023 1985 3100 2045 εἴη
3139 1984 3277 2052 ἄξιον
3297 1988 3555 2060 θυμηδοῦς
3576 1993 3811 2065 πανηγὺ-

2200 2096 2350 2151 ρεως,
2380 2083 2473 2138 τῆς
2500 2084 2591 2133 τοῦ
2620 2085 2913 2135 Βαπτιστοῦ
2944 2082 3261 2154 σεμνοτάτης
3281 2083 3462 2158 κὰρας,
3489 2089 3721 2161 χρυσίου
3751 2105 3809 2141 τε

2200 2170 2390 2231 παντὸς
2416 2174 2499 2226 καί
2517 2172 2663 2227 λίθων
2688 2176 2871 2245 τιμίων
2900 2175 3343 2253 πολυτελεστέρας
3362 2218 3378 2246 ,
3408 2174 3529 2255 ἄρτι
3576 2200 3811 2255 φανερω-

2201 2264 2393 2329 θείσης,
2426 2264 2625 2343 εὐδοκία
2678 2274 2773 2323 τοῦ
2817 2270 2985 2326 πάντα
3021 2270 3150 2346 πρὸς
3201 2274 3458 2343 σωτηρίαν
3508 2279 3602 2328 τοῦ
3632 2276 3809 2348 γένους

2203 2359 2342 2429 ἡμῶν
2366 2361 2743 2433 οἱκονομοῦντος
2776 2369 2924 2417 Θεοῦ.

2273 2451 2723 2528 ’Δγαλλιασῶμεθα
2736 2459 2925 2523 τοίνυν,
2946 2458 3029 2512 καὶ
3041 2456 3385 2533 εὐφρανθῶμεν
3406 2459 3455 2512 ἐν
3475 2458 3638 2531 αὐτῷ,
3662 2456 3808 2534 εἴπερ

2130 2578 2175 2640 Β
2203 2547 2495 2619 ἀγαλλίαμα
2522 2554 2632 2609 τοῖς
2671 2549 2910 2621 φιλοθίοις
2934 2551 2964 2608 ἡ
2994 2556 3094 2605 τῶν
3125 2557 3470 2621 πνευματικῶν
3496 2549 3809 2629 δωρημάτων

2204 2637 2681 2717 ἀνάληῲις⁰ᾅσωμεν
2692 2641 2740 2694 ἐν
2752 2642 3358 2714 εὐφροσύνη·ὐμνήσωμεν
3372 2643 3449 2698 ἐπ’
3460 2644 3806 2720 εὐχαριστίᾳ·

2203 2730 2324 2793 ἄλλη
2338 2738 2618 2810 πανήγυρις
2630 2733 2783 2797 αὕτη,
2804 2730 2925 2791 ἄλλη
2948 2732 3270 2804 deicio/iovi}
3296 2737 3385 2806 μὲν
3413 2736 3513 2811 γὰρ
3542 2742 3644 2791 τῶν
3671 2758 3808 2807 ’γενεα-

2204 2834 2351 2898 σίων,
2382 2830 2596 2907 ἀνατολῇ
2619 2852 2730 2891 πως
2751 2828 2921 2885 ἔοικεν·
2940 2832 3051 2892 ἥτις
3078 2830 3348 2889 τόννοητόν
3372 2830 3626 2905 ἑωσφόρον
3642 2832 3695 2885 ἐκ
3710 2840 3808 2886 τῶν

2201 2926 2448 3000 μητρώων
2474 2922 2692 2997 λαγόνων
2733 2925 3020 2995 ἀνίσχοντα
3043 2964 3059 2989 ,
3111 2925 3481 2993 θαυματοποιὸν
3510 2931 3584 2998 τῷ
3633 2923 3810 2996 κόσμῳ

2204 3015 2511 3078 δεδήλωκεν
2542 3020 2573 3077 ἡ
2619 3016 2672 3073 δὲ
2716 3027 2808 3079 τῆς
2849 3020 3132 3089 ἀποτομῆς,
3165 3015 3308 3074 δύσει
3334 3059 3348 3083 ,
3379 3021 3491 3079 ἥτις
3524 3019 3613 3073 τόν
3650 3020 3807 3074 αὐτόν

2204 3114 2412 3185 θεοφανῆ
2440 3111 2717 3187 λαμπτῆρα
2742 3120 2835 3174 τῆς·
2859 3121 3040 3173 νοητῆς
3086 3110 3201 3172 ὅλης
3250 3113 3437 3188 ἡμέρας
3490 3111 3677 3183 δρόμον
3728 3111 3807 3170 δι·

2205 3208 2467 3263 ανύσαντα
2486 3248 2500 3271 ,
2541 3208 2641 3262 ὑπὸ
2669 3216 2759 3277 γῆν
2788 3207 3020 3278 γενέσθαι
3053 3208 3360 3283 παρίστησι,
3392 3207 3593 3261 κάκεῖσε
3623 3215 3732 3266 τοῖς
3758 3208 3806 3259 ἐν

2206 3298 2333 3374 ᾅδου
2362 3300 2421 3355 τό
2446 3305 2551 3371 φῶς
2575 3308 2669 3359 τῆς
2706 3301 2998 3376 παρουσίας
3041 3305 3266 3373 Χριστοῦ
3314 3299 3714 3375 προαυγάσαντα
3735 3314 3748 3325 ·
3775 3300 3805 3357 ἦ

2206 3388 2261 3446 δὲ
2290 3396 2557 3467 παροῦσα,
2588 3395 2676 3446 καί
2700 3390 3078 3467 μυστικώτερόν
3113 3413 3163 3447 τι
3194 3390 3573 3459 ῦπαινίττεται,
3601 3396 3692 3450 τήν
3714 3400 3806 3452 τῆς

2206 3480 2375 3539 ἀῖδίου
2403 3487 2537 3548 ζωῆς
2564 3483 2875 3539 ἀναϐίωσιν
2900 3482 3200 3539 ἀνατέταλκε
3223 3483 3319 3555 γάρ
3338 3523 3351 3545 ,
3384 3484 3469 3538 καί
3491 3478 3594 3537 οἷον
3625 3483 3805 3537 ἀνεϐίω

2206 3572 2372 3643 αὖθις,
2404 3583 2467 3651 τῇ
2494 3574 2742 3641 ἀναδείξει
2765 3583 2858 3637 τῆς
2881 3576 3161 3649 ἱερωτάτης
3185 3578 3345 3631 αὑτοῦ
3367 3575 3597 3646 κεφαλῆς.
3628 3572 3696 3628 Ὠ
3716 3580 3805 3631 τοῦ

2207 3678 2502 3746 θαύματος*
2543 3678 2629 3731 οὐκ
2678 3675 2879 3747 ἤνεγκεν
2917 3676 2947 3733 ἡ
2981 3684 3044 3749 γῆ
3076 3676 3160 3729 ἐπὶ
3189 3674 3318 3729 πολὺ
3348 3673 3433 3727 τόν
3460 3673 3805 3749 κρυπτόμενον

2206 3779 2388 3828 τοῦτον
2415 3770 2666 3848 θησαυρὸν
2696 3770 2746 3823 ἐν
2772 3768 2928 3844 ἑαυτῇ
2957 3770 3198 3840 κατέχειν
3223 3806 3237 3830 ,
3286 3768 3371 3822 καί
3401 3771 3612 3836 ζημιοῦν
3651 3768 3801 3837 ἡμᾶς’

2208 3871 2369 3939 καιρῷ
2383 3861 2435 3919 δέ
2448 3885 2543 3919 τινι
2557 3861 2686 3933 ἰδίῳ,
2708 3863 2882 3937 ὥσπερ
2904 3864 3015 3917 τινὰ
3036 3861 3239 3920 νεοθαλῆ
3263 3860 3455 3934 κάρπον
3484 3862 3570 3915 καί
3592 3860 3798 3933 ὧριμον,

2138 3978 2185 4044 c
2217 3957 2306 4014 τὸν
2327 3958 2522 4034 καρπόν
2548 3957 2704 4016 αὐτῆς
2726 3953 3048 4011 ἀναδίδωσιν
3081 3950 3207 4009 εἶδεν
3239 3948 3326 4009 οὖν
3358 3955 3515 4013 αὐτὴν
3544 3952 3570 4008 ό
3594 3953 3802 4029 οὐρανός

2214 4054 2301 4108 καί
2325 4051 2695 4124 κατευφράνθη·
2728 4046 3045 4127 προσέϐλεψε
3072 4048 3211 4119 γένος
3254 4048 3546 4123 ἀνθρώπων,
3581 4049 3664 4100 καί
3686 4068 3802 4101 κατ⁹

2208 4149 2465 4219 ευφήμησε
2494 4183 2508 4198 .
2583 4146 2821 4215 Δαίμονες
2868 4140 3155 4213 αἰσθόμενοι
3181 4180 3196 4207 ,
3258 4136 3648 4216 κατερροίγησαν
3672 4155 3687 4170 ⁹
3718 4142 3802 4193 τοῦ

2209 4237 2349 4296 ἡλίου
2393 4236 2527 4309 ὤφθη
2549 4234 2881 4309 λαμπροτέρα
2905 4240 2978 4307 τῷ
3011 4234 3139 4304 φωτί
3165 4240 3254 4292 τῆς
3296 4231 3526 4290 ἀληθείας
3552 4244 3565 4259 ⁸
3598 4236 3691 4289 τῆς
3717 4248 3799 4282 σε·

2208 4328 2357 4390 λήνης
2407 4328 2853 4403 ἀκραιφνεστέρα,
2896 4331 2968 4395 τῷ
3019 4326 3185 4397 φέγγει
3233 4332 3326 4385 τῆς
3362 4321 3659 4382 εὐσεϐείας’
3708 4326 3804 4374 τῶν

2210 4421 2437 4499 ἀστέρων
2462 4420 2820 4493 ποικιλωτέρα,
2844 4426 2917 4491 τῷ
2944 4418 3116 4477 πλήθει
3143 4424 3241 4472 τῶν
3263 4416 3538 4488 θαυμάτων
3560 4429 3577 4444 ⁸
3608 4410 3686 4468 οἷα
3709 4415 3805 4487 γάρ

2211 4520 2293 4572 καί
2335 4517 2484 4575 ἡλίκα
2532 4512 2748 4568 ἔϐλυσεν
2795 4514 2943 4573 εὐθὺς
2975 4514 3041 4567 τὰ
3069 4512 3244 4589 ῥεῖθρα
3272 4518 3371 4565 τῶν
3400 4510 3580 4563 ἰάσεων
3606 4505 3805 4566 ἀπάσης

2214 4613 2402 4685 κρήνης
2432 4603 2761 4681 διειδέστερόν
2786 4626 2840 4659 τε
2868 4606 2951 4659 καί
2976 4605 3314 4678 ἀφθονώτερον
3341 4615 3355 4631 ⁸
3398 4598 3691 4656 ὂιὲπνευσεν
3717 4599 3807 4653 αὖ·

2214 4705 2331 4757 τίκα
2354 4706 2444 4757 τοῦ
2466 4700 2754 4770 πνεύματος
2780 4701 2871 4756 ’τὴν
2905 4697 3061 4771 χάριν
3103 4695 3233 4769 ὑπὲρ
3260 4692 3428 4746 πάντα
3456 4693 3521 4746 τά
3552 4692 3692 4768 κρίνα
3718 4694 3811 4744 τοῦ

2218 4794 2379 4867 ἀγροῦ
2414 4787 2753 4863 εὐωδέστερόν
2780 4807 2835 4842 τε
2865 4789 2945 4840 καὶ
2991 4784 3421 4862 ἐρρωμενέστερον
3445 4796 3458 4810 ·
3491 4782 3756 4857 ὡσφράνθη
3783 4782 3812 4838 ἦ

2216 4883 2480 4956 οἰκουμένη
2510 4886 2659 4938 πᾶσα
2681 4886 2874 4938 νοητῶς
2909 4884 3001 4938 τῆς
3036 4873 3253 4935 εὐωδίας
3279 4915 3294 4941 ,
3329 4878 3417 4930 καί
3443 4873 3812 4946 ἠγαλλιάσατο.

2218 4974 2470 5054 ’Πρῦσατο
2491 4980 2595 5036 πᾶς
2616 4996 2717 5043 τις,
2742 4974 2825 5027 καί
2845 4971 3169 5027 ἀπεσύλησεν
3190 4965 3349 5043 οὗπερ
3373 4969 3557 5032 ἐζήτει,
3582 4969 3671 5022 καί
3700 4963 3814 5020 ὅσον

2219 5069 2385 5125 ιπόθει
2405 5109 2418 5133 ,
2450 5071 2531 5123 καί
2559 5066 2690 5142 πρός
2730 5061 2855 5141 ὅπερ
2895 5062 3251 5135 κατηπείγετοί
3285 5063 3316 5119 ἡ
3343 5061 3445 5134 γὰρ
3477 5060 3636 5134 χάρις
3663 5054 3816 5127 ἄφθο.

2218 5184 2299 5224 νος
2326 5206 2339 5231 ,
2387 5165 2633 5216 τοσοῦτον
2686 5156 3205 5231 μεταλαμϐανομένη,
3240 5151 3360 5209 ὅσον
3391 5147 3450 5205 ἂν
3498 5154 3529 5209 ἦ
3574 5150 3816 5225 πρόθεσις

2220 5262 2306 5311 τοῦ
2337 5253 2671 5311 πιστεύοντος
2698 5251 3049 5312 πλεονάζεται.
3084 5257 3134 5301 Ἦ
3175 5245 3357 5318 κεφαλὴ
3376 5250 3465 5301 τοῦ
3488 5243 3816 5313 κυκλώματος

2224 5347 2386 5402 αὐτῶν
2404 5386 2416 5408 ,
2450 5341 2636 5403 δηλαδή
2664 5348 2762 5399 τῶν
2797 5340 3131 5418 ἁμαρτωλῶν,
3163 5339 3231 5396 ὥς
3259 5358 3403 5409 φησιν
3429 5335 3455 5391 ό
3484 5333 3641 5391 Δαϐίδ
3666 5350 3682 5365 ·
3728 5333 3817 5388 κό-

2224 5462 2320 5501 πος
2345 5447 2444 5496 τῶν
2472 5440 2681 5511 χειλέων
2703 5440 2867 5494 αὐτῶν
2890 5453 2903 5466 ⁸
2946 5433 3084 5507 Ἠμῐν
3116 5432 3168 5489 δὲ
3194 5435 3223 5491 ἡ
3246 5432 3429 5501 κεφαλὴ
3475 5430 3607 5489 αὕτη
3651 5426 3816 5483 κόπων

2224 5532 2425 5607 ἐδείχθη
2448 5534 2706 5610 λυτήριον,
2732 5533 2906 5589 παθῶν
2928 5529 3266 5603 ἀλεξητήριον,
3299 5522 3547 5595 δαιμόνων
3569 5516 3813 5595 φυγαδευο

2222 5632 2420 5705 τήριον,
2452 5628 2628 5687 πάσης
2654 5627 2787 5685 θείας
2814 5622 3010 5700 δωρεᾶς
3040 5621 3433 5696 χορηγητὴριον.
3482 5614 3683 5685 Κεφαλή
3721 5612 3816 5705 γάρ

2222 5722 2332 5775 ἐστι
2359 5727 2446 5774 τοῦ
2477 5721 2524 5773 ἐν
2553 5719 2744 5793 γαστρί
2786 5723 2877 5776 τῆς
2922 5716 3133 5790 στείρας
3180 5714 3549 5789 σκιρτήσαντος
3584 5706 3633 5759 ἓν
3660 5704 3814 5776 ἀγαλ-

2220 5813 2402 5870 λιάσει.
2426 5812 2508 5869 διὰ
2534 5816 2624 5869 τόν
2651 5813 2701 5868 ἐν
2737 5817 2801 5868 τῆ
2829 5810 3108 5868 παρθενικῆ
3141 5804 3289 5867 νηδύὶ
3311 5801 3659 5865 σαρκούμενον
3682 5801 3810 5855 Θεοῦ
