4060 6364
260 337 394 394 449

936 333 1030 388 AD
1064 328 1336 390 HISTOB.
1377 326 1811 387 INVENTIONIS
1854 323 2123 384 CAPITIS
2155 322 2213 383 S.
2254 322 2535 384 JOANNIS
2569 321 2932 382 APPENDIX.

3482 322 3593 387 ιω

260 454 590 510 daemonum
617 446 761 519 fuga,
791 446 957 504 divini
972 448 1147 505 omnis
1177 445 1413 504 muneris
1441 445 1586 515 larga
1619 443 1888 517 praebitio.

2026 440 2295 521 ὁγονξπερί
2310 439 2369 497 οὗ
2388 465 2536 518 φησιν
2552 441 2717 504 όθεῖος
2736 439 2909 497 Δαϐίδ·
2933 458 2952 492 ι
2971 436 3308 505 Ἐξιλεύσιται
3326 437 3593 518 ἅνθρωπος

261 544 459 619 Caput
478 542 623 600 enim
652 544 771 612 ejus
798 550 882 597 est
906 543 996 612 qui
1029 542 1083 595 in
1112 541 1308 597 sterilis
1345 549 1502 595 utero
1549 539 1603 592 in
1654 536 1891 593 exsulta-

264 637 435 694 tione
462 634 696 705 gestivit,
724 633 795 689 ob
814 632 911 689 Dei
937 631 1098 687 Verbi
1126 632 1179 686 in
1202 630 1423 700 virginis
1445 636 1602 685 utero
1623 626 1892 684 iucarnati

264 728 650 801 prmsentiam,
677 726 743 781 de
763 741 871 796 quo
900 725 975 780 ait
1029 725 1422 781 sacratissimus
1466 721 1633 777 David
1663 741 1675 775 :
1702 720 1884 776 Exibit

268 822 455 886 homo,
478 830 530 874 et
550 836 639 874 cor
660 819 854 883 altum;
903 832 953 871 et
985 814 1299 871 exaltabitur
1323 815 1463 869 Deus
1522 812 1692 885 (Psal.
1736 826 1889 878 um,

268 911 367 984 8).
391 910 569 982 Caput
584 917 667 965 est
687 909 828 963 illius
848 907 940 978 qui
968 907 1142 963 adhuc
1189 922 1259 962 ex
1286 913 1443 961 utero
1466 903 1671 975 Spiritu
1697 912 1891 961 sancto

270 1004 531 1074 repletus
561 1009 671 1067 est;
697 1000 766 1056 de
792 1015 901 1070 quo
950 1014 1177 1069 magnus
1208 998 1495 1054 Zacharias
1538 997 1614 1051 ait
1672 1015 1685 1049 :
1718 995 1787 1049 Et
1817 1003 1892 1063 tu,

272 1113 438 1169 puer,
469 1093 721 1164 prapbeta
748 1092 1000 1147 Altissimi
1024 1090 1288 1146 vocaberis
1312 1106 1329 1145 :
1350 1088 1560 1160 prwibis
1588 1088 1727 1142 enim
1776 1094 1897 1141 ante

272 1188 593 1255 Dominum,
619 1204 809 1258 parare
836 1187 945 1241 vias
974 1186 1087 1257 ejus
1108 1182 1260 1257 (Luc.
1285 1200 1324 1251 I,
1384 1182 1499 1253 76).
1552 1180 1727 1253 Caput
1752 1181 1894 1237 illius

275 1290 373 1338 est
401 1282 495 1351 qui
523 1280 592 1335 ab
621 1279 753 1350 ipsis
802 1279 955 1334 cunis
983 1292 1155 1348 usque
1186 1276 1253 1332 ad
1279 1275 1398 1346 ejus
1440 1275 1807 1331 ostensionem
1828 1273 1898 1330 ad

275 1371 455 1430 Israel
476 1372 723 1427 vitamin
753 1370 970 1426 deserto
1000 1367 1251 1432 instituit,
1284 1366 1355 1422 de
1382 1380 1490 1437 quo
1545 1365 1713 1421 Isaias
1769 1379 1897 1435 pro-

277 1467 457 1537 pheta
514 1465 588 1519 ait
621 1482 635 1518 :
677 1462 791 1517 Vox
828 1462 1103 1517 clamantis
1141 1462 1197 1515 in
1240 1459 1442 1514 deserto
1473 1475 1491 1512 :
1524 1457 1722 1513 Parate
1760 1458 1900 1512 viam

279 1555 528 1620 Domini,
553 1562 721 1609 rectas
751 1555 908 1625 facite
934 1553 1143 1607 semitas
1163 1551 1275 1624 ejus
1306 1548 1462 1622 (Isai.
1490 1566 1582 1616 XL,
1615 1549 1692 1619 5).
1723 1548 1900 1619 Caput

280 1650 438 1706 illius
460 1657 544 1705 est
592 1649 685 1721 qui
725 1647 1038 1719 praedicavit
1075 1644 1404 1717 baptismum
1452 1643 1789 1714 paenitentia:
1843 1642 1899 1698 in

281 1744 673 1800 remissionem
696 1750 1077 1813 peccatorum;
1103 1739 1171 1795 de
1192 1754 1300 1810 quo
1322 1737 1599 1808 Scriptura
1630 1736 1703 1791 ita
1729 1735 1901 1805 loqui-

229 1850 232 1852 ‘
284 1845 383 1892 tur
408 1853 423 1890 :
451 1834 588 1891 Ecce
609 1852 704 1907 ego
731 1835 880 1890 mitto
909 1832 1152 1906 angelum
1188 1846 1361 1886 meum
1390 1838 1511 1884 ante
1562 1837 1610 1883 te
1637 1826 1894 1898 (Malach.

285 1941 385 1993 In,
420 1927 496 1999 l).

367 2019 512 2088 Quid
540 2034 668 2075 vero
697 2018 852 2090 plura
880 2030 1102 2073 necesse
1128 2013 1313 2085 loqui?
1343 2009 1518 2082 Caput
1545 2008 1663 2080 ejus
1702 2014 1788 2063 est
1812 2006 1907 2077 qui

288 2115 542 2173 divinum
566 2111 828 2168 verticem
878 2109 1194 2178 contingere
1237 2104 1467 2174 meruit,
1516 2101 1585 2157 ad
1627 2115 1788 2172 quem
1830 2098 1909 2154 ait

290 2208 562 2265 Dominus
593 2224 606 2259 :
639 2205 768 2261 Sine
796 2211 992 2268 modo;
1023 2203 1098 2256 sic
1122 2200 1259 2255 enim
1286 2198 1430 2252 decet
1463 2211 1559 2250 nos
1583 2209 1789 2248 omnem
1812 2191 1909 2262 ju-

292 2300 501 2355 stitiam
525 2297 740 2369 implere
778 2294 1014 2368 (Matth.
1062 2308 1141 2361 III,
1190 2288 1313 2361 15).
1357 2288 1428 2343 At
1465 2301 1703 2358 quonam
1746 2282 1910 2340 modo

293 2391 613 2449 mortalium
641 2389 778 2445 ullus
819 2389 1048 2458 'prorsus
1091 2382 1463 2440 beatissimum
1490 2386 1653 2451 caput
1691 2392 1794 2448 pro
1842 2390 1910 2432 eo

294 2499 368 2541 ac
399 2483 558 2538 decet
587 2478 921 2536 laudaverit?
943 2478 1205 2545 Quzenam
1230 2489 1364 2530 vero
1393 2472 1786 2541 terrigenarum
1810 2467 1914 2523 lin-

294 2592 429 2650 gua,
462 2573 607 2644 quod
635 2573 768 2629 satis
796 2573 888 2639 sit,
917 2585 1143 2642 prorsus
1170 2565 1544 2625 admirandum
1574 2562 1706 2619 illud
1732 2578 1797 2619 ac
1824 2561 1913 2618 in-

298 2667 673 2740 corruptionis
701 2666 999 2736 fulgoribus
1025 2662 1240 2718 radians
1271 2656 1666 2716 celebraverit?

379 2766 470 2830 At,
502 2779 534 2818 ο
570 2761 810 2817 divinum
853 2775 916 2815 ac
959 2773 1173 2814 sacrum
1216 2761 1395 2826 caput,
1428 2750 1914 2809 sincerissimorum

305 2869 377 2911 ac
412 2852 825 2925 purissimorum
850 2866 1103 2908 sensuum
1132 2845 1442 2904 vasculum!
1484 2843 1667 2901 suavis
1695 2842 1916 2915 spiritus

305 2946 614 3017 fragrantia:
635 2944 878 3015 spiritale
900 2939 1260 2999 tburibuluml
1298 2936 1721 3010 locupletissima
1744 2947 1918 3006 penus

307 3040 539 3096 divitum
592 3038 783 3109 gratiae
836 3035 1191 3093 mirabiliuml
1252 3032 1441 3089 Laudo
1492 3030 1674 3087 divine
1726 3030 1919 3101 plexos

308 3132 492 3189 crines
516 3140 637 3187 tuos
663 3146 797 3187 auro
821 3128 991 3201 Opbir
1018 3126 1390 3200 pretiosiores,
1422 3138 1747 3197 sponsarum
1774 3119 1919 3177 redi-

310 3225 513 3282 micula
558 3224 753 3280 decore
780 3223 1080 3293 vincentes,
1128 3235 1290 3291 super
1330 3232 1467 3288 quos
1515 3231 1624 3272 non
1673 3212 1921 3271 ascendit

313 3317 630 3373 vitiositatis
656 3317 920 3374 novacula
949 3313 1181 3387 (peccati
1228 3311 1483 3369 nimirum
1512 3306 1806 3379 deceptio),
1838 3305 1921 3361 uti

314 3414 451 3472 olim
477 3428 637 3484 super
663 3411 980 3468 Samsonem
1014 3409 1227 3467 furente
1250 3408 1307 3463 in
1334 3423 1457 3464 eum
1495 3404 1688 3461 Dalila.
1714 3401 1921 3471 Magni-

314 3509 419 3564 ﬁce
466 3507 698 3578 praedico
737 3521 948 3562 sacram
995 3511 1144 3559 tuam
1192 3500 1531 3571 Aaronisque
1575 3503 1929 3569 praestantem

315 3599 545 3656 barbam
594 3598 768 3671 (Psal.
800 3613 1002 3663 cxxxu,
1034 3595 1126 3667 2),
1174 3610 1245 3651 ex
1291 3608 1397 3664 qua
1450 3589 1698 3648 sanitatis
1736 3603 1829 3645 ros
1854 3586 1921 3640 ﬁ-

316 3690 519 3748 delium
550 3690 742 3746 animis
764 3688 1037 3755 influebat,
1057 3702 1183 3744 rore
1207 3685 1447 3742 Hermon
1473 3683 1673 3756 potior,
1707 3680 1799 3751 qui
1827 3678 1927 3737 de—

318 3784 532 3842 scendit
553 3783 606 3838 in
634 3790 846 3838 montes
872 3781 1024 3837 Sion.
1056 3779 1287 3836 Lucidos
1316 3777 1504 3834 oculos
1528 3786 1651 3832 tuos
1670 3787 1924 3841 veneror,

320 3876 778 3950 splendidissimas
805 3876 1025 3948 Spiritus
1064 3874 1237 3939 faces,
1268 3873 1416 3929 velut
1450 3870 1714 3927 columbm
1755 3866 1926 3924 oculis

321 3971 605 4043 puriores,
634 3969 1035 4041 smaragdisque
1074 3968 1270 4040 lapillis
1294 3963 1694 4038 pretiosissimis
1722 3960 1928 4033 pretio-

323 4065 516 4122 siores.
547 4064 595 4118 A
620 4063 734 4119 Deo
763 4062 973 4118 amatas
1001 4076 1159 4116 aures
1185 4070 1332 4126 tuas,
1360 4057 1673 4115 caelestibus
1704 4054 1929 4110 vocibus

326 4164 641 4227 comparata
673 4167 877 4223 organa
905 4152 1151 4208 laudibus
1186 4148 1373 4205 offero.
1417 4147 1559 4217 Apte
1604 4146 1755 4200 hisce
1782 4143 1929 4199 Scri-

325 4256 498 4321 pturae
527 4248 748 4305 vocibus
792 4247 849 4302 in
896 4254 952 4301 te
997 4243 1276 4299 moraliter
1298 4249 1440 4297 utar.
1483 4237 1654 4304 Quam
1683 4238 1930 4307 speciosa:

330 4352 611 4415 suntgena:
639 4350 758 4408 tuae,
792 4348 1041 4411 tanquam
1067 4335 1283 4390 turturis
1306 4332 1481 4403 (Cant.
1514 4346 1560 4397 ι,
1592 4329 1627 4385 9
1667 4338 1715 4383 et
1745 4343 1815 4395 ιν,
1848 4327 1929 4398 5),

328 4444 390 4492 ut
416 4437 471 4491 in
499 4433 724 4491 Cantico
750 4434 986 4489 habetur
1011 4448 1026 4485 :
1059 4430 1207 4486 Sicut
1243 4437 1421 4482 cortex
1452 4423 1577 4479 mali
1599 4422 1772 4495 punici
1800 4437 1932 4491 gena

332 4537 417 4583 tua
448 4547 465 4584 :
496 4531 627 4585 sicut
671 4526 929 4600 funiculus
958 4522 1224 4580 coccinea:
1263 4518 1403 4575 labia
1438 4527 1527 4572 tua
1558 4531 1578 4571 :
1610 4516 1742 4569 sicut
1774 4513 1931 4567 turris

332 4619 520 4676 Libani
546 4637 699 4675 nares
729 4627 850 4685 tuae,
886 4626 934 4672 et
958 4615 1219 4685 eloquium
1262 4618 1404 4665 tuum
1432 4608 1583 4663 dulce
1604 4624 1663 4661 ac
1689 4606 1931 4660 decorant

334 4711 507 4783 (Cant.
536 4729 630 4779 vu,
657 4712 691 4765 4
718 4721 766 4767 et
786 4728 862 4780 ιν,
890 4709 969 4781 3).
993 4707 1179 4764 Laudo
1199 4706 1442 4762 dentium
1471 4711 1686 4757 tuarum
1715 4706 1931 4770 septum

332 4800 487 4858 lactis
511 4803 743 4859 candore
763 4802 1071 4868 nitentium,
1096 4800 1239 4856 unde
1263 4795 1535 4869 processit
1573 4792 1767 4848 divinae
1791 4805 1933 4862 prae-

337 4892 622 4948 dicationis
646 4910 825 4951 sermo
866 4896 919 4949 in
947 4895 1080 4951 lines
1107 4908 1280 4964 usque
1304 4890 1450 4947 orbis
1487 4882 1775 4944 terrarum.
1826 4884 1933 4939 De-

337 4998 487 5041 mum
515 4983 674 5037 laudo
704 4994 759 5038 et
804 4994 1024 5054 argento
1067 4986 1283 5041 niveum
1330 4981 1531 5038 collum
1580 4987 1761 5043 tuum,
1791 4973 1937 5045 quod

337 5076 742 5139 scelestissimus
767 5076 910 5131 ensis
933 5078 1187 5145 pervasit,
1216 5092 1281 5132 ac
1306 5090 1373 5131 ex
1396 5089 1506 5145 quo
1528 5071 1644 5127 vice
1663 5067 1937 5138 sanguinis

337 5167 722 5227 miraculorum
752 5164 930 5220 fontes
953 5173 1289 5220 emanarunt.

343 5296 351 5302 ι
407 5258 547 5327 Quid
587 5257 686 5324 ais,
717 5255 993 5313 Herodes?
1036 5255 1118 5310 Ad
1146 5264 1203 5310 te
1247 5257 1389 5312 enim
1422 5254 1553 5311 mihi
1583 5268 1728 5311 nunc
1754 5265 1936 5308 sermo

337 5350 756 5410 convertendus.
805 5347 962 5416 Quod
1009 5346 1286 5417 quaerebas
1348 5346 1668 5401 obtinuisti?
1714 5357 1939 5413 compos

338 5448 510 5504 factus
549 5460 609 5502 es
643 5444 759 5516 ejus
780 5441 925 5515 quod
946 5441 1236 5513 cupiebas?
1267 5439 1702 5509 haudquaquam.
1732 5436 1814 5491 En
1844 5436 1940 5492 tibi

339 5539 533 5596 iterum
561 5536 777 5609 quoque
808 5537 960 5593 testis
986 5533 1247 5600 veritatis,
1284 5543 1583 5601 coarguens
1611 5530 1703 5584 ille
1731 5528 1940 5597 gladius

341 5634 580 5703 spiritus,
609 5633 882 5689 liberrima
908 5630 1122 5703 pietatis
1157 5628 1359 5697 lingua,
1397 5624 1549 5689 vivit,
1583 5638 1684 5679 nec
1730 5630 1943 5679 mortua

344 5735 458 5793 est;
482 5726 676 5793 soluta,
708 5742 813 5781 non
839 5725 1021 5780 vincta
1046 5765 1062 5791 ,
1114 5736 1277 5794 quam
1308 5715 1527 5787 sanguis
1555 5714 1713 5785 Abel,
1754 5714 1950 5771 adver-

1929 1843 1979 1905 B

1946 3239 1995 3306 C

1957 4645 2013 4707 D

1994 540 2077 593 καί
2098 535 2280 612 καρδία
2310 537 2512 608 βαθεῖα,
2547 540 2635 592 καί
2662 536 2991 609 ὑψωθήσεται
3020 534 3045 589 ὁ
3069 534 3244 596 ΘεὸςῚ
3271 536 3455 609 κεφαλή
3477 534 3592 592 ἐστι

1992 634 2084 683 τοῦ
2116 625 2190 683 ἔτι
2214 627 2314 683 ἀπὸ
2342 627 2527 688 κοιλίας
2550 628 2864 688 πλησθέντος
2883 624 3175 699 πνεύματος
3202 626 3370 700 ἀγίου,
3386 629 3505 700 περί
3531 621 3592 682 οὗ

1995 746 2142 796 φησιν
2186 723 2213 780 ὃ
2256 727 2417 797 μέγας
2448 727 2735 796 Ζαχαρίας·
2766 742 2784 777 ι
2809 727 3005 791 Καὶσύ,
3056 724 3279 792 παιδίον,
3333 731 3596 802 προφήτης

1995 822 2218 895 ὑψίστου
2246 824 2494 895 κληθήσῃ’
2541 824 2883 899 προπορεύσῃ
2912 825 3009 895 γὰρ
3036 822 3138 897 πρό
3178 824 3464 898 προσώπου
3506 844 3597 877 κυ-

1995 918 2106 992 ρίου
2136 917 2404 988 ἑτοιμάσαι
2433 914 2587 976 ὁδούς
2616 916 2787 973 αὐτοῦ.
2823 934 2841 965 ι
2878 915 3064 988 κεφαλή
3092 918 3201 973 ἐστι
3229 924 3318 972 τοῦ
3346 915 3397 973 ἓν
3425 919 3597 994 ἐρήμῳ

1996 1012 2049 1076 ἐξ
2089 1014 2253 1069 αὐτῶν
2298 1013 2607 1091 σπαργάνων
2650 1010 3021 1077 διαιτηθέντος,
3066 1014 3259 1089 μέχρις
3298 1012 3599 1078 ἀναδείξεως

1998 1107 2153 1162 αὐτοῦ
2183 1108 2312 1184 πρὸς
2339 1108 2424 1163 τόν
2447 1106 2671 1186 Ἰσραήλ,
2700 1109 2822 1179 περὶ
2849 1103 2909 1160 οὗ
2944 1106 3139 1179 φησινό
3173 1111 3379 1169 Ἠσαίας
3403 1112 3600 1185 προφή-

1996 1215 2107 1260 rm,"
2132 1217 2152 1250 ι
2182 1204 2319 1259 Φωνὴ
2348 1201 2567 1273 βοῶντος
2610 1200 2659 1253 ἓν
2688 1208 2750 1274 τῇ
2781 1200 2970 1276 ἐρήμῳ,
3010 1200 3317 1270 ἑτοιμάσατε
3361 1208 3451 1262 τήν
3487 1201 3601 1258 όδόν

1999 1294 2198 1367 κυρίου’
2227 1295 2421 1353 εὐθείας
2448 1300 2637 1348 ποιεῖτε
2664 1295 2760 1352 τάς
2784 1293 2994 1370 τρίϐους
3021 1293 3197 1347 αὐτοῦ.
3214 1311 3231 1344 ι
3260 1293 3461 1364 Κεφαλή
3490 1295 3603 1351 ἐστι

2000 1392 2095 1440 τοῦ
2119 1388 2431 1458 κηρύξαντος
2456 1387 2729 1459 βάπτισμα
2771 1392 3045 1459 μετανοίας
3094 1389 3167 1447 είς
3216 1385 3392 1461 ἄφεσιν
3436 1388 3603 1464 ἀμαρ-

2002 1485 2139 1532 τιῶν·
2160 1482 2277 1551 περί
2303 1475 2359 1532 οὐ
2387 1500 2509 1550 φησι
2532 1479 2591 1534 τὸ
2614 1480 2747 1554 ἱερὸν
2775 1476 3190 1554 γράμμα,ιίδού
3222 1481 3321 1551 ἐγώ
3343 1467 3623 1536 ἀποσςέλἸ

2000 1569 2070 1623 λω
2086 1572 2173 1626 τὸν
2192 1567 2402 1644 ἄγγελόν
2430 1591 2527 1641 μου
2558 1568 2852 1650 ἅμπροσθέν
2878 1593 2996 1626 σου.
3012 1589 3032 1624 ι

2076 1685 2168 1738 Καὶ
2192 1686 2245 1739 τί
2271 1681 2351 1738 δεῖ
2379 1683 2541 1741 πολλά
2567 1683 2753 1758 Mysis;
2794 1685 2972 1758 κεφαλή
3015 1685 3127 1741 ἐστι
3154 1691 3243 1742 τοῦ
3276 1662 3640 1755 καταξιωθένοξ

2004 1796 2092 1836 τος
2121 1773 2415 1848 ἐφάψασθαι
2446 1782 2539 1837 τῆς
2568 1777 2707 1838 θείας
2735 1786 2985 1850 κορυφῆς,
3015 1759 3165 1852 πρὸς.
3185 1776 3238 1831 ὃν
3269 1799 3413 1849 φησιν
3446 1776 3473 1831 ὁ
3515 1777 3603 1830 κύ-

2005 1884 2133 1944 ριος’
2165 1886 2184 1920 t
2202 1865 2354 1942 Ἀφες
2383 1865 2520 1943 ἀρτι⁶
2551 1868 2685 1925 οὕτω
2706 1870 2805 1945 γάρ
2833 1873 3031 1943 πρέπον
3059 1872 3181 1941 ἡμῖν
3201 1872 3314 1926 ἐστι
3340 1870 3604 1948 πληρῶσαι

2006 1969 2183 2019 πᾶσαν
2211 1962 2553 2024 δικαιοσύνην.
2592 1984 2611 2018 ι
2646 1969 2735 2021 Καὶ
2773 1974 2886 2028 πῶς
2908 1964 2969 2023 ἄν
2997 1990 3075 2029 τις
3101 1969 3285 2044 βροτὸς
3311 1970 3469 2028 αὐτήν
3492 1967 3605 2024 κατ’

2008 2056 2152 2120 ἀξίαν
2181 2057 2460 2113 ἐπαίνεσειε
2480 2096 2495 2123 ,
2526 2062 2618 2118 τήν
2658 2057 3068 2137 όλομακάριστον
3093 2076 3109 2125 ;
3142 2063 3267 2116 ποία
3296 2059 3350 2116 δὲ
3390 2062 3608 2134 γλώσσα

2009 2155 2251 2223 γηγενοῦς
2297 2151 2575 2223 ἀνυμνήσει
2623 2151 2803 2212 ἱκανῶς
2827 2192 2842 2217 ,
2891 2149 3004 2212 ὅλην
3039 2151 3103 2208 δι’
3152 2151 3266 2208 ὅλου
3310 2155 3608 2225 θαυμαστήν

2011 2236 2172 2297 οὖσαν
2194 2280 2212 2309 ,
2244 2245 2330 2299 καί
2370 2248 2467 2304 τὰς
2515 2250 2608 2307 τῆε
2647 2243 2930 2320 ἀφθαρσίας
2954 2248 3305 2322 μαρμαρυγὰς
3333 2247 3609 2326 ἀπαστρά-

2012 2355 2247 2391 πτουσαν
2271 2351 2289 2402 ;

2088 2431 2253 2499 ’Δλλά,
2287 2427 2327 2484 ὦ
2354 2433 2462 2489 θεία
2481 2434 2567 2489 καί
2591 2432 2703 2509 ἱερά
2740 2433 2949 2506 κεφαλή,
2978 2435 3176 2510 χωρίον
3205 2440 3303 2495 τῶν
3323 2435 3611 2491 ἀπαθεστάσν

2014 2548 2116 2583 των
2138 2527 2223 2580 καί
2246 2527 2615 2599 καθαρωτάτων
2642 2526 2926 2586 αἰσθήσεων
2941 2543 2955 2557 ⁶
2981 2527 3311 2601 θυμιατήριον
3332 2528 3499 2605 νοερὸν
3517 2534 3611 2588 τῆς

2016 2616 2229 2677 εὐωδίας
2268 2624 2361 2674 τοῦ
2389 2619 2707 2690 πνεύματος⁶
2736 2620 3195 2698 θησαυροφυλάκιον
3220 2619 3493 2681 πολυτελὲς
3512 2627 3612 2676 τῶν

2016 2710 2361 2768 πλουτοποιῶν
2382 2710 2682 2783 θαυμασίων
2718 2719 2811 2773 τῆς
2840 2712 3078 2783 χάριτος·
3122 2710 3308 2765 ἐπαινῶ
3363 2732 3457 2765 σου
3495 2712 3611 2770 τούς

2017 2806 2319 2868 θεοπλὸκους
2370 2807 2747 2882 βοστρύχους,
2793 2810 3020 2880 χρυσίου
3072 2812 3159 2861 τοῦ
3214 2806 3266 2859 ἐκ
3304 2808 3485 2879 Σουφὶρ
3542 2826 3613 2859 τιο

2020 2899 2322 2976 μιωτὲρους,
2354 2898 2611 2973 ὁρμίσκων
2641 2904 2741 2952 τῶν
2773 2904 3025 2970 νυμφικῶν
3052 2896 3511 2972 εὐπρεπεστέρους,
3540 2891 3612 2966 ἐφ’

2021 2990 2111 3051 οὒς
2137 2993 2221 3045 οὐκ
2243 2992 2392 3073 ἀνέϐη
2421 2992 2575 3066 ξυρόν
2598 2990 2655 3045 τὸ
2677 2996 2770 3051 τῆς
2797 2990 2999 3053 κακίας,
3025 2988 3193 3045 ἀπάτη
3219 2993 3312 3045 τῆς
3334 2985 3613 3058 ἁμαρτίας,

2022 3088 2092 3148 ὡς
2119 3089 2239 3164 πρὶν
2265 3087 2350 3141 ἐπί
2371 3091 2461 3141 τοῦ
2493 3083 2714 3157 Σαμψὼν
2735 3123 2755 3152 ,
2793 3081 2878 3139 διά
2904 3089 2996 3142 τῆς
3025 3082 3299 3157 ἀστρώσης
3328 3076 3615 3139 Δαλιλάδος.

2020 3179 2293 3253 Μιγαλύνω
2340 3200 2437 3234 σου
2481 3178 2563 3234 τὸν
2601 3177 2737 3251 ἱερὸν
2782 3179 2867 3231 καί
2904 3175 3038 3251 ύπέρ
3067 3172 3257 3248 ’Λαρών
3283 3173 3532 3245 πώγωνα,
3565 3171 3615 3234 ἐξ

2024 3272 2084 3330 οὖ
2136 3275 2292 3349 ἐρῤύη
2347 3272 2540 3349 δρόσος
2571 3271 2843 3345 ’ίαματικός
2876 3271 3009 3344 ὑπὲρ
3062 3267 3244 3344 δρόσον
3268 3266 3490 3342 Ἀερμών
3528 3269 3618 3323 τήν

2026 3375 2307 3425 κατιοῦσαν
2353 3368 2437 3423 ἐπί
2480 3369 2547 3421 τά
2597 3363 2688 3442 ὅρη
2732 3368 2885 3430 Σιὼν,
2932 3364 2980 3417 ἐν
3009 3370 3119 3422 ταῖς
3146 3368 3245 3417 τῶν
3270 3358 3618 3415 πιστευόντων

2025 3460 2235 3533 ψυχαῖς
2257 3476 2272 3492 ⁶
2315 3461 2537 3536 γεραίρω
2566 3479 2659 3515 σου
2687 3460 2811 3518 τούς
2845 3457 3118 3528 φωτεινούς
3154 3452 3468 3526 ἑφθαλμούς,
3500 3452 3617 3509 τούς

2026 3552 2256 3626 διαυγεῖς
2298 3552 2529 3626 λύχνους
2580 3558 2671 3610 τοῦ
2721 3551 3015 3622 πνεύματος
3046 3588 3061 3613 ,
3116 3549 3185 3607 ὡς
3234 3544 3619 3615 καθαρωτέρους

2028 3647 2271 3721 ὀμμάτων
2294 3650 2626 3721 περιστερᾶς,
2661 3646 2747 3698 καί
2772 3644 2839 3703 ὡς
2868 3638 3295 3715 τιμώφεστέρους
3318 3633 3622 3710 σμαράγδων

2027 3740 2174 3795 λίθων
2202 3740 2576 3811 πολυτιμήτων·
2607 3735 2802 3802 δοξάζω
2833 3756 2925 3790 σου
2974 3733 3064 3793 τὰς
3090 3733 3325 3791 θεοεικεῖς
3353 3729 3530 3793 ἀκοὰς,
3560 3726 3624 3781 τό

2028 3841 2129 3890 τῶν
2154 3836 2395 3908 οὐρανίων
2421 3838 2593 3904 φωνῶν
2617 3830 2954 3905 ἀκροατήρια.
2979 3827 3351 3898 Συγχρήσομαι
3374 3817 3622 3896 ἁρμοδίως

2030 3927 2117 3981 ἐπί
2136 3947 2217 3981 σοι
2239 3934 2346 3987 τοῖς
2358 3932 2453 3985 τῆς
2473 3930 2668 3999 γραφῆς
2677 3927 2935 3995 τροπικῶς
2955 3919 3166 3992 ῥήμασι’
3186 3915 3274 3969 (Τί
3300 3913 3624 3986 ὡραιὼθησαν

2033 4017 2262 4091 σιαγόνες
2286 4038 2382 4072 σου
2399 4013 2794 4091 ὡσείτρυγόνος,
2808 4029 2827 4063 ι
2842 4012 2970 4065 κατά
2990 4009 3048 4064 τό
3057 4005 3253 4077 τᾼσμα.
3268 4001 3382 4064 (Ὠς
3409 4002 3626 4079 λέπυρον

2032 4113 2158 4186 ῥόας
2171 4111 2326 4183 μῆλόν
2351 4130 2466 4165 σου.
2483 4120 2568 4168 Ὠς
2584 4109 2831 4180 σπαρτίον
2848 4102 3065 4157 κόκκινον
3093 4101 3240 4171 χείλη
3270 4113 3388 4153 σου·
3407 4098 3475 4158 ὡς
3502 4095 3626 4169 πύρ-

2033 4225 2123 4278 γος
2135 4211 2227 4260 τοῦ
2256 4204 2475 4259 Λιϐάνου
2497 4201 2752 4274 μυκτῆρες
2779 4196 2992 4259 comitati
3020 4194 3050 4250 ἡ
3078 4192 3224 4246 λαλιά
3251 4210 3345 4244 σου
3373 4186 3519 4246 ήδεῖα
3544 4187 3628 4239 καί

2036 4300 2255 4374 ὡραία.»
2289 4296 2509 4365 Ἀνυμνῶ
2554 4314 2649 4347 σου
2698 4291 2756 4346 τὸ
2808 4289 2960 4364 ἕρκος
3010 4292 3109 4341 τῶν
3156 4278 3628 4356 γεγαλακτισμένων

2037 4370 2265 4459 ὀδόντων,
2296 4388 2376 4465 ἀφ’
2416 4386 2475 4444 ού
2504 4386 2746 4461 προῆλθεν
2773 4382 2798 4437 ὁ
2824 4388 2916 4437 τοῦ
2942 4379 3075 4433 θείου
3108 4377 3433 4453 κηρύγματος
3462 4370 3627 4442 λόγος,

2036 4492 2228 4564 μέχρις
2264 4485 2507 4556 ἐσχάτων
2548 4487 2641 4539 τῆς
2671 4476 2986 4546 οἰκουμένης.
3016 4469 3166 4531 Τέλος
3192 4508 3207 4535 ,
3252 4470 3375 4523 αἰνῶ
3412 4485 3508 4523 σου
3555 4470 3635 4519 καὶ

2039 4556 2451 4657 τὸν-ἀργυροειδῆ
2482 4571 2744 4649 τράχηλον
2771 4609 2786 4637 ,
2839 4563 2897 4621 οὐ
2940 4567 3000 4623 τὸ
3041 4565 3176 4635 ξίφος
3214 4559 3448 4621 διήλασεν
3478 4556 3504 4613 ό
3535 4580 3635 4614 πα-

2036 4678 2297 4748 λαμναῖος,
2326 4674 2410 4726 καί
2437 4669 2487 4734 ἒξ
2508 4665 2567 4723 οὗ
2597 4664 2811 4721 ἔϐλυσεν
2833 4663 2945 4717 ἀντὶ
2978 4660 3194 4732 αἵματος
3220 4654 3247 4712 ό
3282 4656 3494 4731 κρουνὸς
3540 4657 3639 4714 τῶν

2036 4770 2329 4841 θαυμάτων.

2109 4832 2301 4936 Ἰίίφής,
2329 4854 2618 4934 ὧἮρὼδης
2660 4853 2792 4930 πρός
2831 4871 2891 4906 σε
2934 4850 3034 4925 γάρ
3084 4866 3169 4918 μοι
3216 4841 3581 4918 ἐπιστρεπτὲος
3615 4832 3639 4889 ὁ

2038 4954 2215 5027 λόγος·
2246 4948 2444 5024 ἕχειςδ
2476 4950 2705 5028 ᾆζήτειςς
2735 4942 3011 5001 ἀπολαύεις
3060 4959 3155 4994 σου
3199 4943 3288 4995 τῆς
3323 4932 3591 5000 ἐπιθυμίας
3624 4941 3638 4989 ;

2042 5048 2304 5119 οὐδαμῶς.
2336 5042 2463 5100 ’ἰδού
2494 5062 2576 5097 σοι
2603 5043 2687 5095 καί
2712 5038 2858 5094 πάλιν
2899 5034 2925 5090 ό
2954 5034 3154 5107 μάρτυς
3190 5036 3282 5088 τῆς
3324 5027 3571 5082 ἀληθείας*
3604 5022 3635 5080 ἡ

2045 5142 2298 5213 ἐλεγκτική
2343 5140 2585 5209 μάχαιρα
2636 5135 2724 5186 τοῦ
2753 5129 3063 5198 πνεύματος’
3114 5124 3144 5179 ή
3192 5115 3635 5192 εὐπαρῤησίαστος

2043 5234 2247 5309 γλῶττα
2271 5238 2363 5289 τῆς
2393 5226 2685 5288 εὐσεϐείας,
2728 5225 2810 5297 ζῇ,
2861 5221 2942 5272 καί
2970 5217 3025 5270 οὐ
3049 5214 3269 5269 τίθνηκε’
3290 5205 3516 5270 λέλυται,
3547 5204 3632 5258 καί

2045 5298 2101 5381 οὐ
2149 5323 2365 5380 δέδεταν
2398 5324 2528 5396 ύπερ
2548 5318 2606 5374 τὸ
2631 5321 2720 5372 τοῦ
2752 5312 2893 5369 ’Δϐὶλ
2920 5306 3046 5381 αἷμα
3206 5302 3335 5374 πρὸς
3364 5314 3443 5354 σε·
3484 5315 3503 5349 t
3533 5298 3638 5351 Οὐκ

2047 5418 2219 5483 ἔξεστί
2246 5437 2328 5471 σοι
2349 5413 2492 5486 ἔχειν
2518 5417 2610 5472 τήν
2632 5414 2847 5482 γυναῖκα
2875 5403 3120 5457 Φιλίππου
3145 5402 3235 5454 τοῦ
3277 5393 3487 5467 ἀδελφοῦ
3521 5402 3635 5445 σου·

2046 5512 2331 5573 στηλιτεύει
2356 5531 2451 5565 σου
2486 5508 2544 5563 τὸ
2590 5513 2779 5576 μῖσος,
2825 5502 3064 5567 ἐπισχεῖν
3103 5514 3161 5549 σε
3202 5490 3503 5565 βουλόμενος
3548 5492 3641 5546 τῆς

2047 5607 2349 5685 παρανόμου
2379 5604 2566 5659 κοίτης·
2607 5595 2858 5659 ἐξελέσθαι
2889 5592 3041 5664 ὀργῆς
3081 5596 3173 5648 τῆς
3217 5585 3531 5657 ἐπικειμένης
3566 5582 3643 5648 τῷ

2048 5675 2302 5774 asinae)-
2342 5697 2534 5759 ήσθης,
2580 5686 2851 5758 οὐδαμῶς.
2899 5682 3326 5761 Ἐσωφρόνησας;
3384 5675 3640 5745 οὐδαμῶς.

343 5829 463 5876 Sum
495 5824 549 5870 te
571 5815 767 5872 clarius
807 5816 1005 5872 clamat
1036 5832 1047 5869 :
1083 5774 1149 5868 N1
1141 5830 1208 5869 on
1237 5813 1358 5868 licet
1387 5808 1480 5866 tibi
1506 5808 1693 5864 habere
1727 5822 1917 5862 uxorem

2051 5799 2157 5859 οὐκ
2179 5797 2374 5869 ύφῆκας
2402 5798 2492 5852 τῆς
2522 5785 2718 5847 ἡδονῆς.
2756 5780 2911 5841 Ὀλην
2958 5803 3055 5837 σου
3099 5786 3189 5839 τήν
3215 5779 3397 5851 ψυχήν
3433 5774 3641 5833 τέθυκας

344 5902 582 5967 Pliitinoi
612 5906 787 5962 fratris
810 5906 881 5961 tui
910 5903 989 5973 (il
996 5921 1077 5962 ar.
1105 5918 1179 5973 vr,
1212 5902 1327 5974 18).
1351 5898 1608 5960 Traducit
1634 5906 1790 5957 tuum
1825 5911 1948 5955 sce-

2053 5899 2117 5967 τῇ
2151 5885 2377 5964 μαινάδι.
2408 5880 2703 5962 ’Δνπίδωρον
2749 5877 2985 5950 παιγνίου
3015 5877 3297 5954 προήγαγες
3325 5869 3410 5925 ἐπί
3437 5868 3642 5925 πίνακος
