4060 6364
223 321 352 378 457

973 315 1320 375 VARIORUM
1357 315 1958 379 EXERCITATIONES
1998 320 2064 377 ΙΝ
2101 322 2158 378 5.
2199 322 2567 384 AUGUSTINI
2606 327 2853 388 OPERA.

3390 338 3495 395 458

222 438 512 493 easionem
539 434 744 506 aliquot
783 433 1018 491 millibus
1044 476 1058 502 ,
1105 435 1418 490 irritabilem
1465 439 1717 505 populum
1747 437 1813 492 ad
1843 443 1896 504 Α
1919 439 2223 508 diligentem
2251 481 2267 507 ,
2316 457 2376 496 ac
2405 445 2540 499 bene
2569 445 2782 501 doctum
2812 488 2827 512 ,
2877 458 3129 518 quantum
3174 466 3241 507 ex
3285 456 3498 526 scriptis

222 531 415 586 fmdus
443 529 793 598 rumpendum
818 524 1288 598 impellat.'Saulus
1310 527 1576 582 dominico
1590 528 1696 594 die,
1712 544 1818 598 quo

222 638 301 677 ex
335 631 515 676 vetere
562 629 758 675 nostra:
802 621 1073 689 religionis
1099 620 1338 673 i-nstituto
1366 619 1656 685 feriamur,
1697 636 1818 677 cum

223 715 338 768 toti
363 714 521 768 rebus
550 713 718 766 sacris
740 713 923 768 intenti
955 709 1110 766 Gothi
1137 722 1335 780 essent,
1360 712 1614 780 impetum
1645 713 1696 766 in
1726 728 1822 769 eos

223 807 404 871 facit,
441 805 718 875 primoque
761 805 987 859 tumultu
1013 804 1214 873 aliquot
1244 821 1306 858 ex
1338 804 1416 858 eis
1443 806 1650 859 sternit.
1690 805 1823 860 Ter-

224 898 327 952 riti
362 896 520 952 Gothi
548 896 742 961 subito,
767 907 1026 964 quantum
1049 897 1100 950 in
1125 895 1478 965 trepidatione
1507 913 1682 952 rerum
1706 898 1821 954 fieri

231 997 500 1058 poterat,
534 1004 656 1043 num
683 988 750 1043 ad
779 1003 928 1043 arma
957 989 1381 1044 concurrendum
1425 999 1569 1044 esset
1612 993 1822 1047 consul-

227 1093 378 1138 tant.
399 1081 632 1137 Venerat
657 1082 798 1136 enim
823 1083 874 1136 in
906 1082 1214 1151 religionem
1242 1083 1376 1137 festo
1404 1083 1706 1140 Servatoris
1735 1085 1824 1140 die

229 1189 388 1228 arma
425 1183 650 1228 tractare
675 1215 688 1238 ,
719 1178 1005 1228 humanum
1032 1174 1345 1243 sanguinem
1370 1175 1591 1229 fundere
1611 1216 1624 1238 ,
1649 1177 1823 1231 caedes

231 1263 518 1317 hominum
569 1263 762 1318 facere.
816 1263 921 1318 Sed
953 1279 1073 1318 cum
1103 1264 1274 1319 Judaei
1303 1267 1519 1319 modum
1547 1266 1824 1322 occidendi

233 1355 655 1425 trucidandique
683 1371 789 1411 non
833 1365 1128 1426 ponerent,
1163 1357 1262 1412 sibi
1289 1357 1514 1427 quisque
1540 1359 1823 1413 consilium

233 1447 411 1514 cepit,
454 1462 559 1500 non
588 1455 899 1515 eISpectato
934 1449 1224 1512 communi,
1252 1457 1310 1502 ut
1338 1464 1485 1502 arma
1517 1450 1597 1503 sui
1643 1449 1824 1504 tuendi

232 1541 413 1609 gratia
442 1539 704 1594 indueret.
755 1539 991 1609 Cumque
1009 1541 1116 1608 jam
1147 1540 1453 1609 frequentes
1483 1541 1673 1595 armati
1699 1556 1826 1596 con-

234 1630 557 1696 venissent,
605 1631 846 1685 Alaricus
894 1647 988 1701 pro
1017 1640 1254 1700 tempore
1295 1634 1545 1698 instructa
1582 1631 1697 1687 acie
1729 1633 1825 1686 im-

237 1723 386 1779 belle
413 1740 581 1792 genus
613 1724 886 1778 hominum
928 1725 1083 1779 facile
1109 1726 1271 1780 sistit.
1322 1726 1459 1780 illnc
1494 1726 1706 1780 connixi
1731 1725 1829 1780 ali-

1917 531 2157 599 judicare
2205 546 2441 600 possum.
2486 535 2681 591 Scribit
2731 552 2860 606 ergo
2894 556 2905 590 :
2937 539 3228 598 Obsederat
3277 545 3498 602 Romam

1923 622 2166 676 Alaricus
2192 623 2301 690 jam
2330 624 2598 698 biennium
2621 667 2636 692 ,
2662 644 2759 682 nec
2794 629 3078 698 Honorius,
3110 636 3196 704 qui
3231 635 3499 695 Ravennae

1924 716 2218 782 desidebat,
2261 727 2352 771 aut
2390 717 2530 772 ferre
2569 724 2840 790 suppetias
2872 735 3078 793 poterat
3114 738 3205 781 aut
3247 732 3497 787 audebat.

1923 808 2055 862 Nam
2078 824 2196 863 cum
2222 809 2350 863 nihil
2373 810 2546 864 minus
2565 827 2720 880 quam
2759 815 2823 869 de
2847 816 3000 874 Urbis
3035 819 3208 876 salute
3243 824 3502 880 sollicitus

1925 912 2099 967 esset,
2135 902 2391 958 Stilicone
2419 905 2730 972 interfecto,
2763 909 2951 966 ducem
2986 916 3248 970 exercitui
3282 919 3502 976 minime

1926 994 2241 1064 praefecerat
2279 995 2371 1063 qui
2400 1011 2512 1050 rem
2555 998 2814 1054 adversus
2845 1000 3047 1057 Gothos
3079 1007 3500 1066 administraret.

1929 1084 2079 1139 Unde
2121 1085 2306 1139 Gothis
2363 1087 2669 1143 obsidenda:
2727 1091 2882 1146 Urbis
2932 1097 3218 1165 cogitatio,
3263 1101 3505 1158 Romano

1927 1178 2094 1232 milite
2133 1188 2224 1232 aut
2259 1180 2484 1249 dilapso,
2521 1191 2610 1236 aut
2645 1187 2877 1255 segniter
2910 1203 3024 1242 rem
3059 1202 3268 1260 agente.
3309 1196 3504 1251 Verum

1929 1284 2044 1324 eam
2069 1271 2259 1324 frustra
2293 1272 2565 1329 obsessam
2591 1289 2707 1328 cum
2733 1293 3036 1348 expugnare
3062 1283 3111 1335 vi
3135 1299 3238 1336 non
3263 1300 3503 1354 possent,

1930 1362 1995 1415 ad
2030 1363 2209 1417 dolum
2247 1364 2414 1420 hostis
2449 1367 2705 1424 barbarus
2738 1372 2982 1427 vertitur.
3031 1375 3414 1434 Profectionem
3453 1383 3506 1436 in

1931 1456 2157 1523 patriam
2202 1456 2453 1521 simulat,
2503 1471 2874 1530 trecentosque
2913 1465 3134 1532 juvenes
3175 1473 3416 1538 corporis
3457 1484 3508 1527 et

1931 1545 2094 1599 animi
2117 1545 2169 1600 vi
2195 1557 2507 1614 praestantes
2526 1551 2726 1622 deligit,
2754 1569 2886 1623 quos
2907 1555 3156 1615 Romanis
3184 1562 3508 1632 principibus

1932 1638 2075 1693 dono
2109 1640 2219 1707 det,
2246 1641 2532 1698 instructos
2569 1648 2714 1713 prius
2739 1659 2792 1702 ut
2823 1651 2963 1704 omni
2987 1652 3240 1723 obsequio
3263 1657 3508 1712 dominos

1932 1745 2058 1785 suos
2102 1736 2392 1801 promereri
2433 1737 2697 1802 studeant,
2744 1750 2796 1794 et
2835 1743 2900 1796 ad
2945 1753 3144 1799 certam
3187 1747 3327 1803 diem
3369 1753 3509 1807 circa

237 1826 502 1885 quantum
535 1816 691 1870 Gothi
722 1816 935 1871 Judaeos
966 1817 1192 1871 fundunt
1215 1818 1519 1886 fugantque.
1562 1817 1628 1870 Et
1652 1816 1826 1886 Qucsli
1854 1826 1905 1891 Β
1931 1824 2206 1879 meridiem
2236 1868 2251 1891 ,
2299 1843 2416 1882 eum
2459 1829 2684 1885 Romani
2738 1835 3000 1905 principes
3041 1855 3228 1895 somno
3269 1846 3348 1898 vel
3400 1848 3509 1900 otio

236 1921 460 1964 coactos
485 1925 542 1964 se
582 1926 612 1962 a
657 1909 1004 1964 violatoribus
1047 1910 1260 1963 humani
1284 1910 1422 1977 juris
1461 1908 1695 1963 divinum
1737 1910 1826 1976 jus

238 2003 486 2071 polluere
505 2016 566 2055 ac
586 2001 970 2066 contaminare,
996 2001 1262 2056 Christum
1287 2002 1458 2068 ipsum
1487 2002 1825 2064 invocantes,

237 2109 342 2163 per
370 2093 523 2162 cujus
545 2093 778 2161 juratum
813 2108 1010 2147 numen
1039 2092 1210 2147 foedus
1247 2101 1391 2147 esset
1422 2093 1670 2161 utrinque
1703 2108 1829 2145 san-

237 2187 456 2251 citum,
514 2188 768 2256 cujusque
827 2186 983 2241 ferias
1039 2197 1225 2240 contra
1288 2201 1438 2240 suam
1495 2188 1826 2240 voluntatem

240 2293 442 2332 cruore
462 2318 475 2341 ,
507 2278 776 2342 cazdibus,
812 2289 990 2347 strage
1018 2278 1309 2334 ftedassent
1331 2320 1343 2341 ,
1373 2280 1449 2332 ira
1477 2279 1701 2345 incensi,
1735 2293 1831 2346 per

240 2369 479 2424 mediam
511 2370 715 2423 italiam
746 2370 812 2424 ad
846 2371 1041 2425 Urbem
1074 2372 1217 2425 ferre
1245 2370 1394 2440 signa
1440 2382 1685 2440 pergunt.
1741 2371 1828 2423 Di-

240 2461 469 2514 miserat
496 2459 681 2515 Stilico
707 2461 989 2516 nonnullos
1028 2460 1221 2516 milites
1265 2473 1515 2532 tanquam
1547 2464 1660 2516 sine
1690 2462 1830 2517 bello

241 2552 501 2614 inutiles,
532 2567 667 2621 quos
692 2553 756 2606 ad
787 2562 1102 2622 praesentem
1136 2565 1390 2609 terrorem
1422 2564 1635 2609 coactus
1657 2563 1736 2608 est
1763 2555 1830 2610 ab

240 2644 574 2713 imperatore
599 2655 840 2714 repetere
865 2686 879 2710 ,
923 2645 1080 2699 simul
1111 2661 1231 2700 cum
1263 2647 1631 2715 supplemento
1655 2645 1831 2713 copia-

239 2752 392 2801 rum,
419 2745 478 2791 ut
506 2737 748 2791 maximis
770 2739 970 2792 viribus
999 2737 1290 2794 Gothorum
1318 2739 1596 2794 conatibus
1620 2739 1828 2794 obviam

240 2828 439 2882 iretur.
488 2828 768 2891 Honorius,
803 2830 1074 2896 patefactis
1105 2830 1374 2886 Stiliconis
1411 2832 1682 2896 consiliis,
1717 2846 1831 2884 ma-

241 2936 410 2989 gnam
449 2922 669 2975 militum
699 2937 914 2976 manum
957 2923 1024 2976 ad
1068 2939 1188 2977 eum
1220 2925 1421 2989 mittit,
1455 2926 1580 2981 dato
1607 2926 1830 2980 ducibus

241 3013 460 3066 occulte
497 3014 710 3082 negotio
734 3055 749 3080 ,
795 3023 850 3068 ut
888 3024 1188 3083 opportuno
1229 3018 1304 3070 rei
1345 3018 1563 3085 agendae
1591 3024 1830 3086 tempore

242 3114 484 3174 captato,
511 3105 818 3161 Stiliconem
842 3121 961 3161 cum
990 3109 1100 3162 filio
1122 3109 1456 3165 obtruncent.
1491 3111 1569 3166 llli
1593 3127 1832 3166 commu-

1931 1927 2201 1984 vacarent,
2227 1919 2292 1972 ad
2321 1921 2618 1977 Asinariam
2643 1936 2848 1992 portam
2871 1929 3156 1996 advolent;
3191 1934 3508 1992 interfectis-

1931 2025 2033 2078 que
2060 2011 2350 2081 improviso
2369 2015 2567 2070 insultu
2591 2019 2920 2086 custodibus,
2947 2033 3153 2090 portam
3185 2028 3282 2081 sibi
3317 2042 3510 2096 prarsto

1930 2099 2123 2155 futuris
2143 2104 2405 2170 aperiant.
2431 2106 2634 2162 Interea
2657 2110 2813 2165 Gothi
2836 2128 2953 2166 cum
2979 2117 3205 2172 reditum
3230 2121 3331 2175 alia
3353 2133 3510 2188 atque

1931 2193 2033 2245 alia
2060 2193 2251 2249 deesse
2278 2196 2376 2251 sibi
2404 2198 2714 2255 simulantes
2744 2199 3051 2271 differrent,
3083 2215 3301 2265 trecenti
3332 2214 3405 2268 illi
3425 2215 3510 2282 ju-

1931 2299 2096 2340 venes
2127 2289 2409 2344 occasione
2438 2292 2648 2361 egregie
2679 2295 2758 2348 nsi
2785 2339 2797 2361 ,
2839 2307 3044 2365 portam
3087 2311 3253 2357 strato
3284 2304 3369 2358 die
3401 2307 3510 2361 suis

1933 2378 2216 2446 aperiunt,
2250 2389 2303 2434 et
2345 2381 2680 2440 intromissus
2725 2388 2929 2442 Gothus
2980 2394 3178 2461 majore
3223 2397 3510 2464 ignominia

1932 2483 2090 2536 quam
2132 2469 2326 2525 damno
2373 2475 2557 2528 urbem
2618 2493 2829 2534 omnem
2878 2484 3179 2551 populatur.
3235 2489 3372 2544 Sunt
3421 2495 3509 2560 qui

1935 2560 2120 2613 Proba:
2165 2561 2381 2617 illustris
2413 2565 2619 2621 femina:
2647 2580 2700 2622 et
2728 2572 3142 2640 epulentissimze
3172 2595 3330 2649 opera
3363 2596 3509 2653 pate-

1931 2652 2124 2706 factam
2149 2652 2335 2709 Gothis
2359 2666 2561 2723 portam
2593 2662 2912 2730 existiment,
2936 2682 3056 2722 cum
3089 2671 3295 2738 plebem
3319 2652 3510 2730 Roma-

1936 2760 2060 2797 nam
2091 2747 2290 2812 passim
2319 2748 2456 2802 fame
2483 2760 2536 2803 et
2566 2753 2766 2806 morbis
2813 2759 3074 2824 pecudum
3124 2778 3273 2816 more
3318 2768 3509 2822 caden-

1934 2843 2041 2889 tem
2063 2838 2428 2893 miseraretur.
2445 2840 2557 2895 Duo
2582 2848 2924 2915 suntcognitu
2950 2866 3050 2904 non
3067 2851 3307 2923 indigna:
3326 2874 3508 2924 unum,

1935 2925 2166 2980 edictum
2215 2932 2280 2980 ab
2326 2931 2536 2985 Alarico
2569 2934 2727 2988 fuisse
2753 2979 2766 3001 ,
2803 2948 2856 2991 ut
2886 2941 3184 3010 quicunque
3231 2947 3283 3000 in
3316 2940 3509 3019 templa

1933 3019 2177 3075 divorum
2214 3023 2601 3093 confugerent,
2647 3030 2914 3098 praecipue
2946 3032 3087 3088 Petri
3116 3047 3169 3090 et
3204 3037 3395 3105 Pauli,
3430 3042 3510 3096 his

1937 3112 2078 3165 nulla
2109 3114 2187 3168 vis
2217 3114 2502 3170 inferretur
2533 3133 2546 3171 :
2577 3121 2715 3187 quod
2755 3130 2808 3176 et
2851 3139 3056 3179 summa
3085 3126 3189 3182 ﬁde
3217 3141 3504 3187 servatum.

241 3197 430 3249 nicato
459 3198 598 3249 inter
623 3211 679 3251 se
709 3197 930 3252 consilio
953 3242 966 3266 ,
1010 3201 1201 3270 dieque
1232 3203 1495 3256 destinato
1532 3219 1638 3272 quo
1669 3206 1834 3272 impe-
1859 3201 1903 3264 C
1937 3201 2179 3256 Alterum
2206 3244 2220 3264 .
2249 3205 2389 3274 quod
2431 3222 2549 3261 eum
2601 3220 2897 3267 nuntiatum
2942 3216 3174 3272 Honorio
3220 3233 3364 3277 esset
3411 3225 3508 3279 Ra-

243 3296 370 3340 rata
402 3288 657 3358 principis
684 3299 898 3346 strenue
929 3304 1264 3362 peragerent,
1296 3295 1490 3351 diversi
1517 3297 1827 3352 Stiliconem

241 3396 310 3434 ac
338 3380 506 3434 ﬁlium
527 3381 719 3446 adorti,
738 3393 788 3437 et
805 3400 897 3439 eos
921 3385 1082 3454 ipsos,
1107 3397 1160 3441 et
1180 3402 1245 3441 ex
1269 3390 1587 3444 necessariis
1629 3391 1827 3460 aliquot

241 3476 338 3544 qui
372 3479 479 3529 vim
512 3478 804 3546 parabant,
845 3481 1028 3536 Romae
1058 3483 1110 3536 in
1154 3483 1271 3538 foro
1299 3485 1450 3540 Pacis
1480 3488 1822 3544 interficiunt.

241 3568 566 3637 Imprudens
598 3581 771 3627 tamen
801 3584 854 3629 et
882 3576 1100 3645 ignavus
1132 3579 1395 3648 princeps,
1431 3581 1566 3636 duce
1595 3584 1822 3650 sublato,

241 3662 296 3715 in
334 3662 450 3730 ejus
499 3664 674 3719 locum
706 3667 974 3722 neminem
1017 3671 1324 3740 subrogavit
1357 3691 1369 3725 :
1403 3674 1565 3728 credo
1595 3692 1662 3730 ue
1688 3677 1826 3730 ullus

243 3768 431 3821 parem
465 3766 648 3810 nactus
680 3761 966 3826 potentiam
986 3802 1000 3824 ,
1028 3763 1218 3815 similia
1239 3765 1529 3820 moliretur.
1563 3767 1635 3820 lta
1665 3784 1826 3823 exer-

242 3846 386 3900 citus
411 3847 528 3901 sine
565 3851 830 3918 praecipuo
860 3853 1036 3922 aliquo
1073 3854 1206 3909 duce
1249 3858 1445 3912 misere
1472 3873 1500 3912 a
1531 3859 1714 3914 Gothis
1741 3861 1825 3914 fu-

240 3952 360 4003 sus,
393 3954 488 4007 per
515 3942 711 3994 multas
741 3943 917 3998 clades
949 3954 1205 4000 terrorem
1239 3947 1448 4003 Gothici
1483 3952 1712 4005 nominis
1742 3952 1821 4006 in—

239 4037 458 4098 gentem
510 4031 735 4086 imbibit.
793 4033 949 4088 Gmhi
997 4039 1298 4102 superiores
1337 4041 1499 4106 facti,
1546 4043 1609 4096 ad
1643 4044 1823 4098 urbem

241 4121 472 4174 Romam
500 4121 645 4191 signa
676 4124 866 4177 infesta
893 4125 1093 4180 ducunt
1120 4168 1133 4192 ,
1167 4143 1390 4197 eamque
1419 4131 1696 4186 obsidione
1733 4133 1822 4187 diu

241 4226 482 4281 pressam
534 4211 786 4282 capiunt,
844 4215 1103 4285 diripiunt
1152 4220 1339 4287 majori
1389 4225 1618 4276 tumultu
1665 4233 1824 4294 atque

244 4307 566 4374 expilatione
588 4323 787 4374 rerum,
813 4325 969 4379 quam
997 4312 1229 4367 caedibus
1251 4322 1340 4368 aut
1359 4316 1577 4384 stupris,
1604 4318 1823 4388 aliisque

247 4400 402 4453 tetris
431 4415 493 4454 ac
518 4401 678 4456 fcedis
729 4402 1050 4459 facinoribus
1098 4423 1214 4475 qua:
1262 4408 1481 4463 urbibus
1510 4411 1822 4479 expugnatis

246 4492 506 4545 committi
547 4509 640 4562 per
680 4493 1016 4550 insolentiam
1061 4498 1286 4553 militum
1331 4500 1524 4555 solent.
1577 4502 1820 4558 Alaricus

1935 3307 2121 3346 vennte
2145 3335 2160 3360 ,
2192 3294 2414 3351 Romam
2448 3300 2751 3368 perditam,
2800 3306 3026 3362 credidit
3069 3310 3158 3365 ille
3187 3312 3254 3367 de
3289 3319 3508 3385 pugnaci

1935 3385 2086 3441 Gallo
2103 3391 2187 3443 cui
2207 3406 2400 3447 nomen
2425 3407 2542 3448 erat
2571 3398 2775 3466 Romae,
2800 3403 3151 3471 significatum
3180 3425 3317 3474 esse,
3342 3414 3507 3469 admi-

1927 3488 2211 3550 ratumque
2249 3485 2596 3541 vehementer
2627 3500 2731 3544 tam
2759 3493 2935 3548 subito
2964 3499 3188 3563 periisse
3230 3517 3349 3555 eum
3387 3507 3506 3572 qui-

1929 3584 2048 3624 cum
2083 3573 2240 3640 paulo
2279 3586 2402 3630 ante
2443 3576 2783 3637 festivissime
2831 3585 3047 3642 luserat.
3080 3589 3202 3645 Haec
3228 3593 3501 3663 Egnatius.

1930 3663 2036 3716 Has
2051 3678 2237 3718 omnes
2258 3665 2434 3721 clades
2459 3670 2958 3730 maledicentissima
2983 3688 3034 3732 et
3052 3679 3210 3748 impia
3232 3698 3363 3752 gens
3385 3688 3508 3741 reli-

1927 3755 2072 3821 gioni
2099 3755 2415 3812 Christiana!
2445 3760 2762 3830 imputabat,
2789 3782 2984 3837 negans
3016 3770 3249 3827 futurum
3273 3787 3327 3828 ut
3353 3787 3505 3847 capta

1931 3863 2159 3918 unquam
2190 3859 2332 3905 esset
2366 3851 2530 3907 Roma
2550 3896 2566 3921 ,
2599 3859 2642 3910 si
2674 3860 2894 3914 deorum
2925 3864 3210 3932 religiones
3234 3883 3260 3921 a
3292 3873 3506 3939 majori-

1925 3941 2027 3994 bus
2076 3942 2244 3998 cultas
2293 3945 2623 4016 traditasque
2677 3953 2906 4018 posteris
2967 3957 3256 4012 tenuissent
3298 3977 3312 4013 :
3354 3967 3505 4031 quasi

1927 4049 2056 4087 vero
2084 4051 2189 4090 non
2220 4037 2463 4093 eamdem
2498 4042 2566 4095 ob
2596 4056 2807 4097 causam
2833 4085 2848 4110 ,
2882 4047 3003 4113 quia
3033 4050 3283 4105 violatum
3312 4064 3392 4107 est
3417 4057 3505 4125 jus

1929 4124 2217 4180 humanum
2242 4168 2258 4193 ,
2289 4127 2420 4183 Galli
2455 4132 2579 4184 olim
2606 4132 2904 4202 vigentibus
2929 4180 2942 4201 ,
2975 4145 3032 4190 ut
3059 4141 3208 4194 aiunt
3232 4181 3246 4207 ,
3276 4124 3504 4203 maxime

1924 4216 2104 4284 impiis
2146 4219 2250 4271 illis
2287 4219 2546 4286 insaniis,
2594 4221 2790 4278 Urbem
2837 4229 3076 4293 ceperint
3121 4242 3174 4284 et
3202 4234 3500 4302 diruerint;

1925 4321 2021 4360 ceu
2071 4322 2175 4361 non
2226 4311 2380 4363 multi
2429 4313 2776 4380 imperatores
2817 4314 3102 4373 Christiani
3149 4324 3349 4390 optime
3387 4342 3499 4382 rem

1924 4402 2222 4470 gesserint,
2256 4413 2309 4457 et
2341 4412 2590 4472 tanquam
2621 4421 2726 4460 non
2753 4406 2866 4462 htec
2905 4410 3176 4466 inclinatio
3203 4415 3412 4484 imperii
3447 4428 3503 4473 et

1927 4492 2244 4547 manifestus
2279 4495 2344 4548 ad
2377 4497 2582 4549 ruinam
2611 4512 2766 4553 casus
2796 4501 3019 4569 coeperit
3045 4504 3144 4558 sub
3172 4505 3502 4574 imperatori-

246 4583 386 4636 enim
413 4584 596 4638 urbem
627 4586 961 4654 ingressurus
988 4631 1002 4656 ,
1052 4590 1158 4644 duo
1185 4593 1237 4646 in
1275 4593 1462 4647 castris
1487 4593 1657 4649 edicta
1697 4610 1819 4665 pro-

1928 4584 2022 4637 bus
2051 4586 2366 4654 gentilibus,
2401 4596 2454 4642 et
2480 4603 2584 4643 non
2617 4605 2713 4660 per
2741 4595 2981 4649 eamdem
3022 4600 3319 4653 socordiam
3355 4603 3501 4673 igna-

245 4685 495 4742 posuerat
527 4694 538 4728 :
570 4677 792 4732 alterum
817 4720 832 4744 ,
879 4695 908 4734 a
937 4681 1082 4736 caede
1111 4692 1164 4737 et
1208 4684 1496 4738 violatione
1546 4685 1816 4740 hominum

246 4766 592 4832 abstinerent,
622 4770 720 4824 sibi
743 4773 1002 4839 ejusmodi
1033 4789 1121 4830 res
1148 4775 1536 4846 displicituras;
1568 4778 1815 4842 alterum,

250 4865 306 4906 ut
335 4857 558 4923 capitale
589 4871 758 4927 esset,
793 4867 836 4915 si
876 4866 993 4932 quis
1028 4882 1150 4921 eum
1189 4869 1278 4937 qui
1309 4869 1374 4923 ad
1403 4871 1597 4940 templa
1623 4871 1818 4941 princi-

245 4961 374 5013 pum
403 4948 759 5014 apostolorum
783 4952 1107 5023 confugisset
1152 4959 1391 5026 laederet,
1421 4970 1510 5014 aut
1543 4963 1654 5029 ipsa
1685 4971 1820 5017 tem-

249 5039 333 5107 pla
385 5037 626 5094 violaret.
674 5040 836 5110 Capta
883 5056 965 5098 est
1001 5062 1030 5101 a
1075 5050 1264 5106 Gothis
1306 5053 1473 5108 Roma
1515 5070 1656 5109 anno
1703 5065 1822 5125 post

247 5132 489 5186 eamdem
518 5133 785 5187 conditam
819 5136 986 5202 1164,
1017 5141 1119 5194 cal.
1153 5145 1320 5213 April.
1340 5185 1356 5210 ,
1395 5147 1576 5201 Flavio
1605 5157 1659 5202 et
1685 5147 1820 5202 Var-

248 5239 378 5279 rone
404 5237 543 5278 coss.
590 5224 707 5289 Quo
734 5235 889 5295 pacto
918 5230 988 5282 sit
1012 5240 1164 5298 capta
1201 5248 1385 5300 parum
1436 5239 1704 5307 explicant
1732 5254 1819 5294 re-

247 5333 364 5371 rum
389 5317 698 5386 scriptores.
729 5318 964 5388 Baptista
995 5321 1249 5390 Egnatius
1277 5339 1335 5378 se
1357 5329 1568 5383 modum
1594 5330 1709 5399 ejus
1737 5332 1816 5386 rei

247 5409 372 5464 dicit
402 5424 464 5463 ex
498 5410 759 5480 Procopio
788 5409 974 5467 Graeco
1000 5410 1213 5480 afferre,
1236 5417 1520 5486 mirarique
1549 5422 1814 5489 interpre«

247 5511 351 5556 tem
384 5502 466 5556 vel
492 5517 612 5558 eum
645 5504 817 5558 locum
861 5505 1114 5560 scientem
1163 5506 1581 5578 prudentemque
1624 5512 1815 5565 transi-

245 5595 422 5661 liisse;
471 5596 554 5650 vel
595 5597 638 5650 si
690 5599 741 5652 in
789 5599 1032 5652 mutilum
1081 5599 1268 5655 incidit
1303 5599 1577 5669 codicem,
1625 5616 1812 5672 parum

241 5688 682 5744 animadvertisse
729 5690 854 5758 quid
914 5691 1142 5748 deesset.
1202 5693 1518 5763 Procopium
1570 5693 1811 5754 Grazcum

247 5780 479 5836 nondum
508 5780 614 5833 vidi
643 5796 656 5844 ;
711 5781 840 5838 fides
869 5785 971 5837 erit
1006 5801 1167 5852 penes
1207 5787 1507 5858 Egnatium,
1541 5789 1807 5848 hominem

521 5873 788 5934 Panos.
837 5874 1089 5947 XLVII.-

1924 4676 2167 4745 viamque
2196 4677 2462 4733 Honorius
2491 4682 2732 4737 amiserit
2757 4683 3000 4752 Romam,
3026 4703 3120 4756 per
3141 4705 3296 4758 qnam
3326 4693 3500 4750 Galie-

1923 4782 2024 4822 nus
2051 4767 2362 4840 Egyptum,
2394 4772 2606 4840 Asiam,
2639 4774 2884 4842 Galliam,
2916 4778 2980 4831 ad
3012 4795 3232 4848 quarum
3266 4785 3499 4851 perdita-

1923 4875 2041 4914 rum
2091 4874 2333 4920 rumores
2388 4863 2541 4918 dictis
2592 4866 2778 4921 luserit
2825 4869 3028 4924 facetis.
3085 4873 3355 4930 Adversus
3401 4878 3499 4933 hos

1924 4951 2084 5021 igitur
2113 4951 2357 5007 homines
2403 4964 2601 5009 sancta:
2631 4957 2930 5027 religionis,
2962 4962 3166 5016 etiamsi
3200 4966 3337 5018 nulla
3367 4982 3498 5019 con-

1926 5043 2131 5111 tigisset
2163 5044 2470 5111 calamitas,
2509 5047 2752 5103 inimicos
2779 5059 2832 5104 et
2863 5052 3128 5118 infensos,
3169 5056 3497 5113 libros'con-

1921 5133 2136 5202 scripsit
2165 5133 2490 5202 Augustinus
2531 5137 2666 5193 duos
2703 5148 2758 5193 et
2797 5141 3018 5211 viginti,
3066 5144 3344 5200 Civitatem
3377 5148 3493 5214 Dei,

1922 5227 2034 5283 hoe
2075 5237 2154 5282 est
2197 5227 2548 5286 Christianam
2601 5233 2908 5305 religionem
2958 5237 3212 5294 adversus
3257 5239 3495 5298 rabiosas

1920 5333 2076 5393 atque
2113 5323 2303 5393 impias
2341 5341 2524 5382 eorum
2553 5330 2797 5398 querelas
2822 5329 3114 5386 defendens

2374 5418 3015 5476 ANIMADVERSIONES

2293 5526 2343 5564 ΙΝ
2384 5527 2560 5565 LIBROS
2606 5528 2669 5565 DE
2714 5527 2958 5567 CIVITATE
3001 5530 3106 5569 DEI.

1989 5600 2149 5658 ιιι)κο
2175 5618 2212 5657 ι.
2245 5602 2374 5674 Cap.
2414 5605 2464 5658 1.
2505 5605 2582 5657 Αη
2627 5622 2727 5660 ηοη
2763 5607 2913 5659 etiam
2947 5607 3028 5661 illi
3054 5608 3274 5665 Romani
3304 5611 3490 5670 Christi

1917 5697 2109 5750 nomini
2151 5698 2321 5768 infesti
2362 5707 2476 5750 sunt
2501 5739 2516 5764 ,
2555 5701 2737 5767 quibus
2764 5711 2968 5771 prapter
3000 5703 3250 5759 Christum
3290 5707 3488 5761 barbari

1916 5803 2261 5861 pepercerunt.
2311 5792 2575 5848 Testantur
2612 5793 2705 5850 hoc
2735 5805 3014 5867 martyrum
3049 5800 3159 5852 loca
3194 5809 3242 5854 et
3267 5800 3488 5868 basilica;

3114 5889 3187 5949 15
