4060 6364
623 324 729 382 £59

1508 312 2064 374 SUPPLEMENTUM
2102 313 2197 371 AD
2235 311 2465 370 OPERA
2504 312 2562 370 S.
2604 312 2979 372 AUGUSTINI

3788 319 3903 377 460

622 435 1001 508 Apostolorum,
1030 448 1144 505 quae
1164 432 1218 487 in
1242 433 1335 487 illa
1360 430 1636 485 vastatione
1669 430 1819 485 Urbis
1847 429 1914 481 ad
1941 444 1995 483 se
2021 428 2202 497 confu-
2227 429 2282 490 Α
2309 437 2546 484 matores
2590 429 2787 485 ethnici
2842 428 3034 484 similia
3084 428 3139 483 in
3181 427 3515 485 Christianas
3558 429 3797 502 virgines
3843 446 3903 490 et

623 531 806 601 gientes
830 542 947 580 suos
977 526 1267 596 alienasque
1293 518 1632 591 receperunt.]
1678 520 1787 576 Sed
1814 535 1923 574 non
1950 528 2067 575 erat
2095 517 2207 571 dis-

623 618 979 676 simulandum
998 617 1163 672 hosce
1183 616 1439 670 barbaros
1461 612 1626 667 fuisse
1645 611 1998 679 Christianos,
2020 625 2209 681 quam-

623 714 704 768 vis
732 712 848 767 Arii
873 716 1077 765 sectam
1102 713 1476 779 sequerentur.
1520 704 1655 759 Vide
1697 704 1921 758 Paulum
1962 702 2209 757 Orosium

622 808 717 863 lib.
744 822 839 873 vn,
874 819 992 875 cap.
1019 802 1075 870 6,
1106 803 1161 857 in
1194 801 1321 856 fine.
1363 798 1470 855 Sed
1501 796 1753 853 laudandi
1784 796 2010 852 fuissent
2039 796 2211 850 haere-

621 899 796 967 retici,
838 908 894 954 et
927 896 1006 951 rei
1048 893 1433 949 admirabilitas
1468 889 1789 956 minuenda;
1836 888 1977 959 quod
2007 888 2212 958 simpli-

621 994 736 1047 cior
762 989 983 1061 quidem
1011 987 1241 1056 scriptor
1273 985 1451 1040 facere
1482 983 1777 1053 potuisset,
1802 980 1897 1037 sed
1928 995 2036 1035 non
2063 979 2212 1035 calli-

621 1085 721 1141 dus
747 1084 953 1139 rhetor.

691 1180 822 1248 Cap.
851 1176 903 1232 '5.
949 1173 1083 1229 Ecce
1103 1173 1337 1245 qualibus
1358 1170 1455 1225 diis
1474 1169 1648 1223 urbem
1674 1168 1895 1223 Romani
1914 1166 2212 1222 servandam

622 1270 1004 1328 commendasse
1032 1266 1338 1365 gaudebant.
1384 1263 1427 1317 0
1458 1265 1671 1316 nimium
1701 1260 2044 1315 miserabilem
2072 1276 2213 1314 erra-

624 1364 764 1418 rem!
800 1358 940 1432 etc.]
988 1352 1179 1413 lr'ridet
1210 1369 1403 1425 nempe
1441 1355 1572 1410 deos
1608 1354 1695 1423 qui
1737 1367 1838 1407 nec
1866 1352 2062 1419 templa
2092 1365 2206 1417 sua,

627 1472 724 1511 nec
749 1463 949 1509 statuas
976 1465 1194 1505 servare
1224 1457 1527 1519 potuerant.
1576 1446 1717 1500 Idem
1756 1446 1878 1500 facit
1908 1445 2213 1499 Lactantius

626 1547 798 1602 Instit.
832 1543 1007 1599 Divin.
1038 1542 1130 1594 lib.
1164 1557 1225 1607 ll,
1254 1554 1373 1608 cap.
1402 1540 1435 1594 4
1462 1548 1515 1594 et
1542 1538 1688 1591 alibi.
1718 1537 1860 1591 Idem
1889 1550 2101 1605 quoque
2121 1533 2214 1588 alii

624 1648 835 1692 veteres
858 1631 1182 1697 Christiani;
1206 1630 1324 1695 sed,
1344 1628 1445 1683 nisi
1472 1628 1651 1691 fallor,
1682 1626 2069 1695 imprudenter,
2092 1639 2213 1679 cum

624 1730 813 1785 similia
842 1728 1177 1796 aliquatenus
1214 1722 1416 1779 ludatis
1460 1721 1618 1789 objici
1648 1728 1888 1789 possent,
1920 1718 2011 1788 qui
2037 1726 2215 1772 tamen

2312 521 2627 576 fervidiores
2676 530 2938 592 martyres
2979 521 3163 589 jacere
3209 533 3445 590 possent.
3496 522 3604 578 Sed
3658 524 3900 595 iniquior

2309 612 2409 666 fuit
2435 612 2668 667 ethnicis
2690 614 2958 679 omnibus,
2984 623 3103 682 post
3130 617 3524 670 controversias
3546 616 3898 688 Pelagianos;

2314 704 2435 771 quia
2482 703 2614 759 nihil
2662 704 2781 759 sine
2823 706 3014 773 gratia,
3049 704 3150 760 hoc
3195 717 3277 762 est
3305 707 3487 762 afﬂatu
3514 708 3693 764 divino
3723 712 3903 766 inusi-

2313 803 2422 848 tato
2447 836 2462 860 ,
2494 796 2693 850 bonum
2741 809 2862 851 esse
2888 796 3098 852 dicebat
3117 837 3132 863 ,
3181 798 3500 870 nolebatque
3530 815 3649 855 eam
3674 806 3904 874 gratiam

2312 888 2541 942 ethnicis
2570 889 2751 944 tribui.

2380 978 2511 1049 Cap.
2539 979 2629 1035 26.
2675 979 2923 1046 Quadam
2945 989 3136 1036 sancta
3163 984 3383 1051 femina,
3413 992 3637 1055 tempore
3661 1004 3906 1059 persecu-

2314 1076 2467 1129 tionis
2491 1114 2507 1138 ,
2539 1083 2594 1127 ut
2620 1074 2942 1129 insectatores
2968 1091 3077 1128 suae
3115 1077 3377 1144 pudicitiae
3413 1080 3691 1134 devitarrnt
3718 1083 3775 1135 in
3822 1099 3909 1134 ra-

2312 1174 2521 1236 pturum
2548 1174 2695 1233 atque
2723 1173 3017 1220 necaturum
3039 1184 3093 1221 se
3117 1170 3331 1237 ﬂuvium
3367 1172 3709 1239 proiecerunt,
3746 1188 3908 1240 eoque

2313 1255 2463 1309 modo
2500 1255 2757 1329 defuncta
2783 1266 2924 1323 sunt,
2955 1274 3233 1329 earumque
3272 1263 3517 1329 martyrio
3554 1261 3606 1315 in
3644 1264 3906 1316 catholica

2314 1345 2549 1402 Ecclesia
2569 1350 2888 1403 veneratione
2913 1350 3237 1404 celeberrima
3277 1352 3715 1427 frequentantur.j
3745 1356 3906 1411 Tales

2316 1437 2595 1492 Domninae
2643 1439 2766 1494 illim
2806 1440 3029 1495 Bernice
3077 1450 3130 1495 et
3160 1441 3445 1510 Prosdoce,
3479 1460 3703 1514 quarum
3752 1459 3906 1501 nata-

2316 1529 2422 1585 lem
2454 1531 2733 1586 celebrant
2761 1532 2933 1587 Grteci
2964 1533 3053 1589 die
3077 1535 3109 1588 4
3137 1534 3383 1589 Octobris
3411 1547 3464 1591 et
3492 1538 3558 1591 de
3588 1540 3782 1608 quibus
3808 1555 3906 1594 es-

2316 1632 2424 1679 stat
2453 1625 2673 1695 elegans
2701 1625 2919 1681 homilia
2941 1627 3166 1682 Joannis
3187 1628 3555 1699 Cbrysostomi
3583 1634 3709 1687 tomi
3742 1635 3905 1702 primi

2319 1717 2409 1772 51.
2459 1719 2588 1772 Eam
2640 1719 2828 1775 Latine
2874 1721 3098 1775 inseruit
3142 1725 3288 1775 Actis
3326 1723 3548 1777 sinceris
3592 1734 3645 1779 et
3685 1728 3906 1782 selectis

624 1835 813 1876 verum
854 1817 1103 1872 colebant
1133 1814 1321 1868 Deum.
1374 1811 1467 1868 Sic
1506 1820 1560 1865 et
1600 1810 1735 1864 alias
1764 1808 2010 1864 fecerunt
2038 1808 2215 1862 minus
2244 1818 2293 1880 Β
2321 1820 2615 1882 martyrum
2648 1812 2853 1867 Tlteod.
2886 1813 3195 1879 Ruinartus,
3223 1814 3312 1868 ubi
3341 1815 3500 1869 etiam
3532 1818 3769 1885 quasdam
3804 1822 3909 1873 ha.

624 1912 916 1986 prudentes
958 1907 1244 1964 Christiani
1267 1946 1282 1971 ,
1323 1904 1555 1959 ethnicis
1593 1902 1909 1971 objicientes
1936 1917 2052 1971 quae
2083 1900 2214 1970 ipsis

625 2009 692 2063 ab
721 2005 950 2063 ethnicis
977 2003 1186 2071 objecta
1216 1999 1464 2066 fuerant,
1494 2006 1553 2052 ut
1585 1996 1683 2051 viri
1708 1996 1851 2050 docti
1878 1994 2214 2050 animadver-

625 2108 823 2159 terunt.
876 2099 946 2153 At
995 2096 1041 2150 si
1084 2093 1455 2164 prudentiores
1500 2091 1760 2156 fuissent,
1806 2089 1873 2143 iis
1910 2089 2085 2143 armis
2115 2103 2213 2158 pro

626 2196 885 2267 religione
912 2192 1211 2248 Christiana
1238 2187 1497 2243 utendum
1523 2186 1620 2240 fuit
1650 2199 1769 2254 qum
1798 2183 1917 2247 usui
1942 2196 2214 2253 nunquam

626 2290 859 2347 ethnicis
886 2286 1112 2341 fuissent
1141 2290 1233 2335 aut
1261 2294 1382 2335 esse
1408 2286 1664 2350 possent,
1692 2291 1814 2331 cum
1839 2274 2053 2330 veritati
2080 2274 2213 2329 nihil

624 2396 912 2439 commune
929 2381 998 2434 sit
1025 2392 1144 2433 cum
1173 2373 1476 2430 mendacio.
1502 2371 1697 2426 Verum
1724 2370 1992 2435 rhetores,
2018 2369 2213 2424 verisi-

622 2478 829 2533 milium
858 2487 1012 2544 aequo
1049 2471 1319 2526 avidiores
1357 2474 1694 2537 captatores,
1733 2464 1860 2519 talia
1889 2464 2090 2518 monita
2117 2476 2213 2517 ne-

623 2584 885 2641 quaquam
913 2564 1279 2621 attendebant.

692 2663 824 2732 Cap.
850 2662 902 2718 5.
938 2660 1101 2727 Quem
1127 2671 1318 2712 morem
1346 2656 1498 2709 etiam
1524 2652 1696 2708 Catsar
1721 2651 1875 2726 (sicut
1900 2650 2071 2704 scribit
2093 2648 2213 2705 Sal-

622 2757 805 2812 lustius
831 2796 846 2820 ,
891 2751 1153 2807 nobilitate
1188 2748 1416 2803 veritatis
1465 2742 1757 2812 historicus)
1814 2740 2059 2795 sententia
2097 2755 2209 2804 sua,

622 2864 777 2921 quam
797 2847 861 2901 de
888 2844 1173 2917 conjuratis
1193 2842 1245 2895 in
1272 2848 1452 2894 senatu
1472 2836 1666 2902 habuit,
1697 2848 2092 2889 commemorare
2111 2848 2213 2886 non

622 2935 1014 3013 prwtermittit.]
1048 2934 1346 2991 Credebam
1376 2931 1521 2985 illico
1542 2970 1557 2995 ,
1587 2942 1709 2983 cum
1738 2929 1851 2981 haec
1880 2926 2110 2996 primum
2135 2923 2211 2979 le-

622 3049 823 3105 gerem,
851 3032 937 3087 hic
959 3028 1245 3099 legendum
1274 3024 1592 3087 nobilitatus,
1617 3021 1711 3076 sed
1738 3020 1977 3091 inspecta
2000 3017 2212 3073 Erasmi

621 3127 856 3182 editione
879 3164 893 3188 ,
927 3122 1040 3176 vidi
1069 3118 1321 3175 mendum
1352 3116 1455 3170 hoc
1481 3129 1601 3170 esse
1628 3112 2069 3183 typographicum
2088 3152 2102 3175 ,
2134 3110 2213 3165 le-

2315 1903 2426 1967 bet,
2457 1905 2597 1957 hanc
2624 1904 2677 1959 in
2707 1919 2841 1971 rem,
2873 1906 2926 1959 in
2958 1904 3175 1974 prmlixa
3206 1906 3590 1977 admonitione,
3621 1909 3759 1964 lectu
3790 1926 3909 1965 non

2314 1998 2549 2068 indigno.

2384 2091 2518 2145 Ibid.
2549 2089 2628 2145 De
2672 2091 2751 2145 Itis
2792 2091 2924 2145 nihil
2971 2099 3155 2147 temere
3194 2093 3360 2149 audeo
3401 2096 3659 2168 judicare.
3712 2098 3907 2153 Utrum

2315 2182 2451 2235 enim
2473 2180 2719 2253 Ecclesia:
2746 2184 3001 2253 aliquibus
3028 2184 3131 2253 ﬁde
3159 2184 3326 2255 dignis
3353 2188 3813 2257 testiﬁcationibus,
3852 2201 3908 2245 ut

2314 2292 2492 2330 earum
2511 2278 2806 2331 memoriam
2832 2278 2906 2330 sic
2933 2277 3169 2341 honoret,
3201 2280 3372 2333 divina
3391 2284 3693 2352 persuaserit
3719 2296 3909 2337 aucto-

2316 2369 2442 2421 ritas
2471 2366 2689 2439 nescio.]
2717 2368 2882 2422 Multo
2910 2369 3218 2425 credibilius
3248 2380 3332 2425 est
3362 2386 3388 2423 a
3421 2374 3610 2427 vicinis
3648 2375 3907 2431 Ecclesiis

2316 2459 2546 2528 primum
2588 2474 2679 2514 eas
2712 2461 2949 2529 virgines
2995 2461 3049 2515 in
3077 2462 3319 2517 ordinem
3348 2474 3642 2535 martyrum
3670 2466 3905 2531 relatas;

2316 2553 2458 2621 quod
2492 2553 2593 2607 hoc
2615 2595 2630 2618 ,
2672 2553 2928 2623 quidquid
2960 2554 3060 2608 fuit
3102 2557 3309 2625 peccati
3340 2598 3354 2621 ,
3387 2558 3521 2613 satis
3550 2560 3750 2614 elutum
3782 2575 3908 2617 esse

2317 2654 2638 2711 censerent,
2669 2647 2849 2701 animo
2878 2664 2983 2718 quo
3014 2649 3067 2703 in
3102 2650 3154 2704 id
3202 2650 3530 2719 inciderant,
3565 2654 3669 2708 hoc
3697 2666 3779 2709 est
3819 2656 3909 2711 in-

2316 2744 2591 2792 temeratas
2636 2739 2897 2794 castitatis
2943 2749 2996 2794 et
3039 2740 3308 2809 religionis
3343 2743 3663 2800 Cbristianm
3690 2762 3907 2803 amore.

2316 2827 2457 2884 Sane
2480 2831 2645 2884 multa
2692 2830 2996 2899 laudantur,
3031 2833 3083 2887 in
3111 2832 3303 2903 quibus
3330 2843 3511 2890 tantus
3551 2838 3761 2893 animus
3790 2855 3911 2895 non

2317 2922 2573 2986 emicuit,
2621 2931 2849 2993 quantus
2888 2923 2944 2978 in
2992 2925 3057 2979 iis
3101 2941 3219 2996 quae
3264 2928 3606 2984 excusatione
3634 2931 3915 2999 indigent.

2315 3014 2677 3082 Quamobrem
2718 3016 2773 3070 id
2802 3031 2986 3071 earum
3017 3018 3217 3073 factum
3250 3020 3466 3075 laudare
3493 3035 3599 3075 non
3627 3022 3915 3080 dubitavit

2314 3105 2734 3179 Chrysostomus
2761 3123 3062 3180 novumque
3091 3120 3146 3167 et
3174 3113 3473 3167 inusitatum
3502 3113 3767 3183 baptisma
3798 3132 3913 3173 vo-

621 3219 960 3291 gendumque
989 3214 1274 3268 nobilitatoc
1296 3250 1312 3275 ,
1342 3209 1445 3263 hoc
1466 3216 1550 3262 est
1574 3248 1588 3271 ,
1635 3206 1917 3261 celebrata:
1944 3203 2208 3259 veritatis.
2236 3201 2283 3263 C
2316 3215 2460 3257 care.
2509 3201 2637 3267 Qua:
2681 3203 2733 3258 in
2794 3204 3031 3259 Ecclesia
3067 3208 3462 3261 constituuntur
3505 3223 3648 3279 saepe
3696 3214 3909 3269 sensim

622 3314 919 3369 Observant
947 3317 1124 3363 autem
1166 3308 1253 3360 hic
1280 3298 1652 3365 Benedictini,
1700 3299 1753 3353 in
1797 3299 2046 3353 omnibus
2076 3312 2207 3351 mss.

621 3404 723 3473 legi
753 3416 857 3456 non
889 3399 1082 3464 Cwsar,
1111 3398 1206 3453 sed
1227 3395 1372 3460 Cato,
1394 3408 1579 3449 verum
1604 3392 1726 3462 quia
1756 3390 1916 3445 verba
1940 3405 2054 3459 quae
2086 3404 2212 3458 pro-

623 3496 729 3551 fert
757 3501 944 3565 postea
974 3492 1302 3561 Augustinus
1332 3495 1458 3542 sunt
1496 3485 1553 3540 in
1581 3484 1821 3539 oratione
1858 3480 2074 3537 Casaris
2103 3494 2213 3536 non

623 3587 859 3651 Catonis,
890 3601 921 3639 a
945 3584 1143 3640 criticis
1172 3589 1435 3638 mutatum
1467 3594 1586 3634 esse
1612 3591 1829 3632 nomen.
1863 3576 2213 3645 SuSpicantur

623 3681 724 3751 ipsi
756 3678 995 3749 potuisse
1027 3675 1141 3730 fieri
1169 3682 1229 3728 ut
1259 3671 1585 3741 Augustinus
1616 3668 1872 3724 memoria
1905 3668 2085 3736 lapsus
2116 3666 2208 3721 sit.

623 3772 691 3828 lis
721 3787 786 3827 eo
817 3771 1072 3826 libentius
1094 3767 1449 3833 assentimur,
1488 3764 1628 3835 quod
1653 3762 1793 3817 aliud
1837 3776 2000 3831 agens
2030 3760 2212 3829 Augu-

624 3864 797 3920 stinus
818 3904 834 3929 ,
864 3871 921 3915 ut
952 3862 1009 3915 ﬁt
1028 3901 1044 3928 ,
1077 3858 1369 3928 vidensque
1400 3857 1517 3911 htec
1541 3854 1703 3909 verba
1731 3854 1900 3923 magis
1927 3852 2116 3907 fecisse
2144 3851 2213 3906 ad

625 3962 844 4023 seopum
874 3953 1133 4008 orationis
1171 3949 1379 4004 Catonis
1419 3961 1577 4017 quam
1608 3944 1857 4009 Ctesaris,
1888 3957 1951 3998 ea
1978 3942 2214 4012 potuerit

625 4056 905 4119 propterea
933 4045 1115 4100 Catoni
1136 4043 1391 4098 tribuere.
1418 4042 1573 4110 Saepe
1597 4038 1775 4093 animo
1801 4038 1853 4092 in
1881 4052 1996 4092 rem
2022 4050 2211 4106 quam-

626 4141 764 4211 piam
789 4138 930 4194 serio
958 4138 1183 4201 intento,
1202 4134 1461 4190 memoria
1492 4132 1667 4187 minus
1695 4130 1798 4185 ﬁda
1825 4139 1927 4185 est.

693 4231 821 4300 Cap.
852 4229 904 4284 9.
952 4228 1075 4284 Sua
1101 4228 1253 4293 fama:
1291 4241 1353 4280 ac
1381 4225 1536 4279 saluti
1566 4223 1899 4286 consulentes,
1932 4220 2055 4274 dum
2083 4219 2213 4272 insi-

626 4324 737 4379 dias
761 4332 911 4395 atque
940 4324 1153 4393 impetus
1196 4320 1450 4374 malorum
1496 4315 1734 4387 timent.]
1766 4315 1975 4370 Dudum
2025 4312 2210 4368 obser-

625 4424 843 4470 vaverat
867 4414 1021 4469 Joan.
1056 4411 1207 4467 Frid.
1240 4410 1572 4474 Gronovius,
1608 4408 1890 4462 Observat.
1928 4406 1984 4459 in
2022 4406 2205 4473 script.

2316 3304 2372 3351 et
2414 3296 2534 3352 sine
2564 3305 2769 3352 matura
2816 3298 2920 3352 ulla
2954 3298 3339 3355 deliberatione
3379 3300 3432 3355 in
3462 3315 3578 3355 eam
3625 3302 3905 3372 irrepant;

2316 3388 2557 3457 quinimo
2602 3398 2656 3442 et
2702 3389 2758 3443 in
2808 3389 2935 3459 ipsis
2980 3391 3260 3457 conciliis,
3293 3391 3383 3447 ubi
3429 3392 3695 3464 suffragiis
3722 3399 3905 3453 omnia

2315 3481 2762 3550 decernebantur,
2811 3499 2917 3539 non
2950 3486 3217 3543 doctiores
3237 3529 3251 3552 ,
3282 3489 3371 3555 qui
3399 3491 3554 3559 pauci
3586 3501 3740 3546 erant
3760 3536 3775 3559 ,
3806 3494 3903 3549 sed

2315 3576 2519 3643 plures,
2553 3576 2653 3631 hoc
2696 3587 2778 3632 est
2827 3578 3151 3635 indoctiores
3181 3589 3270 3634 aut
3300 3591 3449 3637 certe
3491 3586 3803 3639 auctoritate
3834 3601 3900 3640 ac

2314 3668 2528 3723 dicendi
2558 3670 2809 3726 facultate
2836 3673 3143 3742 superiores
3186 3675 3544 3731 audiebantur
3565 3717 3581 3744 ,
3624 3688 3677 3732 ut
3704 3691 3896 3734 omnes

2316 3770 2530 3827 norunt,
2564 3777 2662 3818 nec
2695 3763 2970 3833 ignorabat
3000 3767 3117 3836 ipse
3144 3767 3493 3837 Augustinus.

2383 3855 2549 3910 Ltsno
2588 3872 2649 3910 ιι.
2680 3856 2806 3927 Cap.
2848 3858 2901 3913 ὅ.
2942 3857 3196 3913 Memento
3227 3870 3392 3913 autem
3439 3877 3518 3916 me
3546 3860 3645 3916 ista
3673 3878 3902 3915 commc-

2314 3958 2595 4004 morantem
2637 3951 2804 4004 adhuc
2844 3960 3024 4005 contra
3070 3952 3331 4021 imperitos
3375 3970 3561 4025 agere,
3596 3972 3659 4009 ea:
3682 3972 3906 4024 quorum

2311 4043 2569 4112 imperitia
2600 4043 2731 4096 illud
2773 4060 2971 4113 quoque
2999 4054 3167 4098 artum
3195 4056 3269 4100 est
3301 4047 3510 4117 vulgare
3534 4050 3863 4118 proverbium
3890 4067 3907 4103 :

2311 4132 2499 4188 Pluvia
2539 4133 2698 4201 defit,
2744 4148 2901 4190 causa
2931 4135 3241 4192 Christiani.
3277 4137 3411 4193 Sunt
3449 4155 3665 4207 namque
3692 4143 3787 4211 qui
3815 4160 3905 4195 eo-

2311 4242 2429 4280 rum
2464 4226 2648 4280 studiis
2677 4225 2967 4282 liberalibus
2993 4228 3208 4283 instituti
3235 4240 3409 4285 amant
3437 4232 3707 4287 historiam
3731 4275 3747 4300 ,
3797 4252 3903 4305 qua

2315 4318 2558 4383 facillime
2604 4318 2701 4372 ista
2748 4328 3039 4383 noverunt;
3092 4321 3182 4373 sed
3232 4328 3288 4373 ut
3335 4322 3476 4375 nobis
3521 4325 3903 4379 ineruditorum

2314 4410 2487 4464 turbas
2531 4411 2888 4481 infestissimas
2929 4412 3186 4481 reddant,
3230 4430 3285 4468 se
3339 4431 3484 4469 nosse
3530 4417 3901 4485 dissimulant,

626 4505 1046 4571 ecclesiasticos,
1075 4518 1195 4573 cap.
1231 4503 1321 4569 l7,
1350 4503 1403 4555 in
1430 4515 1563 4554 mss.
1595 4499 1785 4554 deesse
1811 4511 1999 4552 vocem
2027 4512 2211 4549 consu-
2236 4576 2274 4581 _
2312 4500 2440 4573 etc.]
2466 4501 2665 4555 Norant
2690 4542 2704 4565 ,
2738 4517 2929 4573 nempe
2953 4545 2968 4570 ,
2999 4504 3141 4573 quod
3180 4512 3334 4560 antea
3366 4506 3497 4560 dixit
3538 4508 3901 4581 Augustinus,

629 4599 812 4661 lentes,
853 4596 1096 4664 adeoque
1146 4593 1451 4648 delendam.
1495 4590 1586 4645 Sic
1614 4588 1757 4643 enim
1802 4601 1945 4657 saepe
1973 4587 2208 4655 loquitur
2234 4576 2290 4638 D
2314 4608 2421 4648 non
2448 4595 2625 4649 minus
2651 4603 2775 4649 ante
2803 4594 3103 4650 Christiana
3134 4604 3373 4668 tempora
3400 4641 3414 4664 ,
3444 4615 3603 4670 quam
3630 4576 3902 4674 δείηεθρέ

628 4689 951 4760 Augustinus
975 4730 989 4753 ,
1034 4698 1095 4742 ut
1141 4686 1278 4741 infra
1308 4699 1426 4754 cap.
1455 4684 1564 4737 50:
1597 4679 1761 4735 Istam
1801 4680 1938 4733 vobis
1984 4690 2205 4734 metuens

628 4782 997 4844 calamitatem;
1038 4787 1090 4833 et
1114 4792 1231 4847 cap.
1259 4776 1328 4831 52
1351 4793 1365 4829 :
1395 4774 1547 4827 Hanc
1570 4770 1834 4843 probitatis
1858 4780 1904 4824 et
1936 4771 2207 4825 honestatis

627 4874 932 4929 eversionem
952 4871 1089 4925 vobis
1104 4870 1278 4939 Scipio
1297 4868 1385 4921 ille
1408 4864 1678 4920 metuebat.
1704 4864 1852 4918 Hanc
1871 4863 2207 4919 animadver-

625 4967 833 5021 sionem
858 4962 1056 5034 judicio
1081 4975 1177 5016 suo
1199 4958 1588 5015 confirmarunt
1608 4955 1841 5011 editores
1854 4956 2202 5011 Parisienses.

695 5056 826 5126 Cap.
876 5053 966 5109 l7.
1007 5056 1079 5107 Ac
1109 5068 1199 5122 per
1238 5050 1333 5104 hoc
1380 5060 1427 5104 et
1470 5065 1580 5119 quae
1624 5064 1677 5102 se
1718 5048 2010 5102 occiderunt
2039 5048 2207 5119 (san-

625 5147 960 5207 ctimoniales
991 5158 1058 5201 ne
1082 5145 1399 5199 vitiarentur
1426 5158 1457 5196 a
1488 5140 1785 5211 militibus)
1828 5158 1890 5195 ne
1931 5142 2209 5211 quidquam

627 5241 919 5315 huiusmodi
960 5248 1271 5311 paterentur,
1319 5235 1431 5305 quis
1476 5234 1731 5288 humanus
1775 5233 1988 5300 a/fectus
2012 5235 2056 5288 ei
2082 5234 2210 5287 nolit

627 5331 887 5406 ignosci?]
920 5330 1029 5387 Hac
1068 5331 1135 5385 de
1180 5344 1238 5383 re
1286 5327 1466 5381 multis
1495 5328 1605 5396 agit
1632 5327 1687 5381 in
1717 5325 2086 5395 sequentibus,
2117 5324 2208 5380 ubi

628 5426 818 5480 merito
861 5432 914 5479 et
971 5424 1137 5477 firmis
1179 5418 1475 5474 rationibus
1530 5422 1866 5494 αὐτοχειρίαν
1912 5424 2202 5487 oppugnat.

626 5517 735 5573 Sed
763 5516 906 5571 aliud
934 5527 1016 5571 est
1042 5516 1183 5571 velle
1212 5514 1415 5585 ignosci
1443 5514 1506 5568 iis
1533 5515 1621 5585 qui
1652 5516 1707 5568 in
1736 5520 1978 5567 extremo
2000 5526 2125 5567 casu
2147 5520 2203 5568 et

625 5608 803 5663 animo
847 5606 1068 5677 periculi
1116 5607 1395 5661 atrocitate
1436 5605 1790 5675 perturbato,
1839 5604 2017 5659 simile
2070 5604 2199 5672 quid

626 5705 899 5767 fecerunt;
938 5699 1077 5753 aliud
1123 5699 1320 5753 factum
1364 5700 1610 5768 probare.
1660 5697 1867 5753 Vellem
1916 5706 2091 5753 tamen
2141 5704 2199 5752 ut

627 5793 884 5850 Lucretiae
908 5800 962 5849 et
986 5790 1172 5847 Catoni
1200 5791 1400 5855 aequior
1427 5798 1608 5849 noster
1635 5789 1844 5857 fuisset,
1872 5805 1991 5847 cum
2019 5789 2198 5847 decla-

2311 4684 2579 4741 siccitates
2622 4686 2861 4757 aliasque
2899 4688 2950 4741 id
2993 4702 3159 4757 genus
3200 4692 3531 4746 calamitates
3580 4695 3900 4764 contigisse.

2311 4775 2481 4830 Nemo
2503 4777 2771 4847 copiosius
2792 4779 3150 4847 objectionem
3184 4781 3383 4837 hancce
3425 4783 3655 4851 diduxit,
3690 4796 3746 4841 et
3781 4789 3901 4857 plu-

2310 4867 2460 4924 ribus
2489 4869 2789 4925 confutavit
2814 4887 2971 4940 quam
3003 4874 3267 4928 Arnobius
3299 4876 3392 4930 lib.
3422 4888 3644 4932 tcontra
3671 4879 3897 4936 Gentes.

2312 4960 2456 5016 lnter
2497 4961 2737 5017 eruditos
2782 4962 2902 5017 illos
2947 4978 3078 5033 quos
3125 4976 3385 5021 memorat
3414 4971 3774 5038 Augustinus,
3806 4988 3900 5027 ac-

2318 5053 2616 5108 censendus
2645 5053 2741 5107 fuit
2783 5054 3135 5123 Symmachus
3175 5058 3264 5113 ille
3295 5058 3421 5113 Urbi
3464 5060 3774 5129 prtefectus,
3810 5065 3899 5133 qui

2316 5144 2442 5199 talia
2493 5144 2653 5197 habet
2696 5144 2751 5197 in
2798 5145 3056 5201 relatione
3095 5149 3270 5203 oblata
3303 5150 3701 5219 Valentiniano,
3754 5170 3902 5209 anno

2316 5237 2454 5304 584,
2486 5252 2642 5307 quam
2686 5238 2978 5295 confutavit
3006 5242 3339 5297 Ambrosius.
3381 5243 3514 5299 Vide
3544 5261 3691 5299 num.
3741 5247 3813 5300 Η
3848 5248 3901 5301 ἱη

2314 5328 2549 5383 editione
2587 5329 2963 5387 Ambrosiana.
2995 5334 3076 5387 Ad
3113 5349 3229 5388 eam
3259 5335 3576 5390 calumniam
3606 5336 3901 5391 confutan-

2316 5420 2458 5486 dam,
2487 5430 2674 5491 rogatu
2702 5425 3008 5493 Augustini,
3033 5424 3311 5480 historiam
3341 5428 3579 5483 scribere
3608 5444 3902 5500 aggressus

2311 5525 2393 5570 est
2418 5515 2613 5573 Paulus
2638 5519 2880 5585 Orosius,
2903 5528 2959 5573 ut
2989 5522 3039 5575 in
3070 5521 3378 5590 praefatione
3404 5523 3518 5593 ipsa
3549 5522 3614 5578 ad
3640 5524 3903 5594 Augusti-

2308 5622 2436 5662 num
2467 5618 2712 5665 testatur.

2375 5700 2505 5773 Cap.
2554 5705 2605 5755 7.
2659 5704 2943 5776 Postquam
2984 5707 3327 5777 exprobravit
3368 5709 3498 5764 deos
3554 5710 3904 5765 ethnicorum

2307 5792 2452 5850 nulla
2490 5794 2701 5851 virtutis
2728 5808 3001 5868 praecepta
3028 5801 3325 5859 cultoribus
3353 5803 3466 5860 suis
3491 5802 3903 5873 suppeditasse,
