4060 6364
10 2588 95 2635 ista:
110 2594 137 2629 ε

24 2956 155 3021 res

10 3046 157 3103 nam:

10 3153 157 3197 [gnto-

12 3236 153 3294 essm!

28 3337 144 3397 ῂνεεςιεξι

12 3430 72 3497 igni
88 3438 145 3473 βἒὶ

17 3538 105 3582 erat.
118 3532 143 3567 ξ

14 3632 109 3677 stin:
122 3626 141 3659 ε

219 338 361 436 tst‘

902 376 1253 435 VARIORUM
1288 375 1896 435 EXERCITATIONES
1934 376 2000 434 IN
2040 377 2094 433 s.
2139 375 2511 437 AUGUSTINI
2547 366 2798 437 opem.

3390 374 3497 434 ΜΞ

218 494 295 548 ita
326 492 494 563 pergit
529 510 543 547 ε
580 492 658 549 Αη
684 494 825 548 nobis
868 494 1001 565 forte
1036 492 1456 563 philosophorum
1482 493 1682 547 scholas
1724 494 1810 547 di-
1836 500 1888 558 Α
1915 494 2150 548 latrones
2174 535 2190 559 ,
2238 494 2342 549 sibi
2387 496 2616 550 invicem
2656 496 2799 550 domi
2831 494 3097 560 inimicos,
3132 507 3230 549 nec
3260 509 3498 566 unquam

216 591 636 662 sputationesque
665 592 1070 646 memorabunt?.
1092 631 1107 645 .
1132 630 1146 643 .
1168 630 1182 643 .
1205 630 1219 643 .
1237 630 1251 645 .
1288 589 1411 644 Non
1439 592 1650 645 deorum
1677 607 1808 659 prte-

216 694 369 752 cepta
393 697 532 751 sunt,
572 688 660 740 sed
685 687 947 739 hominum
977 686 1210 751 inventa,
1250 686 1338 755 qui
1362 694 1619 755 utcunque
1645 684 1814 738 conati

218 784 342 829 sunt
370 816 386 842 ,
426 778 639 848 ingeniis
667 778 971 831 acutissimis
1018 778 1219 844 prtediti
1238 820 1252 843 ,
1282 776 1638 830 ratiocinando
1660 778 1815 831 vesti-

217 884 353 936 gare
391 870 515 937 quid
557 870 608 922 in
640 885 806 922 rerum
832 876 1017 921 natura
1046 869 1308 932 latitaret,
1340 870 1462 937 quid
1489 869 1543 921 in
1589 870 1816 922 moribus

217 960 567 1029 appetendum
590 968 753 1028 esset,
781 960 905 1031 quid
931 960 1265 1030 fugiendum,
1293 958 1425 1029 etc.]
1448 959 1731 1023 Nimirum,
1762 957 1816 1015 id

218 1050 373 1119 quod
426 1051 741 1121 religionem
798 1053 1060 1105 vocabant
1109 1051 1306 1105 ethnici
1370 1059 1485 1105 erat
1536 1049 1817 1118 disciplina

218 1142 472 1211 quaedam
519 1142 891 1212 superstitiosa
930 1143 995 1197 de
1032 1143 1226 1197 ritibus
1270 1158 1584 1208 sacrorum,
1622 1144 1818 1212 quibus

218 1236 358 1289 deos
394 1235 591 1303 placari
622 1235 909 1304 putabant,
941 1250 1110 1304 eaque
1142 1249 1171 1288 a
1201 1234 1571 1289 sacerdotibus
1604 1244 1657 1289 et
1685 1250 1820 1304 pon-

219 1326 459 1381 tificibus
502 1326 793 1392 discenda,
850 1342 954 1380 non
992 1341 1023 1380 a
1068 1325 1421 1394 philosophis.
1460 1324 1530 1380 At
1572 1325 1817 1395 quisquis

227 1420 375 1473 scire
404 1419 653 1488 cupiebat
678 1419 804 1489 quid
834 1417 901 1473 de
930 1418 1159 1473 Numine
1186 1419 1523 1473 sentiendmn
1551 1458 1565 1482 ,
1596 1428 1651 1472 et
1675 1432 1813 1487 quo-

221 1514 389 1568 modo
422 1527 602 1567 mores
648 1511 1001 1581 instituendi,
1052 1526 1174 1565 eum
1219 1511 1284 1566 ad
1312 1510 1664 1581 philosonhos
1688 1525 1818 1565 con-

222 1604 371 1659 ferre
412 1619 471 1660 se
504 1604 804 1673 oportebat.
834 1604 1131 1658 Audiamus
1177 1603 1275 1657 hac
1313 1605 1379 1658 de
1418 1619 1475 1657 re
1508 1602 1817 1658 Latinorum

222 1696 446 1750 Patrum
492 1695 901 1749 disertissimum
957 1694 1288 1749 Lactantium
1316 1735 1329 1757 ,
1381 1693 1472 1747 lib.
1510 1710 1582 1757 ιν,
1620 1708 1740 1763 cap.
1784 1693 1819 1748 5

224 1786 633 1841 lnstitutionum
684 1786 987 1840 divinarum
1014 1826 1028 1849 ,
1076 1801 1183 1853 quo
1210 1786 1262 1837 in
1295 1783 1434 1838 libro
1460 1785 1569 1853 agit
1593 1785 1661 1839 de
1690 1798 1817 1837 vera

1916 586 2335 651 consentientes,
2362 586 2464 639 nisi
2490 588 2555 639 ad
2588 588 2919 642 infestandos
2947 587 3242 641 latrociniis
3266 587 3495 641 vicinos.

1916 681 2067 748 Quod
2098 681 2142 737 si
2171 680 2408 735 nondum
2435 681 2640 736 deliciis
2673 680 2826 737 fracti
2852 690 3049 743 essent,
3082 683 3204 750 quia
3237 695 3501 749 pauperes

1916 775 2210 827 etiamnum
2260 780 2453 836 erant,
2502 782 2781 842 pr0pterea
2830 775 3082 827 meliores
3129 773 3363 828 habendi
3393 788 3503 829 non

1916 865 2133 919 fuerunt
2168 880 2326 935 quam
2358 864 2448 919 ubi
2478 864 2843 934 sumptuosius
2868 874 2924 920 et
2964 866 3247 921 delicatius
3279 883 3503 935 peccare

1917 968 2212 1026 cmperunt.
2245 956 2373 1023 Quis
2418 958 2562 1011 enim
2612 957 2778 1025 pluris
2828 955 2986 1011 faciat
3023 958 3305 1013 barbaram
3354 960 3507 1013 duri-

1918 1051 2042 1105 tiem
2076 1050 2397 1121 Scytharum
2422 1092 2437 1115 ,
2485 1066 2619 1121 quos
2667 1050 2824 1106 hodie
2857 1051 3104 1105 Moschos
3132 1061 3223 1106 aut
3251 1052 3506 1109 Tartarus

1917 1158 2171 1199 vocamus
2198 1185 2212 1209 ,
2266 1160 2421 1213 quam
2454 1145 2875 1199 meridianorum
2923 1144 3159 1214 gentium
3200 1145 3503 1201 molliorem

1905 1236 2251 1305 nequitiam?
2294 1235 2489 1289 Fateor
2529 1250 2820 1304 pauperem
2852 1235 2995 1289 illam
3029 1235 3332 1290 barbariem
3362 1237 3504 1291 bello

1918 1334 1974 1382 et
2001 1327 2381 1396 pr0pulsandis
2410 1327 2651 1381 hostibus
2683 1327 2958 1381 meliorem
3007 1342 3159 1392 esse;
3200 1326 3295 1382 sed
3325 1342 3390 1381 an
3424 1334 3509 1385 est

1920 1419 2132 1483 melior,
2174 1420 2241 1472 ad
2289 1434 2467 1473 mores
2515 1419 2657 1489 quod
2709 1419 2938 1488 attinet,
2984 1419 3085 1475 hoc
3126 1430 3243 1487 est,
3289 1420 3507 1490 iustior,

1923 1513 2323 1581 temperantior,
2353 1513 2703 1582 prudentior?
2740 1514 2855 1567 Non
2898 1522 3045 1584 puto.
3088 1513 3385 1585 Utrobique
3426 1522 3512 1570 est

1920 1604 2197 1659 barbaries
2226 1614 2280 1658 et
2324 1604 2628 1659 immanitas
2654 1645 2669 1669 ,
2702 1605 2815 1658 sive
2860 1606 3074 1659 sitcum
3107 1604 3344 1669 deliciis,
3394 1606 3512 1661 sive

1922 1712 2041 1750 cum
2074 1697 2387 1765 pauperiore
2416 1698 2562 1752 cultu
2593 1712 2656 1751 ac
2683 1696 2825 1751 victu
2855 1697 3160 1765 conjuncta.
3196 1696 3300 1751 Sed
3336 1699 3513 1757 solent

1926 1786 2169 1842 homines
2192 1830 2208 1853 ,
2256 1790 2508 1843 vitiorum
2554 1804 2666 1843 suae
2704 1789 2873 1843 aetatis
2904 1790 3119 1854 pertaesi
3150 1798 3308 1859 atque
3341 1790 3514 1859 impa-

220 1880 489 1948 sapientia
528 1896 539 1928 :
583 1878 804 1933 Deorum
843 1877 1032 1945 cultus,
1062 1878 1275 1947 inquit,
1300 1893 1401 1931 non
1430 1876 1575 1930 habet
1612 1878 1817 1947 sapien-
1846 1872 1895 1934 B
1924 1880 2119 1933 tientes
2147 1920 2160 1943 ,
2190 1880 2546 1950 praesentibus
2574 1896 2790 1950 semper
2819 1880 3073 1949 praeferre
3102 1892 3339 1948 tempora
3370 1896 3513 1950 prae-

218 1974 383 2037 tiam;
424 1989 525 2026 non
550 1973 703 2026 modo
723 1975 845 2041 quia
867 1973 1092 2025 divinum
1112 1973 1304 2025 animal
1329 1971 1580 2025 hominem
1610 1972 1822 2024 terrenis

219 2064 598 2136 fragilibusque
646 2064 953 2130 substernit;
991 2064 1082 2117 sed
1121 2065 1239 2130 quia
1279 2063 1412 2116 nihil
1449 2063 1519 2116 ibi
1556 2062 1820 2116 disseritur

218 2158 368 2229 quod
414 2157 648 2227 proﬁciat
691 2156 759 2210 ad
790 2173 953 2210 mores
974 2156 1279 2210 excolendos
1308 2156 1560 2226 vitamque
1586 2154 1819 2224 forman-

218 2254 379 2316 dam,
430 2267 521 2304 nec
563 2250 709 2304 habet
756 2251 1130 2319 inquisitionem
1172 2248 1399 2318 aliquam
1442 2248 1703 2312 veritatis,
1732 2246 1821 2301 sed

130 2334 135 2339 ’
222 2342 585 2396 tantummodo
614 2342 769 2395 ritum
796 2342 995 2394 colendi
1018 2385 1032 2408 ,
1083 2341 1171 2408 qui
1198 2356 1301 2392 non
1328 2338 1489 2408 ofﬁcio
1516 2340 1696 2392 mentis
1733 2337 1823 2391 sed

220 2436 510 2489 ministerio
530 2434 760 2503 corporis
802 2442 1021 2487 constat.
1051 2431 1121 2485 Et
1144 2432 1259 2485 ideo
1289 2448 1391 2485 non
1422 2441 1493 2486 est
1521 2432 1613 2485 illa
1642 2431 1822 2499 religio

220 2545 349 2583 vera
366 2528 673 2599 judicanda,
699 2528 822 2597 quia
852 2525 1007 2579 nullis
1038 2525 1259 2597 justitite
1300 2525 1597 2593 virtutisque
1628 2537 1820 2591 prlece-

220 2620 331 2688 ptis
360 2616 807 2689 erudit,ef]icitque
831 2617 1083 2671 meliores.
1114 2614 1296 2683 Itaque
1324 2615 1669 2684 philosOphia,
1699 2615 1821 2683 quia

219 2728 400 2765 veram
425 2711 754 2781 religionem,
794 2709 848 2761 id
876 2717 950 2762 est
981 2722 1233 2761 summam
1254 2708 1493 2777 pietatem
1518 2722 1620 2759 non
1649 2705 1819 2772 habet,

217 2822 331 2859 non
376 2810 448 2856 est
476 2818 591 2855 vera
630 2800 883 2869 sapientia
910 2840 925 2866 ,
954 2808 1059 2854 etc.
1095 2798 1348 2863 Quoniam
1379 2796 1561 2867 igitur,
1590 2805 1646 2849 ut
1677 2797 1818 2862 dixi,

220 2894 558 2962 philosOphia
585 2902 634 2946 et
662 2892 843 2962 religio
874 2892 1085 2945 deorum
1127 2889 1388 2956 disiuncta
1428 2898 1547 2942 sunt
1576 2887 1822 2958 longeque

216 2993 424 3037 secreta
448 3026 463 3050 ,
502 2986 545 3037 si
579 2982 781 3053 quidem
811 2981 900 3035 alii
943 2988 1058 3034 sunt
1088 2982 1403 3050 professores
1439 2978 1707 3046 sapientia:
1732 2992 1823 3048 per

219 3090 359 3147 quos
388 3075 561 3143 utique
576 3074 644 3127 ad
670 3075 791 3128 deos
811 3089 912 3126 non
934 3073 1128 3136 aditur,
1159 3071 1251 3124 alii
1279 3071 1545 3139 religionis
1571 3073 1822 3127 antistites

223 3183 325 3237 per
360 3181 486 3236 quos
527 3180 705 3235 sapere
742 3180 846 3218 non
884 3164 1131 3224 discitur;
1178 3172 1390 3233 apparet
1432 3176 1521 3216 nec
1545 3162 1690 3215 illam
1716 3177 1822 3216 esse

1926 1972 2079 2025 terita
2115 1988 2132 2026 :
2172 1972 2361 2041 quibus
2391 1973 2437 2027 si
2465 1972 2743 2035 vixissent,
2790 1972 2996 2025 similes
3043 1972 3288 2041 querelas
3334 1971 3513 2039 profu-

1923 2066 2127 2121 dissent
2151 2108 2163 2130 ,
2198 2074 2251 2119 et
2295 2066 2349 2119 in
2382 2064 2772 2133 antiquioribus
2802 2064 3013 2118 saeculis
3044 2064 3301 2132 majorem
3342 2064 3513 2118 virtu-

1925 2169 2031 2214 tem
2060 2173 2120 2212 ac
2152 2157 2461 2213 felicitatem
2495 2156 2887 2226 quaasivissent.
2922 2155 3047 2209 Haec
3087 2155 3132 2208 si
3162 2155 3227 2209 ad
3273 2154 3511 2214 animum

1925 2251 2067 2305 serio
2097 2256 2442 2329 revocassent
2472 2248 2801 2303 recentiores
2821 2246 3070 2313 Romani,
3098 2262 3257 2302 nemo
3286 2249 3512 2309 dixisset

1924 2360 2041 2399 cum
2073 2343 2313 2399 Juvenali
2337 2353 2436 2396 sat.
2467 2341 2533 2396 3:

2017 2460 2214 2513 Felices
2232 2464 2732 2521 proavorumatavos,
2754 2456 3016 2521 feliciaque
3042 2454 3120 2503 illa

2016 2518 2357 2580 Saecula,’quze
2382 2518 2620 2582 quondam
2642 2520 2732 2565 sub
2754 2518 2969 2582 regibus
2985 2525 3133 2579 atque
3152 2518 3360 2582 tribunis

2018 2579 2381 2632 Viderunt’uno
2400 2579 2686 2629 contentam
2713 2592 2916 2629 carcere
2942 2579 3167 2628 Romani

1994 2690 2125 2758 Cap.
2155 2688 2246 2743 25.
2288 2688 2408 2741 Jam
2438 2678 2626 2740 multos
2664 2695 2889 2739 moverat
2918 2688 3056 2755 quod
3094 2687 3242 2742 miles
3280 2690 3512 2759 quidam,

1925 2783 2047 2835 dum
2077 2782 2241 2835 occiso
2279 2781 2441 2851 spolia
2472 2778 2794 2844 detraheret,
2826 2782 3038 2847 fratrem
3062 2821 3077 2844 ,
3134 2764 3326 2832 nddato
3358 2783 3515 2834 cadas

1923 2889 2038 2928 vere
2062 2916 2077 2940 ,
2108 2873 2310 2944 agnovit
2334 2914 2351 2938 ,
2384 2889 2443 2926 ac
2470 2872 2744 2925 detestatus
2789 2870 2921 2923 bella
2950 2871 3117 2923 ciuilia
3142 2912 3157 2935 ,
3199 2872 3415 2941 seipsum
3444 2872 3515 2926 ibi

1925 2971 2174 3039 perimens
2202 2968 2427 3037 fraterno
2458 2968 2659 3033 corpori
2689 2963 2978 3035 adjunxit.]
3011 2958 3239 3019 Exstant
3269 2968 3320 3020 in
3355 2967 3514 3022 Vete-

1925 3074 2042 3114 rum
2063 3060 2343 3113 Poetarum
2388 3073 2417 3110 a
2443 3056 2677 3126 Josepho
2705 3056 2976 3123 Scaligero
3019 3057 3176 3110 editis
3200 3057 3513 3125 Catalcctis,

1924 3152 2319 3221 elegantissima
2362 3150 2468 3204 duo
2498 3150 2878 3219 epigrammata
2918 3150 2970 3202 in
3003 3147 3245 3203 Maevium
3283 3153 3373 3221 qui
3400 3154 3513 3223 fra-

219 3273 405 3315 ueram
451 3257 784 3326 sapientiam,
835 3270 925 3309 nec
979 3256 1111 3309 hanc
1156 3256 1459 3326 religionem
1484 3298 1498 3322 ,
1541 3263 1646 3309 etc.
1692 3255 1821 3321 Quae
1846 3252 1895 3316 α
1927 3254 2050 3297 trem
2075 3245 2283 3313 ignarus
2314 3242 2603 3312 interfecit;
2630 3240 2723 3294 sed
2759 3240 2990 3294 refertur
3017 3240 3377 3296 miserandum
3405 3243 3510 3302 hoc

220 3348 467 3417 obiectio
510 3346 769 3401 censenda
826 3354 943 3411 est,
1004 3360 1123 3400 meo
1169 3346 1386 3414 quidem
1420 3344 1652 3413 iudicio,
1683 3344 1823 3399 inter

220 3440 496 3496 maximas
539 3448 592 3493 et
644 3438 981 3493 firmissimas
1032 3436 1226 3508 quibus
1272 3437 1485 3491 ethnica
1515 3436 1822 3505 superstitio

220 3531 546 3588 labefactari
577 3545 639 3585 ac
663 3531 866 3585 destrui
896 3530 1129 3599 penitus,
1162 3536 1215 3583 et
1247 3537 1432 3582 contra
1464 3526 1652 3594 religio
1666 3526 1823 3581 Chri-

222 3621 409 3678 stiana
433 3622 685 3676 illustrari
716 3628 771 3674 et
798 3620 1105 3675 confirmari
1137 3620 1328 3688 potuit,
1350 3617 1395 3672 si
1426 3619 1637 3687 quando
1657 3617 1820 3671 Chri-

222 3714 424 3769 stianis
448 3726 538 3767 res
566 3712 663 3766 Ibit
691 3726 811 3765 cum
846 3712 1002 3780 paulo
1026 3710 1358 3765 doctioribus
1386 3710 1639 3764 ethnicis.

305 3806 433 3874 Cap.
463 3806 553 3858 I7.
589 3804 669 3856 An
699 3804 829 3873 forte
865 3801 1055 3872 populo
1101 3802 1334 3855 Romano
1375 3809 1648 3869 propterea
1687 3799 1822 3869 leges

227 3914 340 3954 non
365 3907 483 3952 sunt
504 3913 535 3949 a
556 3896 846 3950 numinibus
876 3895 1180 3959 constitutas,
1203 3894 1342 3963 quia,
1376 3895 1505 3947 sicut
1536 3893 1820 3949 Sallustius

230 3991 335 4054 ait,
347 3990 435 4058 ius
460 3989 764 4055 bonumque
788 3986 929 4055 apud
958 4000 1051 4039 eos
1084 3999 1189 4037 non
1220 3984 1427 4053 legibus
1456 3984 1628 4052 magis
1657 3995 1818 4052 quam

228 4091 428 4137 natura
449 4080 694 4135 valebat?
735 4079 813 4131 Ea:
836 4078 933 4130 hoc
950 4079 1071 4147 jure
1096 4092 1157 4129 ac
1183 4076 1313 4129 bono
1340 4076 1488 4129 credo
1515 4085 1688 4144 raptas
1714 4086 1822 4127 esse

240 4178 491 4233 Sabinas.
518 4174 654 4241 Quid
684 4176 815 4226 enim
836 4171 1029 4243 justius
1059 4179 1106 4224 et
1132 4170 1309 4222 melius
1336 4184 1488 4238 quam
1532 4168 1669 4235 ﬁlias
1698 4168 1821 4219 alie-

228 4286 325 4324 nas
355 4270 534 4339 fraude
563 4264 837 4337 spectaculi
875 4256 1130 4326 inductas,
1172 4274 1276 4313 non
1316 4275 1348 4310 a
1390 4257 1686 4327 parentibus
1728 4271 1819 4309 ac-

230 4367 359 4436 cipi,
393 4364 479 4419 sed
509 4364 575 4425 vi,
607 4370 662 4415 ut
690 4360 899 4431 quisque
938 4363 1173 4425 poterat,
1203 4356 1400 4425 auferri
1414 4351 1459 4424 ?]
1500 4353 1687 4406 Merito
1710 4353 1820 4405 Au-

232 4460 478 4530 gustinus
510 4456 597 4510 hic
625 4464 679 4510 et
721 4455 776 4509 in
806 4450 1151 4522 sequentibus
1195 4448 1383 4503 irridet
1420 4446 1560 4517 quod
1594 4444 1819 4500 Romani

229 4550 506 4623 iactabant
529 4548 598 4601 de
624 4547 822 4601 virtute
848 4542 1185 4599 conditorum
1215 4538 1524 4609 reipublicae
1564 4550 1675 4591 suae
1698 4578 1713 4602 ,
1766 4544 1820 4591 et

233 4734 473 4791 ostendit
502 4746 567 4786 ex
598 4731 873 4797 Sallustio,
904 4726 1358 4798 quemadmodum
1389 4724 1546 4778 etiam
1573 4737 1641 4777 ex
1671 4721 1820 4777 Livio

144 4832 161 4870 ί
238 4826 605 4895 Dionysioque
635 4824 1062 4887 Halicarnasseo,
1093 4828 1304 4875 constat
1332 4827 1543 4873 veteres
1568 4817 1689 4871 illos
1714 4815 1822 4870 Ro-

237 4930 429 4974 manos
460 4915 727 4982 perpetuis
770 4914 1119 4967 seditionibus
1141 4958 1155 4982 ,
1203 4928 1270 4967 ex
1299 4909 1624 4965 intolerabili
1665 4908 1819 4963 nobi-

234 5013 366 5066 lium
393 5002 648 5073 inittstitia
673 5004 832 5069 natis,
864 5003 1007 5057 domi
1038 5004 1263 5072 agitatos
1295 5002 1493 5066 fuisse;
1535 5000 1663 5053 foris
1689 5014 1820 5054 vero

110 5108 159 5159 st
234 5103 390 5157 bellis
422 5096 623 5149 vicinos
668 5107 856 5148 omnes
885 5109 1106 5148 vexasse
1131 5135 1146 5159 ,
1195 5110 1311 5163 qum
1354 5094 1472 5148 sine
1499 5104 1707 5146 summa
1734 5091 1812 5145 in-

235 5196 436 5267 iustitia
458 5234 474 5258 ,
508 5186 896 5245 inhumanitate
931 5195 985 5239 et
1008 5183 1324 5239 crudelitate
1352 5194 1501 5255 gesta
1534 5198 1639 5239 non
1666 5190 1814 5247 sunt,

134 5286 161 5331 it
236 5287 477 5358 quamvis
520 5284 587 5339 ab
632 5278 902 5336 historicis
960 5276 1219 5345 speciosis
1268 5278 1571 5331 nominibus
1614 5276 1815 5330 amoris

236 5379 479 5450 imperii,
509 5376 693 5447 patriae
725 5384 779 5427 et
808 5368 1133 5425 fortitudinis
1162 5368 1422 5422 velentur.
1478 5369 1534 5424 Si
1576 5371 1815 5423 conscri-

238 5473 454 5527 berettrr
502 5464 720 5523 hiatoﬁa
765 5464 1005 5519 Romana
1054 5462 1170 5515 sine
1214 5460 1367 5524 fuco,
1420 5470 1475 5514 et
1520 5461 1809 5526 adhibitis,

238 5578 345 5618 non
392 5561 661 5615 rhetorum
710 5555 1007 5620 coloribus,
1056 5552 1250 5622 quibus
1278 5551 1463 5605 vitium
1496 5566 1590 5619 pro
1620 5553 1816 5605 virtute

237 5656 560 5721 vcnditatur,
585 5650 1080 5723 prteconceptisque
1108 5657 1310 5702 temere
1338 5644 1696 5713 opinionibus,
1720 5644 1812 5699 sed

238 5759 400 5808 recta:
440 5748 658 5801 rationis
701 5752 755 5800 et
784 5759 928 5799 vera:
955 5741 1167 5804 virtutis
1208 5739 1498 5793 luminibus
1524 5782 1537 5805 ,
1586 5738 1815 5807 liqueret

240 5841 631 5899 laudatisslmos
672 5837 791 5893 illos
836 5844 1047 5893 veteres
1097 5834 1369 5890 Romanos
1416 5832 1584 5889 fuisse
1633 5845 1810 5888 meros

1926 3337 2135 3391 facinus
2183 3335 2248 3389 ad
2304 3335 2503 3389 bellum
2535 3335 2853 3395 Actiacum,
2903 3332 3044 3403 quod
3074 3337 3342 3401 Augustus
3388 3350 3511 3391 cum

1923 3431 2157 3485 Antonio
2195 3426 2395 3498 gessit;
2435 3426 2578 3496 quod
2613 3416 2751 3480 vero
2782 3424 2868 3480 hic
2905 3434 3154 3479 narratur
3181 3429 3414 3495 pertinet
3442 3428 3512 3485 ad

1925 3524 2135 3578 initium
2158 3521 2282 3575 belli
2306 3520 2535 3591 Syllani,
2556 3518 2881 3588 contigitque
2904 3519 2957 3572 in
2988 3520 3176 3588 praelia
3202 3520 3341 3589 quod
3371 3531 3512 3576 com-

1923 3614 2068 3668 misit
2109 3614 2207 3668 Cn.
2254 3612 2541 3680 Pompeius
2570 3625 2690 3664 cum
2720 3610 2781 3665 L.
2816 3610 3065 3665 Cornelio
3090 3611 3281 3678 Cinna,
3310 3612 3377 3667 de
3406 3628 3513 3684 quo

1923 3709 2102 3763 Livius
2120 3708 2216 3762 lib.
2231 3722 2412 3762 Lutx.
2432 3707 2519 3759 Bis
2538 3705 2678 3760 idem
2702 3705 2874 3774 potuit
2894 3706 3222 3776 contingere,
3239 3711 3507 3765 autetiam

1923 3810 2079 3870 poeta
2109 3798 2175 3853 ad
2207 3798 2351 3852 aliud
2382 3796 2580 3851 bellum
2608 3797 2747 3863 quod
2775 3796 2827 3850 in
2850 3796 2956 3850 alio
2985 3799 3281 3867 contigerat
3304 3801 3507 3856 retulit.

2047 3912 2158 3961 Exit
2183 3911 2230 3959 in
2254 3911 2539 3958 immensum
2560 3907 2766 3955 fecunda
2798 3908 2996 3956 licentia
3022 3915 3202 3968 vatum,

2108 3973 2310 4033 Obligat
2334 3972 2563 4020 historica
2587 3982 2680 4018 nec
2709 3982 2797 4017 sua
2822 3972 2971 4019 verba
2998 3972 3107 4019 title.

1994 4075 2124 4145 Cap.
2153 4075 2245 4129 27.
2291 4073 2384 4127 Vir
2412 4074 2580 4144 gravis
2615 4082 2663 4126 et
2698 4073 3107 4141 philosophaster
3142 4074 3344 4131 Tullius
3387 4078 3512 4131 cedi-

1925 4169 1987 4221 lis
2018 4168 2219 4232 futurus
2249 4163 2541 4227 clamabat,
2573 4162 2703 4233 etc.]
2735 4162 2990 4227 Quamvis
3018 4163 3288 4219 ethnicam
3339 4167 3511 4235 philo-

1922 4261 2165 4329 sophiam
2205 4256 2482 4325 sapientia:
2508 4254 2827 4310 Christiana:
2855 4255 3103 4309 collatam
3134 4257 3326 4311 merito
3354 4274 3507 4327 sper-

1924 4358 2079 4406 neret
2106 4348 2429 4419 Augustinus
2455 4390 2470 4413 ,
2502 4357 2679 4401 tamen
2705 4361 2923 4416 semper
2952 4347 3171 4401 maximi
3203 4348 3325 4403 fecit
3358 4349 3510 4406 Cice-

1925 4461 2111 4500 ronem
2132 4485 2148 4509 ,
2195 4442 2596 4511 honoriﬁceque
2627 4441 2823 4510 ubique
2852 4440 2919 4495 de
2948 4454 3013 4495 eo
3042 4440 3253 4496 locutus
3284 4452 3366 4498 est
3393 4485 3408 4510 ,
3453 4453 3509 4503 et

1922 4540 2059 4593 forte
2086 4538 2339 4606 pleraque
2370 4549 2487 4603 qua:
2511 4532 2578 4587 de
2610 4532 2946 4602 philosophia
2974 4542 3128 4587 norat
3157 4533 3206 4588 ei
3238 4534 3501 4605 debebat;

144 4653 161 4687 ξε
233 4644 485 4713 proxime
532 4648 835 4693 secutarum
901 4636 1018 4705 eius
1076 4640 1319 4688 aetatum.
1366 4631 1499 4685 Nam
1550 4644 1717 4693 sane,
1765 4637 1822 4684 ut
1846 4632 2049 4693 Dnam
2078 4629 2143 4683 ad
2174 4628 2482 4683 Graecorum
2514 4627 2687 4680 fontes
2718 4641 2988 4697 nunquam
3014 4669 3028 4693 ,
3064 4637 3119 4682 ut
3147 4636 3331 4684 notum
3376 4642 3502 4702 est,

1923 4726 2072 4779 adiit.
2098 4723 2279 4792 Itaque
2299 4721 2429 4775 mihi
2460 4720 2782 4791 persuadere
2811 4735 2917 4775 non
2941 4734 3159 4790 possum
3188 4722 3505 4781 Ciceronem

1923 4817 1990 4871 ab
2018 4832 2083 4870 eo
2114 4815 2183 4868 ita
2214 4813 2559 4882 contemptim
2608 4812 2845 4865 habitum
2874 4852 2889 4877 ,
2939 4820 2995 4866 ut
3035 4814 3506 4884 philosophastrum

1924 4918 2157 4964 vocaret.
2192 4908 2437 4975 Plerique
2464 4919 2592 4959 mss.
2616 4905 2813 4959 habent
2841 4906 3179 4977 philosophus
3222 4910 3502 4969 tertullius.

1923 5007 2011 5061 alii
2034 5004 2307 5069 tertullius,
2328 5019 2465 5058 unus
2486 5002 2825 5058 Corbciensis
2852 5003 3259 5075 philosOphaster
3278 5006 3500 5072 Tullius,

1924 5096 2375 5170 quemadmodum
2435 5095 2717 5165 legendum
2777 5097 3084 5164 coniecerat
3135 5098 3268 5151 Lud.
3323 5098 3501 5157 Vives.

1920 5188 2254 5243 Crediderim
2281 5187 2333 5240 in
2358 5186 2742 5256 antiquissimis
2764 5186 3034 5241 codicibus
3056 5188 3310 5256 scriptum
3341 5190 3502 5246 fuisse

1924 5277 2396 5335 PHILOSOPHUS
2425 5278 2492 5331 Μ.
2527 5277 2836 5343 TULLIUS,
2866 5278 3059 5332 deinde
3089 5294 3185 5346 pro
3216 5280 3267 5333 Μ
3294 5294 3323 5333 a
3353 5280 3502 5336 festi-

1922 5382 2084 5429 nante
2116 5373 2332 5427 librario
2378 5371 2571 5425 lectum
2603 5380 2694 5424 aut
2732 5372 2987 5439 scriptum
3018 5369 3104 5433 Ill,
3133 5372 3271 5439 quod
3316 5384 3497 5443 postea

1920 5478 2232 5535 expressum
2275 5472 2385 5529 ter;
2424 5463 2564 5516 unde
2612 5462 2765 5515 nobis
2807 5469 2963 5513 natus
3002 5461 3335 5535 philosophus
3377 5466 3475 5521 Ter

1923 5557 2101 5611 tullius
2124 5598 2139 5621 ,
2182 5564 2273 5609 aut
2302 5565 2374 5609 ter
2400 5554 2603 5607 Tullius
2630 5594 2645 5617 ,
2688 5562 2779 5605 aut
2819 5551 3049 5621 denique
3090 5554 3499 5626 philosophaster

1922 5646 2127 5700 Tullius
2151 5690 2164 5712 ,
2213 5646 2381 5699 invito
2404 5686 2419 5709 ,
2468 5643 2569 5697 nisi
2612 5643 2787 5709 fallor,
2822 5643 3120 5712 Augustino
3144 5690 3158 5714 ,
3192 5649 3280 5717 qui
3313 5651 3497 5705 existi-

1920 5740 2098 5792 mabat
2124 5739 2192 5793 ab
2221 5752 2286 5792 eo
2312 5738 2365 5789 in
2390 5735 2573 5789 Latina
2597 5736 2771 5805 lingua
2810 5735 3181 5808 philosophiam
3204 5741 3492 5796 inchoatam

1920 5840 1965 5885 et
1992 5832 2288 5901 perfectam,
2320 5836 2502 5883 contra
2522 5827 2773 5883 Academ.
2792 5828 2884 5883 lib.
2907 5843 2943 5895 ι,
2965 5846 3019 5885 n.
3038 5832 3091 5885 8.
3114 5833 3191 5887 Ac
3218 5845 3367 5896 sane.
3392 5832 3493 5887 hoc
