  <div class='ocr_page' id='page_1' title='image "/cluster/home/n/w/nwhite01/storage/ocr_20150623/67/hvd.32044015547185/237.png"; bbox 0 0 4060 6364; ppageno 0'>
   <div class='ocr_carea' id='block_1_1' title="bbox 551 320 659 375">
    <p class='ocr_par' dir='ltr' id='par_1_1' title="bbox 551 320 659 375">
     <span class='ocr_line' id='line_1_1' title="bbox 551 320 659 375; baseline 0.009 -1"><span class='ocrx_word' id='word_1_1' title='bbox 551 320 659 375; x_wconf 73' lang='grc'><strong>463</strong></span> 
     </span>
    </p>
   </div>
   <div class='ocr_carea' id='block_1_2' title="bbox 1441 310 3835 373">
    <p class='ocr_par' dir='ltr' id='par_1_2' title="bbox 1441 310 3835 373">
     <span class='ocr_line' id='line_1_2' title="bbox 1441 310 3835 373; baseline -0.001 0"><span class='ocrx_word' id='word_1_2' title='bbox 1441 314 1991 373; x_wconf 71' lang='lat' dir='ltr'><strong>SUPPLEMENTUM</strong></span> <span class='ocrx_word' id='word_1_3' title='bbox 2032 317 2124 370; x_wconf 79' lang='lat' dir='ltr'><strong>Al)</strong></span> <span class='ocrx_word' id='word_1_4' title='bbox 2165 314 2396 373; x_wconf 79' lang='lat' dir='ltr'><strong>OPERA</strong></span> <span class='ocrx_word' id='word_1_5' title='bbox 2440 316 2496 370; x_wconf 87' lang='lat' dir='ltr'><strong>S.</strong></span> <span class='ocrx_word' id='word_1_6' title='bbox 2541 310 2934 371; x_wconf 73' lang='lat' dir='ltr'><strong>AUGUSTINI.</strong></span> <span class='ocrx_word' id='word_1_7' title='bbox 3749 313 3835 371; x_wconf 66' lang='grc'><strong>161</strong></span> 
     </span>
    </p>
   </div>
   <div class='ocr_carea' id='block_1_3' title="bbox 550 424 3839 509">
    <p class='ocr_par' dir='ltr' id='par_1_3' title="bbox 550 424 3839 509">
     <span class='ocr_line' id='line_1_3' title="bbox 550 424 3839 509; baseline -0.003 -18"><span class='ocrx_word' id='word_1_8' title='bbox 550 436 671 506; x_wconf 88' lang='lat' dir='ltr'><strong>ipso</strong></span> <span class='ocrx_word' id='word_1_9' title='bbox 693 436 744 491; x_wconf 92' lang='lat' dir='ltr'><strong>in</strong></span> <span class='ocrx_word' id='word_1_10' title='bbox 768 436 906 504; x_wconf 91' lang='lat' dir='ltr'><strong>loco,</strong></span> <span class='ocrx_word' id='word_1_11' title='bbox 928 450 1031 493; x_wconf 79' lang='lat' dir='ltr'><strong>vox</strong></span> <span class='ocrx_word' id='word_1_12' title='bbox 1058 450 1229 509; x_wconf 81' lang='lat' dir='ltr'><strong>gravis</strong></span> <span class='ocrx_word' id='word_1_13' title='bbox 1259 432 1496 489; x_wconf 75' lang='lat' dir='ltr'><strong>ostendit</strong></span> <span class='ocrx_word' id='word_1_14' title='bbox 1519 433 1873 502; x_wconf 74' lang='lat' dir='ltr'><strong>Augustinum</strong></span> <span class='ocrx_word' id='word_1_15' title='bbox 1907 431 2140 489; x_wconf 89' lang='lat' dir='ltr'><strong>voluisse</strong></span> <span class='ocrx_word' id='word_1_16' title='bbox 2170 440 2219 495; x_wconf 76' lang='grc' dir='ltr'>Α</span> <span class='ocrx_word' id='word_1_17' title='bbox 2248 442 2409 487; x_wconf 82' lang='lat' dir='ltr'><strong>esset.</strong></span> <span class='ocrx_word' id='word_1_18' title='bbox 2444 431 2686 499; x_wconf 87' lang='lat' dir='ltr'><strong>Scriptor</strong></span> <span class='ocrx_word' id='word_1_19' title='bbox 2732 430 2798 484; x_wconf 91' lang='lat' dir='ltr'><strong>de</strong></span> <span class='ocrx_word' id='word_1_20' title='bbox 2833 429 2980 484; x_wconf 91' lang='lat' dir='ltr'><strong>Bello</strong></span> <span class='ocrx_word' id='word_1_21' title='bbox 3025 426 3295 484; x_wconf 78' lang='lat' dir='ltr'><strong>Africano</strong></span> <span class='ocrx_word' id='word_1_22' title='bbox 3346 438 3475 495; x_wconf 89' lang='lat' dir='ltr'><strong>cap.</strong></span> <span class='ocrx_word' id='word_1_23' title='bbox 3509 424 3581 478; x_wconf 76' lang='lat' dir='ltr'><strong>s7</strong></span> <span class='ocrx_word' id='word_1_24' title='bbox 3618 442 3631 478; x_wconf 86' lang='lat'><strong>:</strong></span> <span class='ocrx_word' id='word_1_25' title='bbox 3670 424 3839 501; x_wconf 75' lang='lat' dir='ltr'><strong>Vigitia</strong></span> 
     </span>
    </p>
   </div>
   <div class='ocr_carea' id='block_1_4' title="bbox 549 526 2138 599">
    <p class='ocr_par' dir='ltr' id='par_1_4' title="bbox 549 526 2138 599">
     <span class='ocr_line' id='line_1_4' title="bbox 549 526 2138 599; baseline -0.003 -14"><span class='ocrx_word' id='word_1_26' title='bbox 549 530 618 586; x_wconf 90' lang='lat' dir='ltr'><strong>de</strong></span> <span class='ocrx_word' id='word_1_27' title='bbox 646 547 710 585; x_wconf 92' lang='lat' dir='ltr'><strong>eo</strong></span> <span class='ocrx_word' id='word_1_28' title='bbox 741 530 1035 588; x_wconf 90' lang='lat' dir='ltr'><strong>honoritice</strong></span> <span class='ocrx_word' id='word_1_29' title='bbox 1064 530 1208 599; x_wconf 87' lang='lat' dir='ltr'><strong>loqui</strong></span> <span class='ocrx_word' id='word_1_30' title='bbox 1230 570 1245 595; x_wconf 94' lang='lat'><strong>,</strong></span> <span class='ocrx_word' id='word_1_31' title='bbox 1278 542 1377 583; x_wconf 91' lang='lat' dir='ltr'><strong>nec</strong></span> <span class='ocrx_word' id='word_1_32' title='bbox 1404 528 1747 583; x_wconf 89' lang='lat' dir='ltr'><strong>consentiunt</strong></span> <span class='ocrx_word' id='word_1_33' title='bbox 1775 540 1936 581; x_wconf 88' lang='lat' dir='ltr'><strong>voces</strong></span> <span class='ocrx_word' id='word_1_34' title='bbox 1971 526 2138 596; x_wconf 82' lang='lat' dir='ltr'><strong>grauis</strong></span> 
     </span>
    </p>
   </div>
   <div class='ocr_carea' id='block_1_5' title="bbox 550 622 1055 696">
    <p class='ocr_par' dir='ltr' id='par_1_5' title="bbox 550 622 1055 696">
     <span class='ocr_line' id='line_1_5' title="bbox 550 622 1055 696; baseline -0.008 -16"><span class='ocrx_word' id='word_1_35' title='bbox 550 633 599 680; x_wconf 78' lang='lat' dir='ltr'><strong>et</strong></span> <span class='ocrx_word' id='word_1_36' title='bbox 622 622 1055 696; x_wconf 81' lang='lat' dir='ltr'><strong>philosophaster.</strong></span> 
     </span>
    </p>
   </div>
   <div class='ocr_carea' id='block_1_6' title="bbox 620 707 2141 785">
    <p class='ocr_par' dir='ltr' id='par_1_6' title="bbox 620 707 2141 785">
     <span class='ocr_line' id='line_1_6' title="bbox 620 707 2141 785; baseline -0.008 -13"><span class='ocrx_word' id='word_1_37' title='bbox 620 716 786 771; x_wconf 81' lang='lat' dir='ltr'><strong>Lmno</strong></span> <span class='ocrx_word' id='word_1_38' title='bbox 819 733 896 771; x_wconf 88' lang='grc' dir='ltr'>ιιι.</span> <span class='ocrx_word' id='word_1_39' title='bbox 949 716 1081 785; x_wconf 88' lang='lat' dir='ltr'><strong>Cap.</strong></span> <span class='ocrx_word' id='word_1_40' title='bbox 1131 716 1187 769; x_wconf 71' lang='grc'><strong>4.</strong></span> <span class='ocrx_word' id='word_1_41' title='bbox 1248 712 1342 766; x_wconf 86' lang='lat' dir='ltr'><strong>Vir</strong></span> <span class='ocrx_word' id='word_1_42' title='bbox 1385 710 1709 765; x_wconf 85' lang='lat' dir='ltr'><strong>doctissimus</strong></span> <span class='ocrx_word' id='word_1_43' title='bbox 1757 724 1929 763; x_wconf 89' lang='lat' dir='ltr'><strong>eorum</strong></span> <span class='ocrx_word' id='word_1_44' title='bbox 1976 707 2141 761; x_wconf 82' lang='lat' dir='ltr'><strong>Varro</strong></span> 
     </span>
    </p>
   </div>
   <div class='ocr_carea' id='block_1_7' title="bbox 548 801 2135 885">
    <p class='ocr_par' dir='ltr' id='par_1_7' title="bbox 548 801 2135 885">
     <span class='ocr_line' id='line_1_7' title="bbox 548 801 2135 885; baseline -0.008 -20"><span class='ocrx_word' id='word_1_45' title='bbox 548 810 684 885; x_wconf 64' lang='lat' dir='ltr'><strong>falsa</strong></span> <span class='ocrx_word' id='word_1_46' title='bbox 714 808 823 863; x_wconf 73' lang='lat' dir='ltr'><strong>lucc</strong></span> <span class='ocrx_word' id='word_1_47' title='bbox 857 824 986 872; x_wconf 91' lang='lat' dir='ltr'><strong>esse,</strong></span> <span class='ocrx_word' id='word_1_48' title='bbox 1018 806 1249 877; x_wconf 89' lang='lat' dir='ltr'><strong>quamvis</strong></span> <span class='ocrx_word' id='word_1_49' title='bbox 1276 822 1377 858; x_wconf 88' lang='lat' dir='ltr'><strong>non</strong></span> <span class='ocrx_word' id='word_1_50' title='bbox 1404 804 1671 868; x_wconf 84' lang='lat' dir='ltr'><strong>audacter,</strong></span> <span class='ocrx_word' id='word_1_51' title='bbox 1716 817 1875 871; x_wconf 82' lang='lat' dir='ltr'><strong>neque</strong></span> <span class='ocrx_word' id='word_1_52' title='bbox 1899 801 2135 870; x_wconf 82' lang='lat' dir='ltr'><strong>fidenter,</strong></span> 
     </span>
    </p>
   </div>
   <div class='ocr_carea' id='block_1_8' title="bbox 552 892 2142 973">
    <p class='ocr_par' dir='ltr' id='par_1_8' title="bbox 552 892 2142 973">
     <span class='ocr_line' id='line_1_8' title="bbox 552 892 2142 973; baseline -0.008 -17"><span class='ocrx_word' id='word_1_53' title='bbox 552 918 679 973; x_wconf 87' lang='lat' dir='ltr'><strong>pene</strong></span> <span class='ocrx_word' id='word_1_54' title='bbox 708 910 877 955; x_wconf 87' lang='lat' dir='ltr'><strong>tamen</strong></span> <span class='ocrx_word' id='word_1_55' title='bbox 919 904 1127 971; x_wconf 79' lang='lat' dir='ltr'><strong>fatetur.</strong></span> <span class='ocrx_word' id='word_1_56' title='bbox 1156 897 1263 952; x_wconf 88' lang='lat' dir='ltr'><strong>Sed</strong></span> <span class='ocrx_word' id='word_1_57' title='bbox 1302 897 1427 949; x_wconf 88' lang='lat' dir='ltr'><strong>utile</strong></span> <span class='ocrx_word' id='word_1_58' title='bbox 1467 912 1569 949; x_wconf 87' lang='lat' dir='ltr'><strong>esse</strong></span> <span class='ocrx_word' id='word_1_59' title='bbox 1603 893 1889 947; x_wconf 84' lang='lat' dir='ltr'><strong>civitatibus</strong></span> <span class='ocrx_word' id='word_1_60' title='bbox 1916 892 2057 957; x_wconf 92' lang='lat' dir='ltr'><strong>dicit,</strong></span> <span class='ocrx_word' id='word_1_61' title='bbox 2086 900 2142 944; x_wconf 86' lang='lat' dir='ltr'><strong>ut</strong></span> 
     </span>
    </p>
   </div>
   <div class='ocr_carea' id='block_1_9' title="bbox 547 987 2142 1065">
    <p class='ocr_par' dir='ltr' id='par_1_9' title="bbox 547 987 2142 1065">
     <span class='ocr_line' id='line_1_9' title="bbox 547 987 2142 1065; baseline -0.009 -14"><span class='ocrx_word' id='word_1_62' title='bbox 547 1012 605 1051; x_wconf 85' lang='lat' dir='ltr'><strong>se</strong></span> <span class='ocrx_word' id='word_1_63' title='bbox 641 996 734 1049; x_wconf 84' lang='lat' dir='ltr'><strong>uiri</strong></span> <span class='ocrx_word' id='word_1_64' title='bbox 760 996 940 1065; x_wconf 89' lang='lat' dir='ltr'><strong>fortes,</strong></span> <span class='ocrx_word' id='word_1_65' title='bbox 970 991 1168 1044; x_wconf 83' lang='lat' dir='ltr'><strong>etiamsi</strong></span> <span class='ocrx_word' id='word_1_66' title='bbox 1200 990 1391 1057; x_wconf 88' lang='lat' dir='ltr'><strong>falsum</strong></span> <span class='ocrx_word' id='word_1_67' title='bbox 1420 990 1508 1053; x_wconf 88' lang='lat' dir='ltr'><strong>sit,</strong></span> <span class='ocrx_word' id='word_1_68' title='bbox 1537 987 1637 1039; x_wconf 87' lang='lat' dir='ltr'><strong>diis</strong></span> <span class='ocrx_word' id='word_1_69' title='bbox 1678 987 1868 1055; x_wconf 90' lang='lat' dir='ltr'><strong>genitos</strong></span> <span class='ocrx_word' id='word_1_70' title='bbox 1896 1000 2003 1038; x_wconf 89' lang='lat' dir='ltr'><strong>esse</strong></span> <span class='ocrx_word' id='word_1_71' title='bbox 2032 999 2142 1037; x_wconf 87' lang='lat' dir='ltr'><strong>cre-</strong></span> 
     </span>
    </p>
   </div>
   <div class='ocr_carea' id='block_1_10' title="bbox 549 1076 2142 1148">
    <p class='ocr_par' dir='ltr' id='par_1_10' title="bbox 549 1076 2142 1148">
     <span class='ocr_line' id='line_1_10' title="bbox 549 1076 2142 1148; baseline -0.009 -5"><span class='ocrx_word' id='word_1_72' title='bbox 549 1092 710 1148; x_wconf 87' lang='lat' dir='ltr'><strong>dant:</strong></span> <span class='ocrx_word' id='word_1_73' title='bbox 742 1098 795 1141; x_wconf 92' lang='lat' dir='ltr'><strong>ut</strong></span> <span class='ocrx_word' id='word_1_74' title='bbox 826 1104 885 1141; x_wconf 86' lang='lat' dir='ltr'><strong>eo</strong></span> <span class='ocrx_word' id='word_1_75' title='bbox 914 1086 1064 1137; x_wconf 86' lang='lat' dir='ltr'><strong>modo</strong></span> <span class='ocrx_word' id='word_1_76' title='bbox 1093 1084 1291 1136; x_wconf 84' lang='lat' dir='ltr'><strong>animus</strong></span> <span class='ocrx_word' id='word_1_77' title='bbox 1315 1082 1591 1144; x_wconf 81' lang='lat' dir='ltr'><strong>humanus,</strong></span> <span class='ocrx_word' id='word_1_78' title='bbox 1609 1079 1739 1131; x_wconf 83' lang='lat' dir='ltr'><strong>velut</strong></span> <span class='ocrx_word' id='word_1_79' title='bbox 1764 1078 1947 1130; x_wconf 81' lang='lat' dir='ltr'><strong>divina:</strong></span> <span class='ocrx_word' id='word_1_80' title='bbox 1970 1076 2142 1143; x_wconf 76' lang='lat' dir='ltr'><strong>stirpis</strong></span> 
     </span>
    </p>
   </div>
   <div class='ocr_carea' id='block_1_11' title="bbox 546 1171 2142 1250">
    <p class='ocr_par' dir='ltr' id='par_1_11' title="bbox 546 1171 2142 1250">
     <span class='ocr_line' id='line_1_11' title="bbox 546 1171 2142 1250; baseline -0.008 -18"><span class='ocrx_word' id='word_1_81' title='bbox 546 1181 793 1250; x_wconf 67' lang='lat' dir='ltr'><strong>ﬁduciam</strong></span> <span class='ocrx_word' id='word_1_82' title='bbox 840 1193 1048 1247; x_wconf 82' lang='lat' dir='ltr'><strong>gerens,</strong></span> <span class='ocrx_word' id='word_1_83' title='bbox 1093 1191 1171 1227; x_wconf 89' lang='lat' dir='ltr'><strong>res</strong></span> <span class='ocrx_word' id='word_1_84' title='bbox 1220 1190 1432 1245; x_wconf 82' lang='lat' dir='ltr'><strong>magnas</strong></span> <span class='ocrx_word' id='word_1_85' title='bbox 1463 1171 1829 1242; x_wconf 83' lang='lat' dir='ltr'><strong>aggrediendas</strong></span> <span class='ocrx_word' id='word_1_86' title='bbox 1868 1176 2142 1240; x_wconf 70' lang='lat' dir='ltr'><strong>prmsumat</strong></span> 
     </span>
    </p>
   </div>
   <div class='ocr_carea' id='block_1_12' title="bbox 548 1262 2191 1345">
    <p class='ocr_par' dir='ltr' id='par_1_12' title="bbox 548 1262 2191 1345">
     <span class='ocr_line' id='line_1_12' title="bbox 548 1262 2191 1345; baseline -0.007 -20"><span class='ocrx_word' id='word_1_87' title='bbox 548 1272 817 1335; x_wconf 85' lang='lat' dir='ltr'><strong>audacius,</strong></span> <span class='ocrx_word' id='word_1_88' title='bbox 850 1266 981 1337; x_wconf 77' lang='lat' dir='ltr'><strong>etc.]</strong></span> <span class='ocrx_word' id='word_1_89' title='bbox 1009 1267 1179 1321; x_wconf 83' lang='lat' dir='ltr'><strong>Nemo</strong></span> <span class='ocrx_word' id='word_1_90' title='bbox 1209 1266 1560 1336; x_wconf 73' lang='lat' dir='ltr'><strong>philosophiae</strong></span> <span class='ocrx_word' id='word_1_91' title='bbox 1593 1263 1751 1345; x_wconf 83' lang='lat' dir='ltr'><strong>paulo</strong></span> <span class='ocrx_word' id='word_1_92' title='bbox 1782 1262 2001 1331; x_wconf 87' lang='lat' dir='ltr'><strong>peritior</strong></span> <span class='ocrx_word' id='word_1_93' title='bbox 2027 1274 2144 1315; x_wconf 91' lang='lat' dir='ltr'><strong>cre-</strong></span> <span class='ocrx_word' id='word_1_94' title='bbox 2179 1264 2191 1277; x_wconf 90' lang='lat'><strong>&#39;</strong></span> 
     </span>
    </p>
   </div>
   <div class='ocr_carea' id='block_1_13' title="bbox 549 1355 2141 1425">
    <p class='ocr_par' dir='ltr' id='par_1_13' title="bbox 549 1355 2141 1425">
     <span class='ocr_line' id='line_1_13' title="bbox 549 1355 2141 1425; baseline -0.006 -7"><span class='ocrx_word' id='word_1_95' title='bbox 549 1363 687 1418; x_wconf 85' lang='lat' dir='ltr'><strong>didit</strong></span> <span class='ocrx_word' id='word_1_96' title='bbox 714 1372 971 1416; x_wconf 68' lang='lat' dir='ltr'><strong>aeternum</strong></span> <span class='ocrx_word' id='word_1_97' title='bbox 1014 1376 1208 1414; x_wconf 86' lang='lat' dir='ltr'><strong>numen</strong></span> <span class='ocrx_word' id='word_1_98' title='bbox 1256 1359 1538 1413; x_wconf 87' lang='lat' dir='ltr'><strong>mnlierunt</strong></span> <span class='ocrx_word' id='word_1_99' title='bbox 1582 1372 1772 1411; x_wconf 87' lang='lat' dir='ltr'><strong>amore</strong></span> <span class='ocrx_word' id='word_1_100' title='bbox 1813 1370 1971 1425; x_wconf 89' lang='lat' dir='ltr'><strong>posse</strong></span> <span class='ocrx_word' id='word_1_101' title='bbox 1997 1355 2141 1423; x_wconf 85' lang='lat' dir='ltr'><strong>capi.</strong></span> 
     </span>
    </p>
   </div>
   <div class='ocr_carea' id='block_1_14' title="bbox 549 1447 2144 1523">
    <p class='ocr_par' dir='ltr' id='par_1_14' title="bbox 549 1447 2144 1523">
     <span class='ocr_line' id='line_1_14' title="bbox 549 1447 2144 1523; baseline -0.004 -15"><span class='ocrx_word' id='word_1_102' title='bbox 549 1453 733 1523; x_wconf 85' lang='lat' dir='ltr'><strong>Itaque</strong></span> <span class='ocrx_word' id='word_1_103' title='bbox 759 1452 1059 1521; x_wconf 65' lang='lat' dir='ltr'><strong>qumrettdm</strong></span> <span class='ocrx_word' id='word_1_104' title='bbox 1085 1450 1477 1505; x_wconf 86' lang='lat' dir='ltr'><strong>eordatioribus</strong></span> <span class='ocrx_word' id='word_1_105' title='bbox 1502 1449 1649 1503; x_wconf 83' lang='lat' dir='ltr'><strong>luere</strong></span> <span class='ocrx_word' id='word_1_106' title='bbox 1677 1463 1855 1501; x_wconf 61' lang='lat' dir='ltr'><strong>causa:</strong></span> <span class='ocrx_word' id='word_1_107' title='bbox 1882 1458 1977 1501; x_wconf 88' lang='lat' dir='ltr'><strong>cur</strong></span> <span class='ocrx_word' id='word_1_108' title='bbox 2004 1447 2144 1501; x_wconf 88' lang='lat' dir='ltr'><strong>anti-</strong></span> 
     </span>
    </p>
   </div>
   <div class='ocr_carea' id='block_1_15' title="bbox 550 1540 2141 1614">
    <p class='ocr_par' dir='ltr' id='par_1_15' title="bbox 550 1540 2141 1614">
     <span class='ocr_line' id='line_1_15' title="bbox 550 1540 2141 1614; baseline -0.004 -15"><span class='ocrx_word' id='word_1_109' title='bbox 550 1547 806 1614; x_wconf 79' lang='lat' dir='ltr'><strong>quissima</strong></span> <span class='ocrx_word' id='word_1_110' title='bbox 840 1543 978 1599; x_wconf 83' lang='lat' dir='ltr'><strong>fama</strong></span> <span class='ocrx_word' id='word_1_111' title='bbox 1002 1552 1081 1598; x_wconf 87' lang='lat' dir='ltr'><strong>tot</strong></span> <span class='ocrx_word' id='word_1_112' title='bbox 1112 1544 1246 1597; x_wconf 83' lang='lat' dir='ltr'><strong>ﬁlios</strong></span> <span class='ocrx_word' id='word_1_113' title='bbox 1277 1542 1499 1597; x_wconf 89' lang='lat' dir='ltr'><strong>deorum</strong></span> <span class='ocrx_word' id='word_1_114' title='bbox 1534 1540 1881 1612; x_wconf 78' lang='lat' dir='ltr'><strong>przedicaret;</strong></span> <span class='ocrx_word' id='word_1_115' title='bbox 1915 1554 2141 1608; x_wconf 87' lang='lat' dir='ltr'><strong>quarum</strong></span> 
     </span>
    </p>
   </div>
   <div class='ocr_carea' id='block_1_16' title="bbox 549 1632 2141 1702">
    <p class='ocr_par' dir='ltr' id='par_1_16' title="bbox 549 1632 2141 1702">
     <span class='ocr_line' id='line_1_16' title="bbox 549 1632 2141 1702; baseline -0.004 -11"><span class='ocrx_word' id='word_1_116' title='bbox 549 1638 816 1691; x_wconf 83' lang='lat' dir='ltr'><strong>rationum</strong></span> <span class='ocrx_word' id='word_1_117' title='bbox 869 1650 1025 1689; x_wconf 88' lang='lat' dir='ltr'><strong>unam</strong></span> <span class='ocrx_word' id='word_1_118' title='bbox 1061 1636 1199 1689; x_wconf 89' lang='lat' dir='ltr'><strong>hanc</strong></span> <span class='ocrx_word' id='word_1_119' title='bbox 1226 1634 1394 1688; x_wconf 79' lang='lat' dir='ltr'><strong>Varro</strong></span> <span class='ocrx_word' id='word_1_120' title='bbox 1426 1632 1776 1702; x_wconf 87' lang='lat' dir='ltr'><strong>prodiderat,</strong></span> <span class='ocrx_word' id='word_1_121' title='bbox 1810 1632 1862 1685; x_wconf 92' lang='lat' dir='ltr'><strong>in</strong></span> <span class='ocrx_word' id='word_1_122' title='bbox 1890 1632 2141 1701; x_wconf 82' lang='lat' dir='ltr'><strong>qquiam</strong></span> 
     </span>
    </p>
   </div>
   <div class='ocr_carea' id='block_1_17' title="bbox 548 1725 2143 1797">
    <p class='ocr_par' dir='ltr' id='par_1_17' title="bbox 548 1725 2143 1797">
     <span class='ocr_line' id='line_1_17' title="bbox 548 1725 2143 1797; baseline -0.003 -14"><span class='ocrx_word' id='word_1_123' title='bbox 548 1725 686 1783; x_wconf 85' lang='lat' dir='ltr'><strong>libro</strong></span> <span class='ocrx_word' id='word_1_124' title='bbox 716 1744 783 1781; x_wconf 86' lang='lat' dir='ltr'><strong>ex</strong></span> <span class='ocrx_word' id='word_1_125' title='bbox 817 1729 879 1782; x_wconf 92' lang='lat' dir='ltr'><strong>iis</strong></span> <span class='ocrx_word' id='word_1_126' title='bbox 909 1742 1044 1797; x_wconf 90' lang='lat' dir='ltr'><strong>quos</strong></span> <span class='ocrx_word' id='word_1_127' title='bbox 1083 1736 1231 1780; x_wconf 87' lang='lat' dir='ltr'><strong>tanto</strong></span> <span class='ocrx_word' id='word_1_128' title='bbox 1278 1742 1502 1779; x_wconf 90' lang='lat' dir='ltr'><strong>numero</strong></span> <span class='ocrx_word' id='word_1_129' title='bbox 1531 1725 1824 1793; x_wconf 86' lang='lat' dir='ltr'><strong>scripserat</strong></span> <span class='ocrx_word' id='word_1_130' title='bbox 1851 1733 1903 1778; x_wconf 92' lang='lat' dir='ltr'><strong>et</strong></span> <span class='ocrx_word' id='word_1_131' title='bbox 1930 1725 2019 1794; x_wconf 86' lang='lat' dir='ltr'><strong>qui</strong></span> <span class='ocrx_word' id='word_1_132' title='bbox 2049 1740 2143 1793; x_wconf 84' lang='lat' dir='ltr'><strong>pe-</strong></span> 
     </span>
    </p>
   </div>
   <div class='ocr_carea' id='block_1_18' title="bbox 2247 524 3843 588">
    <p class='ocr_par' dir='ltr' id='par_1_18' title="bbox 2247 524 3843 588">
     <span class='ocr_line' id='line_1_18' title="bbox 2247 524 3843 588; baseline -0.003 -8"><span class='ocrx_word' id='word_1_133' title='bbox 2247 525 2471 580; x_wconf 87' lang='lat' dir='ltr'><strong>secunda</strong></span> <span class='ocrx_word' id='word_1_134' title='bbox 2500 525 2658 578; x_wconf 87' lang='lat' dir='ltr'><strong>noctis</strong></span> <span class='ocrx_word' id='word_1_135' title='bbox 2678 564 2691 588; x_wconf 91' lang='lat'><strong>,</strong></span> <span class='ocrx_word' id='word_1_136' title='bbox 2723 524 2919 577; x_wconf 87' lang='lat' dir='ltr'><strong>nimbus</strong></span> <span class='ocrx_word' id='word_1_137' title='bbox 2947 540 3060 576; x_wconf 88' lang='lat' dir='ltr'><strong>cum</strong></span> <span class='ocrx_word' id='word_1_138' title='bbox 3089 539 3273 578; x_wconf 67' lang='lat' dir='ltr'><strong>sum</strong></span> <span class='ocrx_word' id='word_1_139' title='bbox 3308 534 3587 577; x_wconf 61' lang='lat' dir='ltr'><strong>annuum:</strong></span> <span class='ocrx_word' id='word_1_140' title='bbox 3616 529 3684 573; x_wconf 89' lang='lat' dir='ltr'><strong>est</strong></span> <span class='ocrx_word' id='word_1_141' title='bbox 3713 537 3843 576; x_wconf 64' lang='lat' dir='ltr'><strong>exor—</strong></span> 
     </span>
    </p>
   </div>
   <div class='ocr_carea' id='block_1_19' title="bbox 2248 620 2555 689">
    <p class='ocr_par' dir='ltr' id='par_1_19' title="bbox 2248 620 2555 689">
     <span class='ocr_line' id='line_1_19' title="bbox 2248 620 2555 689; baseline -0.007 -16"><span class='ocrx_word' id='word_1_142' title='bbox 2248 629 2326 673; x_wconf 87' lang='lat' dir='ltr'><strong>tus</strong></span> <span class='ocrx_word' id='word_1_143' title='bbox 2356 620 2555 689; x_wconf 86' lang='lat' dir='ltr'><strong>ingens.</strong></span> 
     </span>
    </p>
   </div>
   <div class='ocr_carea' id='block_1_20' title="bbox 2319 692 3844 780">
    <p class='ocr_par' dir='ltr' id='par_1_20' title="bbox 2319 692 3844 780">
     <span class='ocr_line' id='line_1_20' title="bbox 2319 692 3844 780; baseline 0 -16"><span class='ocrx_word' id='word_1_144' title='bbox 2319 710 2453 765; x_wconf 82' lang='lat' dir='ltr'><strong>Ibid.</strong></span> <span class='ocrx_word' id='word_1_145' title='bbox 2483 709 2824 764; x_wconf 86' lang='lat' dir='ltr'><strong>Locustarum</strong></span> <span class='ocrx_word' id='word_1_146' title='bbox 2851 710 2986 763; x_wconf 91' lang='lat' dir='ltr'><strong>enim</strong></span> <span class='ocrx_word' id='word_1_147' title='bbox 3014 710 3066 762; x_wconf 92' lang='lat' dir='ltr'><strong>in</strong></span> <span class='ocrx_word' id='word_1_148' title='bbox 3095 708 3289 780; x_wconf 80' lang='lat' dir='ltr'><strong>Africa</strong></span> <span class='ocrx_word' id='word_1_149' title='bbox 3326 692 3720 762; x_wconf 63' lang='lat' dir='ltr'><strong>multitudinem</strong></span> <span class='ocrx_word' id='word_1_150' title='bbox 3742 727 3844 779; x_wconf 59' lang='lat' dir='ltr'><strong>pro.</strong></span> 
     </span>
    </p>
   </div>
   <div class='ocr_carea' id='block_1_21' title="bbox 2248 800 3847 875">
    <p class='ocr_par' dir='ltr' id='par_1_21' title="bbox 2248 800 3847 875">
     <span class='ocr_line' id='line_1_21' title="bbox 2248 800 3847 875; baseline 0.001 -17"><span class='ocrx_word' id='word_1_151' title='bbox 2248 804 2376 875; x_wconf 85' lang='lat' dir='ltr'><strong>digii</strong></span> <span class='ocrx_word' id='word_1_152' title='bbox 2399 804 2616 857; x_wconf 88' lang='lat' dir='ltr'><strong>similem</strong></span> <span class='ocrx_word' id='word_1_153' title='bbox 2648 804 2824 874; x_wconf 85' lang='lat' dir='ltr'><strong>fuisse,</strong></span> <span class='ocrx_word' id='word_1_154' title='bbox 2843 819 2959 857; x_wconf 88' lang='lat' dir='ltr'><strong>cum</strong></span> <span class='ocrx_word' id='word_1_155' title='bbox 2971 804 3086 872; x_wconf 85' lang='lat' dir='ltr'><strong>jam</strong></span> <span class='ocrx_word' id='word_1_156' title='bbox 3106 813 3244 857; x_wconf 87' lang='lat' dir='ltr'><strong>esset</strong></span> <span class='ocrx_word' id='word_1_157' title='bbox 3276 801 3475 873; x_wconf 89' lang='lat' dir='ltr'><strong>populi</strong></span> <span class='ocrx_word' id='word_1_158' title='bbox 3504 800 3726 856; x_wconf 84' lang='lat' dir='ltr'><strong>Romani</strong></span> <span class='ocrx_word' id='word_1_159' title='bbox 3747 822 3847 871; x_wconf 86' lang='lat' dir='ltr'><strong>pro-</strong></span> 
     </span>
    </p>
   </div>
   <div class='ocr_carea' id='block_1_22' title="bbox 2249 892 3849 965">
    <p class='ocr_par' dir='ltr' id='par_1_22' title="bbox 2249 892 3849 965">
     <span class='ocr_line' id='line_1_22' title="bbox 2249 892 3849 965; baseline 0.002 -14"><span class='ocrx_word' id='word_1_160' title='bbox 2249 898 2455 962; x_wconf 78' lang='lat' dir='ltr'><strong>vincia,</strong></span> <span class='ocrx_word' id='word_1_161' title='bbox 2499 897 2681 949; x_wconf 68' lang='lat' dir='ltr'><strong>litteris</strong></span> <span class='ocrx_word' id='word_1_162' title='bbox 2721 892 3138 965; x_wconf 81' lang='lat' dir='ltr'><strong>mandaverunt.]</strong></span> <span class='ocrx_word' id='word_1_163' title='bbox 3185 895 3299 963; x_wconf 87' lang='lat' dir='ltr'><strong>Qui</strong></span> <span class='ocrx_word' id='word_1_164' title='bbox 3356 895 3481 949; x_wconf 58' lang='lat' dir='ltr'><strong>haec</strong></span> <span class='ocrx_word' id='word_1_165' title='bbox 3528 895 3849 954; x_wconf 89' lang='lat' dir='ltr'><strong>multitudine</strong></span> 
     </span>
    </p>
   </div>
   <div class='ocr_carea' id='block_1_23' title="bbox 2248 988 3848 1059">
    <p class='ocr_par' dir='ltr' id='par_1_23' title="bbox 2248 988 3848 1059">
     <span class='ocr_line' id='line_1_23' title="bbox 2248 988 3848 1059; baseline -0.001 -12"><span class='ocrx_word' id='word_1_166' title='bbox 2248 991 2617 1059; x_wconf 82' lang='lat' dir='ltr'><strong>exemplorum</strong></span> <span class='ocrx_word' id='word_1_167' title='bbox 2661 990 2927 1043; x_wconf 90' lang='lat' dir='ltr'><strong>illustrata</strong></span> <span class='ocrx_word' id='word_1_168' title='bbox 2958 988 3141 1043; x_wconf 88' lang='lat' dir='ltr'><strong>videre</strong></span> <span class='ocrx_word' id='word_1_169' title='bbox 3185 989 3425 1055; x_wconf 83' lang='lat' dir='ltr'><strong>avehit,</strong></span> <span class='ocrx_word' id='word_1_170' title='bbox 3469 989 3633 1044; x_wconf 84' lang='lat' dir='ltr'><strong>adeat</strong></span> <span class='ocrx_word' id='word_1_171' title='bbox 3660 1001 3848 1057; x_wconf 86' lang='lat' dir='ltr'><strong>oportet</strong></span> 
     </span>
    </p>
   </div>
   <div class='ocr_carea' id='block_1_24' title="bbox 2249 1081 3847 1149">
    <p class='ocr_par' dir='ltr' id='par_1_24' title="bbox 2249 1081 3847 1149">
     <span class='ocr_line' id='line_1_24' title="bbox 2249 1081 3847 1149; baseline -0.003 -10"><span class='ocrx_word' id='word_1_172' title='bbox 2249 1083 2553 1139; x_wconf 89' lang='lat' dir='ltr'><strong>Samuelem</strong></span> <span class='ocrx_word' id='word_1_173' title='bbox 2584 1082 2907 1137; x_wconf 81' lang='lat' dir='ltr'><strong>Bocliartum</strong></span> <span class='ocrx_word' id='word_1_174' title='bbox 2929 1122 2944 1147; x_wconf 92' lang='lat'><strong>,</strong></span> <span class='ocrx_word' id='word_1_175' title='bbox 3002 1081 3315 1136; x_wconf 81' lang='lat' dir='ltr'><strong>Hieroeoici</strong></span> <span class='ocrx_word' id='word_1_176' title='bbox 3374 1089 3526 1149; x_wconf 87' lang='lat' dir='ltr'><strong>part.</strong></span> <span class='ocrx_word' id='word_1_177' title='bbox 3579 1081 3634 1143; x_wconf 69' lang='lat'><strong>2,</strong></span> <span class='ocrx_word' id='word_1_178' title='bbox 3670 1081 3757 1136; x_wconf 92' lang='lat' dir='ltr'><strong>lib.</strong></span> <span class='ocrx_word' id='word_1_179' title='bbox 3786 1098 3847 1147; x_wconf 79' lang='lat' dir='ltr'><strong>tv,</strong></span> 
     </span>
    </p>
   </div>
   <div class='ocr_carea' id='block_1_25' title="bbox 2250 1171 3849 1243">
    <p class='ocr_par' dir='ltr' id='par_1_25' title="bbox 2250 1171 3849 1243">
     <span class='ocr_line' id='line_1_25' title="bbox 2250 1171 3849 1243; baseline -0.001 -14"><span class='ocrx_word' id='word_1_180' title='bbox 2250 1189 2344 1229; x_wconf 89' lang='lat' dir='ltr'><strong>sex</strong></span> <span class='ocrx_word' id='word_1_181' title='bbox 2393 1173 2576 1243; x_wconf 86' lang='lat' dir='ltr'><strong>primis</strong></span> <span class='ocrx_word' id='word_1_182' title='bbox 2622 1172 2920 1240; x_wconf 83' lang='lat' dir='ltr'><strong>capitibus;</strong></span> <span class='ocrx_word' id='word_1_183' title='bbox 2973 1181 3028 1226; x_wconf 91' lang='lat' dir='ltr'><strong>et</strong></span> <span class='ocrx_word' id='word_1_184' title='bbox 3071 1172 3305 1227; x_wconf 85' lang='lat' dir='ltr'><strong>Joannis</strong></span> <span class='ocrx_word' id='word_1_185' title='bbox 3358 1171 3569 1227; x_wconf 87' lang='lat' dir='ltr'><strong>Clerici</strong></span> <span class='ocrx_word' id='word_1_186' title='bbox 3620 1171 3849 1227; x_wconf 87' lang='lat' dir='ltr'><strong>disserta-</strong></span> 
     </span>
    </p>
   </div>
   <div class='ocr_carea' id='block_1_26' title="bbox 2251 1262 3849 1319">
    <p class='ocr_par' dir='ltr' id='par_1_26' title="bbox 2251 1262 3849 1319">
     <span class='ocr_line' id='line_1_26' title="bbox 2251 1262 3849 1319; baseline -0.001 0"><span class='ocrx_word' id='word_1_187' title='bbox 2251 1266 2451 1319; x_wconf 90' lang='lat' dir='ltr'><strong>tionem</strong></span> <span class='ocrx_word' id='word_1_188' title='bbox 2489 1264 2559 1319; x_wconf 90' lang='lat' dir='ltr'><strong>de</strong></span> <span class='ocrx_word' id='word_1_189' title='bbox 2584 1271 2758 1318; x_wconf 88' lang='lat' dir='ltr'><strong>statua</strong></span> <span class='ocrx_word' id='word_1_190' title='bbox 2788 1262 2954 1317; x_wconf 88' lang='lat' dir='ltr'><strong>salina</strong></span> <span class='ocrx_word' id='word_1_191' title='bbox 2984 1262 3180 1319; x_wconf 87' lang='lat' dir='ltr'><strong>Genesi</strong></span> <span class='ocrx_word' id='word_1_192' title='bbox 3220 1263 3299 1319; x_wconf 89' lang='lat' dir='ltr'><strong>ab</strong></span> <span class='ocrx_word' id='word_1_193' title='bbox 3332 1278 3405 1319; x_wconf 88' lang='lat' dir='ltr'><strong>eo</strong></span> <span class='ocrx_word' id='word_1_194' title='bbox 3437 1263 3719 1317; x_wconf 64' lang='lat' dir='ltr'><strong>illustratio</strong></span> <span class='ocrx_word' id='word_1_195' title='bbox 3744 1264 3849 1317; x_wconf 84' lang='lat' dir='ltr'><strong>sub-</strong></span> 
     </span>
    </p>
   </div>
   <div class='ocr_carea' id='block_1_27' title="bbox 2246 1358 2465 1428">
    <p class='ocr_par' dir='ltr' id='par_1_27' title="bbox 2246 1358 2465 1428">
     <span class='ocr_line' id='line_1_27' title="bbox 2246 1358 2465 1428; baseline -0.014 -15"><span class='ocrx_word' id='word_1_196' title='bbox 2246 1358 2465 1428; x_wconf 90' lang='lat' dir='ltr'><strong>jectam.</strong></span> 
     </span>
    </p>
   </div>
   <div class='ocr_carea' id='block_1_28' title="bbox 2322 1447 3848 1519">
    <p class='ocr_par' dir='ltr' id='par_1_28' title="bbox 2322 1447 3848 1519">
     <span class='ocr_line' id='line_1_28' title="bbox 2322 1447 3848 1519; baseline -0.001 -16"><span class='ocrx_word' id='word_1_197' title='bbox 2322 1448 2455 1503; x_wconf 85' lang='lat' dir='ltr'><strong>Ibid.</strong></span> <span class='ocrx_word' id='word_1_198' title='bbox 2490 1448 2631 1502; x_wconf 85' lang='lat' dir='ltr'><strong>Tunc</strong></span> <span class='ocrx_word' id='word_1_199' title='bbox 2662 1448 2828 1503; x_wconf 78' lang='lat' dir='ltr'><strong>Utica:</strong></span> <span class='ocrx_word' id='word_1_200' title='bbox 2848 1466 2910 1503; x_wconf 82' lang='lat' dir='ltr'><strong>ea:</strong></span> <span class='ocrx_word' id='word_1_201' title='bbox 2937 1448 3147 1519; x_wconf 80' lang='lat' dir='ltr'><strong>triginta</strong></span> <span class='ocrx_word' id='word_1_202' title='bbox 3166 1447 3416 1501; x_wconf 77' lang='lat' dir='ltr'><strong>millibus</strong></span> <span class='ocrx_word' id='word_1_203' title='bbox 3438 1448 3737 1519; x_wconf 84' lang='lat' dir='ltr'><strong>junioruin,</strong></span> <span class='ocrx_word' id='word_1_204' title='bbox 3755 1464 3848 1513; x_wconf 79' lang='lat' dir='ltr'><strong>qua</strong></span> 
     </span>
    </p>
   </div>
   <div class='ocr_carea' id='block_1_29' title="bbox 2249 1539 3848 1609">
    <p class='ocr_par' dir='ltr' id='par_1_29' title="bbox 2249 1539 3848 1609">
     <span class='ocr_line' id='line_1_29' title="bbox 2249 1539 3848 1609; baseline -0.001 -14"><span class='ocrx_word' id='word_1_205' title='bbox 2249 1540 2318 1595; x_wconf 88' lang='lat' dir='ltr'><strong>ibi</strong></span> <span class='ocrx_word' id='word_1_206' title='bbox 2356 1549 2498 1593; x_wconf 90' lang='lat' dir='ltr'><strong>erant</strong></span> <span class='ocrx_word' id='word_1_207' title='bbox 2530 1541 2700 1594; x_wconf 83' lang='lat' dir='ltr'><strong>decem</strong></span> <span class='ocrx_word' id='word_1_208' title='bbox 2742 1541 3041 1595; x_wconf 84' lang='lat' dir='ltr'><strong>remansisse</strong></span> <span class='ocrx_word' id='word_1_209' title='bbox 3085 1541 3435 1609; x_wconf 75' lang='lat' dir='ltr'><strong>confirmant.</strong></span> <span class='ocrx_word' id='word_1_210' title='bbox 3462 1539 3473 1609; x_wconf 83' lang='grc'><strong>1</strong></span> <span class='ocrx_word' id='word_1_211' title='bbox 3507 1539 3679 1594; x_wconf 83' lang='lat' dir='ltr'><strong>Recte</strong></span> <span class='ocrx_word' id='word_1_212' title='bbox 3704 1540 3848 1593; x_wconf 86' lang='lat' dir='ltr'><strong>anim-</strong></span> 
     </span>
    </p>
   </div>
   <div class='ocr_carea' id='block_1_30' title="bbox 2250 1631 3848 1704">
    <p class='ocr_par' dir='ltr' id='par_1_30' title="bbox 2250 1631 3848 1704">
     <span class='ocr_line' id='line_1_30' title="bbox 2250 1631 3848 1704; baseline -0.001 -18"><span class='ocrx_word' id='word_1_213' title='bbox 2250 1634 2597 1688; x_wconf 82' lang='lat' dir='ltr'><strong>adverterunt</strong></span> <span class='ocrx_word' id='word_1_214' title='bbox 2646 1633 2974 1689; x_wconf 82' lang='lat' dir='ltr'><strong>Benedictini</strong></span> <span class='ocrx_word' id='word_1_215' title='bbox 3004 1634 3236 1704; x_wconf 80' lang='lat' dir='ltr'><strong>iuniores</strong></span> <span class='ocrx_word' id='word_1_216' title='bbox 3284 1632 3476 1688; x_wconf 90' lang='lat' dir='ltr'><strong>dictos</strong></span> <span class='ocrx_word' id='word_1_217' title='bbox 3509 1631 3848 1701; x_wconf 62' lang='lat' dir='ltr'><strong>praesidiarios</strong></span> 
     </span>
    </p>
   </div>
   <div class='ocr_carea' id='block_1_31' title="bbox 2252 1724 3847 1796">
    <p class='ocr_par' dir='ltr' id='par_1_31' title="bbox 2252 1724 3847 1796">
     <span class='ocr_line' id='line_1_31' title="bbox 2252 1724 3847 1796; baseline -0.001 -14"><span class='ocrx_word' id='word_1_218' title='bbox 2252 1728 2471 1783; x_wconf 87' lang='lat' dir='ltr'><strong>milites.</strong></span> <span class='ocrx_word' id='word_1_219' title='bbox 2520 1727 2673 1794; x_wconf 87' lang='lat' dir='ltr'><strong>Quod</strong></span> <span class='ocrx_word' id='word_1_220' title='bbox 2728 1727 2971 1796; x_wconf 88' lang='lat' dir='ltr'><strong>pluribus</strong></span> <span class='ocrx_word' id='word_1_221' title='bbox 3017 1727 3286 1796; x_wconf 80' lang='lat' dir='ltr'><strong>exemplis</strong></span> <span class='ocrx_word' id='word_1_222' title='bbox 3342 1724 3736 1781; x_wconf 81' lang='lat' dir='ltr'><strong>conﬁrmatum</strong></span> <span class='ocrx_word' id='word_1_223' title='bbox 3781 1727 3847 1780; x_wconf 90' lang='lat' dir='ltr'><strong>in-</strong></span> 
     </span>
    </p>
   </div>
   <div class='ocr_carea' id='block_1_32' title="bbox 550 1815 3845 1889">
    <p class='ocr_par' dir='ltr' id='par_1_32' title="bbox 550 1815 3845 1889">
     <span class='ocr_line' id='line_1_32' title="bbox 550 1815 3845 1889; baseline -0.001 -14"><span class='ocrx_word' id='word_1_224' title='bbox 550 1820 773 1875; x_wconf 88' lang='lat' dir='ltr'><strong>rierunt.</strong></span> <span class='ocrx_word' id='word_1_225' title='bbox 811 1819 1187 1872; x_wconf 77' lang='lat' dir='ltr'><strong>Verumtamen</strong></span> <span class='ocrx_word' id='word_1_226' title='bbox 1236 1815 1510 1871; x_wconf 74' lang='lat' dir='ltr'><strong>fraudibus</strong></span> <span class='ocrx_word' id='word_1_227' title='bbox 1551 1815 1894 1869; x_wconf 83' lang='lat' dir='ltr'><strong>sacerdotum</strong></span> <span class='ocrx_word' id='word_1_228' title='bbox 1938 1823 1993 1868; x_wconf 88' lang='lat' dir='ltr'><strong>et</strong></span> <span class='ocrx_word' id='word_1_229' title='bbox 2020 1830 2141 1869; x_wconf 85' lang='lat' dir='ltr'><strong>mu-</strong></span> <span class='ocrx_word' id='word_1_230' title='bbox 2174 1821 2435 1887; x_wconf 72' lang='lat' dir='ltr'><strong>Bvenies</strong></span> <span class='ocrx_word' id='word_1_231' title='bbox 2480 1820 2620 1889; x_wconf 89' lang='lat' dir='ltr'><strong>apud</strong></span> <span class='ocrx_word' id='word_1_232' title='bbox 2668 1818 2877 1875; x_wconf 82' lang='lat' dir='ltr'><strong>Jusutm</strong></span> <span class='ocrx_word' id='word_1_233' title='bbox 2921 1819 3159 1889; x_wconf 89' lang='lat' dir='ltr'><strong>Lipsium</strong></span> <span class='ocrx_word' id='word_1_234' title='bbox 3205 1817 3459 1889; x_wconf 87' lang='lat' dir='ltr'><strong>Epistol.</strong></span> <span class='ocrx_word' id='word_1_235' title='bbox 3512 1817 3845 1889; x_wconf 60' lang='lat' dir='ltr'><strong>quaestionum</strong></span> 
     </span>
    </p>
   </div>
   <div class='ocr_carea' id='block_1_33' title="bbox 547 1906 2144 1978">
    <p class='ocr_par' dir='ltr' id='par_1_33' title="bbox 547 1906 2144 1978">
     <span class='ocr_line' id='line_1_33' title="bbox 547 1906 2144 1978; baseline -0.005 -11"><span class='ocrx_word' id='word_1_236' title='bbox 547 1909 893 1968; x_wconf 83' lang='lat' dir='ltr'><strong>liercularum</strong></span> <span class='ocrx_word' id='word_1_237' title='bbox 940 1920 1033 1963; x_wconf 89' lang='lat' dir='ltr'><strong>aut</strong></span> <span class='ocrx_word' id='word_1_238' title='bbox 1079 1910 1426 1978; x_wconf 88' lang='lat' dir='ltr'><strong>deceptarum</strong></span> <span class='ocrx_word' id='word_1_239' title='bbox 1455 1951 1469 1973; x_wconf 89' lang='lat'><strong>,</strong></span> <span class='ocrx_word' id='word_1_240' title='bbox 1504 1919 1595 1959; x_wconf 91' lang='lat' dir='ltr'><strong>aut</strong></span> <span class='ocrx_word' id='word_1_241' title='bbox 1624 1916 1817 1975; x_wconf 87' lang='lat' dir='ltr'><strong>sponte</strong></span> <span class='ocrx_word' id='word_1_242' title='bbox 1848 1906 2144 1976; x_wconf 88' lang='lat' dir='ltr'><strong>impudica-</strong></span> 
     </span>
    </p>
   </div>
   <div class='ocr_carea' id='block_1_34' title="bbox 550 1998 2142 2067">
    <p class='ocr_par' dir='ltr' id='par_1_34' title="bbox 550 1998 2142 2067">
     <span class='ocr_line' id='line_1_34' title="bbox 550 1998 2142 2067; baseline -0.004 -8"><span class='ocrx_word' id='word_1_243' title='bbox 550 2019 673 2059; x_wconf 83' lang='lat' dir='ltr'><strong>rum</strong></span> <span class='ocrx_word' id='word_1_244' title='bbox 699 2043 713 2065; x_wconf 85' lang='lat'><strong>,</strong></span> <span class='ocrx_word' id='word_1_245' title='bbox 742 2002 880 2056; x_wconf 82' lang='lat' dir='ltr'><strong>ﬁlios</strong></span> <span class='ocrx_word' id='word_1_246' title='bbox 913 2002 1033 2055; x_wconf 90' lang='lat' dir='ltr'><strong>illos</strong></span> <span class='ocrx_word' id='word_1_247' title='bbox 1062 2001 1283 2057; x_wconf 87' lang='lat' dir='ltr'><strong>deorum</strong></span> <span class='ocrx_word' id='word_1_248' title='bbox 1313 1999 1522 2053; x_wconf 89' lang='lat' dir='ltr'><strong>debitos</strong></span> <span class='ocrx_word' id='word_1_249' title='bbox 1546 2040 1561 2063; x_wconf 90' lang='lat'><strong>,</strong></span> <span class='ocrx_word' id='word_1_250' title='bbox 1610 1998 1840 2051; x_wconf 85' lang='lat' dir='ltr'><strong>maxima</strong></span> <span class='ocrx_word' id='word_1_251' title='bbox 1871 2013 1938 2053; x_wconf 87' lang='lat' dir='ltr'><strong>ex</strong></span> <span class='ocrx_word' id='word_1_252' title='bbox 1972 2008 2142 2067; x_wconf 88' lang='lat' dir='ltr'><strong>parte,</strong></span> 
     </span>
    </p>
   </div>
   <div class='ocr_carea' id='block_1_35' title="bbox 552 2093 2143 2161">
    <p class='ocr_par' dir='ltr' id='par_1_35' title="bbox 552 2093 2143 2161">
     <span class='ocr_line' id='line_1_35' title="bbox 552 2093 2143 2161; baseline -0.004 -10"><span class='ocrx_word' id='word_1_253' title='bbox 552 2097 938 2151; x_wconf 76' lang='lat' dir='ltr'><strong>existimarim.</strong></span> <span class='ocrx_word' id='word_1_254' title='bbox 970 2095 1104 2149; x_wconf 90' lang='lat' dir='ltr'><strong>Cum</strong></span> <span class='ocrx_word' id='word_1_255' title='bbox 1143 2094 1410 2147; x_wconf 87' lang='lat' dir='ltr'><strong>libidinosi</strong></span> <span class='ocrx_word' id='word_1_256' title='bbox 1458 2093 1771 2146; x_wconf 86' lang='lat' dir='ltr'><strong>sacerdotes</strong></span> <span class='ocrx_word' id='word_1_257' title='bbox 1795 2094 2057 2161; x_wconf 79' lang='lat' dir='ltr'><strong>virginem</strong></span> <span class='ocrx_word' id='word_1_258' title='bbox 2090 2094 2143 2146; x_wconf 91' lang='lat' dir='ltr'><strong>in</strong></span> 
     </span>
    </p>
   </div>
   <div class='ocr_carea' id='block_1_36' title="bbox 552 2183 2147 2256">
    <p class='ocr_par' dir='ltr' id='par_1_36' title="bbox 552 2183 2147 2256">
     <span class='ocr_line' id='line_1_36' title="bbox 552 2183 2147 2256; baseline 0 -15"><span class='ocrx_word' id='word_1_259' title='bbox 552 2188 758 2256; x_wconf 90' lang='lat' dir='ltr'><strong>templo</strong></span> <span class='ocrx_word' id='word_1_260' title='bbox 802 2199 893 2241; x_wconf 87' lang='lat' dir='ltr'><strong>aut</strong></span> <span class='ocrx_word' id='word_1_261' title='bbox 939 2186 1057 2239; x_wconf 90' lang='lat' dir='ltr'><strong>luco</strong></span> <span class='ocrx_word' id='word_1_262' title='bbox 1103 2186 1336 2240; x_wconf 90' lang='lat' dir='ltr'><strong>numinis</strong></span> <span class='ocrx_word' id='word_1_263' title='bbox 1382 2183 1679 2253; x_wconf 87' lang='lat' dir='ltr'><strong>cujuspiam</strong></span> <span class='ocrx_word' id='word_1_264' title='bbox 1712 2185 1997 2252; x_wconf 79' lang='lat' dir='ltr'><strong>vitiarant,</strong></span> <span class='ocrx_word' id='word_1_265' title='bbox 2046 2200 2147 2241; x_wconf 91' lang='lat' dir='ltr'><strong>nec</strong></span> 
     </span>
    </p>
   </div>
   <div class='ocr_carea' id='block_1_37' title="bbox 553 2276 2146 2346">
    <p class='ocr_par' dir='ltr' id='par_1_37' title="bbox 553 2276 2146 2346">
     <span class='ocr_line' id='line_1_37' title="bbox 553 2276 2146 2346; baseline -0.001 -12"><span class='ocrx_word' id='word_1_266' title='bbox 553 2296 738 2335; x_wconf 90' lang='lat' dir='ltr'><strong>eorum</strong></span> <span class='ocrx_word' id='word_1_267' title='bbox 764 2280 1017 2333; x_wconf 87' lang='lat' dir='ltr'><strong>intererat</strong></span> <span class='ocrx_word' id='word_1_268' title='bbox 1044 2278 1241 2333; x_wconf 88' lang='lat' dir='ltr'><strong>dueere</strong></span> <span class='ocrx_word' id='word_1_269' title='bbox 1268 2292 1384 2331; x_wconf 90' lang='lat' dir='ltr'><strong>eam</strong></span> <span class='ocrx_word' id='word_1_270' title='bbox 1417 2291 1638 2332; x_wconf 87' lang='lat' dir='ltr'><strong>uxorem</strong></span> <span class='ocrx_word' id='word_1_271' title='bbox 1662 2318 1678 2344; x_wconf 95' lang='lat'><strong>,</strong></span> <span class='ocrx_word' id='word_1_272' title='bbox 1710 2286 1769 2331; x_wconf 93' lang='lat' dir='ltr'><strong>ut</strong></span> <span class='ocrx_word' id='word_1_273' title='bbox 1794 2276 1909 2346; x_wconf 85' lang='lat' dir='ltr'><strong>ejus</strong></span> <span class='ocrx_word' id='word_1_274' title='bbox 1955 2278 2146 2333; x_wconf 89' lang='lat' dir='ltr'><strong>honori</strong></span> 
     </span>
    </p>
   </div>
   <div class='ocr_carea' id='block_1_38' title="bbox 557 2370 2145 2440">
    <p class='ocr_par' dir='ltr' id='par_1_38' title="bbox 557 2370 2145 2440">
     <span class='ocr_line' id='line_1_38' title="bbox 557 2370 2145 2440; baseline -0.001 -12"><span class='ocrx_word' id='word_1_275' title='bbox 557 2374 939 2436; x_wconf 82' lang='lat' dir='ltr'><strong>consulerent,</strong></span> <span class='ocrx_word' id='word_1_276' title='bbox 990 2386 1053 2425; x_wconf 85' lang='lat' dir='ltr'><strong>ex</strong></span> <span class='ocrx_word' id='word_1_277' title='bbox 1104 2371 1219 2440; x_wconf 92' lang='lat' dir='ltr'><strong>ipso</strong></span> <span class='ocrx_word' id='word_1_278' title='bbox 1264 2370 1483 2424; x_wconf 90' lang='lat' dir='ltr'><strong>numine</strong></span> <span class='ocrx_word' id='word_1_279' title='bbox 1529 2380 1713 2423; x_wconf 91' lang='lat' dir='ltr'><strong>natum</strong></span> <span class='ocrx_word' id='word_1_280' title='bbox 1746 2385 1971 2438; x_wconf 88' lang='lat' dir='ltr'><strong>puerum</strong></span> <span class='ocrx_word' id='word_1_281' title='bbox 2002 2370 2145 2426; x_wconf 66' lang='lat' dir='ltr'><strong>dieeo</strong></span> 
     </span>
    </p>
   </div>
   <div class='ocr_carea' id='block_1_39' title="bbox 556 2462 2147 2534">
    <p class='ocr_par' dir='ltr' id='par_1_39' title="bbox 556 2462 2147 2534">
     <span class='ocr_line' id='line_1_39' title="bbox 556 2462 2147 2534; baseline -0.002 -15"><span class='ocrx_word' id='word_1_282' title='bbox 556 2464 715 2527; x_wconf 85' lang='lat' dir='ltr'><strong>bant;</strong></span> <span class='ocrx_word' id='word_1_283' title='bbox 758 2479 855 2518; x_wconf 90' lang='lat' dir='ltr'><strong>nec</strong></span> <span class='ocrx_word' id='word_1_284' title='bbox 900 2462 1094 2531; x_wconf 65' lang='lat' dir='ltr'><strong>puellae</strong></span> <span class='ocrx_word' id='word_1_285' title='bbox 1144 2476 1437 2531; x_wconf 88' lang='lat' dir='ltr'><strong>eorumque</strong></span> <span class='ocrx_word' id='word_1_286' title='bbox 1485 2463 1772 2531; x_wconf 85' lang='lat' dir='ltr'><strong>prepinqui</strong></span> <span class='ocrx_word' id='word_1_287' title='bbox 1820 2477 1933 2517; x_wconf 88' lang='lat' dir='ltr'><strong>rem</strong></span> <span class='ocrx_word' id='word_1_288' title='bbox 1982 2479 2147 2534; x_wconf 88' lang='lat' dir='ltr'><strong>nega-</strong></span> 
     </span>
    </p>
   </div>
   <div class='ocr_carea' id='block_1_40' title="bbox 558 2553 2145 2620">
    <p class='ocr_par' dir='ltr' id='par_1_40' title="bbox 558 2553 2145 2620">
     <span class='ocr_line' id='line_1_40' title="bbox 558 2553 2145 2620; baseline 0 -9"><span class='ocrx_word' id='word_1_289' title='bbox 558 2557 708 2620; x_wconf 84' lang='lat' dir='ltr'><strong>bant,</strong></span> <span class='ocrx_word' id='word_1_290' title='bbox 739 2571 859 2610; x_wconf 90' lang='lat' dir='ltr'><strong>cum</strong></span> <span class='ocrx_word' id='word_1_291' title='bbox 893 2555 1082 2609; x_wconf 89' lang='lat' dir='ltr'><strong>honori</strong></span> <span class='ocrx_word' id='word_1_292' title='bbox 1114 2554 1417 2608; x_wconf 85' lang='lat' dir='ltr'><strong>vitiatarum</strong></span> <span class='ocrx_word' id='word_1_293' title='bbox 1449 2569 1513 2608; x_wconf 89' lang='lat' dir='ltr'><strong>ea</strong></span> <span class='ocrx_word' id='word_1_294' title='bbox 1538 2553 1724 2608; x_wconf 78' lang='lat' dir='ltr'><strong>fraude</strong></span> <span class='ocrx_word' id='word_1_295' title='bbox 1753 2556 2145 2613; x_wconf 89' lang='lat' dir='ltr'><strong>consuleretur.</strong></span> 
     </span>
    </p>
   </div>
   <div class='ocr_carea' id='block_1_41' title="bbox 555 2646 2149 2717">
    <p class='ocr_par' dir='ltr' id='par_1_41' title="bbox 555 2646 2149 2717">
     <span class='ocr_line' id='line_1_41' title="bbox 555 2646 2149 2717; baseline 0 -13"><span class='ocrx_word' id='word_1_296' title='bbox 555 2648 960 2717; x_wconf 80' lang='lat' dir='ltr'><strong>Antiquissimis</strong></span> <span class='ocrx_word' id='word_1_297' title='bbox 1008 2648 1340 2716; x_wconf 90' lang='lat' dir='ltr'><strong>temporibus</strong></span> <span class='ocrx_word' id='word_1_298' title='bbox 1390 2646 1551 2701; x_wconf 81' lang='lat' dir='ltr'><strong>rudes</strong></span> <span class='ocrx_word' id='word_1_299' title='bbox 1598 2647 1865 2712; x_wconf 83' lang='lat' dir='ltr'><strong>homines,</strong></span> <span class='ocrx_word' id='word_1_300' title='bbox 1899 2664 2001 2705; x_wconf 89' lang='lat' dir='ltr'><strong>nec</strong></span> <span class='ocrx_word' id='word_1_301' title='bbox 2028 2650 2149 2704; x_wconf 91' lang='lat' dir='ltr'><strong>ullis</strong></span> 
     </span>
    </p>
   </div>
   <div class='ocr_carea' id='block_1_42' title="bbox 558 2739 2149 2811">
    <p class='ocr_par' dir='ltr' id='par_1_42' title="bbox 558 2739 2149 2811">
     <span class='ocr_line' id='line_1_42' title="bbox 558 2739 2149 2811; baseline 0.001 -15"><span class='ocrx_word' id='word_1_302' title='bbox 558 2743 751 2797; x_wconf 90' lang='lat' dir='ltr'><strong>studiis</strong></span> <span class='ocrx_word' id='word_1_303' title='bbox 798 2741 1021 2810; x_wconf 80' lang='lat' dir='ltr'><strong>expoliti</strong></span> <span class='ocrx_word' id='word_1_304' title='bbox 1080 2740 1204 2794; x_wconf 91' lang='lat' dir='ltr'><strong>talia</strong></span> <span class='ocrx_word' id='word_1_305' title='bbox 1253 2740 1353 2795; x_wconf 92' lang='lat' dir='ltr'><strong>sibi</strong></span> <span class='ocrx_word' id='word_1_306' title='bbox 1403 2739 1714 2809; x_wconf 85' lang='lat' dir='ltr'><strong>persuaderi</strong></span> <span class='ocrx_word' id='word_1_307' title='bbox 1786 2742 1949 2797; x_wconf 87' lang='lat' dir='ltr'><strong>stulte</strong></span> <span class='ocrx_word' id='word_1_308' title='bbox 2005 2742 2149 2811; x_wconf 88' lang='lat' dir='ltr'><strong>passi</strong></span> 
     </span>
    </p>
   </div>
   <div class='ocr_carea' id='block_1_43' title="bbox 555 2828 2148 2900">
    <p class='ocr_par' dir='ltr' id='par_1_43' title="bbox 555 2828 2148 2900">
     <span class='ocr_line' id='line_1_43' title="bbox 555 2828 2148 2900; baseline 0 -12"><span class='ocrx_word' id='word_1_309' title='bbox 555 2844 702 2888; x_wconf 84' lang='lat' dir='ltr'><strong>sunt.</strong></span> <span class='ocrx_word' id='word_1_310' title='bbox 736 2831 985 2886; x_wconf 82' lang='lat' dir='ltr'><strong>Pluribus</strong></span> <span class='ocrx_word' id='word_1_311' title='bbox 1018 2830 1118 2884; x_wconf 92' lang='lat' dir='ltr'><strong>hae</strong></span> <span class='ocrx_word' id='word_1_312' title='bbox 1144 2830 1214 2884; x_wconf 91' lang='lat' dir='ltr'><strong>de</strong></span> <span class='ocrx_word' id='word_1_313' title='bbox 1242 2845 1303 2885; x_wconf 90' lang='lat' dir='ltr'><strong>re</strong></span> <span class='ocrx_word' id='word_1_314' title='bbox 1333 2831 1442 2900; x_wconf 86' lang='lat' dir='ltr'><strong>egit</strong></span> <span class='ocrx_word' id='word_1_315' title='bbox 1466 2831 1625 2885; x_wconf 90' lang='lat' dir='ltr'><strong>Joan.</strong></span> <span class='ocrx_word' id='word_1_316' title='bbox 1656 2828 1895 2886; x_wconf 86' lang='lat' dir='ltr'><strong>Clericus</strong></span> <span class='ocrx_word' id='word_1_317' title='bbox 1924 2834 1979 2887; x_wconf 92' lang='lat' dir='ltr'><strong>in</strong></span> <span class='ocrx_word' id='word_1_318' title='bbox 2008 2832 2148 2889; x_wconf 86' lang='lat' dir='ltr'><strong>notis</strong></span> 
     </span>
    </p>
   </div>
   <div class='ocr_carea' id='block_1_44' title="bbox 555 2922 1281 2994">
    <p class='ocr_par' dir='ltr' id='par_1_44' title="bbox 555 2922 1281 2994">
     <span class='ocr_line' id='line_1_44' title="bbox 555 2922 1281 2994; baseline -0.006 -15"><span class='ocrx_word' id='word_1_319' title='bbox 555 2925 619 2979; x_wconf 87' lang='lat' dir='ltr'><strong>ad</strong></span> <span class='ocrx_word' id='word_1_320' title='bbox 652 2923 1015 2994; x_wconf 79' lang='lat' dir='ltr'><strong>Theogoniam</strong></span> <span class='ocrx_word' id='word_1_321' title='bbox 1044 2922 1281 2977; x_wconf 82' lang='lat' dir='ltr'><strong>Hesiodi.</strong></span> 
     </span>
    </p>
   </div>
   <div class='ocr_carea' id='block_1_45' title="bbox 627 3014 2151 3087">
    <p class='ocr_par' dir='ltr' id='par_1_45' title="bbox 627 3014 2151 3087">
     <span class='ocr_line' id='line_1_45' title="bbox 627 3014 2151 3087; baseline 0 -16"><span class='ocrx_word' id='word_1_322' title='bbox 627 3017 758 3085; x_wconf 86' lang='lat' dir='ltr'><strong>Cap.</strong></span> <span class='ocrx_word' id='word_1_323' title='bbox 807 3014 892 3071; x_wconf 86' lang='grc'><strong>10.</strong></span> <span class='ocrx_word' id='word_1_324' title='bbox 933 3017 1013 3069; x_wconf 81' lang='lat' dir='ltr'><strong>An</strong></span> <span class='ocrx_word' id='word_1_325' title='bbox 1051 3015 1360 3083; x_wconf 86' lang='lat' dir='ltr'><strong>respondent</strong></span> <span class='ocrx_word' id='word_1_326' title='bbox 1397 3014 1534 3085; x_wconf 89' lang='lat' dir='ltr'><strong>quod</strong></span> <span class='ocrx_word' id='word_1_327' title='bbox 1562 3016 1663 3069; x_wconf 89' lang='lat' dir='ltr'><strong>nisi</strong></span> <span class='ocrx_word' id='word_1_328' title='bbox 1705 3015 1928 3069; x_wconf 87' lang='lat' dir='ltr'><strong>assiduis</strong></span> <span class='ocrx_word' id='word_1_329' title='bbox 1956 3016 2151 3087; x_wconf 89' lang='lat' dir='ltr'><strong>sibique</strong></span> 
     </span>
    </p>
   </div>
   <div class='ocr_carea' id='block_1_46' title="bbox 556 3106 2149 3177">
    <p class='ocr_par' dir='ltr' id='par_1_46' title="bbox 556 3106 2149 3177">
     <span class='ocr_line' id='line_1_46' title="bbox 556 3106 2149 3177; baseline 0.001 -16"><span class='ocrx_word' id='word_1_330' title='bbox 556 3110 793 3163; x_wconf 82' lang='lat' dir='ltr'><strong>continuo</strong></span> <span class='ocrx_word' id='word_1_331' title='bbox 830 3106 1215 3161; x_wconf 85' lang='lat' dir='ltr'><strong>succedentibus</strong></span> <span class='ocrx_word' id='word_1_332' title='bbox 1256 3106 1399 3160; x_wconf 85' lang='lat' dir='ltr'><strong>bellis</strong></span> <span class='ocrx_word' id='word_1_333' title='bbox 1431 3107 1722 3161; x_wconf 85' lang='lat' dir='ltr'><strong>Romanum</strong></span> <span class='ocrx_word' id='word_1_334' title='bbox 1750 3108 2019 3177; x_wconf 88' lang='lat' dir='ltr'><strong>imperium</strong></span> <span class='ocrx_word' id='word_1_335' title='bbox 2046 3118 2149 3162; x_wconf 88' lang='lat' dir='ltr'><strong>tam</strong></span> 
     </span>
    </p>
   </div>
   <div class='ocr_carea' id='block_1_47' title="bbox 557 3198 2151 3270">
    <p class='ocr_par' dir='ltr' id='par_1_47' title="bbox 557 3198 2151 3270">
     <span class='ocr_line' id='line_1_47' title="bbox 557 3198 2151 3270; baseline -0.001 -16"><span class='ocrx_word' id='word_1_336' title='bbox 557 3200 706 3270; x_wconf 85' lang='lat' dir='ltr'><strong>longe</strong></span> <span class='ocrx_word' id='word_1_337' title='bbox 734 3199 931 3266; x_wconf 86' lang='lat' dir='ltr'><strong>lateque</strong></span> <span class='ocrx_word' id='word_1_338' title='bbox 962 3214 1063 3251; x_wconf 90' lang='lat' dir='ltr'><strong>non</strong></span> <span class='ocrx_word' id='word_1_339' title='bbox 1094 3206 1259 3266; x_wconf 86' lang='lat' dir='ltr'><strong>posset</strong></span> <span class='ocrx_word' id='word_1_340' title='bbox 1298 3198 1508 3265; x_wconf 88' lang='lat' dir='ltr'><strong>augeri.</strong></span> <span class='ocrx_word' id='word_1_341' title='bbox 1559 3208 1604 3252; x_wconf 88' lang='lat' dir='ltr'><strong>et</strong></span> <span class='ocrx_word' id='word_1_342' title='bbox 1636 3208 1739 3252; x_wconf 89' lang='lat' dir='ltr'><strong>tam</strong></span> <span class='ocrx_word' id='word_1_343' title='bbox 1768 3200 1952 3268; x_wconf 89' lang='lat' dir='ltr'><strong>grandi</strong></span> <span class='ocrx_word' id='word_1_344' title='bbox 1982 3200 2151 3269; x_wconf 85' lang='lat' dir='ltr'><strong>gloria</strong></span> 
     </span>
    </p>
   </div>
   <div class='ocr_carea' id='block_1_48' title="bbox 559 3288 2155 3360">
    <p class='ocr_par' dir='ltr' id='par_1_48' title="bbox 559 3288 2155 3360">
     <span class='ocr_line' id='line_1_48' title="bbox 559 3288 2155 3360; baseline 0 -14"><span class='ocrx_word' id='word_1_345' title='bbox 559 3289 902 3360; x_wconf 62' lang='lat' dir='ltr'><strong>diﬂamariﬂ</strong></span> <span class='ocrx_word' id='word_1_346' title='bbox 942 3291 1107 3344; x_wconf 78' lang='lat' dir='ltr'><strong>Recte</strong></span> <span class='ocrx_word' id='word_1_347' title='bbox 1132 3291 1435 3343; x_wconf 85' lang='lat' dir='ltr'><strong>observavit</strong></span> <span class='ocrx_word' id='word_1_348' title='bbox 1462 3288 1511 3342; x_wconf 92' lang='lat' dir='ltr'><strong>J.</strong></span> <span class='ocrx_word' id='word_1_349' title='bbox 1545 3288 1695 3344; x_wconf 88' lang='lat' dir='ltr'><strong>Frid.</strong></span> <span class='ocrx_word' id='word_1_350' title='bbox 1728 3289 2037 3346; x_wconf 88' lang='lat' dir='ltr'><strong>Gronovius</strong></span> <span class='ocrx_word' id='word_1_351' title='bbox 2066 3292 2155 3347; x_wconf 88' lang='lat' dir='ltr'><strong>hic</strong></span> 
     </span>
    </p>
   </div>
   <div class='ocr_carea' id='block_1_49' title="bbox 559 3382 2152 3454">
    <p class='ocr_par' dir='ltr' id='par_1_49' title="bbox 559 3382 2152 3454">
     <span class='ocr_line' id='line_1_49' title="bbox 559 3382 2152 3454; baseline 0.001 -16"><span class='ocrx_word' id='word_1_352' title='bbox 559 3385 818 3449; x_wconf 73' lang='lat' dir='ltr'><strong>dilfamari</strong></span> <span class='ocrx_word' id='word_1_353' title='bbox 865 3383 1087 3452; x_wconf 84' lang='lat' dir='ltr'><strong>perinde</strong></span> <span class='ocrx_word' id='word_1_354' title='bbox 1126 3397 1245 3437; x_wconf 89' lang='lat' dir='ltr'><strong>esse</strong></span> <span class='ocrx_word' id='word_1_355' title='bbox 1274 3397 1336 3436; x_wconf 86' lang='lat' dir='ltr'><strong>ac</strong></span> <span class='ocrx_word' id='word_1_356' title='bbox 1364 3382 1622 3437; x_wconf 90' lang='lat' dir='ltr'><strong>celebrari</strong></span> <span class='ocrx_word' id='word_1_357' title='bbox 1643 3423 1657 3443; x_wconf 83' lang='lat'><strong>.</strong></span> <span class='ocrx_word' id='word_1_358' title='bbox 1709 3398 1937 3454; x_wconf 90' lang='lat' dir='ltr'><strong>eamque</strong></span> <span class='ocrx_word' id='word_1_359' title='bbox 1966 3400 2152 3440; x_wconf 90' lang='lat' dir='ltr'><strong>vocem</strong></span> 
     </span>
    </p>
   </div>
   <div class='ocr_carea' id='block_1_50' title="bbox 560 3477 2154 3548">
    <p class='ocr_par' dir='ltr' id='par_1_50' title="bbox 560 3477 2154 3548">
     <span class='ocr_line' id='line_1_50' title="bbox 560 3477 2154 3548; baseline -0.001 -13"><span class='ocrx_word' id='word_1_360' title='bbox 560 3481 612 3535; x_wconf 91' lang='lat' dir='ltr'><strong>in</strong></span> <span class='ocrx_word' id='word_1_361' title='bbox 645 3492 925 3548; x_wconf 90' lang='lat' dir='ltr'><strong>utramque</strong></span> <span class='ocrx_word' id='word_1_362' title='bbox 973 3486 1175 3547; x_wconf 89' lang='lat' dir='ltr'><strong>partem</strong></span> <span class='ocrx_word' id='word_1_363' title='bbox 1222 3478 1383 3542; x_wconf 84' lang='lat' dir='ltr'><strong>sumi,</strong></span> <span class='ocrx_word' id='word_1_364' title='bbox 1416 3478 1559 3546; x_wconf 91' lang='lat' dir='ltr'><strong>quod</strong></span> <span class='ocrx_word' id='word_1_365' title='bbox 1607 3494 1673 3533; x_wconf 85' lang='lat' dir='ltr'><strong>ex</strong></span> <span class='ocrx_word' id='word_1_366' title='bbox 1702 3477 1873 3533; x_wconf 86' lang='lat' dir='ltr'><strong>Nonio</strong></span> <span class='ocrx_word' id='word_1_367' title='bbox 1902 3480 2154 3535; x_wconf 88' lang='lat' dir='ltr'><strong>Marcello</strong></span> 
     </span>
    </p>
   </div>
   <div class='ocr_carea' id='block_1_51' title="bbox 560 3568 2153 3645">
    <p class='ocr_par' dir='ltr' id='par_1_51' title="bbox 560 3568 2153 3645">
     <span class='ocr_line' id='line_1_51' title="bbox 560 3568 2153 3645; baseline 0.001 -19"><span class='ocrx_word' id='word_1_368' title='bbox 560 3572 773 3641; x_wconf 85' lang='lat' dir='ltr'><strong>probat.</strong></span> <span class='ocrx_word' id='word_1_369' title='bbox 824 3568 986 3645; x_wconf 81' lang='lat' dir='ltr'><strong>Addit</strong></span> <span class='ocrx_word' id='word_1_370' title='bbox 1033 3570 1372 3623; x_wconf 87' lang='lat' dir='ltr'><strong>membranas</strong></span> <span class='ocrx_word' id='word_1_371' title='bbox 1416 3584 1547 3623; x_wconf 91' lang='lat' dir='ltr'><strong>mss.</strong></span> <span class='ocrx_word' id='word_1_372' title='bbox 1581 3570 1830 3640; x_wconf 86' lang='lat' dir='ltr'><strong>ignorare</strong></span> <span class='ocrx_word' id='word_1_373' title='bbox 1876 3575 1933 3627; x_wconf 87' lang='grc' dir='ltr'><strong>τὸ</strong></span> <span class='ocrx_word' id='word_1_374' title='bbox 1981 3589 2153 3628; x_wconf 86' lang='lat' dir='ltr'><strong>succe-</strong></span> 
     </span>
    </p>
   </div>
   <div class='ocr_carea' id='block_1_52' title="bbox 562 3658 2155 3732">
    <p class='ocr_par' dir='ltr' id='par_1_52' title="bbox 562 3658 2155 3732">
     <span class='ocr_line' id='line_1_52' title="bbox 562 3658 2155 3732; baseline 0.004 -19"><span class='ocrx_word' id='word_1_375' title='bbox 562 3662 819 3725; x_wconf 84' lang='lat' dir='ltr'><strong>dentibus,</strong></span> <span class='ocrx_word' id='word_1_376' title='bbox 843 3658 1234 3728; x_wconf 80' lang='lat' dir='ltr'><strong>legendumque</strong></span> <span class='ocrx_word' id='word_1_377' title='bbox 1264 3667 1415 3728; x_wconf 87' lang='lat' dir='ltr'><strong>putat</strong></span> <span class='ocrx_word' id='word_1_378' title='bbox 1439 3660 1660 3713; x_wconf 85' lang='lat' dir='ltr'><strong>assiduis</strong></span> <span class='ocrx_word' id='word_1_379' title='bbox 1689 3660 1883 3732; x_wconf 81' lang='lat' dir='ltr'><strong>sibique</strong></span> <span class='ocrx_word' id='word_1_380' title='bbox 1903 3664 2155 3720; x_wconf 86' lang='lat' dir='ltr'><strong>continuis</strong></span> 
     </span>
    </p>
   </div>
   <div class='ocr_carea' id='block_1_53' title="bbox 560 3757 2156 3827">
    <p class='ocr_par' dir='ltr' id='par_1_53' title="bbox 560 3757 2156 3827">
     <span class='ocr_line' id='line_1_53' title="bbox 560 3757 2156 3827; baseline 0 -14"><span class='ocrx_word' id='word_1_381' title='bbox 560 3759 724 3814; x_wconf 88' lang='lat' dir='ltr'><strong>bellis.</strong></span> <span class='ocrx_word' id='word_1_382' title='bbox 751 3759 1032 3813; x_wconf 88' lang='lat' dir='ltr'><strong>Observat.</strong></span> <span class='ocrx_word' id='word_1_383' title='bbox 1071 3758 1165 3811; x_wconf 90' lang='lat' dir='ltr'><strong>lib.</strong></span> <span class='ocrx_word' id='word_1_384' title='bbox 1201 3773 1290 3823; x_wconf 90' lang='grc' dir='ltr'>ιιι,</span> <span class='ocrx_word' id='word_1_385' title='bbox 1319 3773 1439 3827; x_wconf 91' lang='lat' dir='ltr'><strong>cap.</strong></span> <span class='ocrx_word' id='word_1_386' title='bbox 1470 3759 1558 3811; x_wconf 85' lang='lat' dir='ltr'><strong>l6.</strong></span> <span class='ocrx_word' id='word_1_387' title='bbox 1591 3758 1753 3811; x_wconf 84' lang='lat' dir='ltr'><strong>Miror</strong></span> <span class='ocrx_word' id='word_1_388' title='bbox 1779 3757 2156 3813; x_wconf 83' lang='lat' dir='ltr'><strong>Benedictinos</strong></span> 
     </span>
    </p>
   </div>
   <div class='ocr_carea' id='block_1_54' title="bbox 560 3848 2157 3921">
    <p class='ocr_par' dir='ltr' id='par_1_54' title="bbox 560 3848 2157 3921">
     <span class='ocr_line' id='line_1_54' title="bbox 560 3848 2157 3921; baseline -0.001 -15"><span class='ocrx_word' id='word_1_389' title='bbox 560 3852 718 3921; x_wconf 84' lang='lat' dir='ltr'><strong>hujus</strong></span> <span class='ocrx_word' id='word_1_390' title='bbox 752 3852 915 3905; x_wconf 68' lang='lat' dir='ltr'><strong>varia:</strong></span> <span class='ocrx_word' id='word_1_391' title='bbox 948 3848 1193 3905; x_wconf 90' lang='lat' dir='ltr'><strong>lectionis</strong></span> <span class='ocrx_word' id='word_1_392' title='bbox 1242 3866 1347 3904; x_wconf 88' lang='lat' dir='ltr'><strong>non</strong></span> <span class='ocrx_word' id='word_1_393' title='bbox 1379 3850 1711 3908; x_wconf 89' lang='lat' dir='ltr'><strong>meminisse.</strong></span> <span class='ocrx_word' id='word_1_394' title='bbox 1759 3850 1913 3918; x_wconf 86' lang='lat' dir='ltr'><strong>Quod</strong></span> <span class='ocrx_word' id='word_1_395' title='bbox 1964 3852 2157 3905; x_wconf 87' lang='lat' dir='ltr'><strong>attinet</strong></span> 
     </span>
    </p>
   </div>
   <div class='ocr_carea' id='block_1_55' title="bbox 561 3943 2155 4013">
    <p class='ocr_par' dir='ltr' id='par_1_55' title="bbox 561 3943 2155 4013">
     <span class='ocr_line' id='line_1_55' title="bbox 561 3943 2155 4013; baseline -0.002 -12"><span class='ocrx_word' id='word_1_396' title='bbox 561 3947 630 4001; x_wconf 82' lang='lat' dir='ltr'><strong>ad</strong></span> <span class='ocrx_word' id='word_1_397' title='bbox 660 3961 841 4001; x_wconf 88' lang='lat' dir='ltr'><strong>vocem</strong></span> <span class='ocrx_word' id='word_1_398' title='bbox 869 3944 1144 4009; x_wconf 83' lang='lat' dir='ltr'><strong>di/famare</strong></span> <span class='ocrx_word' id='word_1_399' title='bbox 1164 3985 1180 4011; x_wconf 94' lang='lat'><strong>,</strong></span> <span class='ocrx_word' id='word_1_400' title='bbox 1236 3944 1289 3998; x_wconf 90' lang='lat' dir='ltr'><strong>in</strong></span> <span class='ocrx_word' id='word_1_401' title='bbox 1324 3943 1515 3997; x_wconf 92' lang='lat' dir='ltr'><strong>bonam</strong></span> <span class='ocrx_word' id='word_1_402' title='bbox 1560 3954 1764 4013; x_wconf 85' lang='lat' dir='ltr'><strong>partem</strong></span> <span class='ocrx_word' id='word_1_403' title='bbox 1798 3961 1902 3999; x_wconf 84' lang='lat' dir='ltr'><strong>non</strong></span> <span class='ocrx_word' id='word_1_404' title='bbox 1934 3959 2059 3999; x_wconf 88' lang='lat' dir='ltr'><strong>raro</strong></span> <span class='ocrx_word' id='word_1_405' title='bbox 2087 3943 2155 3999; x_wconf 93' lang='lat' dir='ltr'><strong>ab</strong></span> 
     </span>
    </p>
   </div>
   <div class='ocr_carea' id='block_1_56' title="bbox 562 4034 2156 4108">
    <p class='ocr_par' dir='ltr' id='par_1_56' title="bbox 562 4034 2156 4108">
     <span class='ocr_line' id='line_1_56' title="bbox 562 4034 2156 4108; baseline -0.004 -14"><span class='ocrx_word' id='word_1_406' title='bbox 562 4039 861 4108; x_wconf 81' lang='lat' dir='ltr'><strong>Augustino</strong></span> <span class='ocrx_word' id='word_1_407' title='bbox 891 4036 1135 4100; x_wconf 89' lang='lat' dir='ltr'><strong>sumitur,</strong></span> <span class='ocrx_word' id='word_1_408' title='bbox 1168 4049 1223 4089; x_wconf 89' lang='lat' dir='ltr'><strong>ut</strong></span> <span class='ocrx_word' id='word_1_409' title='bbox 1255 4034 1410 4105; x_wconf 88' lang='lat' dir='ltr'><strong>hujus</strong></span> <span class='ocrx_word' id='word_1_410' title='bbox 1440 4035 1557 4089; x_wconf 85' lang='lat' dir='ltr'><strong>libri</strong></span> <span class='ocrx_word' id='word_1_411' title='bbox 1590 4051 1707 4105; x_wconf 89' lang='lat' dir='ltr'><strong>cap.</strong></span> <span class='ocrx_word' id='word_1_412' title='bbox 1749 4036 1836 4091; x_wconf 80' lang='grc'><strong>51.</strong></span> <span class='ocrx_word' id='word_1_413' title='bbox 1869 4035 2034 4089; x_wconf 84' lang='lat' dir='ltr'><strong>Multo</strong></span> <span class='ocrx_word' id='word_1_414' title='bbox 2064 4052 2156 4088; x_wconf 86' lang='lat' dir='ltr'><strong>au-</strong></span> 
     </span>
    </p>
   </div>
   <div class='ocr_carea' id='block_1_57' title="bbox 563 4127 2155 4197">
    <p class='ocr_par' dir='ltr' id='par_1_57' title="bbox 563 4127 2155 4197">
     <span class='ocr_line' id='line_1_57' title="bbox 563 4127 2155 4197; baseline -0.001 -15"><span class='ocrx_word' id='word_1_415' title='bbox 563 4140 663 4183; x_wconf 87' lang='lat' dir='ltr'><strong>tem</strong></span> <span class='ocrx_word' id='word_1_416' title='bbox 692 4130 860 4181; x_wconf 88' lang='lat' dir='ltr'><strong>minus</strong></span> <span class='ocrx_word' id='word_1_417' title='bbox 900 4143 1077 4181; x_wconf 86' lang='lat' dir='ltr'><strong>eorum</strong></span> <span class='ocrx_word' id='word_1_418' title='bbox 1106 4143 1250 4180; x_wconf 82' lang='lat' dir='ltr'><strong>uoces</strong></span> <span class='ocrx_word' id='word_1_419' title='bbox 1294 4128 1649 4191; x_wconf 82' lang='lat' dir='ltr'><strong>tolerarentur,</strong></span> <span class='ocrx_word' id='word_1_420' title='bbox 1698 4136 1947 4197; x_wconf 89' lang='lat' dir='ltr'><strong>quantum</strong></span> <span class='ocrx_word' id='word_1_421' title='bbox 1974 4127 2155 4181; x_wconf 87' lang='lat' dir='ltr'><strong>attinet</strong></span> 
     </span>
    </p>
   </div>
   <div class='ocr_carea' id='block_1_58' title="bbox 564 4218 2157 4289">
    <p class='ocr_par' dir='ltr' id='par_1_58' title="bbox 564 4218 2157 4289">
     <span class='ocr_line' id='line_1_58' title="bbox 564 4218 2157 4289; baseline -0.003 -14"><span class='ocrx_word' id='word_1_422' title='bbox 564 4223 632 4275; x_wconf 89' lang='lat' dir='ltr'><strong>ad</strong></span> <span class='ocrx_word' id='word_1_423' title='bbox 664 4221 921 4275; x_wconf 81' lang='lat' dir='ltr'><strong>Romanos</strong></span> <span class='ocrx_word' id='word_1_424' title='bbox 946 4262 961 4287; x_wconf 95' lang='lat'><strong>,</strong></span> <span class='ocrx_word' id='word_1_425' title='bbox 1014 4220 1055 4273; x_wconf 90' lang='lat' dir='ltr'><strong>si</strong></span> <span class='ocrx_word' id='word_1_426' title='bbox 1089 4218 1394 4273; x_wconf 75' lang='lat' dir='ltr'><strong>Christiana:</strong></span> <span class='ocrx_word' id='word_1_427' title='bbox 1440 4219 1698 4289; x_wconf 85' lang='lat' dir='ltr'><strong>religionis</strong></span> <span class='ocrx_word' id='word_1_428' title='bbox 1728 4220 2066 4287; x_wconf 88' lang='lat' dir='ltr'><strong>receptionem</strong></span> <span class='ocrx_word' id='word_1_429' title='bbox 2109 4227 2157 4272; x_wconf 87' lang='lat' dir='ltr'><strong>et</strong></span> 
     </span>
    </p>
   </div>
   <div class='ocr_carea' id='block_1_59' title="bbox 564 4308 2155 4381">
    <p class='ocr_par' dir='ltr' id='par_1_59' title="bbox 564 4308 2155 4381">
     <span class='ocr_line' id='line_1_59' title="bbox 564 4308 2155 4381; baseline -0.003 -14"><span class='ocrx_word' id='word_1_430' title='bbox 564 4314 993 4381; x_wconf 74' lang='lat' dir='ltr'><strong>dilfamationem,</strong></span> <span class='ocrx_word' id='word_1_431' title='bbox 1025 4311 1103 4365; x_wconf 81' lang='lat' dir='ltr'><strong>uel</strong></span> <span class='ocrx_word' id='word_1_432' title='bbox 1132 4312 1355 4378; x_wconf 84' lang='lat' dir='ltr'><strong>irruptio</strong></span> <span class='ocrx_word' id='word_1_433' title='bbox 1378 4309 1472 4363; x_wconf 86' lang='lat' dir='ltr'><strong>illa</strong></span> <span class='ocrx_word' id='word_1_434' title='bbox 1506 4308 1798 4376; x_wconf 82' lang='lat' dir='ltr'><strong>Gallorum,</strong></span> <span class='ocrx_word' id='word_1_435' title='bbox 1822 4311 1899 4363; x_wconf 84' lang='lat' dir='ltr'><strong>vel</strong></span> <span class='ocrx_word' id='word_1_436' title='bbox 1932 4309 2155 4363; x_wconf 78' lang='lat' dir='ltr'><strong>Tiberini</strong></span> 
     </span>
    </p>
   </div>
   <div class='ocr_carea' id='block_1_60' title="bbox 565 4400 2154 4475">
    <p class='ocr_par' dir='ltr' id='par_1_60' title="bbox 565 4400 2154 4475">
     <span class='ocr_line' id='line_1_60' title="bbox 565 4400 2154 4475; baseline -0.004 -15"><span class='ocrx_word' id='word_1_437' title='bbox 565 4406 791 4475; x_wconf 78' lang='lat' dir='ltr'><strong>ﬂuminis</strong></span> <span class='ocrx_word' id='word_1_438' title='bbox 826 4405 1120 4475; x_wconf 79' lang='lat' dir='ltr'><strong>igniumque</strong></span> <span class='ocrx_word' id='word_1_439' title='bbox 1158 4403 1251 4456; x_wconf 90' lang='lat' dir='ltr'><strong>illa</strong></span> <span class='ocrx_word' id='word_1_440' title='bbox 1293 4401 1657 4471; x_wconf 85' lang='lat' dir='ltr'><strong>depopulatio,</strong></span> <span class='ocrx_word' id='word_1_441' title='bbox 1698 4400 1777 4454; x_wconf 83' lang='lat' dir='ltr'><strong>uel</strong></span> <span class='ocrx_word' id='word_1_442' title='bbox 1808 4401 1945 4471; x_wconf 91' lang='lat' dir='ltr'><strong>quod</strong></span> <span class='ocrx_word' id='word_1_443' title='bbox 1971 4409 2154 4454; x_wconf 88' lang='lat' dir='ltr'><strong>cuncta</strong></span> 
     </span>
    </p>
   </div>
   <div class='ocr_carea' id='block_1_61' title="bbox 565 4494 1715 4565">
    <p class='ocr_par' dir='ltr' id='par_1_61' title="bbox 565 4494 1715 4565">
     <span class='ocr_line' id='line_1_61' title="bbox 565 4494 1715 4565; baseline -0.004 -12"><span class='ocrx_word' id='word_1_444' title='bbox 565 4500 706 4553; x_wconf 89' lang='lat' dir='ltr'><strong>mala</strong></span> <span class='ocrx_word' id='word_1_445' title='bbox 736 4498 994 4565; x_wconf 66' lang='lat' dir='ltr'><strong>praecedit,</strong></span> <span class='ocrx_word' id='word_1_446' title='bbox 1020 4495 1154 4549; x_wconf 90' lang='lat' dir='ltr'><strong>bella</strong></span> <span class='ocrx_word' id='word_1_447' title='bbox 1178 4494 1348 4547; x_wconf 80' lang='lat' dir='ltr'><strong>civilia</strong></span> <span class='ocrx_word' id='word_1_448' title='bbox 1371 4504 1715 4563; x_wconf 85' lang='lat' dir='ltr'><strong>sequerentur.</strong></span> 
     </span>
    </p>
   </div>
   <div class='ocr_carea' id='block_1_62' title="bbox 2247 1906 2690 1981">
    <p class='ocr_par' dir='ltr' id='par_1_62' title="bbox 2247 1906 2690 1981">
     <span class='ocr_line' id='line_1_62' title="bbox 2247 1906 2690 1981; baseline -0.005 -14"><span class='ocrx_word' id='word_1_449' title='bbox 2247 1912 2341 1967; x_wconf 91' lang='lat' dir='ltr'><strong>lib.</strong></span> <span class='ocrx_word' id='word_1_450' title='bbox 2377 1928 2415 1979; x_wconf 85' lang='grc' dir='ltr'>ι,</span> <span class='ocrx_word' id='word_1_451' title='bbox 2450 1912 2607 1981; x_wconf 91' lang='lat' dir='ltr'><strong>epist.</strong></span> <span class='ocrx_word' id='word_1_452' title='bbox 2641 1906 2690 1965; x_wconf 73' lang='grc'><strong>1.</strong></span> 
     </span>
    </p>
   </div>
   <div class='ocr_carea' id='block_1_63' title="bbox 2320 2002 3842 2075">
    <p class='ocr_par' dir='ltr' id='par_1_63' title="bbox 2320 2002 3842 2075">
     <span class='ocr_line' id='line_1_63' title="bbox 2320 2002 3842 2075; baseline -0.003 -15"><span class='ocrx_word' id='word_1_453' title='bbox 2320 2006 2484 2060; x_wconf 81' lang='lat' dir='ltr'><strong>Lmno</strong></span> <span class='ocrx_word' id='word_1_454' title='bbox 2512 2021 2583 2059; x_wconf 85' lang='lat' dir='ltr'><strong>tv.</strong></span> <span class='ocrx_word' id='word_1_455' title='bbox 2613 2004 2741 2073; x_wconf 90' lang='lat' dir='ltr'><strong>Cap.</strong></span> <span class='ocrx_word' id='word_1_456' title='bbox 2776 2003 2829 2060; x_wconf 70' lang='grc'><strong>4.</strong></span> <span class='ocrx_word' id='word_1_457' title='bbox 2872 2002 3086 2058; x_wconf 86' lang='lat' dir='ltr'><strong>Remota</strong></span> <span class='ocrx_word' id='word_1_458' title='bbox 3122 2004 3337 2075; x_wconf 86' lang='lat' dir='ltr'><strong>justitia</strong></span> <span class='ocrx_word' id='word_1_459' title='bbox 3368 2002 3504 2072; x_wconf 90' lang='lat' dir='ltr'><strong>quid</strong></span> <span class='ocrx_word' id='word_1_460' title='bbox 3542 2012 3660 2056; x_wconf 88' lang='lat' dir='ltr'><strong>sunt</strong></span> <span class='ocrx_word' id='word_1_461' title='bbox 3688 2019 3842 2073; x_wconf 86' lang='lat' dir='ltr'><strong>regna,</strong></span> 
     </span>
    </p>
   </div>
   <div class='ocr_carea' id='block_1_64' title="bbox 2248 2095 3843 2167">
    <p class='ocr_par' dir='ltr' id='par_1_64' title="bbox 2248 2095 3843 2167">
     <span class='ocr_line' id='line_1_64' title="bbox 2248 2095 3843 2167; baseline -0.004 -14"><span class='ocrx_word' id='word_1_462' title='bbox 2248 2098 2350 2153; x_wconf 89' lang='lat' dir='ltr'><strong>nisi</strong></span> <span class='ocrx_word' id='word_1_463' title='bbox 2371 2114 2557 2166; x_wconf 90' lang='lat' dir='ltr'><strong>magna</strong></span> <span class='ocrx_word' id='word_1_464' title='bbox 2587 2096 2891 2160; x_wconf 85' lang='lat' dir='ltr'><strong>latrocinia;</strong></span> <span class='ocrx_word' id='word_1_465' title='bbox 2934 2097 3053 2166; x_wconf 88' lang='lat' dir='ltr'><strong>quia</strong></span> <span class='ocrx_word' id='word_1_466' title='bbox 3075 2105 3121 2150; x_wconf 90' lang='lat' dir='ltr'><strong>et</strong></span> <span class='ocrx_word' id='word_1_467' title='bbox 3143 2097 3256 2167; x_wconf 83' lang='lat' dir='ltr'><strong>ipsa</strong></span> <span class='ocrx_word' id='word_1_468' title='bbox 3288 2095 3583 2149; x_wconf 86' lang='lat' dir='ltr'><strong>latrocinia</strong></span> <span class='ocrx_word' id='word_1_469' title='bbox 3605 2096 3725 2165; x_wconf 88' lang='lat' dir='ltr'><strong>quid</strong></span> <span class='ocrx_word' id='word_1_470' title='bbox 3744 2108 3843 2148; x_wconf 83' lang='lat' dir='ltr'><strong>sunt</strong></span> 
     </span>
    </p>
   </div>
   <div class='ocr_carea' id='block_1_65' title="bbox 2250 2188 3841 2260">
    <p class='ocr_par' dir='ltr' id='par_1_65' title="bbox 2250 2188 3841 2260">
     <span class='ocr_line' id='line_1_65' title="bbox 2250 2188 3841 2260; baseline -0.003 -15"><span class='ocrx_word' id='word_1_471' title='bbox 2250 2193 2350 2245; x_wconf 84' lang='lat' dir='ltr'><strong>nisi</strong></span> <span class='ocrx_word' id='word_1_472' title='bbox 2398 2206 2555 2259; x_wconf 75' lang='lat' dir='ltr'><strong>parva</strong></span> <span class='ocrx_word' id='word_1_473' title='bbox 2581 2188 2804 2260; x_wconf 84' lang='lat' dir='ltr'><strong>regna?]</strong></span> <span class='ocrx_word' id='word_1_474' title='bbox 2845 2190 3054 2244; x_wconf 86' lang='lat' dir='ltr'><strong>Mollius</strong></span> <span class='ocrx_word' id='word_1_475' title='bbox 3100 2189 3297 2244; x_wconf 81' lang='lat' dir='ltr'><strong>ﬂueret</strong></span> <span class='ocrx_word' id='word_1_476' title='bbox 3325 2189 3512 2244; x_wconf 88' lang='lat' dir='ltr'><strong>oratio</strong></span> <span class='ocrx_word' id='word_1_477' title='bbox 3544 2188 3592 2243; x_wconf 89' lang='lat' dir='ltr'><strong>si</strong></span> <span class='ocrx_word' id='word_1_478' title='bbox 3622 2203 3715 2259; x_wconf 92' lang='lat' dir='ltr'><strong>pro</strong></span> <span class='ocrx_word' id='word_1_479' title='bbox 3740 2191 3841 2259; x_wconf 78' lang='lat' dir='ltr'><strong>quia</strong></span> 
     </span>
    </p>
   </div>
   <div class='ocr_carea' id='block_1_66' title="bbox 2250 2279 3841 2353">
    <p class='ocr_par' dir='ltr' id='par_1_66' title="bbox 2250 2279 3841 2353">
     <span class='ocr_line' id='line_1_66' title="bbox 2250 2279 3841 2353; baseline -0.005 -13"><span class='ocrx_word' id='word_1_480' title='bbox 2250 2285 2552 2353; x_wconf 80' lang='lat' dir='ltr'><strong>legeremus</strong></span> <span class='ocrx_word' id='word_1_481' title='bbox 2581 2284 2705 2353; x_wconf 90' lang='lat' dir='ltr'><strong>quin</strong></span> <span class='ocrx_word' id='word_1_482' title='bbox 2728 2322 2743 2347; x_wconf 94' lang='lat'><strong>,</strong></span> <span class='ocrx_word' id='word_1_483' title='bbox 2792 2282 3074 2351; x_wconf 66' lang='lat' dir='ltr'><strong>praeposita</strong></span> <span class='ocrx_word' id='word_1_484' title='bbox 3124 2281 3587 2352; x_wconf 80' lang='lat' dir='ltr'><strong>interrogationis</strong></span> <span class='ocrx_word' id='word_1_485' title='bbox 3616 2290 3753 2334; x_wconf 82' lang='lat' dir='ltr'><strong>nota.</strong></span> <span class='ocrx_word' id='word_1_486' title='bbox 3782 2279 3841 2333; x_wconf 87' lang='lat' dir='ltr'><strong>De</strong></span> 
     </span>
    </p>
   </div>
   <div class='ocr_carea' id='block_1_67' title="bbox 2250 2371 3837 2445">
    <p class='ocr_par' dir='ltr' id='par_1_67' title="bbox 2250 2371 3837 2445">
     <span class='ocr_line' id='line_1_67' title="bbox 2250 2371 3837 2445; baseline -0.006 -13"><span class='ocrx_word' id='word_1_487' title='bbox 2250 2392 2311 2432; x_wconf 90' lang='lat' dir='ltr'><strong>re</strong></span> <span class='ocrx_word' id='word_1_488' title='bbox 2343 2377 2456 2445; x_wconf 92' lang='lat' dir='ltr'><strong>ipsa</strong></span> <span class='ocrx_word' id='word_1_489' title='bbox 2489 2372 2754 2443; x_wconf 88' lang='lat' dir='ltr'><strong>permulta</strong></span> <span class='ocrx_word' id='word_1_490' title='bbox 2786 2372 2949 2428; x_wconf 87' lang='lat' dir='ltr'><strong>habet</strong></span> <span class='ocrx_word' id='word_1_491' title='bbox 2977 2373 3244 2442; x_wconf 80' lang='lat' dir='ltr'><strong>elegantia</strong></span> <span class='ocrx_word' id='word_1_492' title='bbox 3286 2381 3347 2429; x_wconf 83' lang='lat' dir='ltr'><strong>et</strong></span> <span class='ocrx_word' id='word_1_493' title='bbox 3376 2388 3513 2429; x_wconf 88' lang='lat' dir='ltr'><strong>vera</strong></span> <span class='ocrx_word' id='word_1_494' title='bbox 3553 2371 3837 2427; x_wconf 86' lang='lat' dir='ltr'><strong>Lactantius</strong></span> 
     </span>
    </p>
   </div>
   <div class='ocr_carea' id='block_1_68' title="bbox 2252 2466 3697 2524">
    <p class='ocr_par' dir='ltr' id='par_1_68' title="bbox 2252 2466 3697 2524">
     <span class='ocr_line' id='line_1_68' title="bbox 2252 2466 3697 2524; baseline -0.003 0"><span class='ocrx_word' id='word_1_495' title='bbox 2252 2468 2348 2524; x_wconf 91' lang='lat' dir='ltr'><strong>lib.</strong></span> <span class='ocrx_word' id='word_1_496' title='bbox 2379 2485 2413 2521; x_wconf 90' lang='lat' dir='ltr'><strong>v</strong></span> <span class='ocrx_word' id='word_1_497' title='bbox 2443 2466 2840 2523; x_wconf 88' lang='lat' dir='ltr'><strong>lnstitutionum</strong></span> <span class='ocrx_word' id='word_1_498' title='bbox 2871 2467 3199 2522; x_wconf 88' lang='lat' dir='ltr'><strong>divinarum.</strong></span> <span class='ocrx_word' id='word_1_499' title='bbox 3696 2516 3697 2519; x_wconf 44' lang='grc' dir='ltr'><strong>η</strong></span> 
     </span>
    </p>
   </div>
   <div class='ocr_carea' id='block_1_69' title="bbox 2322 2558 3836 2633">
    <p class='ocr_par' dir='ltr' id='par_1_69' title="bbox 2322 2558 3836 2633">
     <span class='ocr_line' id='line_1_69' title="bbox 2322 2558 3836 2633; baseline -0.005 -16"><span class='ocrx_word' id='word_1_500' title='bbox 2322 2562 2453 2633; x_wconf 89' lang='lat' dir='ltr'><strong>Cap.</strong></span> <span class='ocrx_word' id='word_1_501' title='bbox 2488 2562 2541 2615; x_wconf 91' lang='lat'><strong>8.</strong></span> <span class='ocrx_word' id='word_1_502' title='bbox 2587 2562 2766 2632; x_wconf 77' lang='lat' dir='ltr'><strong>Neque</strong></span> <span class='ocrx_word' id='word_1_503' title='bbox 2820 2563 2953 2615; x_wconf 83' lang='lat' dir='ltr'><strong>enim</strong></span> <span class='ocrx_word' id='word_1_504' title='bbox 2997 2562 3050 2615; x_wconf 91' lang='lat' dir='ltr'><strong>in</strong></span> <span class='ocrx_word' id='word_1_505' title='bbox 3094 2561 3192 2615; x_wconf 84' lang='lat' dir='ltr'><strong>hoc</strong></span> <span class='ocrx_word' id='word_1_506' title='bbox 3256 2569 3367 2615; x_wconf 88' lang='lat' dir='ltr'><strong>tam</strong></span> <span class='ocrx_word' id='word_1_507' title='bbox 3413 2558 3669 2632; x_wconf 77' lang='lat' dir='ltr'><strong>praeclaro</strong></span> <span class='ocrx_word' id='word_1_508' title='bbox 3712 2560 3836 2628; x_wconf 78' lang='lat' dir='ltr'><strong>operi</strong></span> 
     </span>
    </p>
   </div>
   <div class='ocr_carea' id='block_1_70' title="bbox 2256 2651 3838 2727">
    <p class='ocr_par' dir='ltr' id='par_1_70' title="bbox 2256 2651 3838 2727">
     <span class='ocr_line' id='line_1_70' title="bbox 2256 2651 3838 2727; baseline -0.005 -16"><span class='ocrx_word' id='word_1_509' title='bbox 2256 2656 2629 2727; x_wconf 88' lang='lat' dir='ltr'><strong>(prolatorum</strong></span> <span class='ocrx_word' id='word_1_510' title='bbox 2659 2654 2869 2726; x_wconf 87' lang='lat' dir='ltr'><strong>imperii</strong></span> <span class='ocrx_word' id='word_1_511' title='bbox 2898 2654 3123 2708; x_wconf 81' lang='lat' dir='ltr'><strong>Romani</strong></span> <span class='ocrx_word' id='word_1_512' title='bbox 3150 2654 3338 2709; x_wconf 76' lang='lat' dir='ltr'><strong>[inium</strong></span> <span class='ocrx_word' id='word_1_513' title='bbox 3367 2653 3387 2725; x_wconf 93' lang='lat'>)</span> <span class='ocrx_word' id='word_1_514' title='bbox 3423 2663 3471 2707; x_wconf 90' lang='lat' dir='ltr'><strong>et</strong></span> <span class='ocrx_word' id='word_1_515' title='bbox 3495 2663 3652 2707; x_wconf 76' lang='lat' dir='ltr'><strong>tanta:</strong></span> <span class='ocrx_word' id='word_1_516' title='bbox 3671 2651 3838 2719; x_wconf 83' lang='lat' dir='ltr'><strong>plenis-</strong></span> 
     </span>
    </p>
   </div>
   <div class='ocr_carea' id='block_1_71' title="bbox 2253 2738 3835 2819">
    <p class='ocr_par' dir='ltr' id='par_1_71' title="bbox 2253 2738 3835 2819">
     <span class='ocr_line' id='line_1_71' title="bbox 2253 2738 3835 2819; baseline -0.007 -16"><span class='ocrx_word' id='word_1_517' title='bbox 2253 2750 2382 2803; x_wconf 90' lang='lat' dir='ltr'><strong>simo</strong></span> <span class='ocrx_word' id='word_1_518' title='bbox 2429 2748 2695 2819; x_wconf 86' lang='lat' dir='ltr'><strong>dignitatis</strong></span> <span class='ocrx_word' id='word_1_519' title='bbox 2743 2747 2935 2799; x_wconf 84' lang='lat' dir='ltr'><strong>audent</strong></span> <span class='ocrx_word' id='word_1_520' title='bbox 2972 2744 3172 2815; x_wconf 88' lang='lat' dir='ltr'><strong>aliquas</strong></span> <span class='ocrx_word' id='word_1_521' title='bbox 3218 2756 3399 2813; x_wconf 87' lang='lat' dir='ltr'><strong>partes</strong></span> <span class='ocrx_word' id='word_1_522' title='bbox 3452 2746 3564 2798; x_wconf 67' lang='lat' dir='ltr'><strong>det:</strong></span> <span class='ocrx_word' id='word_1_523' title='bbox 3612 2738 3835 2797; x_wconf 78' lang='lat' dir='ltr'><strong>Cloacina:</strong></span> 
     </span>
    </p>
   </div>
   <div class='ocr_carea' id='block_1_72' title="bbox 2256 2838 3836 2909">
    <p class='ocr_par' dir='ltr' id='par_1_72' title="bbox 2256 2838 3836 2909">
     <span class='ocr_line' id='line_1_72' title="bbox 2256 2838 3836 2909; baseline -0.007 -14"><span class='ocrx_word' id='word_1_524' title='bbox 2256 2843 2513 2907; x_wconf 89' lang='lat' dir='ltr'><strong>tribuere,</strong></span> <span class='ocrx_word' id='word_1_525' title='bbox 2567 2851 2653 2894; x_wconf 88' lang='lat' dir='ltr'><strong>aut</strong></span> <span class='ocrx_word' id='word_1_526' title='bbox 2691 2839 2958 2907; x_wconf 69' lang='lat' dir='ltr'><strong>Volupiaz;</strong></span> <span class='ocrx_word' id='word_1_527' title='bbox 3008 2848 3097 2893; x_wconf 90' lang='lat' dir='ltr'><strong>aut</strong></span> <span class='ocrx_word' id='word_1_528' title='bbox 3132 2838 3428 2906; x_wconf 84' lang='lat' dir='ltr'><strong>Vaticano,</strong></span> <span class='ocrx_word' id='word_1_529' title='bbox 3477 2838 3566 2909; x_wconf 88' lang='lat' dir='ltr'><strong>qui</strong></span> <span class='ocrx_word' id='word_1_530' title='bbox 3609 2840 3836 2906; x_wconf 79' lang='lat' dir='ltr'><strong>infantum</strong></span> 
     </span>
    </p>
   </div>
   <div class='ocr_carea' id='block_1_73' title="bbox 2252 2924 3831 3003">
    <p class='ocr_par' dir='ltr' id='par_1_73' title="bbox 2252 2924 3831 3003">
     <span class='ocr_line' id='line_1_73' title="bbox 2252 2924 3831 3003; baseline -0.006 -16"><span class='ocrx_word' id='word_1_531' title='bbox 2252 2934 2505 3003; x_wconf 74' lang='lat' dir='ltr'><strong>vagitibus</strong></span> <span class='ocrx_word' id='word_1_532' title='bbox 2540 2932 2812 3003; x_wconf 66' lang='lat' dir='ltr'><strong>praesidet;</strong></span> <span class='ocrx_word' id='word_1_533' title='bbox 2856 2938 2945 2983; x_wconf 85' lang='lat' dir='ltr'><strong>aut</strong></span> <span class='ocrx_word' id='word_1_534' title='bbox 2966 2930 3199 2994; x_wconf 81' lang='lat' dir='ltr'><strong>Cuninw,</strong></span> <span class='ocrx_word' id='word_1_535' title='bbox 3226 2947 3349 3001; x_wconf 81' lang='lat' dir='ltr'><strong>qua:</strong></span> <span class='ocrx_word' id='word_1_536' title='bbox 3380 2946 3546 2983; x_wconf 89' lang='lat' dir='ltr'><strong>cunas</strong></span> <span class='ocrx_word' id='word_1_537' title='bbox 3578 2943 3741 2983; x_wconf 88' lang='lat' dir='ltr'><strong>eorum</strong></span> <span class='ocrx_word' id='word_1_538' title='bbox 3758 2924 3831 2977; x_wconf 87' lang='lat' dir='ltr'><strong>ad-</strong></span> 
     </span>
    </p>
   </div>
   <div class='ocr_carea' id='block_1_74' title="bbox 2255 3021 3839 3094">
    <p class='ocr_par' dir='ltr' id='par_1_74' title="bbox 2255 3021 3839 3094">
     <span class='ocr_line' id='line_1_74' title="bbox 2255 3021 3839 3094; baseline -0.006 -17"><span class='ocrx_word' id='word_1_539' title='bbox 2255 3022 2570 3094; x_wconf 59' lang='lat' dir='ltr'><strong>ministrat]</strong></span> <span class='ocrx_word' id='word_1_540' title='bbox 2602 3024 2891 3077; x_wconf 91' lang='lat' dir='ltr'><strong>Testantur</strong></span> <span class='ocrx_word' id='word_1_541' title='bbox 2940 3021 3169 3077; x_wconf 88' lang='lat' dir='ltr'><strong>Parisini</strong></span> <span class='ocrx_word' id='word_1_542' title='bbox 3213 3022 3469 3077; x_wconf 88' lang='lat' dir='ltr'><strong>editores</strong></span> <span class='ocrx_word' id='word_1_543' title='bbox 3522 3035 3629 3075; x_wconf 90' lang='lat' dir='ltr'><strong>non</strong></span> <span class='ocrx_word' id='word_1_544' title='bbox 3659 3026 3839 3071; x_wconf 84' lang='lat' dir='ltr'><strong>tantum</strong></span> 
     </span>
    </p>
   </div>
   <div class='ocr_carea' id='block_1_75' title="bbox 2256 3109 3840 3185">
    <p class='ocr_par' dir='ltr' id='par_1_75' title="bbox 2256 3109 3840 3185">
     <span class='ocr_line' id='line_1_75' title="bbox 2256 3109 3840 3185; baseline -0.008 -12"><span class='ocrx_word' id='word_1_545' title='bbox 2256 3118 2310 3173; x_wconf 91' lang='lat' dir='ltr'><strong>in</strong></span> <span class='ocrx_word' id='word_1_546' title='bbox 2342 3118 2668 3173; x_wconf 88' lang='lat' dir='ltr'><strong>editionibus</strong></span> <span class='ocrx_word' id='word_1_547' title='bbox 2713 3116 2952 3185; x_wconf 88' lang='lat' dir='ltr'><strong>aliquot,</strong></span> <span class='ocrx_word' id='word_1_548' title='bbox 2998 3114 3091 3169; x_wconf 92' lang='lat' dir='ltr'><strong>sed</strong></span> <span class='ocrx_word' id='word_1_549' title='bbox 3120 3124 3175 3170; x_wconf 90' lang='lat' dir='ltr'><strong>et</strong></span> <span class='ocrx_word' id='word_1_550' title='bbox 3204 3115 3257 3169; x_wconf 91' lang='lat' dir='ltr'><strong>in</strong></span> <span class='ocrx_word' id='word_1_551' title='bbox 3285 3129 3437 3169; x_wconf 89' lang='lat' dir='ltr'><strong>mss.</strong></span> <span class='ocrx_word' id='word_1_552' title='bbox 3473 3127 3596 3168; x_wconf 86' lang='lat' dir='ltr'><strong>esse</strong></span> <span class='ocrx_word' id='word_1_553' title='bbox 3628 3125 3727 3165; x_wconf 92' lang='lat' dir='ltr'><strong>nou</strong></span> <span class='ocrx_word' id='word_1_554' title='bbox 3760 3109 3840 3162; x_wconf 73' lang='lat' dir='ltr'><strong>l&#39;a~</strong></span> 
     </span>
    </p>
   </div>
   <div class='ocr_carea' id='block_1_76' title="bbox 2180 3206 3839 3279">
    <p class='ocr_par' dir='ltr' id='par_1_76' title="bbox 2180 3206 3839 3279">
     <span class='ocr_line' id='line_1_76' title="bbox 2180 3206 3839 3279; baseline -0.006 -14"><span class='ocrx_word' id='word_1_555' title='bbox 2180 3210 2225 3275; x_wconf 89' lang='lat' dir='ltr'><strong>C</strong></span> <span class='ocrx_word' id='word_1_556' title='bbox 2257 3213 2444 3275; x_wconf 88' lang='lat' dir='ltr'><strong>ticano,</strong></span> <span class='ocrx_word' id='word_1_557' title='bbox 2480 3208 2576 3265; x_wconf 90' lang='lat' dir='ltr'><strong>sed</strong></span> <span class='ocrx_word' id='word_1_558' title='bbox 2607 3208 2894 3279; x_wconf 82' lang='lat' dir='ltr'><strong>Vagitano:</strong></span> <span class='ocrx_word' id='word_1_559' title='bbox 2934 3206 3077 3277; x_wconf 92' lang='lat' dir='ltr'><strong>quod</strong></span> <span class='ocrx_word' id='word_1_560' title='bbox 3108 3222 3205 3261; x_wconf 89' lang='lat' dir='ltr'><strong>cur</strong></span> <span class='ocrx_word' id='word_1_561' title='bbox 3234 3207 3289 3262; x_wconf 91' lang='lat' dir='ltr'><strong>in</strong></span> <span class='ocrx_word' id='word_1_562' title='bbox 3325 3213 3551 3263; x_wconf 82' lang='lat' dir='ltr'><strong>textum</strong></span> <span class='ocrx_word' id='word_1_563' title='bbox 3585 3218 3688 3259; x_wconf 92' lang='lat' dir='ltr'><strong>non</strong></span> <span class='ocrx_word' id='word_1_564' title='bbox 3713 3215 3839 3257; x_wconf 87' lang='lat' dir='ltr'><strong>rece-</strong></span> 
     </span>
    </p>
   </div>
   <div class='ocr_carea' id='block_1_77' title="bbox 2255 3294 3836 3374">
    <p class='ocr_par' dir='ltr' id='par_1_77' title="bbox 2255 3294 3836 3374">
     <span class='ocr_line' id='line_1_77' title="bbox 2255 3294 3836 3374; baseline -0.008 -16"><span class='ocrx_word' id='word_1_565' title='bbox 2255 3304 2433 3374; x_wconf 91' lang='lat' dir='ltr'><strong>perint</strong></span> <span class='ocrx_word' id='word_1_566' title='bbox 2480 3317 2585 3357; x_wconf 92' lang='lat' dir='ltr'><strong>non</strong></span> <span class='ocrx_word' id='word_1_567' title='bbox 2633 3301 2899 3369; x_wconf 78' lang='lat' dir='ltr'><strong>intelligo,</strong></span> <span class='ocrx_word' id='word_1_568' title='bbox 2952 3316 3074 3355; x_wconf 94' lang='lat' dir='ltr'><strong>cum</strong></span> <span class='ocrx_word' id='word_1_569' title='bbox 3125 3309 3317 3354; x_wconf 76' lang='lat' dir='ltr'><strong>czetera</strong></span> <span class='ocrx_word' id='word_1_570' title='bbox 3378 3299 3608 3355; x_wconf 87' lang='lat' dir='ltr'><strong>deorum</strong></span> <span class='ocrx_word' id='word_1_571' title='bbox 3651 3294 3836 3351; x_wconf 84' lang='lat' dir='ltr'><strong>nomina</strong></span> 
     </span>
    </p>
   </div>
   <div class='ocr_carea' id='block_1_78' title="bbox 2256 3374 3835 3463">
    <p class='ocr_par' dir='ltr' id='par_1_78' title="bbox 2256 3374 3835 3463">
     <span class='ocr_line' id='line_1_78' title="bbox 2256 3374 3835 3463; baseline -0.009 -14"><span class='ocrx_word' id='word_1_572' title='bbox 2256 3374 2546 3450; x_wconf 84' lang='lat' dir='ltr'><strong>ostendant</strong></span> <span class='ocrx_word' id='word_1_573' title='bbox 2575 3392 2735 3461; x_wconf 90' lang='lat' dir='ltr'><strong>hujus</strong></span> <span class='ocrx_word' id='word_1_574' title='bbox 2764 3393 2925 3446; x_wconf 92' lang='lat' dir='ltr'><strong>etiam</strong></span> <span class='ocrx_word' id='word_1_575' title='bbox 2954 3390 3269 3445; x_wconf 87' lang='lat' dir='ltr'><strong>vocabulum</strong></span> <span class='ocrx_word' id='word_1_576' title='bbox 3291 3405 3322 3444; x_wconf 89' lang='lat' dir='ltr'><strong>a</strong></span> <span class='ocrx_word' id='word_1_577' title='bbox 3352 3392 3541 3463; x_wconf 67' lang='lat' dir='ltr'><strong>vagitu</strong></span> <span class='ocrx_word' id='word_1_578' title='bbox 3563 3386 3681 3442; x_wconf 91' lang='lat' dir='ltr'><strong>duci</strong></span> <span class='ocrx_word' id='word_1_579' title='bbox 3704 3398 3835 3453; x_wconf 91' lang='lat' dir='ltr'><strong>opor-</strong></span> 
     </span>
    </p>
   </div>
   <div class='ocr_carea' id='block_1_79' title="bbox 2256 3475 3834 3554">
    <p class='ocr_par' dir='ltr' id='par_1_79' title="bbox 2256 3475 3834 3554">
     <span class='ocr_line' id='line_1_79' title="bbox 2256 3475 3834 3554; baseline -0.008 -14"><span class='ocrx_word' id='word_1_580' title='bbox 2256 3484 2599 3541; x_wconf 85' lang='lat' dir='ltr'><strong>tuisse.Vide</strong></span> <span class='ocrx_word' id='word_1_581' title='bbox 2627 3492 2682 3540; x_wconf 89' lang='lat' dir='ltr'><strong>et</strong></span> <span class='ocrx_word' id='word_1_582' title='bbox 2706 3498 2823 3554; x_wconf 89' lang='lat' dir='ltr'><strong>cap.</strong></span> <span class='ocrx_word' id='word_1_583' title='bbox 2852 3484 2941 3538; x_wconf 73' lang='lat'><strong>21.</strong></span> <span class='ocrx_word' id='word_1_584' title='bbox 2984 3484 3106 3541; x_wconf 90' lang='lat' dir='ltr'><strong>Scio</strong></span> <span class='ocrx_word' id='word_1_585' title='bbox 3136 3484 3311 3538; x_wconf 90' lang='lat' dir='ltr'><strong>locum</strong></span> <span class='ocrx_word' id='word_1_586' title='bbox 3334 3482 3608 3537; x_wconf 84' lang='lat' dir='ltr'><strong>Varronis</strong></span> <span class='ocrx_word' id='word_1_587' title='bbox 3634 3475 3834 3550; x_wconf 74' lang='lat' dir='ltr'><strong>proferri</strong></span> 
     </span>
    </p>
   </div>
   <div class='ocr_carea' id='block_1_80' title="bbox 2256 3566 3834 3646">
    <p class='ocr_par' dir='ltr' id='par_1_80' title="bbox 2256 3566 3834 3646">
     <span class='ocr_line' id='line_1_80' title="bbox 2256 3566 3834 3646; baseline -0.006 -16"><span class='ocrx_word' id='word_1_588' title='bbox 2256 3577 2325 3630; x_wconf 88' lang='lat' dir='ltr'><strong>ab</strong></span> <span class='ocrx_word' id='word_1_589' title='bbox 2352 3576 2489 3631; x_wconf 86' lang='lat' dir='ltr'><strong>Aulo</strong></span> <span class='ocrx_word' id='word_1_590' title='bbox 2516 3576 2689 3631; x_wconf 88' lang='lat' dir='ltr'><strong>Gellio</strong></span> <span class='ocrx_word' id='word_1_591' title='bbox 2720 3576 2814 3629; x_wconf 91' lang='lat' dir='ltr'><strong>lib.</strong></span> <span class='ocrx_word' id='word_1_592' title='bbox 2853 3590 2964 3637; x_wconf 82' lang='lat' dir='ltr'><strong>xvi,</strong></span> <span class='ocrx_word' id='word_1_593' title='bbox 3005 3590 3124 3645; x_wconf 87' lang='lat' dir='ltr'><strong>cap.</strong></span> <span class='ocrx_word' id='word_1_594' title='bbox 3153 3576 3244 3643; x_wconf 86' lang='grc'><strong>17,</strong></span> <span class='ocrx_word' id='word_1_595' title='bbox 3276 3575 3370 3646; x_wconf 89' lang='lat' dir='ltr'><strong>qui</strong></span> <span class='ocrx_word' id='word_1_596' title='bbox 3410 3575 3622 3630; x_wconf 88' lang='lat' dir='ltr'><strong>videtur</strong></span> <span class='ocrx_word' id='word_1_597' title='bbox 3648 3566 3834 3626; x_wconf 88' lang='lat' dir='ltr'><strong>lectioni</strong></span> 
     </span>
    </p>
   </div>
   <div class='ocr_carea' id='block_1_81' title="bbox 2262 3662 3831 3738">
    <p class='ocr_par' dir='ltr' id='par_1_81' title="bbox 2262 3662 3831 3738">
     <span class='ocr_line' id='line_1_81' title="bbox 2262 3662 3831 3738; baseline -0.004 -17"><span class='ocrx_word' id='word_1_598' title='bbox 2262 3667 2502 3721; x_wconf 84' lang='lat' dir='ltr'><strong>Vaticani</strong></span> <span class='ocrx_word' id='word_1_599' title='bbox 2546 3667 2768 3735; x_wconf 83' lang='lat' dir='ltr'><strong>favere,</strong></span> <span class='ocrx_word' id='word_1_600' title='bbox 2816 3666 2913 3721; x_wconf 90' lang='lat' dir='ltr'><strong>sed</strong></span> <span class='ocrx_word' id='word_1_601' title='bbox 2957 3681 3076 3722; x_wconf 92' lang='lat' dir='ltr'><strong>cum</strong></span> <span class='ocrx_word' id='word_1_602' title='bbox 3108 3668 3178 3723; x_wconf 92' lang='lat' dir='ltr'><strong>sit</strong></span> <span class='ocrx_word' id='word_1_603' title='bbox 3223 3669 3465 3723; x_wconf 88' lang='lat' dir='ltr'><strong>absurda</strong></span> <span class='ocrx_word' id='word_1_604' title='bbox 3513 3662 3831 3738; x_wconf 80' lang='lat' dir='ltr'><strong>etymologia,</strong></span> 
     </span>
    </p>
   </div>
   <div class='ocr_carea' id='block_1_82' title="bbox 2255 3760 3668 3832">
    <p class='ocr_par' dir='ltr' id='par_1_82' title="bbox 2255 3760 3668 3832">
     <span class='ocr_line' id='line_1_82' title="bbox 2255 3760 3668 3832; baseline 0 -17"><span class='ocrx_word' id='word_1_605' title='bbox 2255 3761 2417 3832; x_wconf 84' lang='lat' dir='ltr'><strong>vulgo</strong></span> <span class='ocrx_word' id='word_1_606' title='bbox 2448 3760 2622 3830; x_wconf 87' lang='lat' dir='ltr'><strong>potius</strong></span> <span class='ocrx_word' id='word_1_607' title='bbox 2651 3760 2959 3831; x_wconf 83' lang='lat' dir='ltr'><strong>Vagitanum</strong></span> <span class='ocrx_word' id='word_1_608' title='bbox 2981 3762 3180 3816; x_wconf 91' lang='lat' dir='ltr'><strong>dictum</strong></span> <span class='ocrx_word' id='word_1_609' title='bbox 3214 3761 3383 3817; x_wconf 81' lang='lat' dir='ltr'><strong>fuisse</strong></span> <span class='ocrx_word' id='word_1_610' title='bbox 3418 3763 3668 3818; x_wconf 82' lang='lat' dir='ltr'><strong>existimo</strong></span> 
     </span>
    </p>
   </div>
   <div class='ocr_carea' id='block_1_83' title="bbox 2328 3848 3832 3925">
    <p class='ocr_par' dir='ltr' id='par_1_83' title="bbox 2328 3848 3832 3925">
     <span class='ocr_line' id='line_1_83' title="bbox 2328 3848 3832 3925; baseline -0.006 -16"><span class='ocrx_word' id='word_1_611' title='bbox 2328 3853 2460 3921; x_wconf 87' lang='lat' dir='ltr'><strong>Cap.</strong></span> <span class='ocrx_word' id='word_1_612' title='bbox 2489 3852 2544 3908; x_wconf 90' lang='lat'><strong>9.</strong></span> <span class='ocrx_word' id='word_1_613' title='bbox 2586 3852 2743 3907; x_wconf 83' lang='lat' dir='ltr'><strong>Hunc</strong></span> <span class='ocrx_word' id='word_1_614' title='bbox 2774 3852 3043 3925; x_wconf 83' lang='lat' dir='ltr'><strong>(Jovem)</strong></span> <span class='ocrx_word' id='word_1_615' title='bbox 3074 3854 3237 3908; x_wconf 86' lang='lat' dir='ltr'><strong>Varro</strong></span> <span class='ocrx_word' id='word_1_616' title='bbox 3279 3858 3447 3909; x_wconf 83' lang='lat' dir='ltr'><strong>credit</strong></span> <span class='ocrx_word' id='word_1_617' title='bbox 3481 3856 3637 3909; x_wconf 89' lang='lat' dir='ltr'><strong>etiam</strong></span> <span class='ocrx_word' id='word_1_618' title='bbox 3673 3852 3732 3905; x_wconf 93' lang='lat' dir='ltr'><strong>ab</strong></span> <span class='ocrx_word' id='word_1_619' title='bbox 3768 3848 3832 3901; x_wconf 82' lang='lat' dir='ltr'><strong>bis</strong></span> 
     </span>
    </p>
   </div>
   <div class='ocr_carea' id='block_1_84' title="bbox 2257 3940 3829 4017">
    <p class='ocr_par' dir='ltr' id='par_1_84' title="bbox 2257 3940 3829 4017">
     <span class='ocr_line' id='line_1_84' title="bbox 2257 3940 3829 4017; baseline -0.004 -17"><span class='ocrx_word' id='word_1_620' title='bbox 2257 3948 2356 4001; x_wconf 89' lang='lat' dir='ltr'><strong>coli</strong></span> <span class='ocrx_word' id='word_1_621' title='bbox 2389 3949 2477 4017; x_wconf 77' lang='lat' dir='ltr'><strong>qui</strong></span> <span class='ocrx_word' id='word_1_622' title='bbox 2514 3964 2675 4001; x_wconf 87' lang='lat' dir='ltr'><strong>unum</strong></span> <span class='ocrx_word' id='word_1_623' title='bbox 2706 3945 2870 4001; x_wconf 88' lang='lat' dir='ltr'><strong>Deum</strong></span> <span class='ocrx_word' id='word_1_624' title='bbox 2892 3940 3077 4001; x_wconf 56' lang='lat' dir='ltr'><strong>&#39;solum</strong></span> <span class='ocrx_word' id='word_1_625' title='bbox 3112 3950 3296 4017; x_wconf 85' lang='lat' dir='ltr'><strong>absque</strong></span> <span class='ocrx_word' id='word_1_626' title='bbox 3339 3949 3622 4003; x_wconf 89' lang='lat' dir='ltr'><strong>simulacro</strong></span> <span class='ocrx_word' id='word_1_627' title='bbox 3656 3944 3829 4003; x_wconf 85' lang='lat' dir='ltr'><strong>colunt,</strong></span> 
     </span>
    </p>
   </div>
   <div class='ocr_carea' id='block_1_85' title="bbox 2256 4035 3829 4111">
    <p class='ocr_par' dir='ltr' id='par_1_85' title="bbox 2256 4035 3829 4111">
     <span class='ocr_line' id='line_1_85' title="bbox 2256 4035 3829 4111; baseline -0.004 -17"><span class='ocrx_word' id='word_1_628' title='bbox 2256 4040 2346 4094; x_wconf 87' lang='lat' dir='ltr'><strong>sed</strong></span> <span class='ocrx_word' id='word_1_629' title='bbox 2377 4041 2479 4093; x_wconf 85' lang='lat' dir='ltr'><strong>alio</strong></span> <span class='ocrx_word' id='word_1_630' title='bbox 2502 4040 2703 4095; x_wconf 90' lang='lat' dir='ltr'><strong>nomine</strong></span> <span class='ocrx_word' id='word_1_631' title='bbox 2728 4040 3061 4111; x_wconf 84' lang='lat' dir='ltr'><strong>nuncupari.]</strong></span> <span class='ocrx_word' id='word_1_632' title='bbox 3092 4042 3167 4096; x_wconf 93' lang='lat' dir='ltr'><strong>De</strong></span> <span class='ocrx_word' id='word_1_633' title='bbox 3192 4042 3293 4097; x_wconf 89' lang='lat' dir='ltr'><strong>hac</strong></span> <span class='ocrx_word' id='word_1_634' title='bbox 3319 4045 3584 4110; x_wconf 89' lang='lat' dir='ltr'><strong>opinione</strong></span> <span class='ocrx_word' id='word_1_635' title='bbox 3602 4035 3829 4095; x_wconf 85' lang='lat' dir='ltr'><strong>Varronis</strong></span> 
     </span>
    </p>
   </div>
   <div class='ocr_carea' id='block_1_86' title="bbox 2257 4130 3827 4203">
    <p class='ocr_par' dir='ltr' id='par_1_86' title="bbox 2257 4130 3827 4203">
     <span class='ocr_line' id='line_1_86' title="bbox 2257 4130 3827 4203; baseline -0.003 -17"><span class='ocrx_word' id='word_1_636' title='bbox 2257 4132 2380 4187; x_wconf 86' lang='lat' dir='ltr'><strong>vide</strong></span> <span class='ocrx_word' id='word_1_637' title='bbox 2406 4148 2527 4203; x_wconf 71' lang='lat' dir='ltr'><strong>quae</strong></span> <span class='ocrx_word' id='word_1_638' title='bbox 2557 4133 2863 4188; x_wconf 82' lang='lat' dir='ltr'><strong>observavit</strong></span> <span class='ocrx_word' id='word_1_639' title='bbox 2890 4133 3123 4189; x_wconf 78' lang='lat' dir='ltr'><strong>Joannes</strong></span> <span class='ocrx_word' id='word_1_640' title='bbox 3163 4134 3401 4190; x_wconf 86' lang='lat' dir='ltr'><strong>Clericus</strong></span> <span class='ocrx_word' id='word_1_641' title='bbox 3451 4135 3597 4191; x_wconf 81' lang='lat' dir='ltr'><strong>Artis</strong></span> <span class='ocrx_word' id='word_1_642' title='bbox 3636 4130 3827 4187; x_wconf 76' lang='lat' dir='ltr'><strong>Criticze</strong></span> 
     </span>
    </p>
   </div>
   <div class='ocr_carea' id='block_1_87' title="bbox 2258 4225 2988 4296">
    <p class='ocr_par' dir='ltr' id='par_1_87' title="bbox 2258 4225 2988 4296">
     <span class='ocr_line' id='line_1_87' title="bbox 2258 4225 2988 4296; baseline 0.001 -16"><span class='ocrx_word' id='word_1_643' title='bbox 2258 4234 2410 4295; x_wconf 87' lang='lat' dir='ltr'><strong>parte</strong></span> <span class='ocrx_word' id='word_1_644' title='bbox 2438 4226 2494 4291; x_wconf 74' lang='lat'><strong>2,</strong></span> <span class='ocrx_word' id='word_1_645' title='bbox 2522 4234 2655 4281; x_wconf 92' lang='lat' dir='ltr'><strong>sect.</strong></span> <span class='ocrx_word' id='word_1_646' title='bbox 2689 4226 2740 4294; x_wconf 82' lang='grc'><strong>1,</strong></span> <span class='ocrx_word' id='word_1_647' title='bbox 2763 4241 2881 4296; x_wconf 90' lang='lat' dir='ltr'><strong>cap.</strong></span> <span class='ocrx_word' id='word_1_648' title='bbox 2902 4225 2988 4281; x_wconf 82' lang='grc'><strong>15.</strong></span> 
     </span>
    </p>
   </div>
   <div class='ocr_carea' id='block_1_88' title="bbox 2328 4310 3824 4390">
    <p class='ocr_par' dir='ltr' id='par_1_88' title="bbox 2328 4310 3824 4390">
     <span class='ocr_line' id='line_1_88' title="bbox 2328 4310 3824 4390; baseline -0.009 -16"><span class='ocrx_word' id='word_1_649' title='bbox 2328 4319 2458 4389; x_wconf 88' lang='lat' dir='ltr'><strong>Cap.</strong></span> <span class='ocrx_word' id='word_1_650' title='bbox 2488 4319 2576 4375; x_wconf 86' lang='grc'><strong>10.</strong></span> <span class='ocrx_word' id='word_1_651' title='bbox 2618 4320 2743 4387; x_wconf 85' lang='lat' dir='ltr'><strong>Quis</strong></span> <span class='ocrx_word' id='word_1_652' title='bbox 2770 4320 2903 4374; x_wconf 87' lang='lat' dir='ltr'><strong>enim</strong></span> <span class='ocrx_word' id='word_1_653' title='bbox 2928 4321 3057 4390; x_wconf 89' lang='lat' dir='ltr'><strong>ferat</strong></span> <span class='ocrx_word' id='word_1_654' title='bbox 3086 4321 3225 4390; x_wconf 88' lang='lat' dir='ltr'><strong>quod</strong></span> <span class='ocrx_word' id='word_1_655' title='bbox 3261 4337 3375 4375; x_wconf 90' lang='lat' dir='ltr'><strong>cum</strong></span> <span class='ocrx_word' id='word_1_656' title='bbox 3411 4330 3614 4375; x_wconf 87' lang='lat' dir='ltr'><strong>tantum</strong></span> <span class='ocrx_word' id='word_1_657' title='bbox 3641 4310 3824 4370; x_wconf 83' lang='lat' dir='ltr'><strong>honoris</strong></span> 
     </span>
    </p>
   </div>
   <div class='ocr_carea' id='block_1_89' title="bbox 2258 4410 3823 4482">
    <p class='ocr_par' dir='ltr' id='par_1_89' title="bbox 2258 4410 3823 4482">
     <span class='ocr_line' id='line_1_89' title="bbox 2258 4410 3823 4482; baseline -0.005 -19"><span class='ocrx_word' id='word_1_658' title='bbox 2258 4418 2306 4463; x_wconf 91' lang='lat' dir='ltr'><strong>et</strong></span> <span class='ocrx_word' id='word_1_659' title='bbox 2329 4411 2476 4480; x_wconf 89' lang='lat' dir='ltr'><strong>quasi</strong></span> <span class='ocrx_word' id='word_1_660' title='bbox 2496 4412 2744 4466; x_wconf 87' lang='lat' dir='ltr'><strong>castitatis</strong></span> <span class='ocrx_word' id='word_1_661' title='bbox 2768 4413 2873 4481; x_wconf 88' lang='lat' dir='ltr'><strong>igni</strong></span> <span class='ocrx_word' id='word_1_662' title='bbox 2895 4412 3190 4479; x_wconf 89' lang='lat' dir='ltr'><strong>tribuerint,</strong></span> <span class='ocrx_word' id='word_1_663' title='bbox 3213 4412 3495 4482; x_wconf 80' lang='lat' dir='ltr'><strong>aliquando</strong></span> <span class='ocrx_word' id='word_1_664' title='bbox 3517 4410 3713 4467; x_wconf 84' lang='lat' dir='ltr'><strong>Vestam</strong></span> <span class='ocrx_word' id='word_1_665' title='bbox 3736 4419 3823 4457; x_wconf 85' lang='lat' dir='ltr'><strong>non</strong></span> 
     </span>
    </p>
   </div>
   <div class='ocr_carea' id='block_1_90' title="bbox 2258 4494 3822 4576">
    <p class='ocr_par' dir='ltr' id='par_1_90' title="bbox 2258 4494 3822 4576">
     <span class='ocr_line' id='line_1_90' title="bbox 2258 4494 3822 4576; baseline -0.008 -18"><span class='ocrx_word' id='word_1_666' title='bbox 2258 4504 2551 4559; x_wconf 86' lang='lat' dir='ltr'><strong>erubescant</strong></span> <span class='ocrx_word' id='word_1_667' title='bbox 2581 4506 2732 4558; x_wconf 90' lang='lat' dir='ltr'><strong>etiam</strong></span> <span class='ocrx_word' id='word_1_668' title='bbox 2771 4504 3015 4559; x_wconf 81' lang='lat' dir='ltr'><strong>Venerem</strong></span> <span class='ocrx_word' id='word_1_669' title='bbox 3053 4503 3295 4576; x_wconf 66' lang='lat' dir='ltr'><strong>dicerei]</strong></span> <span class='ocrx_word' id='word_1_670' title='bbox 3333 4505 3505 4561; x_wconf 85' lang='lat' dir='ltr'><strong>Recto</strong></span> <span class='ocrx_word' id='word_1_671' title='bbox 3539 4494 3822 4558; x_wconf 86' lang='lat' dir='ltr'><strong>observavit</strong></span> 
     </span>
    </p>
   </div>
   <div class='ocr_carea' id='block_1_91' title="bbox 639 4585 3822 4667">
    <p class='ocr_par' dir='ltr' id='par_1_91' title="bbox 639 4585 3822 4667">
     <span class='ocr_line' id='line_1_91' title="bbox 639 4585 3822 4667; baseline -0.001 -25"><span class='ocrx_word' id='word_1_672' title='bbox 639 4591 769 4659; x_wconf 78' lang='lat' dir='ltr'><strong>Cap.</strong></span> <span class='ocrx_word' id='word_1_673' title='bbox 806 4588 892 4642; x_wconf 92' lang='grc'><strong>18.</strong></span> <span class='ocrx_word' id='word_1_674' title='bbox 936 4588 1099 4642; x_wconf 86' lang='lat' dir='ltr'><strong>Sacra</strong></span> <span class='ocrx_word' id='word_1_675' title='bbox 1124 4587 1217 4639; x_wconf 91' lang='lat' dir='ltr'><strong>illa</strong></span> <span class='ocrx_word' id='word_1_676' title='bbox 1244 4586 1448 4654; x_wconf 78' lang='lat' dir='ltr'><strong>fatalia,</strong></span> <span class='ocrx_word' id='word_1_677' title='bbox 1474 4592 1717 4658; x_wconf 74' lang='lat' dir='ltr'><strong>qucejam</strong></span> <span class='ocrx_word' id='word_1_678' title='bbox 1743 4595 1862 4649; x_wconf 89' lang='lat' dir='ltr'><strong>tres,</strong></span> <span class='ocrx_word' id='word_1_679' title='bbox 1889 4585 1943 4638; x_wconf 91' lang='lat' dir='ltr'><strong>in</strong></span> <span class='ocrx_word' id='word_1_680' title='bbox 1971 4586 2153 4655; x_wconf 88' lang='lat' dir='ltr'><strong>quibus</strong></span> <span class='ocrx_word' id='word_1_681' title='bbox 2179 4589 2232 4649; x_wconf 86' lang='grc' dir='ltr'>ι)</span> <span class='ocrx_word' id='word_1_682' title='bbox 2256 4596 2440 4651; x_wconf 87' lang='lat' dir='ltr'><strong>Justus</strong></span> <span class='ocrx_word' id='word_1_683' title='bbox 2484 4595 2695 4666; x_wconf 87' lang='lat' dir='ltr'><strong>Lipsius</strong></span> <span class='ocrx_word' id='word_1_684' title='bbox 2727 4596 2779 4649; x_wconf 92' lang='lat' dir='ltr'><strong>in</strong></span> <span class='ocrx_word' id='word_1_685' title='bbox 2810 4596 3151 4667; x_wconf 80' lang='lat' dir='ltr'><strong>Syntagmate</strong></span> <span class='ocrx_word' id='word_1_686' title='bbox 3179 4596 3246 4651; x_wconf 92' lang='lat' dir='ltr'><strong>de</strong></span> <span class='ocrx_word' id='word_1_687' title='bbox 3274 4596 3433 4651; x_wconf 80' lang='lat' dir='ltr'><strong>Vesta</strong></span> <span class='ocrx_word' id='word_1_688' title='bbox 3463 4606 3519 4653; x_wconf 92' lang='lat' dir='ltr'><strong>et</strong></span> <span class='ocrx_word' id='word_1_689' title='bbox 3554 4588 3822 4649; x_wconf 83' lang='lat' dir='ltr'><strong>vestalibus</strong></span> 
     </span>
    </p>
   </div>
   <div class='ocr_carea' id='block_1_92' title="bbox 565 4678 2153 4755">
    <p class='ocr_par' dir='ltr' id='par_1_92' title="bbox 565 4678 2153 4755">
     <span class='ocr_line' id='line_1_92' title="bbox 565 4678 2153 4755; baseline -0.002 -18"><span class='ocrx_word' id='word_1_690' title='bbox 565 4686 789 4755; x_wconf 79' lang='lat' dir='ltr'><strong>fuerant,</strong></span> <span class='ocrx_word' id='word_1_691' title='bbox 823 4690 1109 4751; x_wconf 89' lang='lat' dir='ltr'><strong>presserant</strong></span> <span class='ocrx_word' id='word_1_692' title='bbox 1134 4681 1363 4733; x_wconf 84' lang='lat' dir='ltr'><strong>civitates</strong></span> <span class='ocrx_word' id='word_1_693' title='bbox 1527 4678 1766 4732; x_wconf 80' lang='lat' dir='ltr'><strong>Metellus</strong></span> <span class='ocrx_word' id='word_1_694' title='bbox 1794 4680 2023 4748; x_wconf 73' lang='lat' dir='ltr'><strong>pontifex</strong></span> <span class='ocrx_word' id='word_1_695' title='bbox 2047 4697 2153 4734; x_wconf 75' lang='lat' dir='ltr'><strong>sua:</strong></span> 
     </span>
    </p>
   </div>
   <div class='ocr_carea' id='block_1_93' title="bbox 564 4772 2151 4850">
    <p class='ocr_par' dir='ltr' id='par_1_93' title="bbox 564 4772 2151 4850">
     <span class='ocr_line' id='line_1_93' title="bbox 564 4772 2151 4850; baseline -0.003 -18"><span class='ocrx_word' id='word_1_696' title='bbox 564 4778 787 4850; x_wconf 82' lang='lat' dir='ltr'><strong>quodam</strong></span> <span class='ocrx_word' id='word_1_697' title='bbox 846 4776 995 4829; x_wconf 86' lang='lat' dir='ltr'><strong>modo</strong></span> <span class='ocrx_word' id='word_1_698' title='bbox 1039 4774 1220 4827; x_wconf 89' lang='lat' dir='ltr'><strong>salutis</strong></span> <span class='ocrx_word' id='word_1_699' title='bbox 1264 4773 1486 4839; x_wconf 84' lang='lat' dir='ltr'><strong>oblitus,</strong></span> <span class='ocrx_word' id='word_1_700' title='bbox 1529 4774 1731 4826; x_wconf 82' lang='lat' dir='ltr'><strong>irruens</strong></span> <span class='ocrx_word' id='word_1_701' title='bbox 1770 4772 2151 4827; x_wconf 88' lang='lat' dir='ltr'><strong>semiustulatus</strong></span> 
     </span>
    </p>
   </div>
   <div class='ocr_carea' id='block_1_94' title="bbox 565 4866 2148 4943">
    <p class='ocr_par' dir='ltr' id='par_1_94' title="bbox 565 4866 2148 4943">
     <span class='ocr_line' id='line_1_94' title="bbox 565 4866 2148 4943; baseline -0.002 -18"><span class='ocrx_word' id='word_1_702' title='bbox 565 4870 835 4943; x_wconf 82' lang='lat' dir='ltr'><strong>abripuit.]</strong></span> <span class='ocrx_word' id='word_1_703' title='bbox 859 4869 1094 4939; x_wconf 88' lang='lat' dir='ltr'><strong>Trojam,</strong></span> <span class='ocrx_word' id='word_1_704' title='bbox 1127 4866 1421 4922; x_wconf 86' lang='lat' dir='ltr'><strong>Lanuvium</strong></span> <span class='ocrx_word' id='word_1_705' title='bbox 1453 4876 1508 4921; x_wconf 93' lang='lat' dir='ltr'><strong>et</strong></span> <span class='ocrx_word' id='word_1_706' title='bbox 1536 4866 1724 4921; x_wconf 82' lang='lat' dir='ltr'><strong>Albam</strong></span> <span class='ocrx_word' id='word_1_707' title='bbox 1756 4876 1902 4922; x_wconf 89' lang='lat' dir='ltr'><strong>recte</strong></span> <span class='ocrx_word' id='word_1_708' title='bbox 1926 4867 2148 4938; x_wconf 80' lang='lat' dir='ltr'><strong>intelligi</strong></span> 
     </span>
    </p>
   </div>
   <div class='ocr_carea' id='block_1_95' title="bbox 566 4960 2150 5033">
    <p class='ocr_par' dir='ltr' id='par_1_95' title="bbox 566 4960 2150 5033">
     <span class='ocr_line' id='line_1_95' title="bbox 566 4960 2150 5033; baseline -0.001 -14"><span class='ocrx_word' id='word_1_709' title='bbox 566 4967 803 5021; x_wconf 78' lang='lat' dir='ltr'><strong>ostendit</strong></span> <span class='ocrx_word' id='word_1_710' title='bbox 849 4963 1031 5018; x_wconf 89' lang='lat' dir='ltr'><strong>Justus</strong></span> <span class='ocrx_word' id='word_1_711' title='bbox 1076 4961 1329 5031; x_wconf 87' lang='lat' dir='ltr'><strong>Lipsius,</strong></span> <span class='ocrx_word' id='word_1_712' title='bbox 1378 4961 1739 5033; x_wconf 84' lang='lat' dir='ltr'><strong>Syntagmatis</strong></span> <span class='ocrx_word' id='word_1_713' title='bbox 1780 4961 1847 5016; x_wconf 93' lang='lat' dir='ltr'><strong>de</strong></span> <span class='ocrx_word' id='word_1_714' title='bbox 1886 4960 2047 5017; x_wconf 85' lang='lat' dir='ltr'><strong>Vesta</strong></span> <span class='ocrx_word' id='word_1_715' title='bbox 2095 4972 2150 5019; x_wconf 88' lang='lat' dir='ltr'><strong>et</strong></span> 
     </span>
    </p>
   </div>
   <div class='ocr_carea' id='block_1_96' title="bbox 563 5053 2146 5126">
    <p class='ocr_par' dir='ltr' id='par_1_96' title="bbox 563 5053 2146 5126">
     <span class='ocr_line' id='line_1_96' title="bbox 563 5053 2146 5126; baseline 0 -17"><span class='ocrx_word' id='word_1_716' title='bbox 563 5058 857 5111; x_wconf 84' lang='lat' dir='ltr'><strong>vestalibus</strong></span> <span class='ocrx_word' id='word_1_717' title='bbox 885 5070 1003 5125; x_wconf 91' lang='lat' dir='ltr'><strong>cap.</strong></span> <span class='ocrx_word' id='word_1_718' title='bbox 1036 5054 1071 5107; x_wconf 81' lang='lat'><strong>2</strong></span> <span class='ocrx_word' id='word_1_719' title='bbox 1094 5097 1108 5121; x_wconf 92' lang='lat'><strong>,</strong></span> <span class='ocrx_word' id='word_1_720' title='bbox 1142 5054 1229 5108; x_wconf 89' lang='lat' dir='ltr'><strong>ubi</strong></span> <span class='ocrx_word' id='word_1_721' title='bbox 1259 5053 1442 5109; x_wconf 87' lang='lat' dir='ltr'><strong>multis</strong></span> <span class='ocrx_word' id='word_1_722' title='bbox 1483 5054 1624 5109; x_wconf 88' lang='lat' dir='ltr'><strong>hunc</strong></span> <span class='ocrx_word' id='word_1_723' title='bbox 1652 5054 1933 5126; x_wconf 78' lang='lat' dir='ltr'><strong>Augustini</strong></span> <span class='ocrx_word' id='word_1_724' title='bbox 1971 5055 2146 5111; x_wconf 92' lang='lat' dir='ltr'><strong>locum</strong></span> 
     </span>
    </p>
   </div>
   <div class='ocr_carea' id='block_1_97' title="bbox 564 5150 812 5204">
    <p class='ocr_par' dir='ltr' id='par_1_97' title="bbox 564 5150 812 5204">
     <span class='ocr_line' id='line_1_97' title="bbox 564 5150 812 5204; baseline -0.008 -1"><span class='ocrx_word' id='word_1_725' title='bbox 564 5150 812 5204; x_wconf 88' lang='lat' dir='ltr'><strong>illustrat.</strong></span> 
     </span>
    </p>
   </div>
   <div class='ocr_carea' id='block_1_98' title="bbox 638 5239 2149 5311">
    <p class='ocr_par' dir='ltr' id='par_1_98' title="bbox 638 5239 2149 5311">
     <span class='ocr_line' id='line_1_98' title="bbox 638 5239 2149 5311; baseline -0.003 -15"><span class='ocrx_word' id='word_1_726' title='bbox 638 5244 764 5311; x_wconf 89' lang='lat' dir='ltr'><strong>Cap.</strong></span> <span class='ocrx_word' id='word_1_727' title='bbox 800 5241 888 5297; x_wconf 79' lang='grc'><strong>51.</strong></span> <span class='ocrx_word' id='word_1_728' title='bbox 930 5239 1058 5294; x_wconf 89' lang='lat' dir='ltr'><strong>Cum</strong></span> <span class='ocrx_word' id='word_1_729' title='bbox 1099 5239 1229 5308; x_wconf 86' lang='lat' dir='ltr'><strong>pluit</strong></span> <span class='ocrx_word' id='word_1_730' title='bbox 1276 5248 1445 5303; x_wconf 88' lang='lat' dir='ltr'><strong>terra,</strong></span> <span class='ocrx_word' id='word_1_731' title='bbox 1490 5255 1605 5293; x_wconf 87' lang='lat' dir='ltr'><strong>cum</strong></span> <span class='ocrx_word' id='word_1_732' title='bbox 1654 5239 1782 5310; x_wconf 85' lang='lat' dir='ltr'><strong>pluit</strong></span> <span class='ocrx_word' id='word_1_733' title='bbox 1822 5250 1987 5307; x_wconf 88' lang='lat' dir='ltr'><strong>creta,</strong></span> <span class='ocrx_word' id='word_1_734' title='bbox 2035 5256 2149 5293; x_wconf 88' lang='lat' dir='ltr'><strong>cum</strong></span> 
     </span>
    </p>
   </div>
   <div class='ocr_carea' id='block_1_99' title="bbox 566 5330 2148 5402">
    <p class='ocr_par' dir='ltr' id='par_1_99' title="bbox 566 5330 2148 5402">
     <span class='ocr_line' id='line_1_99' title="bbox 566 5330 2148 5402; baseline 0 -17"><span class='ocrx_word' id='word_1_735' title='bbox 566 5334 696 5402; x_wconf 88' lang='lat' dir='ltr'><strong>pluit</strong></span> <span class='ocrx_word' id='word_1_736' title='bbox 727 5333 999 5401; x_wconf 87' lang='lat' dir='ltr'><strong>lapidibus,</strong></span> <span class='ocrx_word' id='word_1_737' title='bbox 1041 5347 1143 5384; x_wconf 82' lang='lat' dir='ltr'><strong>non</strong></span> <span class='ocrx_word' id='word_1_738' title='bbox 1172 5348 1226 5384; x_wconf 80' lang='lat' dir='ltr'><strong>ut</strong></span> <span class='ocrx_word' id='word_1_739' title='bbox 1251 5330 1452 5397; x_wconf 81' lang='lat' dir='ltr'><strong>grando</strong></span> <span class='ocrx_word' id='word_1_740' title='bbox 1492 5331 1741 5400; x_wconf 87' lang='lat' dir='ltr'><strong>appellari</strong></span> <span class='ocrx_word' id='word_1_741' title='bbox 1777 5332 1904 5384; x_wconf 91' lang='lat' dir='ltr'><strong>solet</strong></span> <span class='ocrx_word' id='word_1_742' title='bbox 1934 5333 2028 5384; x_wconf 86' lang='lat' dir='ltr'><strong>hoc</strong></span> <span class='ocrx_word' id='word_1_743' title='bbox 2056 5348 2148 5385; x_wconf 91' lang='lat' dir='ltr'><strong>no-</strong></span> 
     </span>
    </p>
   </div>
   <div class='ocr_carea' id='block_1_100' title="bbox 567 5422 2148 5493">
    <p class='ocr_par' dir='ltr' id='par_1_100' title="bbox 567 5422 2148 5493">
     <span class='ocr_line' id='line_1_100' title="bbox 567 5422 2148 5493; baseline -0.001 -16"><span class='ocrx_word' id='word_1_744' title='bbox 567 5427 703 5477; x_wconf 91' lang='lat' dir='ltr'><strong>mine</strong></span> <span class='ocrx_word' id='word_1_745' title='bbox 724 5466 739 5487; x_wconf 92' lang='lat'><strong>,</strong></span> <span class='ocrx_word' id='word_1_746' title='bbox 770 5425 857 5476; x_wconf 84' lang='lat' dir='ltr'><strong>sed</strong></span> <span class='ocrx_word' id='word_1_747' title='bbox 886 5424 1090 5476; x_wconf 84' lang='lat' dir='ltr'><strong>omnino</strong></span> <span class='ocrx_word' id='word_1_748' title='bbox 1120 5422 1415 5491; x_wconf 73' lang='lat' dir='ltr'><strong>laptdibus;</strong></span> <span class='ocrx_word' id='word_1_749' title='bbox 1461 5424 1567 5476; x_wconf 77' lang='lat' dir='ltr'><strong>lucc</strong></span> <span class='ocrx_word' id='word_1_750' title='bbox 1596 5425 1821 5493; x_wconf 85' lang='lat' dir='ltr'><strong>profecto</strong></span> <span class='ocrx_word' id='word_1_751' title='bbox 1846 5424 2000 5475; x_wconf 89' lang='lat' dir='ltr'><strong>etiam</strong></span> <span class='ocrx_word' id='word_1_752' title='bbox 2028 5440 2148 5493; x_wconf 90' lang='lat' dir='ltr'><strong>gra-</strong></span> 
     </span>
    </p>
   </div>
   <div class='ocr_carea' id='block_1_101' title="bbox 568 5511 2139 5583">
    <p class='ocr_par' dir='ltr' id='par_1_101' title="bbox 568 5511 2139 5583">
     <span class='ocr_line' id='line_1_101' title="bbox 568 5511 2139 5583; baseline 0.001 -17"><span class='ocrx_word' id='word_1_753' title='bbox 568 5513 693 5566; x_wconf 79' lang='lat' dir='ltr'><strong>uiter</strong></span> <span class='ocrx_word' id='word_1_754' title='bbox 735 5512 919 5565; x_wconf 77' lang='lat' dir='ltr'><strong>ludere</strong></span> <span class='ocrx_word' id='word_1_755' title='bbox 949 5519 1262 5583; x_wconf 67' lang='lat' dir='ltr'><strong>potuerunt.:</strong></span> <span class='ocrx_word' id='word_1_756' title='bbox 1291 5512 1426 5566; x_wconf 88' lang='lat' dir='ltr'><strong>Cum</strong></span> <span class='ocrx_word' id='word_1_757' title='bbox 1462 5511 1723 5580; x_wconf 87' lang='lat' dir='ltr'><strong>lapidibus</strong></span> <span class='ocrx_word' id='word_1_758' title='bbox 1766 5512 1962 5579; x_wconf 85' lang='lat' dir='ltr'><strong>pluisse</strong></span> <span class='ocrx_word' id='word_1_759' title='bbox 1993 5513 2139 5568; x_wconf 86' lang='lat' dir='ltr'><strong>dice-</strong></span> 
     </span>
    </p>
   </div>
   <div class='ocr_carea' id='block_1_102' title="bbox 567 5604 2146 5675">
    <p class='ocr_par' dir='ltr' id='par_1_102' title="bbox 567 5604 2146 5675">
     <span class='ocr_line' id='line_1_102' title="bbox 567 5604 2146 5675; baseline 0 -13"><span class='ocrx_word' id='word_1_760' title='bbox 567 5609 717 5669; x_wconf 84' lang='lat' dir='ltr'><strong>bant,</strong></span> <span class='ocrx_word' id='word_1_761' title='bbox 750 5608 966 5659; x_wconf 89' lang='lat' dir='ltr'><strong>omnino</strong></span> <span class='ocrx_word' id='word_1_762' title='bbox 997 5606 1253 5674; x_wconf 83' lang='lat' dir='ltr'><strong>majorem</strong></span> <span class='ocrx_word' id='word_1_763' title='bbox 1282 5607 1596 5675; x_wconf 86' lang='lat' dir='ltr'><strong>grandinem</strong></span> <span class='ocrx_word' id='word_1_764' title='bbox 1628 5606 1949 5658; x_wconf 87' lang='lat' dir='ltr'><strong>intellectam</strong></span> <span class='ocrx_word' id='word_1_765' title='bbox 1980 5604 2146 5662; x_wconf 82' lang='lat' dir='ltr'><strong>fuisse</strong></span> 
     </span>
    </p>
   </div>
   <div class='ocr_carea' id='block_1_103' title="bbox 568 5697 2141 5767">
    <p class='ocr_par' dir='ltr' id='par_1_103' title="bbox 568 5697 2141 5767">
     <span class='ocr_line' id='line_1_103' title="bbox 568 5697 2141 5767; baseline -0.004 -9"><span class='ocrx_word' id='word_1_766' title='bbox 568 5701 845 5760; x_wconf 74' lang='lat' dir='ltr'><strong>existimo.</strong></span> <span class='ocrx_word' id='word_1_767' title='bbox 879 5714 996 5753; x_wconf 90' lang='lat' dir='ltr'><strong>cum</strong></span> <span class='ocrx_word' id='word_1_768' title='bbox 1044 5704 1336 5767; x_wconf 53' lang='lat' dir='ltr'><strong>prmserdsn</strong></span> <span class='ocrx_word' id='word_1_769' title='bbox 1371 5700 1696 5766; x_wconf 71' lang='lat' dir='ltr'><strong>Augustinus</strong></span> <span class='ocrx_word' id='word_1_770' title='bbox 1742 5697 2042 5767; x_wconf 84' lang='lat' dir='ltr'><strong>grandinem</strong></span> <span class='ocrx_word' id='word_1_771' title='bbox 2069 5697 2141 5752; x_wconf 87' lang='lat' dir='ltr'><strong>ita</strong></span> 
     </span>
    </p>
   </div>
   <div class='ocr_carea' id='block_1_104' title="bbox 569 5788 2138 5859">
    <p class='ocr_par' dir='ltr' id='par_1_104' title="bbox 569 5788 2138 5859">
     <span class='ocr_line' id='line_1_104' title="bbox 569 5788 2138 5859; baseline -0.002 -11"><span class='ocrx_word' id='word_1_772' title='bbox 569 5793 761 5850; x_wconf 78' lang='lat' dir='ltr'><strong>dictam</strong></span> <span class='ocrx_word' id='word_1_773' title='bbox 810 5791 1093 5857; x_wconf 80' lang='lat' dir='ltr'><strong>observet,</strong></span> <span class='ocrx_word' id='word_1_774' title='bbox 1148 5791 1190 5845; x_wconf 92' lang='lat' dir='ltr'><strong>si</strong></span> <span class='ocrx_word' id='word_1_775' title='bbox 1240 5804 1392 5858; x_wconf 59' lang='lat' dir='ltr'><strong>qua,</strong></span> <span class='ocrx_word' id='word_1_776' title='bbox 1440 5789 1727 5852; x_wconf 83' lang='lat' dir='ltr'><strong>nimirum,</strong></span> <span class='ocrx_word' id='word_1_777' title='bbox 1779 5788 1937 5843; x_wconf 83' lang='lat' dir='ltr'><strong>solito</strong></span> <span class='ocrx_word' id='word_1_778' title='bbox 1968 5789 2138 5859; x_wconf 87' lang='lat' dir='ltr'><strong>major</strong></span> 
     </span>
    </p>
   </div>
   <div class='ocr_carea' id='block_1_105' title="bbox 2256 4678 3819 4758">
    <p class='ocr_par' dir='ltr' id='par_1_105' title="bbox 2256 4678 3819 4758">
     <span class='ocr_line' id='line_1_105' title="bbox 2256 4678 3819 4758; baseline -0.008 -15"><span class='ocrx_word' id='word_1_779' title='bbox 2256 4703 2377 4757; x_wconf 90' lang='lat' dir='ltr'><strong>cap.</strong></span> <span class='ocrx_word' id='word_1_780' title='bbox 2402 4688 2468 4749; x_wconf 75' lang='lat'><strong>2.</strong></span> <span class='ocrx_word' id='word_1_781' title='bbox 2502 4690 2596 4742; x_wconf 80' lang='lat' dir='ltr'><strong>vix</strong></span> <span class='ocrx_word' id='word_1_782' title='bbox 2624 4688 2868 4758; x_wconf 90' lang='lat' dir='ltr'><strong>exempla</strong></span> <span class='ocrx_word' id='word_1_783' title='bbox 2908 4689 3132 4743; x_wconf 89' lang='lat' dir='ltr'><strong>inveniri</strong></span> <span class='ocrx_word' id='word_1_784' title='bbox 3162 4689 3339 4745; x_wconf 60' lang='lat' dir='ltr'><strong>Vestae</strong></span> <span class='ocrx_word' id='word_1_785' title='bbox 3370 4690 3587 4745; x_wconf 90' lang='lat' dir='ltr'><strong>nomine</strong></span> <span class='ocrx_word' id='word_1_786' title='bbox 3616 4678 3819 4739; x_wconf 80' lang='lat' dir='ltr'><strong>Veneris</strong></span> 
     </span>
    </p>
   </div>
   <div class='ocr_carea' id='block_1_106' title="bbox 2256 4779 3808 4851">
    <p class='ocr_par' dir='ltr' id='par_1_106' title="bbox 2256 4779 3808 4851">
     <span class='ocr_line' id='line_1_106' title="bbox 2256 4779 3808 4851; baseline -0.003 -19"><span class='ocrx_word' id='word_1_787' title='bbox 2256 4780 2560 4848; x_wconf 71' lang='lat' dir='ltr'><strong>appellatae,</strong></span> <span class='ocrx_word' id='word_1_788' title='bbox 2587 4795 2685 4835; x_wconf 90' lang='lat' dir='ltr'><strong>nec</strong></span> <span class='ocrx_word' id='word_1_789' title='bbox 2714 4780 2832 4849; x_wconf 86' lang='lat' dir='ltr'><strong>ejus</strong></span> <span class='ocrx_word' id='word_1_790' title='bbox 2859 4780 2934 4835; x_wconf 91' lang='lat' dir='ltr'><strong>rei</strong></span> <span class='ocrx_word' id='word_1_791' title='bbox 2960 4782 3090 4835; x_wconf 85' lang='lat' dir='ltr'><strong>satis</strong></span> <span class='ocrx_word' id='word_1_792' title='bbox 3121 4782 3374 4851; x_wconf 86' lang='lat' dir='ltr'><strong>liquidam</strong></span> <span class='ocrx_word' id='word_1_793' title='bbox 3401 4798 3525 4839; x_wconf 87' lang='lat' dir='ltr'><strong>esse</strong></span> <span class='ocrx_word' id='word_1_794' title='bbox 3554 4779 3808 4839; x_wconf 73' lang='lat' dir='ltr'><strong>rationem,</strong></span> 
     </span>
    </p>
   </div>
   <div class='ocr_carea' id='block_1_107' title="bbox 2258 4868 3797 4945">
    <p class='ocr_par' dir='ltr' id='par_1_107' title="bbox 2258 4868 3797 4945">
     <span class='ocr_line' id='line_1_107' title="bbox 2258 4868 3797 4945; baseline -0.003 -20"><span class='ocrx_word' id='word_1_795' title='bbox 2258 4872 2357 4926; x_wconf 90' lang='lat' dir='ltr'><strong>nisi</strong></span> <span class='ocrx_word' id='word_1_796' title='bbox 2405 4873 2541 4928; x_wconf 83' lang='lat' dir='ltr'><strong>torte</strong></span> <span class='ocrx_word' id='word_1_797' title='bbox 2570 4874 2770 4928; x_wconf 91' lang='lat' dir='ltr'><strong>amoris</strong></span> <span class='ocrx_word' id='word_1_798' title='bbox 2798 4882 2962 4929; x_wconf 66' lang='lat' dir='ltr'><strong>aestus</strong></span> <span class='ocrx_word' id='word_1_799' title='bbox 3011 4888 3131 4929; x_wconf 93' lang='lat' dir='ltr'><strong>cum</strong></span> <span class='ocrx_word' id='word_1_800' title='bbox 3176 4875 3299 4945; x_wconf 89' lang='lat' dir='ltr'><strong>igne</strong></span> <span class='ocrx_word' id='word_1_801' title='bbox 3340 4877 3662 4932; x_wconf 81' lang='lat' dir='ltr'><strong>conferatur.</strong></span> <span class='ocrx_word' id='word_1_802' title='bbox 3693 4868 3797 4923; x_wconf 85' lang='lat' dir='ltr'><strong>Eun</strong></span> 
     </span>
    </p>
   </div>
   <div class='ocr_carea' id='block_1_108' title="bbox 2253 4964 2669 5027">
    <p class='ocr_par' dir='ltr' id='par_1_108' title="bbox 2253 4964 2669 5027">
     <span class='ocr_line' id='line_1_108' title="bbox 2253 4964 2669 5027; baseline 0.002 -10"><span class='ocrx_word' id='word_1_803' title='bbox 2253 4964 2397 5027; x_wconf 86' lang='lat' dir='ltr'><strong>vide.</strong></span> <span class='ocrx_word' id='word_1_804' title='bbox 2428 4967 2474 5019; x_wconf 91' lang='lat' dir='ltr'><strong>si</strong></span> <span class='ocrx_word' id='word_1_805' title='bbox 2501 4974 2669 5021; x_wconf 84' lang='lat' dir='ltr'><strong>vacat.</strong></span> 
     </span>
    </p>
   </div>
   <div class='ocr_carea' id='block_1_109' title="bbox 2330 5052 3814 5127">
    <p class='ocr_par' dir='ltr' id='par_1_109' title="bbox 2330 5052 3814 5127">
     <span class='ocr_line' id='line_1_109' title="bbox 2330 5052 3814 5127; baseline -0.005 -16"><span class='ocrx_word' id='word_1_806' title='bbox 2330 5056 2460 5127; x_wconf 88' lang='lat' dir='ltr'><strong>Cap.</strong></span> <span class='ocrx_word' id='word_1_807' title='bbox 2500 5058 2585 5112; x_wconf 82' lang='grc'><strong>15.</strong></span> <span class='ocrx_word' id='word_1_808' title='bbox 2629 5057 2688 5113; x_wconf 90' lang='lat' dir='ltr'><strong>Si</strong></span> <span class='ocrx_word' id='word_1_809' title='bbox 2728 5066 2898 5111; x_wconf 88' lang='lat' dir='ltr'><strong>autem</strong></span> <span class='ocrx_word' id='word_1_810' title='bbox 2941 5059 3055 5114; x_wconf 87' lang='lat' dir='ltr'><strong>sola</strong></span> <span class='ocrx_word' id='word_1_811' title='bbox 3090 5060 3331 5114; x_wconf 90' lang='lat' dir='ltr'><strong>animalia</strong></span> <span class='ocrx_word' id='word_1_812' title='bbox 3377 5058 3668 5120; x_wconf 90' lang='lat' dir='ltr'><strong>rationalia,</strong></span> <span class='ocrx_word' id='word_1_813' title='bbox 3698 5052 3814 5105; x_wconf 76' lang='lat' dir='ltr'><strong>sicut</strong></span> 
     </span>
    </p>
   </div>
   <div class='ocr_carea' id='block_1_110' title="bbox 2258 5141 3813 5219">
    <p class='ocr_par' dir='ltr' id='par_1_110' title="bbox 2258 5141 3813 5219">
     <span class='ocr_line' id='line_1_110' title="bbox 2258 5141 3813 5219; baseline -0.002 -16"><span class='ocrx_word' id='word_1_814' title='bbox 2258 5160 2375 5205; x_wconf 87' lang='lat' dir='ltr'><strong>sunt</strong></span> <span class='ocrx_word' id='word_1_815' title='bbox 2399 5150 2648 5213; x_wconf 83' lang='lat' dir='ltr'><strong>homines,</strong></span> <span class='ocrx_word' id='word_1_816' title='bbox 2690 5160 2859 5219; x_wconf 91' lang='lat' dir='ltr'><strong>partes</strong></span> <span class='ocrx_word' id='word_1_817' title='bbox 2894 5148 2991 5205; x_wconf 90' lang='lat' dir='ltr'><strong>Dei</strong></span> <span class='ocrx_word' id='word_1_818' title='bbox 3026 5167 3134 5205; x_wconf 89' lang='lat' dir='ltr'><strong>esse</strong></span> <span class='ocrx_word' id='word_1_819' title='bbox 3171 5155 3513 5219; x_wconf 85' lang='lat' dir='ltr'><strong>contendunt;</strong></span> <span class='ocrx_word' id='word_1_820' title='bbox 3550 5165 3647 5204; x_wconf 89' lang='lat' dir='ltr'><strong>non</strong></span> <span class='ocrx_word' id='word_1_821' title='bbox 3686 5141 3813 5197; x_wconf 77' lang='grc' dir='ltr'><strong>υἱάεο</strong></span> 
     </span>
    </p>
   </div>
   <div class='ocr_carea' id='block_1_111' title="bbox 2256 5233 3810 5315">
    <p class='ocr_par' dir='ltr' id='par_1_111' title="bbox 2256 5233 3810 5315">
     <span class='ocr_line' id='line_1_111' title="bbox 2256 5233 3810 5315; baseline -0.005 -22"><span class='ocrx_word' id='word_1_822' title='bbox 2256 5242 2459 5310; x_wconf 85' lang='lat' dir='ltr'><strong>quidem</strong></span> <span class='ocrx_word' id='word_1_823' title='bbox 2483 5243 2525 5294; x_wconf 88' lang='lat' dir='ltr'><strong>si</strong></span> <span class='ocrx_word' id='word_1_824' title='bbox 2556 5252 2688 5295; x_wconf 89' lang='lat' dir='ltr'><strong>totus</strong></span> <span class='ocrx_word' id='word_1_825' title='bbox 2710 5243 2927 5297; x_wconf 85' lang='lat' dir='ltr'><strong>mundus</strong></span> <span class='ocrx_word' id='word_1_826' title='bbox 2954 5255 3023 5297; x_wconf 86' lang='lat' dir='ltr'><strong>est</strong></span> <span class='ocrx_word' id='word_1_827' title='bbox 3051 5243 3189 5298; x_wconf 86' lang='lat' dir='ltr'><strong>Deus</strong></span> <span class='ocrx_word' id='word_1_828' title='bbox 3208 5284 3223 5308; x_wconf 86' lang='lat'><strong>,</strong></span> <span class='ocrx_word' id='word_1_829' title='bbox 3261 5246 3514 5315; x_wconf 85' lang='lat' dir='ltr'><strong>quomodo</strong></span> <span class='ocrx_word' id='word_1_830' title='bbox 3552 5239 3726 5295; x_wconf 89' lang='lat' dir='ltr'><strong>bestias</strong></span> <span class='ocrx_word' id='word_1_831' title='bbox 3756 5233 3810 5282; x_wconf 83' lang='lat' dir='ltr'><strong>ab</strong></span> 
     </span>
    </p>
   </div>
   <div class='ocr_carea' id='block_1_112' title="bbox 2255 5327 3808 5407">
    <p class='ocr_par' dir='ltr' id='par_1_112' title="bbox 2255 5327 3808 5407">
     <span class='ocr_line' id='line_1_112' title="bbox 2255 5327 3808 5407; baseline -0.003 -20"><span class='ocrx_word' id='word_1_832' title='bbox 2255 5336 2367 5404; x_wconf 85' lang='lat' dir='ltr'><strong>ejus</strong></span> <span class='ocrx_word' id='word_1_833' title='bbox 2389 5334 2613 5403; x_wconf 86' lang='lat' dir='ltr'><strong>partibus</strong></span> <span class='ocrx_word' id='word_1_834' title='bbox 2636 5336 2916 5407; x_wconf 82' lang='lat' dir='ltr'><strong>separent.]</strong></span> <span class='ocrx_word' id='word_1_835' title='bbox 2940 5335 3189 5405; x_wconf 83' lang='lat' dir='ltr'><strong>lntelligit</strong></span> <span class='ocrx_word' id='word_1_836' title='bbox 3215 5336 3442 5404; x_wconf 91' lang='lat' dir='ltr'><strong>Stoicos,</strong></span> <span class='ocrx_word' id='word_1_837' title='bbox 3468 5336 3554 5407; x_wconf 93' lang='lat' dir='ltr'><strong>qui</strong></span> <span class='ocrx_word' id='word_1_838' title='bbox 3576 5327 3808 5387; x_wconf 81' lang='lat' dir='ltr'><strong>mundum</strong></span> 
     </span>
    </p>
   </div>
   <div class='ocr_carea' id='block_1_113' title="bbox 2258 5412 3803 5498">
    <p class='ocr_par' dir='ltr' id='par_1_113' title="bbox 2258 5412 3803 5498">
     <span class='ocr_line' id='line_1_113' title="bbox 2258 5412 3803 5498; baseline -0.003 -20"><span class='ocrx_word' id='word_1_839' title='bbox 2258 5425 2424 5481; x_wconf 90' lang='lat' dir='ltr'><strong>Deum</strong></span> <span class='ocrx_word' id='word_1_840' title='bbox 2454 5439 2572 5480; x_wconf 90' lang='lat' dir='ltr'><strong>esse</strong></span> <span class='ocrx_word' id='word_1_841' title='bbox 2594 5425 2865 5482; x_wconf 91' lang='lat' dir='ltr'><strong>dicebant.</strong></span> <span class='ocrx_word' id='word_1_842' title='bbox 2909 5427 3039 5482; x_wconf 84' lang='lat' dir='ltr'><strong>Vide</strong></span> <span class='ocrx_word' id='word_1_843' title='bbox 3067 5428 3276 5482; x_wconf 90' lang='lat' dir='ltr'><strong>Justum</strong></span> <span class='ocrx_word' id='word_1_844' title='bbox 3310 5428 3545 5498; x_wconf 86' lang='lat' dir='ltr'><strong>Lipsium</strong></span> <span class='ocrx_word' id='word_1_845' title='bbox 3588 5412 3803 5492; x_wconf 65' lang='lat' dir='ltr'><strong>Pliysiolo</strong></span> 
     </span>
    </p>
   </div>
   <div class='ocr_carea' id='block_1_114' title="bbox 2254 5519 3001 5585">
    <p class='ocr_par' dir='ltr' id='par_1_114' title="bbox 2254 5519 3001 5585">
     <span class='ocr_line' id='line_1_114' title="bbox 2254 5519 3001 5585; baseline -0.001 -12"><span class='ocrx_word' id='word_1_846' title='bbox 2254 5519 2552 5573; x_wconf 87' lang='lat' dir='ltr'><strong>Stoicorum</strong></span> <span class='ocrx_word' id='word_1_847' title='bbox 2584 5520 2678 5574; x_wconf 90' lang='lat' dir='ltr'><strong>lib.</strong></span> <span class='ocrx_word' id='word_1_848' title='bbox 2713 5536 2757 5585; x_wconf 89' lang='grc' dir='ltr'>ι,</span> <span class='ocrx_word' id='word_1_849' title='bbox 2784 5520 2915 5575; x_wconf 91' lang='lat' dir='ltr'><strong>diss.</strong></span> <span class='ocrx_word' id='word_1_850' title='bbox 2945 5521 3001 5575; x_wconf 86' lang='lat'><strong>8.</strong></span> 
     </span>
    </p>
   </div>
   <div class='ocr_carea' id='block_1_115' title="bbox 2322 5608 3806 5678">
    <p class='ocr_par' dir='ltr' id='par_1_115' title="bbox 2322 5608 3806 5678">
     <span class='ocr_line' id='line_1_115' title="bbox 2322 5608 3806 5678; baseline -0.024 0"><span class='ocrx_word' id='word_1_851' title='bbox 2322 5608 2453 5678; x_wconf 67' lang='lat' dir='ltr'><strong>Cap.</strong></span> <span class='ocrx_word' id='word_1_852' title='bbox 2490 5611 2573 5665; x_wconf 80' lang='grc'><strong>16.</strong></span> <span class='ocrx_word' id='word_1_853' title='bbox 2608 5611 3054 5665; x_wconf 80' lang='lat' dir='ltr'><strong>Vocaverunt......</strong></span> <span class='ocrx_word' id='word_1_854' title='bbox 3085 5614 3231 5667; x_wconf 88' lang='lat' dir='ltr'><strong>deam</strong></span> <span class='ocrx_word' id='word_1_855' title='bbox 3258 5613 3537 5676; x_wconf 50' lang='lat' dir='ltr'><strong>Murcum,</strong></span> <span class='ocrx_word' id='word_1_856' title='bbox 3558 5621 3666 5678; x_wconf 64' lang='lat' dir='ltr'><strong>qua;</strong></span> <span class='ocrx_word' id='word_1_857' title='bbox 3693 5612 3806 5670; x_wconf 72' lang='lat' dir='ltr'><strong>pm:-</strong></span> 
     </span>
    </p>
   </div>
   <div class='ocr_carea' id='block_1_116' title="bbox 2253 5697 3806 5773">
    <p class='ocr_par' dir='ltr' id='par_1_116' title="bbox 2253 5697 3806 5773">
     <span class='ocr_line' id='line_1_116' title="bbox 2253 5697 3806 5773; baseline 0.005 -21"><span class='ocrx_word' id='word_1_858' title='bbox 2253 5711 2327 5753; x_wconf 75' lang='lat' dir='ltr'><strong>tcr</strong></span> <span class='ocrx_word' id='word_1_859' title='bbox 2348 5705 2551 5755; x_wconf 83' lang='lat' dir='ltr'><strong>modum</strong></span> <span class='ocrx_word' id='word_1_860' title='bbox 2581 5712 2796 5756; x_wconf 86' lang='lat' dir='ltr'><strong>moveret</strong></span> <span class='ocrx_word' id='word_1_861' title='bbox 2826 5719 2886 5755; x_wconf 89' lang='lat' dir='ltr'><strong>ac</strong></span> <span class='ocrx_word' id='word_1_862' title='bbox 2917 5704 3103 5771; x_wconf 76' lang='lat' dir='ltr'><strong>faceret</strong></span> <span class='ocrx_word' id='word_1_863' title='bbox 3131 5704 3408 5773; x_wconf 73' lang='lat' dir='ltr'><strong>hominem,</strong></span> <span class='ocrx_word' id='word_1_864' title='bbox 3431 5716 3484 5759; x_wconf 87' lang='lat' dir='ltr'><strong>ut</strong></span> <span class='ocrx_word' id='word_1_865' title='bbox 3513 5703 3582 5756; x_wconf 83' lang='lat' dir='ltr'><strong>ait</strong></span> <span class='ocrx_word' id='word_1_866' title='bbox 3604 5697 3806 5759; x_wconf 71' lang='grc' dir='ltr'><strong>Ροιηρθ·</strong></span> 
     </span>
    </p>
   </div>
   <div class='ocr_carea' id='block_1_117' title="bbox 2253 5791 3805 5861">
    <p class='ocr_par' dir='ltr' id='par_1_117' title="bbox 2253 5791 3805 5861">
     <span class='ocr_line' id='line_1_117' title="bbox 2253 5791 3805 5861; baseline -0.01 -16"><span class='ocrx_word' id='word_1_867' title='bbox 2253 5794 2390 5860; x_wconf 86' lang='lat' dir='ltr'><strong>nius,</strong></span> <span class='ocrx_word' id='word_1_868' title='bbox 2421 5794 2725 5861; x_wconf 88' lang='lat' dir='ltr'><strong>murcidum,</strong></span> <span class='ocrx_word' id='word_1_869' title='bbox 2761 5796 2813 5847; x_wconf 89' lang='lat' dir='ltr'><strong>id</strong></span> <span class='ocrx_word' id='word_1_870' title='bbox 2855 5804 2926 5849; x_wconf 82' lang='lat' dir='ltr'><strong>est</strong></span> <span class='ocrx_word' id='word_1_871' title='bbox 2962 5797 3110 5850; x_wconf 89' lang='lat' dir='ltr'><strong>nimis</strong></span> <span class='ocrx_word' id='word_1_872' title='bbox 3158 5797 3465 5852; x_wconf 83' lang='lat' dir='ltr'><strong>desidiosum</strong></span> <span class='ocrx_word' id='word_1_873' title='bbox 3513 5801 3559 5848; x_wconf 87' lang='lat' dir='ltr'><strong>et</strong></span> <span class='ocrx_word' id='word_1_874' title='bbox 3599 5791 3805 5841; x_wconf 81' lang='lat' dir='ltr'><strong>inactuo-</strong></span> 
     </span>
    </p>
   </div>
  </div>
