4060 6364
315 339 452 395 465

1020 341 1370 399 VARIORUM
1410 339 2005 397 EXERCITATIONES
2045 338 2111 395 IN
2155 337 2211 395 S.
2254 340 2631 398 AUGUSTINI
2673 340 2927 398 OPERA.

3490 341 3600 401 466

320 453 502 525 sum]
534 455 897 512 'l‘crtullianus
923 457 999 512 de'
1018 458 1349 528 Spectaculis
1377 473 1495 526 cap.
1528 458 1560 512 8
1610 477 1621 510 :
1664 455 1914 510 Murciam
1946 463 2001 519 Α
2024 456 2402 509 constituuntur
2423 457 2668 511 humana.
2703 458 2828 523 Qua:
2848 458 2891 510 si
2913 466 3178 525 propterea
3202 456 3468 527 quisquam
3490 458 3602 525 fata

319 550 493 603 deam
531 550 773 604 marcoris
800 548 997 615 volunt,
1021 552 1100 604 cui
1129 552 1181 605 in
1211 551 1305 605 illa
1356 560 1500 619 parte
1541 549 1701 603 a’dem
1722 563 1917 601 vovere.

324 639 438 695 Sic
476 642 620 694 enim
662 640 945 711 legendum
973 684 987 707 ,
1020 658 1124 696 non
1169 642 1457 717 marmoris,
1488 650 1579 695 aut
1608 641 1815 705 amoris,
1862 650 1921 693 ut

322 733 632 789 emendant
653 736 914 789 nonnulli.
946 735 1220 805 Nusquam
1251 744 1464 792 veteres
1495 735 1750 789 Murciam
1774 735 1920 789 illam

324 827 543 880 amoris
574 827 725 882 deam
748 842 870 883 esse
900 829 1275 898 prodiderunt,
1306 829 1400 883 sed
1448 828 1707 883 marcoris
1748 836 1800 882 et
1839 832 1918 895 ig-

324 917 546 982 naviae;
567 933 686 972 nam
702 935 907 973 murcus
921 920 1191 975 veteribus
1208 922 1347 975 idem
1364 920 1505 991 quod
1528 921 1768 990 ignavus.
1786 920 1921 974 Hinc

325 1010 603 1063 extremis
634 1011 935 1067 Latinitatis
959 1013 1309 1080 temporibus,
1353 1028 1559 1068 murcos
1584 1012 1923 1082 appellabant

322 1098 655 1168 ioculariter
680 1103 769 1171 qui
798 1102 900 1157 sibi
934 1104 1155 1173 pollices
1185 1105 1572 1173 przeciderant,
1622 1120 1689 1159 ne
1719 1104 1922 1159 militia:

327 1206 541 1246 nomen
569 1193 776 1248 darent.
802 1196 1118 1251 Ammianus
1153 1196 1487 1252 Marcellinus
1518 1214 1533 1251 :
1584 1195 1694 1250 Nec
1748 1213 1923 1251 eorum
1952 1206 1963 1225 ’

330 1281 625 1351 aliquando
646 1285 876 1352 quisque,
908 1294 964 1338 ut
991 1288 1042 1338 in
1077 1284 1258 1350 Italia,
1297 1304 1480 1340 munus
1519 1286 1771 1341 Martium
1807 1302 1926 1358 per-

331 1376 606 1428 timescens
629 1376 866 1445 pollicem
896 1378 991 1430 sibi
1022 1379 1301 1447 prazscidit,
1342 1396 1468 1450 quos
1499 1379 1743 1451 jotaliter
1783 1394 1925 1432 mur-

333 1480 428 1517 cos
452 1465 738 1535 appellant.
797 1467 1018 1523 Desides
1039 1480 1094 1523 et
1120 1471 1338 1538 ignavos
1376 1478 1430 1525 ct
1456 1469 1700 1524 imbelles
1729 1470 1801 1525 ita
1824 1484 1923 1525 vo-

334 1568 551 1611 carunt.
581 1557 817 1628 Murcus,
844 1562 1125 1627 marcidus,
1158 1570 1217 1615 ut
1254 1564 1463 1630 ﬂaccus,
1504 1563 1770 1631 ﬂaccidus.
1820 1562 1925 1617 Fe-

331 1655 486 1702 stus:
504 1650 809 1718 murcidum,
841 1652 1102 1722 ignavum,
1133 1655 1387 1719 stultum;
1410 1654 1631 1709 Plautus
1654 1672 1669 1709 :
1694 1655 1925 1709 murcide

339 1739 516 1808 homo,
544 1741 743 1812 ignave,
772 1745 926 1798 iners.
968 1745 1103 1800 Male
1136 1746 1191 1802 in
1239 1746 1398 1801 editis
1441 1747 1736 1815 murricide,
1779 1746 1919 1817 quod

2026 549 2223 615 tribuit,
2244 550 2362 618 quia
2401 549 2566 619 ipsam
2596 549 2697 602 Dei
2725 549 3033 605 voluntatem
3078 551 3157 603 vel
3184 560 3479 621 potestatem
3507 551 3602 621 fati

2023 642 2228 694 nomine
2261 641 2508 710 appellat,
2546 644 2845 695 sententiam
2871 650 3059 709 teneat,
3090 642 3319 712 linguam
3357 644 3602 715 corrigat.

2025 728 2129 785 Cur
2173 732 2306 784 enim
2356 728 2577 783 nonhoc
2631 731 2852 799 primum
2908 731 3050 797 dicit,
3096 732 3233 802 quod
3292 742 3465 801 postea
3522 732 3604 783 di-

2024 839 2199 877 cturus
2244 836 2367 889 est,
2410 838 2526 875 cum
2572 822 2635 874 ab
2689 822 2781 875 illo
2828 823 3094 892 quisquam
3150 825 3406 894 quaesierit
3476 822 3601 893 quid

2026 916 2211 970 dixerit
2266 912 2512 985 fatum?]
2553 913 2915 969 Pulcherrima
2971 914 3208 984 profecto
3253 916 3518 971 sententia
3550 922 3606 969 et

2025 1009 2186 1078 digna
2234 1024 2352 1079 qua:
2416 1007 2595 1061 aureis
2664 1006 2853 1062 litteris
2930 1007 3258 1063 inscribatur
3323 1009 3607 1064 auditoriis

2025 1099 2464 1170 philosophorum
2494 1107 2547 1153 et
2578 1097 2975 1167 theologorum,
3008 1110 3067 1153 ut
3087 1099 3295 1154 discant
3318 1101 3463 1155 illico
3491 1117 3607 1171 per-

2026 1189 2212 1258 spicue
2258 1188 2439 1258 loqui:
2485 1203 2590 1257 quo
2633 1188 3013 1259 compendium
3060 1189 3318 1258 temporis
3360 1190 3471 1257 ﬁat,
3517 1204 3608 1243 ex-

2027 1280 2273 1349 pulsione
2304 1288 2380 1333 tot
2409 1278 2645 1333 inanium
2675 1279 2985 1345 verborum,
3013 1295 3133 1350 quas
3166 1280 3608 1349 explicationibus
3696 1344 3701 1351 ,

2027 1372 2255 1441 prolixis
2307 1371 2579 1440 indigent;
2635 1382 2690 1426 et
2730 1372 2921 1442 quibus
2963 1373 3185 1439 auditis,
3224 1375 3353 1428 nihil
3395 1374 3606 1443 quidem

2027 1465 2173 1529 novi,
2199 1463 2265 1517 ad
2291 1479 2377 1519 res
2406 1465 2549 1532 ipsas
2570 1463 2713 1534 quod
2742 1465 2953 1533 attinet,
2991 1465 3268 1529 discimus,
3312 1466 3406 1520 sed
3456 1467 3607 1521 intel-

2028 1556 2246 1626 ligimus
2285 1555 2544 1609 duntaxat
2586 1555 2893 1611 scholastici
2936 1557 3202 1611 sermonis
3240 1572 3415 1611 usum.
3460 1559 3607 1613 Hanc

2028 1660 2204 1705 autem
2238 1649 2660 1703 admonitionem
2695 1649 2763 1704 de
2798 1650 2902 1719 fato
2930 1649 3305 1704 necessariam”
3330 1650 3494 1704 luisse
3522 1666 3606 1703 tn-

2030 1743 2237 1812 telliget
2258 1741 2500 1812 quisquis
2530 1742 2670 1812 leget
2698 1741 3133 1797 dissertationem
3158 1742 3227 1797 1‘2
3245 1751 3297 1796 et
3317 1752 3607 1811 sequentes

337 1830 589 1902 Scaliger
634 1836 934 1904 exponebat
980 1839 1281 1908 μυοκτόνον,
1324 1839 1430 1894 hoc
1472 1849 1555 1894 est
1579 1839 1915 1894 muricidam.
1951 1830 2001 1892 B
2028 1834 2121 1888 lib.
2155 1849 2172 1888 ι
2201 1833 2554 1903 Physiologiae
2586 1834 2890 1889 Stoicorum
2920 1850 2950 1887 a
2980 1834 3133 1888 Justo
3162 1832 3344 1903 Lipsio
3372 1835 3609 1889 conscri-

340 1924 616 1978 Arnobius
649 1943 663 1979 :
699 1924 925 1993 Murcia,
949 1930 1177 1998 segnium
1206 1929 1320 1983 dea.
1354 1929 1479 1983 Haec
1518 1930 1726 1998 aliaque
1762 1930 1923 1985 habet

339 2014 536 2071 Claud.
563 2015 853 2073 Salmasius
884 2020 938 2075 in
976 2019 1220 2076 Solinum
1266 2035 1389 2089 pag.
1426 2020 1531 2076 636
1565 2020 1652 2077 ed.
1695 2020 1922 2091 Ultraje-

340 2109 525 2164 ctinze.

421 2201 549 2271 Cap.
587 2201 674 2257 l9.
705 2201 924 2258 Tantum
949 2222 1073 2259 sane
1101 2206 1239 2272 huic,
1267 2206 1404 2261 velut
1425 2211 1646 2274 nummi,
1674 2207 1924 2273 tribuunt,

342 2308 501 2363 quam
530 2291 819 2349 Fortunam
846 2307 1048 2363 vocant,
1089 2308 1143 2352 ut
1179 2300 1510 2353 simulacrum
1548 2304 1680 2373 ejus,
1720 2301 1854 2370 quod
1894 2316 1927 2353 a

344 2385 598 2439 matronis
637 2387 927 2442 dedicatum
956 2401 1054 2457 est,
1104 2392 1256 2444 etiam
1286 2391 1515 2445 locutum
1537 2409 1645 2447 esse
1672 2392 1928 2447 memoria:

346 2475 833 2545 commendaverint,
855 2489 1007 2549 atque
1034 2481 1224 2536 dixisse
1264 2500 1369 2536 non
1397 2483 1571 2549 semel,
1604 2485 1691 2538 sed
1720 2486 1926 2551 iterum,

345 2569 488 2637 quod
515 2584 627 2621 eam
644 2570 741 2623 rite
764 2580 1010 2627 matrona:
1037 2574 1425 2647 dedicaverint.]
1476 2576 1715 2631 Valerius
1763 2576 1929 2633 Maxi-

349 2674 473 2712 mus
501 2659 598 2715 lib.
624 2676 663 2728 ι,
687 2676 804 2733 cap.
836 2662 869 2713 ts
901 2663 1145 2735 Exempl.
1180 2664 1336 2720 Rom.
1365 2667 1421 2733 ι,
1450 2683 1521 2723 ex
1555 2669 1931 2725 emendatione
2006 2670 2009 2671 ⁷

349 2748 492 2805 Justi
513 2750 676 2821 Lipsii
713 2771 724 2805 :
757 2751 879 2807 Non
907 2755 1058 2809 semel
1090 2758 1178 2811 sed
1201 2758 1275 2812 bis
1304 2760 1530 2812 locutum
1550 2759 1928 2830 (simulacrum)

353 2844 596 2910 constitit,
632 2846 711 2900 his
742 2849 885 2917 prius
926 2849 1087 2904 verbis
1114 2867 1135 2905 :
1174 2868 1296 2906 nt'rt-z
1330 2868 1423 2919 ne,
1462 2870 1749 2923 IATRONAE,
1792 2871 1931 2911 νωι-

348 2949 494 3000 s'ns;
528 2938 713 2993 deinde
735 2954 754 2992 :
780 2939 916 2995 R11":
945 2958 1195 2998 DlCASTlS.
1238 2944 1367 3011 Quae
1397 2961 1525 3001 vera
1568 2957 1650 3001 est
1672 2947 1852 3015 lectio,
1875 2958 1932 3004 et

355 3043 467 3098 prae
495 3031 664 3085 oculis
688 3032 986 3103 Augustino
1013 3035 1179 3092 fuisse
1202 3038 1435 3093 videtur;

428 3121 556 3193 Cap.
597 3125 688 3181 2|.
719 3124 863 3182 Diva:
894 3124 1228 3201 Fructesew.]
1266 3130 1465 3201 Scripti
1503 3133 1716 3190 codices
1742 3135 1928 3206 Augu—

356 3214 482 3266 stini
509 3216 690 3285 (verba
721 3228 846 3272 sunt
870 3218 1059 3275 Claud.
1090 3200 1337 3278 Salmasii
1365 3200 1432 3278 aa
1457 3225 1699 3280 Solinum
1724 3200 1933 3297 pagfso
1960 3200 2008 3264 C

358 3305 446 3358 ed.
496 3305 798 3380 Ultraject.)
826 3325 960 3380 quos
986 3311 1040 3365 in
1074 3310 1357 3370 Germania
1393 3315 1523 3371 olim
1556 3317 1806 3385 vidimus,
1841 3319 1935 3373 ha-

360 3400 572 3468 bebant,
603 3413 753 3474 atque
797 3406 897 3475 ipsi
934 3409 1154 3464 maxime
1181 3410 1309 3465 divae
1351 3408 1536 3467 Frutes
1568 3412 1701 3480 Sew,
1734 3416 1785 3469 in
1814 3415 1934 3470 aliis

358 3502 496 3557 erat,
519 3492 811 3551 Frutissew.
836 3496 1129 3569 Scripsisse
1148 3504 1501 3574 Augustinum
1526 3506 1718 3575 opinor
1748 3525 1761 3561 :
1789 3508 1936 3564 Diva:

360 3585 549 3656 frugis,
582 3586 736 3643 Seiaz.
770 3589 945 3645 Sciam
972 3594 1055 3648 vel
1083 3595 1241 3650 Seam
1265 3606 1420 3651 vocat
1446 3598 1598 3652 deam
1627 3599 1814 3670 frugis,
1846 3602 1935 3656 cui

360 3677 589 3732 maxime
613 3681 857 3748 agricola:
876 3683 1243 3752 supplicabant
1262 3698 1315 3740 ut
1341 3687 1640 3743 ubertatem
1665 3690 1934 3746 fructuum

361 3768 698 3824 secundaret.
732 3771 879 3827 Hanc
909 3775 1048 3828 idem
1077 3776 1402 3846 Augustinus
1434 3778 1527 3833 lib.
1554 3794 1766 3850 tv,cap.
1791 3782 1846 3847 8,
1869 3798 1937 3837 ex

364 3856 602 3915 Varrone
630 3861 761 3917 dicit
788 3866 1059 3933 segetibus
1083 3871 1419 3938 praepositam
1448 3871 1615 3926 fuisse
1641 3916 1656 3941 ,
1700 3874 1938 3943 quandiu

361 3952 458 4006 sub
508 3965 647 4009 terra
695 3968 897 4012 essent.
955 3959 1159 4015 Plinius
1201 3978 1231 4016 a
1270 3965 1500 4019 serendo
1536 3966 1711 4021 Sciam
1741 3968 1938 4025 dictam

363 4052 601 4098 autumat
629 4044 723 4099 lib.
751 4063 899 4115 xvm,
927 4063 1046 4119 cap.
1079 4050 1133 4106 Ξ.

430 4132 557 4202 Cap.
585 4134 676 4189 51.
702 4134 838 4190 Dicit
869 4140 1002 4191 idem
1026 4150 1205 4195 auctor
1247 4146 1565 4201 acutissimus
1594 4149 1816 4220 (Varro)
1854 4156 1939 4203 at-

364 4244 458 4295 que
480 4229 805 4283 doctissimus
843 4235 980 4299 quod
1021 4236 1074 4288 hi
1102 4238 1201 4289 soli
1228 4239 1275 4289 ei
1304 4239 1572 4293 videantur
1614 4242 1939 4297 animadver-

364 4320 481 4373 tisse
508 4322 633 4383 quid
657 4332 784 4375 esset
812 4323 971 4389 Deus,
1002 4327 1091 4396 qui
1110 4328 1431 4381 crediderunt
1452 4346 1566 4383 eum
1588 4348 1696 4386 esse
1715 4334 1941 4387 animum

366 4421 504 4465 motu
530 4430 590 4465 ac
613 4415 811 4469 ratione
835 4419 1085 4471 mundum
1108 4421 1517 4493 gubernantem]
1545 4422 1654 4478 Vox
1680 4434 1841 4489 motu,
1860 4427 1941 4481 in-

365 4504 479 4571 quit
500 4504 681 4559 Justus
716 4507 929 4576 Lipsius
982 4508 1337 4582 Physiologize
1386 4514 1690 4569 Stoicorum
1738 4517 1831 4570 lib.
1882 4533 1939 4583 ll,

2029 1936 2155 1997 ptas,
2184 1925 2275 1980 ubi
2314 1925 2481 1980 fatum
2521 1925 2611 1980 ille
2654 1926 2929 1982 contendit
2965 1926 3212 1981 ell'ectum
3262 1939 3382 1981 esse
3429 1927 3606 1996 provi~

2028 2017 2229 2073 dentiae
2258 2017 2475 2083 divinae,
2523 2016 2665 2089 quod
2711 2028 2766 2074 et
2809 2028 3020 2074 veteres
3073 2018 3271 2073 multos
3314 2018 3612 2078 credidisse

2035 2109 2299 2164 ostendit.
3376 2184 3379 2187 b

2102 2200 2235 2269 Cap.
2261 2200 2349 2255 to.
2374 2201 2660 2272 Postquam
2687 2217 2804 2272 cap.
2832 2202 2865 2257 9
2888 2202 3167 2272 proposuit
3189 2202 3610 2271 argumentatio-

2031 2309 2157 2348 nem
2186 2292 2485 2362 Ciceronis,
2517 2311 2620 2364 qua
2644 2296 2871 2366 probare
2898 2296 3213 2363 conabatur,
3241 2296 3289 2350 si
3317 2295 3442 2365 quid
3472 2304 3613 2352 esset

2032 2387 2089 2441 in
2122 2395 2302 2442 nostra
2333 2397 2617 2458 potestate,
2660 2389 2711 2443 id
2746 2405 2775 2443 a
2815 2389 2927 2444 Deo
2964 2398 3111 2445 certo
3161 2404 3265 2443 non
3309 2388 3613 2459 praevideri,

2006 2486 2009 2487 '
2032 2479 2158 2549 quia
2180 2489 2390 2547 poterat
2409 2493 2514 2534 non
2534 2482 2875 2550 contingere;
2904 2490 2996 2535 aut
3015 2481 3061 2536 si
3084 2480 3262 2535 omnia
3283 2496 3313 2534 a
3337 2482 3446 2537 Deo
3467 2490 3614 2537 certo

2035 2572 2482 2639 praeviderentur,
2533 2574 2666 2628 nihil
2703 2588 2825 2629 esse
2853 2576 2904 2629 in
2936 2585 3117 2629 nostra
3158 2585 3444 2646 potestate,
3486 2575 3615 2646 quia

2034 2665 2343 2719 necessario
2368 2680 2545 2720 omnia
2577 2667 2788 2721 tierent.
2821 2667 3004 2737 Capite
3033 2669 3101 2723 {0
3124 2669 3413 2739 respondet
3435 2670 3616 2739 Augu-

2036 2756 2210 2811 stinus
2235 2797 2250 2822 ,
2302 2757 2397 2812 sed
2430 2758 2502 2812 ita
2538 2767 2596 2812 ut
2620 2759 2726 2812 vim
2756 2759 3073 2827 objectionis
3102 2777 3207 2815 non
3239 2762 3491 2826 sensisse,
3525 2770 3617 2817 aut

2036 2846 2430 2916 dissimulasse,
2485 2850 2529 2904 si
2576 2851 2764 2913 sensit,
2809 2851 3071 2905 videatur.
3101 2852 3223 2906 Non
3249 2869 3388 2922 ergo,
3420 2851 3615 2921 inquit,

2040 2949 2310 3012 prapterea
2339 2941 2470 2994 nihil
2495 2951 2565 2994 est
2591 2942 2645 2995 in
2668 2951 2842 2996 nostra
2872 2944 3149 3010 voluntate,
3173 2944 3297 3014 quia
3322 2941 3464 2997 Deus
3488 2959 3617 3011 prae.

2037 3033 2185 3087 scivit
2223 3032 2346 3099 quid
2389 3037 2620 3104 futurum
2647 3045 2771 3088 esset
2810 3035 2863 3087 in
2900 3043 3075 3089 nostra
3106 3037 3380 3089 voluntate.
3425 3036 3497 3090 At
3534 3034 3618 3090 Ci-

2038 3139 2166 3181 cero
2196 3124 2402 3180 dixerat
2438 3125 2487 3178 in
2514 3137 2687 3180 nostra
2716 3135 2981 3196 potestate,
3017 3127 3118 3181 hoc
3150 3134 3253 3191 est,
3282 3125 3424 3196 quod
3466 3136 3619 3194 pote-

2042 3230 2224 3271 ramus
2254 3217 2398 3271 nolle
2422 3226 2513 3270 aut
2544 3217 2714 3281 velle;
2748 3217 2816 3270 ita
2845 3227 2901 3271 ut
2928 3218 2994 3271 ad
3023 3217 3161 3273 alter
3187 3226 3364 3272 utrum
3398 3231 3504 3272 non
3534 3231 3619 3272 es-

2042 3318 2127 3363 set
2154 3309 2461 3363 necessario
2486 3308 2677 3362 inﬂexa
2709 3307 2989 3375 voluntas;
3041 3308 3489 3378 quemadmodum
3540 3318 3621 3364 est

2044 3412 2233 3456 natura
2259 3416 2353 3455 sua
2377 3403 2446 3456 ita
2479 3401 2688 3468 all‘ecta,
2723 3413 2779 3457 ut
2806 3403 3017 3457 veritati
3040 3402 3335 3457 manifestae
3358 3402 3622 3457 assentia-

2044 3505 2156 3560 tur,
2180 3504 2340 3565 utque
2373 3494 2755 3550 beatitudinem
2786 3503 2955 3565 optet.
2986 3495 3318 3565 Augustinus
3350 3494 3456 3556 hic,
3484 3503 3542 3547 ut
3566 3501 3623 3548 et

2044 3586 2197 3652 alibi,
2230 3587 2573 3640 voluntarium
2598 3598 2653 3641 et
2682 3587 2895 3641 liberum
2925 3586 3221 3652 confundit,
3255 3602 3373 3656 quae
3404 3588 3458 3640 in
3503 3601 3623 3640 om-

2046 3679 2195 3731 nium
2236 3677 2510 3732 hominum
2535 3693 2783 3733 sermone
2811 3678 3061 3733 distincta
3086 3689 3240 3744 sunt;
3280 3693 3402 3733 nam
3430 3678 3623 3733 volun-

2047 3777 2156 3822 tate
2193 3767 2405 3836 quidem
2446 3770 2773 3823 assentimur
2812 3769 3050 3824 evidenti
3098 3768 3487 3834 euuntiationi,
3527 3768 3623 3823 sed

2049 3876 2157 3915 non
2189 3860 2391 3927 libere;
2425 3870 2478 3915 et
2503 3862 2775 3916 voluntate
2826 3862 3074 3918 similiter
3122 3863 3370 3932 cupimus
3398 3862 3625 3917 felicita-

2048 3962 2157 4007 tem
2183 3991 2199 4016 ,
2257 3952 2353 4006 sed
2404 3967 2510 4006 non
2545 3953 2746 4019 libere;
2782 3968 2957 4022 neque
3000 3954 3143 4009 enim
3176 3969 3455 4023 possumus
3484 3953 3624 4009 nolle

2050 4043 2391 4098 evidentibus
2416 4045 2667 4100 assentiri
2694 4054 2785 4099 aut
2833 4046 2978 4101 nolle
3022 4062 3143 4103 esse
3187 4046 3392 4116 felices,
3430 4058 3521 4103 aut
3562 4048 3627 4102 de

2048 4136 2199 4190 hisce
2224 4136 2547 4191 deliberare.
2578 4136 2769 4191 Subdit
2794 4153 2809 4191 :
2836 4136 2959 4191 Non
2982 4140 3114 4192 enim
3135 4140 3221 4207 qui
3243 4141 3336 4193 hoc
3358 4140 3625 4204 praesciuit,

2048 4225 2183 4280 nihil
2207 4227 2480 4298 praesciuit.
2513 4227 2709 4283 Verum
2740 4243 2847 4282 non
2871 4230 3087 4299 negavit
3114 4230 3305 4285 Cicero
3344 4231 3506 4285 Deum
3530 4230 3627 4285 ali-

2049 4317 2178 4387 quid
2202 4318 2477 4387 prtescire,
2522 4318 2617 4374 sed
2642 4320 2902 4373 duntaxat
2925 4335 3043 4389 quae
3068 4331 3192 4375 sunt
3218 4321 3407 4377 libera.
3437 4320 3626 4388 Porro,

2049 4409 2125 4462 ait
2151 4410 2501 4478 AuguStinus,
2532 4412 2577 4463 si
2604 4410 2692 4463 ille
2715 4411 2841 4480 quid
2869 4412 3118 4481 praesciuit
3140 4414 3263 4482 quid
3292 4417 3523 4485 futurum
3551 4431 3629 4468 es-

2044 4512 2124 4555 set
2172 4502 2226 4554 in
2274 4510 2448 4554 nostra
2474 4502 2754 4571 uoluntate,
2785 4519 2885 4556 non
2913 4505 3087 4574 utique
3135 4505 3283 4571 nihil,
3314 4506 3404 4559 sed
3430 4506 3629 4575 aliquid

364 4594 577 4650 dissert.
601 4595 684 4663 lt),
708 4613 814 4652 non
838 4602 1058 4655 omnino
1082 4602 1437 4669 disconvenit,
1468 4604 1654 4673 lateor,
1679 4616 1733 4661 et
1760 4609 1935 4663 verius

2052 4595 2308 4665 prcscivit
2345 4595 2570 4665 profecto
2595 4604 2641 4649 et
2660 4595 2751 4649 illo
2782 4597 3103 4667 prwsciente,
3130 4608 3203 4652 est
3231 4600 3427 4668 aliquid
3453 4602 3504 4653 in
3530 4617 3627 4653 no-

236 4742 245 4751 ,
301 4730 306 4767 ί
369 4696 545 4739 tamen
582 4689 793 4742 credam
834 4703 1019 4746 mente.
1064 4692 1280 4760 Cicero,
1323 4694 1343 4747 Ι
1387 4696 1549 4750 Acad.
1587 4698 1656 4752 de
1694 4698 1934 4755 Stoicis:

305 4808 309 4835 ε
373 4773 622 4829 Mundam
642 4789 826 4834 natura
854 4785 1099 4837 sentiente
1125 4786 1307 4854 teneri,
1334 4786 1389 4839 in
1416 4804 1517 4855 qua
1545 4790 1678 4842 ratio
1716 4792 1942 4861 per’ecta

374 4865 513 4929 insit,
563 4884 676 4933 qure
711 4872 774 4923 sit
821 4876 996 4928 eadem
1032 4881 1359 4948 sempiterna.
1407 4880 1573 4947 Quam
1594 4884 1693 4936 vim
1710 4887 1940 4937 animum

375 4970 479 5007 esse
497 4955 673 5008 dicunt
689 4963 883 5029 mundi,
909 4970 1231 5037 eamdemque
1251 4987 1356 5024 esse
1374 4980 1594 5026 mentem
1614 4977 1917 5045 sapientiam

375 5064 470 5115 que
494 5050 789 5119 perfectam,
829 5071 982 5121 quam
1011 5058 1173 5114 Deum
1215 5066 1407 5120 dicunt.
1467 5067 1607 5121 Nihil
1657 5079 1832 5125 tamen
1893 5072 1945 5125 in

377 5141 587 5210 vulgata
633 5142 862 5200 lectione
907 5152 1211 5208 mutandum
1241 5171 1339 5225 ego
1381 5160 1596 5225 quidem
1624 5176 1841 5227 censeo,
1873 5164 1952 5219 sic

376 5235 515 5286 enim
546 5235 711 5289 ferme
741 5236 949 5293 locutus
975 5252 1057 5295 est
1078 5244 1343 5313 Manilius,
1371 5266 1475 5305 non
1501 5257 1685 5323 procul
1706 5257 1774 5312 ab
1793 5257 1947 5312 initio

330 5358 335 5365 -
377 5325 497 5379 libri
529 5340 587 5391 ll,
615 5328 704 5381 ubi
742 5329 873 5384 dicit
900 5332 1002 5386 sibi
1033 5336 1379 5395 constitutum
1410 5358 1531 5400 esse
1559 5361 1756 5403 canere
1787 5349 1950 5407 Deum

377 5420 551 5473 Olllllla
585 5422 949 5480 moderantem

502 5532 773 5600 'ljotumque
796 5538 987 5588 alterno
1009 5554 1245 5593 consensu
1272 5545 1439 5595 vivere
1475 5552 1702 5600 mundum

501 5594 561 5668 lit
580 5594 790 5668 uariusts
806 5604 893 5668 agi
907 5617 1054 5663 MOTU,
1084 5618 1193 5654 cum
1216 5594 1558 5668 spiritusrun‘us

509 5657 600 5704 l‘er
621 5662 799 5709 \‘illCl'dS
821 5657 1005 5713 habitet
1031 5657 1213 5727 partes,
1239 5657 1332 5719 etc.

453 5757 623 5829 Ltuuo
646 5777 693 5814 γ.
722 5764 844 5832 Cap.
878 5766 919 5820 l.
960 5766 1196 5836 .Prorsus
1227 5771 1395 5827 divina
1444 5778 1757 5842 providentia
1799 5797 1953 5852 regna

2052 4696 2161 4741 stra
2203 4684 2483 4740 voluntate.
2518 4686 2717 4742 Verum
2749 4698 2849 4753 est,
2886 4690 2980 4743 sed
3006 4688 3197 4746 Cicero
3227 4702 3474 4762 negasset
3502 4693 3629 4748 illud

2054 4778 2271 4849 quodin
2299 4788 2481 4833 nostra
2514 4780 2785 4834 voluntate
2819 4781 3049 4836 futurum
3084 4787 3293 4853 praescit
3322 4785 3483 4850 Deus,
3512 4800 3632 4843 esse

2056 4872 2113 4925 in
2142 4879 2320 4924 nostra
2367 4880 2643 4941 potestate;
2691 4872 2868 4941 qualia
2915 4883 3042 4928 sunt
3081 4887 3267 4945 optare
3297 4878 3628 4944 felicitatem,

2060 4964 2462 5033 perspicuisque
2491 4964 2776 5030 assentiri;
2806 4982 2925 5035 quas
2954 4978 3075 5022 sunt
3102 4970 3313 5038 quidem
3358 4968 3409 5021 in
3444 4970 3632 5023 volun-

2060 5066 2171 5112 tate
2203 5066 2407 5123 nostra,
2451 5058 2694 5114 volentes
2723 5061 2864 5114 enim
2916 5062 3239 5116 assentimur
3273 5071 3328 5115 et
3364 5062 3631 5129 cupimus,

2060 5148 2156 5205 sed
2186 5164 2289 5203 non
2316 5150 2371 5201 in
2392 5160 2565 5204 nostra
2590 5161 2856 5221 potestate,
2883 5168 3003 5206 cum
3029 5154 3080 5207 in
3115 5154 3381 5208 contraria
3409 5153 3490 5208 ire
3524 5169 3633 5209 non

2067 5242 2356 5312 possimus.

2142 5334 2393 5399 Quocirca
2421 5335 2565 5390 nullo
2588 5339 2739 5391 modo
2767 5337 3014 5407 cogimur,
3063 5337 3234 5407 inquit
3282 5338 3636 5409 philuSOphus

2070 5423 2292 5490 Patrius,
2336 5434 2427 5479 aut
2465 5435 2663 5480 retenta
2688 5426 3005 5495 prwscientia
3027 5425 3124 5481 Dei
3147 5428 3324 5483 tollere
3366 5431 3638 5487 voluntatis

2066 5516 2334 5570 arbitrium
2365 5519 2483 5587 (cur
2512 5533 2614 5572 non
2648 5518 2794 5573 addit
2814 5520 3025 5573 liberum
3044 5519 3113 5590 ?),
3141 5532 3229 5577 aut
3249 5533 3437 5579 retento
3457 5527 3610 5580 volun
3642 5565 3644 5569 μ

2066 5608 2185 5660 tatis
2210 5607 2757 5674 arbitrio(addendum
2783 5619 2896 5662 erat
2914 5610 3094 5676 libero,
3125 5613 3227 5669 hoc
3255 5624 3338 5670 est
3360 5616 3412 5671 in
3439 5628 3611 5670 utram

2066 5713 2171 5763 que
2204 5709 2404 5763 partem
2458 5697 2667 5767 ﬂexili),
2728 5699 2909 5770 Deum,
2953 5705 3090 5769 quod
3139 5706 3283 5773 nefas
3328 5718 3418 5770 est,
3466 5723 3639 5776 negari

2066 5786 2334 5855 prwscium
2396 5787 2707 5855 futurorum.
2767 5794 2875 5849 Sed
2947 5809 3212 5869 utrumque
3272 5797 3641 5866 amplectimur,
