4060 6364
459 292 555 351 667
1339 279 1889 343 SUPPLEMENTUM
1928 282 2018 339 AD
2066 280 2296 339 OPERA
2335 279 2394 337 S.
2434 274 2826 337 AUGUSTINI.
3763 263 3864 320 468

462 419 734 481 utrumque
757 405 973 477 ﬁdeliter
994 412 1039 459 et
1060 401 1297 457 veraciter
1323 402 1653 471 confitemur;
1683 399 1811 455 illud
1833 408 1886 453 ut
1907 398 2029 453 bene
2055 403 2112 464 Α
2133 398 2429 454 redderetur
2463 412 2653 451 merces
2702 395 2845 447 bonis
2901 390 3123 484 artibus
3185 399 3412 484 eorum
3440 420 3463 449 ,
3619 470 3632 484 Ι
3660 389 3747 484 est
3768 382 3866 484 vir:

464 470 773 568 credamus;
809 500 903 553 hoc
929 507 981 551 ut
1012 497 1134 551 bene
1173 496 1419 549 vivamus.
1474 493 1614 548 Male
1642 504 1809 547 autem
1836 492 2037 554 vivitur,
2143 492 2330 542 tatibus
2354 488 2534 557 quibus
2555 486 2622 539 ad
2644 495 2837 557 tantum
2858 481 3091 553 gloriam
3120 474 3455 577 perferrire
3483 470 3857 573 nitebantur.]

464 594 508 646 si
541 592 603 644 de
626 566 760 644 Deo
785 606 883 643 non
910 589 1033 643 bene
1072 588 1315 641 creditur.
1360 585 1636 641 Postrema
1671 586 1785 639 haec
1814 584 2040 639 libenter
2140 583 2315 637 Antea
2339 590 2518 634 tamen
2549 576 2783 633 ostendit.
2811 590 2902 629 eas
2932 572 3200 663 virtutes
3235 566 3659 663 fuisse-mera
3682 566 3853 663 vitia;

464 680 859 749 amplectimur,
891 678 985 732 sed
1012 677 1057 732 si
1079 677 1267 732 Cicero
1297 677 1560 731 excitatus
1582 692 1646 731 ex
1674 690 1803 729 orco
1825 674 2037 740 fuisset,
2143 688 2290 737 nam,
2314 682 2368 725 ut
2396 671 2469 725 ait
2491 686 2609 737 cap.
2641 670 2730 734 15,
2761 682 2915 721 causa
2948 662 3241 755 honoris,
3288 656 3504 755 laudis
3551 662 3606 708 et
3640 652 3860 755 gloriae,

463 746 629 824 aut-si
656 768 1037 824 Ciceronianus
1080 769 1272 837 aliquis
1311 767 1661 837 philosophus
1714 767 2045 832 reposuisset
2144 764 2509 817 consuluerunt
2530 759 2800 828 patricc,in
2828 773 2929 828 qua
2952 756 3135 826 ipsum
3166 749 3453 823 gloriam
3479 746 3858 849 require-bald,

464 861 786 931 Augustino,
818 868 1067 929 negasset
1105 858 1171 912 ah
1203 858 1500 926 Augustino
1546 857 1767 912 retineri
1814 855 2041 910 liberum
2145 854 2464 925 salutemque
2485 855 2594 919 eius
2624 850 2782 905 saluti
2808 849 2990 920 patria:
3017 859 3391 942 praeponere
3424 856 3553 942 non
3579 839 3860 942 dubitaue-

465 952 773 1016 arbitriutn;
806 950 950 1021 quod
973 965 1070 1004 nec
1093 950 1180 1003 ille
1206 949 1482 1014 diffitetur,
1514 963 1635 1002 cum
1656 958 1806 1002 extra
1831 958 2046 1001 contro-
2145 954 2298 1010 runt;
2327 962 2420 1015 pro
2450 946 2546 997 isto
2574 958 2674 997 uno
2696 942 2835 1001 vitio,
2878 940 2932 993 id
2963 949 3034 993 est
3072 951 3299 991 amore
3334 931 3573 997 laudis,
3621 933 3855 1002 pecunia

466 1042 661 1098 versiae
690 1051 879 1097 aestum
910 1042 1163 1111 loquitur.
1198 1040 1333 1096 Vide
1357 1039 1700 1095 Enchiridion
1726 1040 1791 1095 ad
1813 1040 2046 1095 Lauren-
2148 1036 2477 1106 cupiditatem
2526 1041 2575 1087 et
2633 1032 2795 1087 inulta
2844 1031 2948 1085 alia
2996 1031 3127 1083 vitia
3187 1025 3691 1095 comprimentcs.
3742 1022 3847 1077 Sed

466 1139 598 1191 tium
620 1152 741 1206 cap.
774 1136 860 1202 50,
890 1138 940 1191 in
971 1148 1115 1191 torno
1136 1136 1224 1191 Vl.
2152 1135 2441 1197 propterea
2465 1125 2606 1179 Deus
2622 1124 2687 1177 iis
2704 1122 2981 1176 mercedem
3000 1135 3105 1175 non
3123 1117 3388 1182 debuit,
3407 1120 3838 1214 prae-staretque

538 1229 719 1300 Pergit
754 1247 765 1282 ;
794 1230 1021 1283 Proinde
1047 1246 1149 1284 ηοη
1174 1230 1367 1301 frustra
1393 1240 1512 1285 sum
1544 1230 1699 1300 teges,
1735 1229 2050 1300 objurgatio-
2152 1219 2331 1274 dicere
2355 1218 2519 1273 Deum
2544 1231 2757 1285 passum
2779 1229 2917 1279 esse,
2941 1224 3031 1268 aut
3054 1211 3245 1266 etiam
3267 1212 3475 1263 certis
3509 1206 3590 1260 de
3616 1206 3846 1323 rationi-
3887 1282 3894 1323 Ι

471 1338 582 1390 nes,
622 1324 1020 1387 exhortationes,
1077 1321 1252 1375 laudes
1303 1330 1349 1376 et
1398 1322 1823 1392 vituperationes;
1855 1320 1976 1391 quia
2007 1328 2052 1371 et
2153 1312 2276 1382 bus,
2304 1310 2397 1367 sed
2428 1310 2581 1365 nobis
2604 1309 2819 1379 ignotis,
2852 1307 3091 1362 voluisse
3118 1313 3194 1359 ut
3229 1315 3460 1359 rerum
3496 1306 3839 1392 potirentur,
3886 1306 3891 1369 ξ

474 1388 611 1486 ipsas
640 1418 841 1485 futuras
869 1433 973 1471 esse
999 1417 1249 1483 praesciuit
1272 1423 1318 1469 et
1344 1414 1511 1471 valent
1552 1415 1852 1486 plurimum,
1891 1428 2056 1480 quan-

2177 1402 2334 1456 )otius
2360 1416 2519 1472 quam
2546 1400 2681 1454 alius
2704 1398 2949 1468 populus.
2982 1396 3097 1450 Duo
3125 1403 3454 1466 praeterea
3493 1388 3573 1444 ad
3611 1391 3737 1442 haec
3759 1404 3843 1441 ac-

481 1481 588 1565 tum
616 1481 699 1564 eas
726 1511 972 1565 valituros
1000 1481 1119 1567 esse
1158 1510 1440 1580 prazscivit;
1487 1481 1742 1576 et-preces
1781 1506 1948 1560 valent
1987 1504 2054 1557 ad
2158 1493 2392 1587 CBdUDl‘i
2436 1506 2667 1587 Quonim
2696 1490 2841 1587 Pril’s
2878 1497 2974 1587 εει.
3007 1481 3836 1587 δηιὶίιυοξηίὶοιιξεηοεηωιεε

478 1621 542 1659 ea
572 1605 921 1673 impetranda;
970 1620 1084 1674 qua:
1112 1573 1168 1658 se
1200 1603 1521 1672 precantibus
1560 1615 1922 1657 concessurum
1951 1613 2056 1650 esse
2161 1600 2266 1641 11οη
2303 1583 2467 1684 MSS?
2503 1581 2686 1684 tluales
2726 1580 3012 1684 aliquando
3045 1594 3073 1631 a
3103 1575 3454 1684 nepotibus
3489 1573 3829 1684 describun:

475 1697 720 1767 prtescivit
742 1711 760 1759 ;
788 1706 836 1750 et
853 1698 992 1765 juste
1016 1696 1230 1767 praemia
1255 1696 1397 1750 bonis
1420 1695 1594 1766 factis,
1618 1703 1666 1747 et
1696 1692 1914 1763 peccatis
1940 1706 2061 1761 sup-

2177 1693 2269 1743 Lur,
2312 1675 2453 1746 quod
2493 1674 2881 1730 demonstravit
2927 1672 3043 1742 ipse
3089 1671 3489 1741 Augustinus
3532 1668 3637 1723 lib.
3671 1682 3737 1735 ιι,
3765 1667 3828 1723 ad

479 1764 637 1858 plicia
660 1764 938 1843 constituta
965 1764 1102 1844 sunt.
1158 1788 1394 1856 Utraque
1422 1764 1628 1842 essent
1666 1786 1860 1854 injuste
1881 1823 1898 1847 ,
1948 1784 1991 1837 si
2028 1798 2057 1835 a
2166 1786 2322 1842 quem
2371 1772 2529 1825 ﬁliam
2582 1769 2783 1866 aliquid
2826 1783 2888 1824 ea
2918 1767 2986 1823 de
3015 1782 3077 1866 ι’ίῆ
3099 1764 3715 1866 diXiTUS-.Allel-'flm
3748 1773 3826 1818 εει

478 1879 634 1935 bonis
663 1879 818 1936 factis
839 1888 893 1935 et
924 1881 1157 1949 peccatis
1176 1879 1447 1934 abstinere
1466 1893 1571 1933 non
1595 1877 1763 1947 magis
1785 1890 2063 1945 possemus

2177 1864 2367 1918 vicinas
2417 1873 2603 1932 gentes
2650 1862 2839 1927 Italize,
2889 1860 3171 1916 autetiam
3216 1856 3515 1920 Gramina,
3554 1855 3816 1925 aliasque,

480 1986 641 2041 quam
681 1972 747 2026 ab
785 1978 1010 2027 assensu
1055 1971 1349 2042 praebendo
1398 1969 1631 2025 evidenti
1681 1966 2061 2029 enuntiationi,

482 2071 577 2117 aut
604 2079 634 2116 a
659 2062 1089 2132 concupiscenda
1118 2063 1470 2119 beatitudine.
1502 2061 1729 2128 Reliqua
1760 2061 1920 2115 etiam
1945 2058 2065 2113 ideo

492 2170 603 2210 nou
636 2154 837 2209 frustra
864 2163 1010 2222 sunt,
1038 2154 1183 2224 quod
1218 2154 1463 2210 homines
1492 2153 1600 2209 sint
1631 2152 1809 2218 liberi,
1842 2152 1942 2205 hoc
1962 2158 2061 2215 est,

483 2260 592 2301 non
643 2253 850 2299 tantum
898 2245 1121 2299 uolentes
1168 2254 1412 2314 peccent,
1448 2258 1601 2299 mens
1640 2244 1785 2297 enim
1839 2243 2068 2296 humana

485 2351 595 2390 non
616 2335 774 2390 aliter
798 2350 961 2405 quam
984 2336 1216 2392 volendo
1241 2338 1369 2407 agit,
1394 2336 1490 2391 sed
1512 2336 1678 2391 etiam
1698 2335 1889 2400 libere,
1916 2335 1986 2387 ita
2012 2342 2069 2387 ut

485 2427 631 2483 nolle
656 2429 929 2498 potuerint
962 2429 1100 2500 quod
1124 2431 1427 2494 voluerunt,
1460 2437 1515 2484 et
1535 2427 1677 2483 velle
1714 2426 1856 2498 quod
1884 2426 2071 2481 nolue-

486 2528 633 2573 runt.
676 2519 879 2590 Legum
910 2536 1042 2590 quas
1079 2520 1223 2575 Deus
1266 2520 1370 2576 fert
1416 2520 1683 2576 creaturis
1733 2519 1916 2574 liberis
1959 2533 2067 2572 non

486 2620 569 2665 est
600 2612 738 2667 ratio
766 2612 1100 2682 praescientia
1120 2651 1136 2679 ,
1175 2612 1271 2669 sed
1312 2612 1612 2667 sanctitatis
1638 2610 1733 2667 Dei
1764 2619 1819 2666 et
1860 2617 2071 2666 creatu-

487 2714 670 2755 rarum
700 2701 943 2758 libertas.
1986 2714 1994 2722 '

558 2790 742 2863 Neque
773 2794 905 2848 enim
929 2793 1045 2849 ideo
1074 2802 1247 2867 peccat
1270 2794 1444 2859 homo,
1477 2796 1597 2864 quia
1618 2792 1756 2847 Deus
1779 2791 1927 2846 illum
1952 2808 2069 2861 pec-

487 2892 726 2940 caturum
755 2902 861 2940 esse
887 2887 1158 2956 praesciuit.
1198 2886 1436 2943 Melioris
1465 2894 1607 2943 noue
1650 2885 1883 2952 codices,
1912 2894 1968 2941 ut
1999 2894 2073 2941 te-

488 2988 704 3033 stantur
743 2979 1108 3052 Benedictini,
1175 2981 1373 3037 habent
1415 2981 1502 3037 hic
1534 3000 1545 3034 :
1590 2980 1771 3052 Neque
1800 2983 1933 3035 enim
1959 2981 2077 3035 ideo

487 3087 592 3125 non
618 3082 810 3142 peccat.
846 3073 953 3128 Sed
980 3074 1180 3143 duplex
1211 3075 1326 3131 haec
1364 3076 1575 3146 negatio
1604 3077 1724 3145 plus
1762 3090 1873 3131 non
1914 3074 2065 3129 vide-

2167 1971 2299 2025 quas
2330 1970 2632 2011 memorare
2660 1954 2792 2009 nihil
2823 1954 3031 2019 attinet,
3080 1966 3463 2022 nequaquam
3508 1949 3814 2004 deteriores

2168 2048 2329 2101 fuisse
2350 2061 2507 2116 quam
2530 2056 2737 2100 veteres
2762 2045 3051 2109 Romanos,
3068 2043 3141 2097 ad
3173 2058 3387 2097 mores
3418 2040 3581 2111 quod
3604 2039 3808 2105 attinet,

2167 2154 2231 2195 ac
2262 2136 2487 2209 proinde
2521 2136 2631 2193 Deo
2658 2136 2977 2207 ingratiores
3006 2149 3113 2194 nOn
3147 2133 3360 2190 fuisse.
3713 2124 3721 2135 ’

2239 2233 2369 2304 Cap.
2400 2233 2485 2285 l7.
2513 2230 2766 2300 Nunquid
2795 2246 2896 2284 non
2927 2229 3075 2283 multi
3101 2238 3395 2287 senatores
3428 2234 3593 2295 sunt,
3612 2225 3669 2278 in
3694 2222 3804 2279 aliis

2170 2325 2339 2387 terris,
2371 2323 2458 2391 qui
2485 2323 2705 2377 Romam
2734 2339 2793 2376 ne
2822 2322 2951 2391 facie
2974 2322 3181 2391 quidem
3216 2330 3437 2375 norunt
3452 2318 3502 2391 ?]
3542 2317 3667 2374 Non
3708 2332 3795 2371 n0-

2170 2432 2293 2470 vum
2325 2415 2426 2487 hoc
2457 2416 2555 2470 fuit
2587 2424 2831 2485 tempore
2873 2415 3177 2485 Augustini,
3203 2414 3329 2483 jam
3361 2408 3795 2481 tempore'Clau.

2172 2510 2267 2574 dii,
2301 2524 2422 2564 cum
2446 2508 2633 2563 Galliae
2659 2507 2897 2563 Comata:
2922 2508 3112 2563 incolae
3145 2507 3405 2567 honores
3422 2506 3539 2562 sibi
3570 2502 3791 2559 concedi

2174 2603 2358 2657 Roma:
2388 2601 2740 2671 postularent,
2776 2601 2933 2671 vulgo
2961 2600 3079 2667 ltali
3108 2600 3483 2672 quzerebant,
3514 2600 3602 2651 An
3626 2610 3796 2663 parum

2173 2677 2319 2767 quod.
2343 2696 2521 2752 Veneti
2543 2705 2589 2750 et
2621 2693 2860 2750 Insubres
2891 2693 3099 2748 Curiam
3134 2695 3472 2764 irruperint,
3520 2691 3625 2751 nisi
3646 2697 3788 2743 cretus

2175 2788 2580 2858 alienigenarum
2626 2788 2783 2843 veluti
2834 2787 3097 2856 captivitas
3160 2788 3472 2856 inferretur
3501 2784 3527 2837 ?
3580 2781 3788 2838 Tacitus

2175 2881 2369 2938 Annal.
2396 2882 2488 2937 lih.
2526 2898 2604 2948 tu,
2630 2896 2748 2950 cap.
2783 2880 2874 2935 25.

2248 2976 2411 3030 Lmno
2441 2990 2511 3027 vr.
2546 2973 2677 3043 Cap.
2710 2974 2765 3038 l,
2811 2972 2838 3047 §
2877 2972 2932 3029 2.
2974 2974 3055 3026 An
3096 2987 3208 3026 vero
3245 2970 3343 3027 illi
3394 2968 3703 3041 peritissimi
3738 2977 3778 3019 et

2178 3070 2460 3124 acutissimi
2486 3069 2603 3135 viri,
2646 3067 2735 3136 qui
2776 3082 2829 3123 se
2866 3082 2957 3135 pro
2982 3082 3169 3135 magno
3196 3064 3463 3134 beneﬁcio
3493 3064 3770 3131 conscripta

487 3171 576 3217 tur
601 3165 777 3219 valere
819 3180 977 3234 quam
1011 3181 1145 3234 una;
1172 3182 1275 3235 qua
1305 3166 1374 3221 de
1400 3182 1458 3222 re
1487 3168 1611 3222 vide
1650 3167 1878 3222 Gerard.
1909 3166 2063 3222 loan.
2093 3147 2141 3223 (ἶ
2173 3167 2404 3220 docuisse
2428 3165 2718 3235 gloriantur
2748 3161 2967 3235 (Varro,
3013 3160 3081 3214 de
3104 3173 3209 3229 quo
3236 3160 3362 3229 egit
3396 3159 3499 3215 lib.
3542 3173 3614 3226 tv,
3660 3170 3769 3223 cap.

488 3251 761 3321 Vossium,
795 3256 861 3310 de
889 3259 1021 3312 Arte
1048 3261 1394 3327 grammatica
1430 3260 1525 3314 lib.
1558 3275 1652 3325 vn,
1674 3275 1790 3329 cap.
1827 3259 1916 3314 61.
1963 3260 2069 3331 Aut

488 3353 574 3400 est
599 3346 765 3401 altera
788 3349 1005 3418 negatio
1034 3353 1282 3419 ponenda
1311 3351 1364 3406 in
1396 3352 1767 3420 sequentibus,
1790 3353 1913 3421 quia
1936 3351 2070 3407 Deus

488 3437 641 3491 illum
660 3457 762 3493 non
788 3452 1114 3512 peccaturum
1151 3460 1256 3498 esse
1286 3446 1559 3514 prwscirit.
1593 3444 1939 3501 Verissimum
1969 3445 2072 3501 hoc

486 3536 595 3595 est,
620 3532 716 3584 sed
747 3533 1077 3601 reposuisset
1105 3534 1490 3590 Ciceronianus
1525 3536 1667 3601 ideo,
1699 3552 1766 3591 ex
1787 3536 2071 3609 Augustini

488 3622 761 3677 sententia
792 3623 1064 3679 hominem
1114 3641 1355 3695 peccare,
1399 3630 1537 3697 quod
1573 3642 1678 3682 non
1707 3628 1939 3697 potuerit
1965 3643 2071 3683 non

488 3726 736 3783 peccare,
757 3714 1051 3786 eademque
1072 3717 1139 3773 de
1154 3733 1314 3772 causa
1330 3720 1431 3773 hoc
1444 3719 1691 3793 praescire
1707 3719 1905 3785 Deum;
1930 3719 2071 3789 quod

490 3808 689 3877 alioqui
714 3824 819 3863 non
856 3810 1151 3879 praesciret,
1184 3813 1228 3865 si
1254 3812 1476 3867 liberum
1503 3822 1665 3867 esset.
1684 3813 1793 3867 Nec
1818 3812 2075 3867 evaderet

488 3899 598 3954 vim
627 3902 924 3969 argumenti
949 3902 1306 3966 Ciceroniani,
1336 3903 1682 3973 sequentibus
1702 3903 1880 3960 verbis
1911 3920 1924 3956 :
1955 3901 1982 3955 1
1992 3920 2072 3957 nio

490 3989 605 4043 ideo
628 4007 729 4044 non
775 3992 1038 4046 dubitatur
1084 3993 1251 4063 ipsum
1276 4010 1487 4064 peccare
1513 4034 1529 4061 ,
1558 4010 1674 4048 cum
1721 4004 1921 4063 peccat,
1952 3995 2073 4066 quia

491 4078 580 4133 ille
606 4084 752 4150 cuius
773 4084 1095 4152 prtzscientia
1122 4070 1237 4154 falli
1264 4100 1366 4139 non
1393 4094 1578 4156 potest,
1609 4101 1711 4140 non
1751 4089 1935 4156 fatum,
1969 4101 2071 4140 non

490 4171 772 4240 fortunam,
800 4190 901 4228 non
947 4176 1143 4247 aliquid
1190 4175 1357 4242 aliud,
1401 4175 1490 4230 sed
1531 4178 1703 4249 ipsum
1746 4190 2073 4248 peccaturum

492 4278 600 4317 esse
626 4266 894 4335 prtescivit.
924 4266 1057 4322 Nam
1088 4281 1278 4323 verum
1301 4284 1410 4323 non
1438 4254 1555 4335 est,
1582 4268 1705 4325 ideo
1727 4284 1824 4324 nos
1851 4270 2073 4325 credere

489 4366 715 4424 peccare
739 4360 1004 4427 homines,
1032 4361 1155 4431 quia
1176 4361 1319 4415 Deus
1350 4362 1453 4416 hoc
1483 4363 1782 4431 prteseivit;
1814 4362 1936 4418 ideo
1956 4376 2073 4417 ere-

490 4448 667 4506 dimus
689 4452 809 4520 quia
839 4453 1083 4509 videmus
1104 4453 1172 4507 ab
1199 4453 1265 4506 iis
1296 4455 1441 4523 leges
1469 4453 1676 4511 divinas
1706 4452 1984 4523 perfringi,
2019 4463 2073 4509 et

2172 3257 2288 3330 22),
2321 3268 2373 3312 ut
2411 3258 2627 3311 sciretur
2645 3270 2802 3325 quare
2837 3255 3017 3322 cuique
3046 3254 3137 3307 deo
3169 3252 3585 3321 supplicandum
3627 3256 3761 3310 esset,

2172 3350 2298 3422 quid
2328 3367 2359 3401 a
2394 3364 2588 3419 quoque
2622 3356 2747 3400 esset
2776 3345 3068 3417 petendum,
3114 3359 3179 3397 ne
3226 3342 3565 3397 absurditate
3590 3339 3763 3409 turpis-

2173 3447 2325 3507 sima,
2356 3442 2521 3511 qualis
2536 3441 2839 3512 joculariter
2867 3441 2922 3493 in
2942 3440 3097 3491 mimo
3125 3438 3241 3507 fieri
3259 3437 3420 3504 solet,
3454 3444 3700 3509 peteretur
3731 3448 3758 3483 a

2173 3534 2355 3611 Libero
2377 3549 2527 3601 aqua,
2552 3550 2581 3586 a
2605 3531 2850 3600 Lymphis
2876 3532 3080 3593 vinum;
3101 3539 3338 3584 auctores
3368 3539 3521 3585 erum
3549 3527 3755 3596 cuipiam

2175 3627 2444 3681 hominum
2465 3627 2563 3679 diis
2591 3623 2961 3678 immortalibus
2989 3624 3324 3691 supplicanti,
3355 3633 3414 3678 ut
3437 3637 3555 3679 cum
3573 3618 3751 3687 aLym-

2175 3718 2293 3786 phis
2321 3717 2522 3787 petierit
2552 3718 2753 3782 vinum,
2798 3717 2941 3786 eique
2985 3716 3341 3785 responderint
3375 3732 3395 3769 :
3430 3713 3545 3771 Nos
3582 3725 3751 3782 aquam

2175 3807 2436 3873 habemus,
2467 3808 2559 3863 hoc
2588 3826 2619 3862 a
2646 3808 2829 3863 Libero
2870 3817 3021 3879 pete;
3056 3810 3213 3875 possit
3258 3820 3399 3863 recte
3440 3810 3606 3863 dicere
3643 3821 3663 3859 :
3695 3802 3751 3858 Si

2175 3902 2350 3956 vinum
2376 3916 2478 3954 non
2509 3901 2724 3969 habetis,
2751 3906 2934 3955 saltem
2957 3901 3075 3954 date
3124 3902 3251 3955 mihi
3280 3902 3442 3957 vitam
3467 3894 3746 3970 ceternamij

2177 3990 2320 4046 Editi
2349 3991 2472 4046 libri
2500 3992 2765 4046 habebant
2812 3991 3092 4064 Nymphis,
3143 3993 3236 4049 sed
3280 4009 3417 4051 mss.
3457 3999 3745 4050 constanter

2176 4081 2447 4154 Lymphis,
2490 4092 2546 4137 ut
2566 4084 2857 4138 observant
2891 4084 3243 4140 Benedictini.
3278 4086 3385 4142 Eas
3426 4102 3582 4143 voces
3610 4098 3740 4152 saepe

2178 4177 2394 4231 misceri
2426 4178 2478 4230 in
2507 4175 2738 4247 antiquis
2763 4176 2916 4232 libris
2948 4186 3279 4233 monuerunt
3313 4180 3418 4234 viri
3468 4173 3739 4233 doetissimi

2177 4270 2430 4326 Nieolaus
2480 4269 2756 4338 Heinsius,
2803 4270 2870 4325 ad
2916 4270 3073 4341 epist.
3125 4270 3365 4327 (Euenus
3411 4273 3478 4328 ad
3513 4269 3734 4326 Paridem

2178 4377 2322 4419 vers.
2352 4363 2441 4428 31,
2483 4371 2537 4417 et
2564 4362 2735 4417 Janus
2787 4361 3136 4418 Broekhusius
3174 4364 3239 4419 ad
3276 4363 3612 4433 Propertium
3652 4359 3733 4412 lib.

2178 4470 2257 4519 ιιι,
2290 4455 2429 4523 eleg.
2466 4453 2555 4517 l4,
2583 4452 2637 4506 4.
2669 4451 2767 4506 Hic
2812 4463 2986 4508 tamen
3015 4464 3142 4523 puto
3180 4470 3378 4511 revera
3405 4452 3731 4525 AuguStinuut

489 4543 688 4597 conscii
723 4543 881 4598 nobis
925 4560 1134 4610 sumus,
1168 4545 1235 4599 ab
1270 4545 1337 4598 iis
1382 4544 1623 4614 potuisse
1652 4560 1761 4599 non
1791 4545 2070 4615 perfringi,
2100 4531 2156 4596 Ι)
2179 4546 2465 4615 scripsisse
2518 4543 2779 4614 Lymphas
2808 4583 2824 4609 ,
2872 4545 2996 4612 quia
3041 4561 3161 4601 cum
3208 4546 3467 4617 Nymphae
3515 4546 3733 4601 dicantur

489 4633 686 4702 quippe
717 4635 808 4702 qni
829 4634 1067 4704 ejusdem
1100 4634 1365 4690 libertatis
1386 4636 1674 4705 participes
1698 4646 1822 4691 sunt
1857 4652 1921 4692 ac
1948 4652 2070 4692 nos.

496 4724 597 4790 Qui
619 4724 664 4777 si
685 4725 830 4793 nolit,
864 4726 1037 4795 inquit
1067 4726 1280 4780 tandem
1310 4726 1616 4782 Carneades
1664 4734 1867 4793 noster,
1900 4728 2074 4795 utique

489 4830 593 4867 non
619 4823 823 4886 peccat;
845 4816 932 4869 sed
958 4817 1003 4871 si
1030 4832 1237 4886 peccare
1258 4818 1496 4883 noluerit,
1530 4818 1685 4875 etiam
1711 4818 1806 4872 hoc
1829 4818 1916 4873 ille
1936 4833 2071 4889 pra:-

488 4904 656 4960 scivit.
708 4904 867 4961 Certe
889 4907 934 4960 si
964 4908 1090 4961 nolit
1132 4906 1313 4972 homo,
1345 4923 1448 4963 non
1492 4920 1706 4977 peccat;
1735 4910 1831 4965 sed
1862 4919 2075 4979 oportet

488 5006 549 5051 ut
571 4998 740 5068 possit
766 4998 905 5055 velle
935 5014 997 5054 ac
1021 5000 1183 5067 nolle,
1215 5011 1270 5054 ut
1299 5002 1371 5056 sit
1406 5004 1610 5070 peccati
1641 5018 1840 5073 capax;
1888 5014 2074 5067 osten-

490 5086 830 5158 dendumque
873 5089 1065 5158 fuerat,
1115 5101 1300 5147 contra
1335 5090 1672 5162 Ciceronem,
1711 5094 1881 5151 Deum
1911 5110 2073 5164 posse

489 5184 744 5249 praescire
772 5181 825 5236 id
855 5181 1093 5237 futurum
1125 5183 1268 5254 quod
1312 5186 1509 5253 poterit
1538 5187 1681 5242 nolle
1714 5189 1760 5240 is
1790 5189 1881 5257 qui
1913 5190 2073 5243 lactu-

487 5285 583 5326 rus
610 5283 708 5327 est.
745 5271 878 5329 llinc
905 5274 1109 5345 liquere
1153 5284 1329 5345 potest
1367 5286 1623 5346 quantum
1672 5276 1743 5331 sit
1769 5277 2068 5334 discrimen

488 5364 633 5420 inter
678 5364 973 5423 rhetoricas
1001 5367 1237 5438 argutias
1266 5378 1319 5423 et
1347 5369 1747 5441 philosophicas
1775 5370 2069 5425 ratiocina-

488 5456 682 5514 tiones.

556 5547 688 5617 Cap.
719 5554 804 5603 15.
852 5549 928 5605 De
965 5549 1242 5607 Romanis.
1287 5553 1480 5620 Quibus
1506 5572 1625 5626 ergo
1661 5570 1764 5610 non
1792 5566 1898 5611 erat
1930 5556 2069 5611 Deus

489 5639 702 5695 daturus
746 5642 899 5696 vitam
934 5652 1213 5709 teter-nam;
1238 5649 1405 5701 .....si
1432 5664 1591 5717 neque
1631 5652 1760 5701 hanc
1801 5649 1872 5702 eis
1905 5660 2065 5702 terrev

489 5746 606 5787 nam
647 5734 865 5807 gloriam
908 5735 1313 5794 excellentissimi
1348 5738 1549 5812 imperii
1578 5741 1906 5813 concederet,
1958 5758 2061 5798 non

2179 4639 2340 4694 etiam
2373 4637 2630 4703 Oreades,
2662 4646 2717 4693 et
2747 4638 3167 4709 Hamadryades,
3195 4656 3302 4695 non
3327 4640 3570 4697 videntur
3595 4638 3729 4693 dicta.

2178 4730 2428 4801 Lympha:
2448 4772 2463 4797 ,
2494 4728 2596 4784 nisi
2629 4745 2707 4785 ea:
2738 4746 2858 4799 qua:
2884 4732 3034 4798 aquis
3081 4743 3368 4800 praeerant,
3411 4731 3642 4802 quamvis
3678 4738 3730 4778 ea

2178 4836 2286 4876 vox
2316 4821 2435 4874 sita
2479 4818 2758 4890 Nymphis,
2786 4821 3087 4878 mutatione
3112 4821 3154 4877 Ν
3186 4822 3242 4877 in
3269 4823 3311 4878 L
3353 4822 3594 4878 deducta.
3642 4816 3727 4871 Fe-

2181 4922 2298 4970 stus
2332 4932 2345 4967 :
2387 4912 2634 4985 Lympha:
2662 4915 2811 4970 dicta:
2830 4923 2950 4969 sunt
2989 4934 3024 4969 a
3058 4914 3340 4986 Nymphis.
3386 4916 3550 4988 Vulgo
3585 4922 3728 4966 autem

2179 5010 2439 5065 memoria:
2479 5010 2739 5079 proditum
2787 5018 2881 5076 est,
2921 5010 3205 5081 quicunque
3243 5013 3458 5081 speciem
3489 5008 3724 5082 quamdam

2179 5119 2208 5157 e
2229 5103 2385 5171 fonte,
2430 5104 2484 5155 id
2512 5112 2586 5157 est
2612 5102 2822 5173 efﬁgiem
2863 5102 3121 5175 Nympha:
3149 5106 3386 5172 viderint,
3420 5104 3610 5175 furendi
3644 5114 3726 5151 non

2133 5267 2141 5277 .
2180 5194 2358 5264 fecisse
2388 5194 2563 5262 finem,
2584 5210 2709 5263 quos
2743 5192 2907 5249 Graeci
2930 5197 3309 5269 νυμφολήπτους
3344 5206 3543 5261 vocant,
3581 5187 3721 5246 Latini

2180 5285 2470 5356 lymphatos
2491 5287 2772 5356 appellant.
2810 5287 2941 5345 Vide
2962 5287 3179 5344 Etteid.
3209 5289 3301 5347 lib.
3335 5305 3430 5355 vn,
3459 5289 3575 5343 377.

2255 5378 2386 5447 Cap.
2417 5379 2471 5445 9,
2508 5379 2534 5449 §
2571 5380 2620 5433 l.
2654 5379 2893 5433 Liberum
2915 5398 2946 5433 a
2976 5380 3304 5435 liberamento
3331 5378 3629 5449 appellatum
3650 5389 3720 5424 υυ-

2182 5471 2313 5538 lunt,
2362 5472 2499 5542 quod
2547 5489 2714 5525 mares
2767 5473 2819 5525 in
2869 5474 3134 5538 coeundo,
3177 5490 3264 5543 per
3298 5474 3409 5539 eius
3447 5467 3721 5537 bene/icium.

2179 5563 2374 5616 emissis
2397 5565 2674 5619 seminibus
2704 5562 3023 5635 liberentur.]
3078 5563 3156 5617 Eo
3180 5564 3398 5632 respicit
3426 5564 3613 5620 Seneca
3645 5556 3719 5607 lib.

2177 5669 2233 5709 tv
2263 5654 2331 5708 de
2366 5656 2665 5723 Beneficiis,
2698 5670 2818 5724 cap.
2851 5658 2883 5709 8
2931 5671 2944 5707 :
2999 5654 3156 5708 Hunc
3204 5654 3441 5709 Liberum
3478 5662 3652 5726 patrem
3685 5651 3723 5697 et

2180 5743 2277 5802 Hei
2292 5747 2453 5802 cidem
2467 5761 2524 5800 ac
2541 5744 2856 5801 Mercurium
2878 5746 3034 5804 nostri
3056 5754 3259 5819 putant.
3273 5744 3515 5805 Liberum
3536 5750 3722 5817 patrettts
