4060 6364
346 274 464 332 ιω

1086 276 1433 341 V'ARIORUM
1460 279 1938 340 EXERClTATlOl

2043 308 2048 336 ι
2083 281 2149 339 ΙΝ
2185 282 2245 340 S.
2284 280 2655 344 AUGUSTIN!
2689 286 2919 346 OPERA

3527 284 3636 353 4Ἰο

348 399 479 470 quia
498 413 723 453 omnutm
748 414 931 466 parens
953 401 1039 467 sit,
1069 403 1205 472 quod
1250 402 1315 457 ab
1354 418 1413 457 eo
1462 402 1686 474 primum
1727 403 1932 456 inventa
1961 406 2020 465 Α
2041 401 2421 471 conﬁtentibus,
2452 403 2587 460 Deus
2616 423 2718 461 non
2737 407 2857 479 εει]
2889 406 3054 464 Miror
3084 422 3193 466 non
3236 408 3483 467 timuisse
3518 412 3631 468 Au-

362 492 606 545 sentinum
624 492 700 545 vis
722 500 815 557 est,
846 492 1143 548 consultura
1166 511 1256 566 per
1281 495 1611 567 voluptatem.
1653 496 1768 561 Qua
1802 503 1857 550 et
1882 508 1948 549 re

352 593 412 639 et
422 583 759 654 etymologia,
774 585 898 657 quid
912 587 1196 644 absurdius
1212 588 1333 658 ﬁngi
1349 588 1582 659 potuerit
1599 588 1809 655 nescio;
1842 587 1940 644 sed

359 676 705 734 Varronianae
726 682 1061 752 etymologiae
1079 683 1327 737 meliores
1346 693 1469 738 sunt
1497 682 1614 751 ejus
1644 682 1939 752 theologia.

426 772 560 842 Cap.
582 775 664 842 10,
699 776 726 847 §
756 775 812 830 2.
864 776 995 832 Sunt
1015 792 1127 847 qua
1150 774 1346 831 lunoni
1366 785 1412 831 et
1442 776 1687 831 Minerva!
1711 776 1937 843 capillos

296 858 314 930 λ
356 863 654 934 disponant,
700 868 848 939 longe
891 886 923 923 a
956 870 1164 939 templo,
1204 886 1307 923 non
1344 880 1541 923 tantum
1585 887 1618 922 a
1660 868 1937 924 simulacro

354 967 548 1015 stantes
591 960 776 1032 digitos
804 972 1018 1028 movent,
1051 964 1341 1017 ornantium
1368 962 1565 1034 modo.]
1593 962 1743 1018 Talia
1775 963 1942 1019 habet

357 1048 566 1107 Seneca
591 1055 749 1108 etiam
780 1054 935 1123 epist.
963 1055 1055 1110 95.
1114 1055 1227 1110 Hoc
1272 1065 1450 1111 autem
1501 1071 1696 1111 munus
1732 1055 1935 1111 dictum

358 1144 670 1199 curationem
700 1146 867 1215 facere
894 1148 1048 1203 docet
1082 1148 1440 1203 Tertullianus
1464 1147 1605 1203 libro
1642 1147 1711 1203 de
1728 1147 1940 1217 Jejunio

357 1249 480 1304 cap.
514 1238 600 1291 16.
634 1238 736 1303 Qui
756 1238 811 1291 in
838 1239 991 1293 idolis
1015 1239 1272 1293 comendis
1309 1251 1358 1294 et
1384 1240 1439 1293 in
1466 1241 1572 1293 aris
1599 1239 1868 1303 ornandis,
1891 1246 1941 1294 et

356 1329 429 1383 ad
454 1330 684 1399 singulas
719 1331 872 1387 horas
908 1333 1197 1388 salutandis
1223 1374 1239 1399 ,
1288 1335 1604 1389 curationem
1642 1337 1809 1404 facere
1852 1332 1938 1386 di-

358 1432 567 1477 cuntur.

430 1514 566 1570 Ibid.
605 1516 793 1572 Sedeat
829 1520 1065 1588 quaedam
1101 1521 1157 1574 in
1205 1519 1463 1591 Capitolio
1498 1535 1613 1588 qua:
1662 1536 1717 1573 se
1752 1535 1786 1572 a
1816 1518 1941 1573 Jove

358 1609 527 1662 amari
554 1619 771 1677 putant;
801 1629 893 1667 nec
919 1613 1144 1668 Iunonis
1180 1616 1404 1685 quidem,
1446 1616 1488 1669 si
1529 1616 1735 1670 credere
1774 1615 1938 1685 poetis

359 1702 506 1764 velis,
537 1703 947 1761 iracundissimus
962 1718 1193 1778 respectu
1215 1708 1509 1782 terrentur.]
1532 1709 1607 1765 ita
1633 1710 1838 1766 Seneca
1859 1711 1939 1765 lo-

2049 494 2318 563 gustinum
2349 509 2418 550 ne
2442 496 2541 551 sibi
2585 498 2907 566 objiceretur
2933 500 3075 570 quod
3126 502 3326 569 passim
3368 501 3531 557 habet
3554 502 3634 560 de

2058 583 2256 651 Verbo;
2278 600 2403 640 nam
2434 588 2627 642 similis
2652 590 2885 659 objectio
2915 593 3084 660 potuit
3110 592 3229 650 ﬁeri
3256 637 3274 667 ,
3324 595 3636 653 resoonsio-

2047 692 2152 748 que
2176 678 2462 749 Augustini
2488 681 2684 749 pariter
2704 684 2825 737 elud

2122 771 2254 841 Cap.
2287 769 2378 827 21.
2422 769 2489 825 In
2518 770 2688 826 Italia:
2745 785 2977 844 comptus
3045 780 3281 847 quietiam
3313 780 3441 833 dicit
3485 796 3636 834 sacra

2047 863 2220 920 Liberi
2238 866 2517 931 celebrata,
2543 882 2658 921 cum
2695 876 2840 920 tanta
2867 868 3077 924 licentia
3110 873 3465 943 turpitudinis,
3500 884 3554 927 ut
3579 876 3632 928 in

2045 958 2161 1027 ejus
2187 956 2431 1012 honorent
2458 960 2697 1027 pudenda
2723 961 2893 1015 virilia
2917 962 3226 1031 colerentur,
3258 965 3388 1037 etc.]
3425 966 3631 1020 Similia

2051 1052 2250 1106 ﬁebant
2275 1052 2330 1106 in
2372 1054 2544 1109 sacris
2575 1052 2823 1121 Osiridis,
2854 1064 2914 1109 ut
2937 1056 3095 1111 docet
3122 1057 3389 1113 Diodorus
3417 1060 3630 1116 Siculus

2047 1143 2396 1201 Bibliotheca:
2426 1145 2520 1202 lib.
2543 1162 2585 1216 ι,
2611 1147 2701 1217 qui
2730 1160 2794 1202 ea
2823 1146 2891 1202 ab
2912 1146 3180 1219 Egyptiis
3206 1148 3273 1205 ad
3290 1148 3504 1207 Graecos
3525 1160 3605 1207 tra

2044 1236 2209 1292 ducta
2235 1251 2359 1293 esse
2385 1247 2555 1307 putat.

2120 1330 2251 1398 Cap.
2283 1330 2372 1383 26.
2397 1329 2473 1384 De
2516 1331 2751 1385 mollibus
2776 1332 2937 1387 eidem
2982 1331 3144 1387 Matri
3187 1332 3413 1405 Magnas,
3454 1342 3631 1389 contra

2048 1437 2246 1476 omnem
2266 1425 2491 1477 virorum
2510 1425 2879 1493 mulierumque
2901 1427 3273 1493 verecundiam,
3304 1430 3632 1499 consecratis,

2044 1518 2133 1579 qui
2153 1533 2309 1586 usque
2325 1519 2378 1572 in
2402 1518 2693 1573 hesternum
2712 1519 2845 1573 diem
2864 1521 3081 1574 madidis
3102 1521 3325 1589 capillis,
3345 1523 3477 1592 facie
3493 1522 3631 1577 deal-

2044 1608 2179 1676 bata,
2212 1610 2489 1678 ﬂuentibus
2530 1610 2784 1677 membris,
2815 1613 3015 1666 incessu
3048 1614 3287 1683 femineo,
3320 1631 3410 1684 per
3437 1614 3633 1683 plateas

2042 1703 2272 1773 vicosque
2291 1702 2639 1775 Carthaginis,
2670 1706 2823 1759 etiam
2843 1722 2877 1759 α
2905 1707 3128 1775 pupulis,
3166 1707 3298 1762 unde
3329 1707 3543 1777 turpiter
3561 1708 3636 1761 vi-

359 1794 621 1864 quebatur
644 1797 697 1851 in
720 1799 1081 1868 pulcherrimo
1103 1802 1240 1857 libro
1257 1803 1323 1856 de
1345 1802 1759 1871 Superstitione,
1781 1816 1939 1872 quem
1969 1786 2018 1848 Β
2044 1807 2212 1853 verent
2238 1799 2526 1869 exigebant,
2563 1801 2695 1854 nihil
2723 1799 2888 1855 Varro
2928 1800 3093 1855 dicere
3109 1802 3285 1869 voluit,
3319 1817 3410 1855 nec
3430 1802 3635 1870 uspiam

361 1900 485 1956 ego,
528 1889 702 1956 potius
725 1905 882 1959 quam
911 1900 989 1946 tot
1016 1892 1238 1962 {rigidas
1283 1893 1552 1961 homilias,
1588 1911 1619 1949 a
1663 1894 1943 1951 monachis

359 1980 688 2049 exscriptum
718 1983 909 2038 vellem
937 1993 993 2039 et
1020 1985 1086 2039 ad
1111 2000 1209 2040 nos
1239 1986 1524 2057 diligenter
1547 1988 1939 2043 transmissum.

361 2069 649 2140 lmpudica:
680 2076 1008 2131 mulierculae
1041 2077 1225 2132 aeditui
1270 2081 1405 2135 forte
1443 2096 1626 2135 amore
1665 2091 1856 2150 captae,
1885 2080 1942 2136 in

362 2163 627 2235 Capitolio
656 2168 935 2237 sedebant,
970 2180 1029 2224 ut
1066 2170 1113 2225 si
1158 2172 1299 2227 forte
1340 2172 1571 2243 gravidas
1623 2173 1835 2243 ﬁerent,
1884 2188 1942 2228 se

359 2273 428 2314 ex
448 2259 581 2315 Jove
610 2262 884 2331 peperisse
948 2264 1106 2318 fatuis
1141 2265 1547 2334 persuaderent.
1577 2264 1707 2319 Nota
1738 2275 1820 2320 est
1860 2265 1944 2320 hi-

358 2356 526 2409 storia
557 2356 736 2411 Mundi
755 2366 810 2410 et
830 2356 1085 2424 Paulinae,
1111 2360 1250 2427 apud
1273 2360 1583 2428 Josephum.
1608 2359 1715 2414 Sed
1746 2368 1799 2414 et
1818 2358 1942 2414 vide

356 2462 479 2516 qua:
520 2446 589 2502 de
634 2448 857 2503 deorum
908 2451 1033 2505 ﬁliis
1068 2452 1273 2505 notavit
1314 2451 1549 2508 Joannes
1591 2450 1832 2507 Clericus
1873 2449 1941 2506 ad

358 2537 728 2610 Theogoniam
760 2540 1000 2597 Hesiodi.

428 2631 560 2703 Cap.
592 2635 680 2689 11.
718 2632 887 2704 Usque
918 2652 977 2689 eo
1008 2635 1404 2691 sceleratissimo:
1438 2637 1601 2707 gentis
1626 2636 1941 2689 consuetudo

359 2726 638 2794 convaluit,
687 2736 746 2781 ut
792 2744 883 2798 per
923 2745 1092 2783 omnes
1132 2730 1247 2798 jam
1284 2738 1446 2783 terras
1467 2739 1668 2799 recepta
1692 2729 1794 2794 sit;
1824 2727 1945 2782 uicti

360 2819 625 2873 victoribus
655 2820 787 2891 leges
807 2820 1099 2892 dederunt.]
1124 2822 1257 2877 Sunt
1282 2822 1447 2877 verba
1475 2822 1774 2878 inconsulta
1813 2836 1944 2877 sane

361 2908 585 2967 Senecae
614 2912 684 2967 de
714 2912 934 2980 Iudaeis,
967 2914 1034 2968 ad
1057 2929 1176 2984 quae
1212 2916 1520 2984 respexisse
1546 2914 1758 2971 videtur
1793 2914 1945 2971 Ruti-

358 3002 464 3059 lius
489 3003 840 3061 Numatianus
866 3008 920 3061 in
950 3007 1231 3063 Itinerario
1250 3024 1393 3064 vers.
1428 3008 1551 3064 595.

481 3105 642 3173 Atque
666 3110 1116 3173 utinamnunquam
1140 3110 1305 3173 Judma
1328 3110 1524 3161 subacta
1542 3109 1731 3173 fuisset,

543 3168 762 3234 Pompeii
785 3171 930 3219 bellis
948 3168 1253 3234 imperioque
1277 3172 1403 3223 Titi!

483 3227 644 3296 Latius
666 3227 846 3281 excisa:
872 3227 1025 3294 pestis
1037 3227 1259 3295 contagia
1280 3242 1503 3296 serpunt,

543 3292 862 3356 Victoresque
874 3292 998 3345 suos
1016 3298 1145 3345 natio
1168 3292 1294 3347 victa
1311 3292 1508 3361 premit.

429 3382 591 3440 LIIRO
613 3400 706 3441 vn.
727 3387 858 3457 Cap.
887 3388 940 3443 1.
970 3386 1083 3453 Qua
1112 3389 1165 3441 in
1192 3404 1246 3442 re
1270 3405 1372 3443 non
1403 3390 1541 3456 dico,
1567 3390 1704 3459 quod
1727 3390 1940 3460 facetius

355 3475 430 3529 ait
452 3475 795 3533 Tertullianus
826 3481 1043 3549 fortasse
1065 3497 1219 3550 quam
1242 3483 1410 3536 verius
1436 3498 1454 3535 :
1482 3481 1538 3536 Si
1578 3481 1653 3537 dii
1698 3484 1938 3553 seligun-

355 3574 443 3621 tur
468 3576 526 3622 ut
552 3568 723 3637 bulbi,
748 3571 933 3641 utique
968 3573 1148 3627 caueri
1187 3574 1404 3642 reprobi
1431 3572 1787 3647 iudicantum]
1831 3575 1942 3630 Ad-

355 3671 612 3717 n0tarunt
632 3662 688 3716 in
711 3665 951 3734 margine
972 3665 1308 3720 Benedictini
1329 3666 1503 3721 simile
1524 3666 1795 3735 quidpiam
1818 3682 1939 3722 esse

355 3753 409 3807 in
440 3754 788 3824 Apologetico
832 3770 953 3825 cap.
1007 3757 1094 3812 15.
1150 3756 1218 3811 At
1272 3758 1384 3828 ipsa
1424 3758 1586 3812 verba
1636 3766 1852 3812 exstant
1882 3757 1936 3812 in

356 3862 517 3917 opere
541 3858 727 3904 contra
754 3850 1012 3906 Nationes
1044 3850 1140 3906 lib.
1170 3868 1229 3919 ιι,
1257 3866 1378 3920 cap.
1408 3852 1470 3917 9,
1498 3852 1584 3907 ubi
1611 3850 1721 3906 Nic.
1751 3850 1937 3919 Rigal-

356 3940 481 4006 tius,
512 3942 595 3996 vir
616 3941 985 4008 doctissimus,
1025 3942 1276 3998 observat
1308 3940 1378 3996 ab
1406 3943 1703 4013 Augustino
1733 3941 1935 3997 dictum

356 4031 457 4087 hoc
478 4033 795 4090 Tertulliani
822 4034 963 4090 male
992 4035 1159 4105 carpi.
1202 4036 1281 4091 Ac
1306 4049 1436 4091 sane
1464 4036 1519 4090 in
1540 4049 1629 4101 eo,
1670 4035 1811 4105 quod
1843 4049 1936 4090 vo-

356 4136 508 4183 catur
531 4128 706 4194 Deus,
745 4129 889 4183 nulla
919 4138 1097 4199 potest
1143 4144 1265 4184 esse
1300 4129 1542 4196 selectio,
1588 4127 1937 4197 quemadmo-

356 4221 480 4277 dum
511 4224 565 4277 in
594 4222 901 4278 hominibus
929 4237 958 4275 a
982 4222 1174 4291 quibus
1205 4221 1448 4290 exempla
1487 4234 1767 4290 perperam
1803 4219 1937 4288 petit

354 4321 715 4389 Augustinus;
750 4335 873 4375 nam
897 4334 1087 4376 omnes
1116 4320 1191 4375 dii
1224 4318 1403 4375 omnia
1427 4333 1591 4390 posse
1615 4319 1834 4385 debent,
1874 4326 1936 4373 ut

354 4413 495 4469 idem
521 4414 793 4470 observat.

424 4502 558 4575 Cap.
580 4507 635 4560 2.
668 4506 753 4561 lbi
777 4505 948 4572 Liber,
976 4507 1063 4577 qui
1096 4520 1288 4560 marem
1317 4504 1479 4574 effuso
1503 4505 1694 4560 semine
1727 4504 1929 4559 liberat.

352 4598 437 4652 Ibi
459 4596 660 4667 Libera,
678 4615 829 4669 quam
856 4608 902 4653 et
935 4599 1178 4654 Venerem
1198 4599 1396 4664 volunt,
1428 4614 1542 4668 quis
1570 4595 1667 4651 hoc
1690 4596 1828 4650 idem
1850 4597 1936 4650 be-

353 4689 590 4757 neﬁcium
619 4694 844 4758 conferat
874 4693 1092 4760 feminae,
1134 4700 1191 4745 ut
1237 4691 1391 4744 etiam
1434 4691 1567 4761 ipsa,
1616 4690 1799 4743 emisso
1845 4705 1931 4742 se-

354 4780 507 4842 mine,
536 4779 815 4851 liberetur.]
845 4782 968 4836 Haec
999 4783 1185 4836 habuit
1225 4796 1343 4851 cap.
1372 4782 1406 4836 9
1444 4781 1563 4837 libri
1612 4780 1929 4850 superioris.

355 4862 520 4922 Miror
540 4878 713 4924 autem
737 4873 1063 4941 episcopum,
1088 4883 1142 4928 et
1162 4873 1376 4944 quidem
1398 4888 1612 4944 gravem
1634 4888 1696 4928 ac
1717 4888 1927 4942 senem,

353 4972 656 5029 quanquam
695 4960 824 5015 olim
870 4963 1185 5019 adolescens
1234 4974 1317 5020 sat
1363 4964 1705 5019 libidinosam
1762 4965 1930 5019 vitam

352 5049 598 5119 duxerat,
628 5060 733 5108 tam
768 5069 910 5122 saepe
935 5060 1164 5131 περὶτοῦ
1193 5061 1489 5133 σπέρματος
1525 5058 1686 5113 verba
1727 5056 1926 5125 facere,

351 5143 410 5201 in
441 5160 605 5216 opere
634 5148 737 5200 hoc
764 5145 922 5200 etiam
972 5163 1002 5200 a
1042 5148 1351 5205 mulieribus
1398 5161 1453 5205 et
1496 5150 1930 5206 adolescentibus

350 5238 601 5310 legendo.
632 5240 756 5296 Scio
798 5238 1130 5294 ethnicorum
1163 5238 1261 5294 has
1302 5241 1466 5298 fuisse
1494 5242 1799 5312 spurcities,
1830 5241 1929 5297 sed

350 5334 639 5403 praestabat
664 5326 1084 5403 generalioribus
1119 5331 1297 5395 verbis
1322 5346 1413 5387 eas
1442 5335 1728 5405 attingere,
1766 5349 1927 5403 quam

351 5425 419 5481 ad
442 5436 707 5482 castarum
730 5426 936 5481 aurium
971 5424 1237 5479 fastidium
1268 5435 1534 5495 repetere.
1563 5426 1699 5481 Vide
1730 5435 1785 5482 et
1805 5441 1930 5496 quas

352 5519 511 5577 habet
535 5522 721 5577 eodem
750 5520 921 5592 capite
957 5520 1026 5575 de
1069 5520 1287 5590 Subigo,
1321 5518 1391 5574 de
1434 5519 1646 5585 Prema,
1696 5528 1752 5573 et
1796 5518 1924 5575 Per-

352 5614 532 5669 tunda.
589 5616 692 5671 Sed
732 5614 836 5671 alia
874 5614 1001 5671 alibi
1037 5630 1141 5671 non
1176 5613 1487 5670 benestiora
1517 5612 1929 5671 observabimus

352 5706 406 5762 in
431 5721 490 5761 re
519 5706 781 5776 graviore.

421 5802 549 5875 Cap.
587 5802 670 5857 11.
704 5801 764 5858 Si
792 5798 1080 5860 Mercurius
1108 5804 1217 5873 ipse
1258 5817 1422 5860 sermo
1460 5809 1555 5874 est,
1599 5801 1748 5858 etiam
1790 5801 1917 5874 ipsis

2045 1906 2124 1942 me
2140 1890 2321 1959 legisse
2336 1892 2654 1944 commemini
2663 1890 2699 1963 .]
2720 1892 2880 1948 Miror
2900 1908 3023 1947 cum
3050 1892 3319 1946 innumeri
3342 1892 3635 1960 scriptores

2043 1983 2112 2038 de
2134 1983 2200 2038 iis
2221 1985 2328 2038 sint
2348 1984 2531 2053 locuti,
2565 2000 2790 2053 quorum
2814 1986 2931 2041 loca
2953 1986 3103 2055 plura
3130 1985 3387 2041 indicabit
3406 1985 3632 2040 Gérard.

2044 2076 2277 2132 Joannes
2302 2076 2524 2132 Vossius
2543 2077 2721 2147 operis
2752 2077 2818 2131 de
2843 2077 3061 2148 Origine
3091 2088 3147 2134 et
3191 2079 3482 2148 Progressa
3514 2077 3635 2133 ido-

2045 2168 2265 2223 lolatrize
2302 2167 2397 2223 lib.
2430 2185 2509 2237 ιιι,
2544 2184 2663 2238 cap.
2699 2170 2789 2225 53.
2814 2168 2918 2225 Adi
2960 2181 3016 2225 et
3049 2169 3244 2226 Catulli
3276 2185 3464 2241 poema
3490 2169 3634 2240 quod

2045 2260 2179 2315 Attis
2208 2260 2536 2325 inscribitur.
2563 2270 2618 2317 et
2639 2260 2707 2317 ad
2727 2261 2782 2316 id
2808 2262 3260 2332 interpretes,qui
3281 2263 3482 2319 atl‘atim
3506 2278 3635 2334 sup.-

2059 2353 2376 2423 peditabunt
2423 2354 2562 2423 quod
2614 2354 2701 2409 hic
2728 2354 3024 2426 Augustino
3054 2357 3225 2412 deest.
3249 2360 3633 2434 Μητραγύρται
3679 2427 3685 2435 ι

2047 2446 2376 2501 vocabantur
2422 2446 2732 2502 sacerdotes
2777 2447 2876 2517 illi,
2907 2463 3010 2519 qua
3048 2449 3400 2518 inscriptione
3427 2465 3635 2515 comm:

2044 2535 2187 2591 diam
2234 2535 2526 2607 scripserat
2550 2536 2860 2603 Menander,
2892 2554 3011 2608 qua:
3043 2539 3244 2594 utinam
3276 2542 3543 2597 exstaret!

2116 2633 2248 2703 Cap.
2280 2634 2371 2686 27.
2395 2632 2579 2688 Totam
2599 2634 2661 2689 de
2682 2633 2775 2688 hoc
2802 2633 3115 2689 Euhemerus
3134 2636 3314 2703 pandit
3342 2635 3632 2692 Historiam

2044 2741 2199 2789 quam
2235 2724 2437 2780 Ennius
2465 2727 2518 2780 in
2544 2724 2785 2780 Latinum
2831 2728 2973 2781 vertit
3020 2728 3315 2798 eloquium;
3344 2730 3480 2784 unde
3508 2733 3633 2801 quia

2048 2820 2270 2888 plurima
2300 2828 2597 2887 posuerant,
2629 2821 2715 2889 qui
2757 2828 2933 2874 contra
2964 2820 3255 2885 huiusmodi
3281 2837 3475 2876 errores
3514 2832 3635 2878 ante

2045 2927 2141 2966 nos
2168 2913 2247 2966 vel
2279 2909 2459 2965 Graeco
2486 2928 2711 2966 sermone
2750 2911 2826 2965 vel
2858 2910 3043 2965 Latino
3080 2912 3413 2983 scripserunt,
3448 2931 3549 2969 non
3574 2915 3634 2970 in

2046 3020 2104 3058 eo
2130 3005 2254 3058 mihi
2283 3005 2475 3075 placuit
2493 3002 2803 3075 immorari.)
2827 3005 3160 3060 Lactantium
3185 3007 3394 3062 videtur
3417 3008 3633 3078 potissi-

2048 3114 2195 3153 mum
2226 3098 2546 3169 intelligere,
2581 3098 2670 3168 qui
2707 3099 2799 3155 lib.
2829 3116 2847 3153 ι
2878 3098 3273 3156 institutionum
3328 3102 3632 3162 divinarum

1970 3170 2019 3236 (ἶ
2050 3199 2133 3245 sat
2173 3190 2377 3260 prolixa
2416 3190 2571 3245 nobis
2612 3192 2848 3245 servavit
2878 3190 3164 3246 Euhemeri
3204 3191 3531 3261 fragmenta;
3563 3193 3631 3251 de

2046 3297 2153 3353 quo
2194 3282 2486 3352 scriptores
2514 3280 2757 3337 nonnulli
2800 3281 2998 3337 ethnici
3041 3281 3163 3337 ideo
3192 3282 3331 3337 male
3351 3282 3628 3352 judicent,

2046 3377 2187 3447 quod
2234 3375 2545 3444 religionem
2594 3390 2779 3432 eorum
2811 3376 2967 3446 plane
3013 3376 3356 3443 iniamasset;
3386 3379 3630 3448 quamvis

2046 3470 2341 3539 caeteroqui
2368 3471 2563 3526 nollem
2592 3470 2771 3526 omnia
2796 3478 3054 3539 praestare
3083 3485 3202 3540 qua)
3244 3469 3495 3526 habebat.
3527 3470 3629 3527 Mi-

2044 3580 2138 3621 ror
2157 3580 2187 3620 a
2202 3564 2520 3622 Christianis
2532 3564 2718 3621 Graece
2739 3572 2833 3620 aut
2852 3559 3040 3622 Latine
3059 3580 3166 3621 non
3187 3580 3306 3622 esse
3332 3576 3627 3623 servatum.

2106 3658 2235 3728 Cap.
2259 3657 2347 3712 54.
2379 3656 2645 3714 Terentius
2671 3659 2881 3730 quidam
2928 3677 3043 3714 cum
3072 3659 3279 3715 haberet
3305 3660 3374 3715 ad
3409 3659 3629 3716 lanicu-

2045 3751 2152 3805 lum
2194 3749 2412 3820 fundum
2433 3759 2482 3805 et
2522 3750 2763 3805 bubulcus
2790 3755 2902 3823 ejus
2918 3752 3079 3822 juxta
3104 3752 3397 3821 sepulcrum
3439 3750 3629 3808 Nuntia

2043 3840 2291 3910 Pompilii
2307 3842 2565 3910 trajiciens
2580 3850 2810 3895 aratrum
2835 3843 3048 3896 eruisset
3073 3858 3136 3897 ea:
3154 3851 3291 3897 terra
3314 3842 3472 3897 libros
3493 3846 3625 3914 ejus,

2042 3935 2130 3989 ubi
2157 3951 2421 3989 sacrorum
2452 3936 2798 3990 institutorum
2836 3936 3042 4006 scripta:
3062 3947 3209 3990 erant
3232 3952 3424 4003 cauare,
3457 3938 3513 3992 in
3536 3955 3627 3992 ur-

2044 4029 2153 4082 bem
2174 4027 2381 4097 pertulit
2408 4028 2477 4081 ad
2492 4037 2779 4097 praetorem.
2809 4028 2877 4081 At
2898 4028 2986 4082 ille
3014 4044 3129 4082 cum
3148 4030 3451 4099 inspexith
3481 4032 3626 4099 prin-

2044 4123 2199 4192 cipia,
2225 4138 2332 4176 rem
2363 4128 2558 4175 tantum
2590 4121 2774 4175 detulit
2802 4122 2870 4174 ad
2896 4134 3145 4175 senatum.
3173 4120 3271 4177 Ubi
3297 4139 3413 4178 cum
3436 4125 3626 4195 primo-

2041 4230 2124 4268 res
2162 4214 2409 4283 quasdam
2454 4229 2632 4268 causas
2680 4213 2941 4284 legissent,
2978 4230 3068 4267 cur
3104 4214 3325 4285 quidque
3374 4216 3428 4269 in
3465 4218 3624 4272 sacris

2041 4308 2201 4378 fuerit
2230 4309 2545 4374 institutum,
2588 4305 2777 4361 Numa:
2820 4317 3019 4361 mortuo
3045 4317 3249 4361 senatus
3286 4316 3521 4363 assensus
3548 4319 3625 4364 est

2043 4417 2226 4470 eosque
2246 4401 2422 4468 libros,
2456 4409 2700 4468 tanquam
2717 4398 2966 4471 religiosi,
2993 4409 3160 4468 patres
3175 4400 3468 4470 conscripti,
3491 4418 3623 4472 prte-

2044 4505 2126 4550 tor
2154 4506 2209 4549 ut
2235 4495 2553 4548 combureret
2577 4490 3240 4564 censuerunt.]Pliniuslib.
3262 4508 3375 4560 xm,
3393 4508 3512 4563 cap.
3536 4495 3621 4561 15,

2045 4588 2324 4646 dominum
2368 4587 2481 4658 agri
2525 4587 2581 4641 in
2629 4600 2735 4656 quo
2752 4584 2875 4641 libri
2904 4583 3105 4650 ell‘ossi,
3138 4594 3292 4641 vocat
3329 4585 3490 4642 etiam
3520 4586 3620 4642 Cn.

2043 4680 2380 4746 Terentium,
2417 4686 2477 4733 ut
2501 4685 2556 4734 et
2581 4677 2772 4734 Festus
2808 4677 2865 4732 in
2899 4691 3033 4733 voce
3062 4675 3305 4731 Numam.
3337 4679 3407 4732 At
3443 4677 3622 4733 Livius

2041 4774 2139 4830 lib.
2172 4790 2265 4839 ιι,
2294 4787 2415 4841 cap.
2446 4771 2537 4837 29,
2566 4778 2620 4826 et
2649 4769 2896 4826 Valerius
2931 4768 3198 4825 Maximus
3224 4769 3316 4825 lib.
3345 4784 3384 4834 ι,
3413 4784 3533 4839 cap.
3567 4771 3620 4835 1,

2034 4875 2237 4931 vocant
2262 4866 2323 4922 Ι..
2350 4862 2807 4920 Petillium.Unde
2831 4871 2935 4919 stet
2961 4874 3146 4918 verum
3172 4862 3294 4932 quis
3322 4861 3498 4916 dicat?
3524 4875 3624 4916 nec

2041 4976 2173 5018 sane
2203 4959 2427 5014 multum
2452 4957 2698 5012 interest.
2721 4955 2831 5012 Sed
2859 4956 3118 5011 credibile
3154 4967 3236 5009 εει
3265 4952 3450 5007 Numae
3476 4968 3623 5007 com-

2042 5051 2338 5111 mentarios
2367 5050 2716 5120 contemptim
2743 5049 2918 5120 egisse
2952 5048 3020 5103 de
3045 5044 3427 5117 superstitione
3452 5044 3621 5112 plebis

2040 5148 2301 5203 Romanae
2330 5155 2491 5214 atque
2514 5141 2685 5210 Italae,
2716 5140 2867 5212 cujus
2897 5141 3075 5210 palato
3101 5137 3413 5206 religionem
3439 5142 3623 5205 aptare

2038 5247 2263 5297 coactus
2292 5237 2484 5293 fuerat.
2513 5235 2654 5290 Nihil
2692 5234 2837 5290 enim
2866 5241 3012 5288 vetat
3056 5230 3180 5300 quin
3226 5243 3348 5284 cum
3388 5227 3623 5297 philoso-

2038 5332 2164 5403 phis
2191 5331 2261 5387 de
2282 5331 2396 5387 Deo
2416 5329 2667 5393 senserit,
2692 5323 3142 5397 quemadmodum
3165 5319 3360 5376 Matius
3380 5320 3623 5378 Scaevola

2037 5436 2097 5483 et
2126 5426 2193 5480 Μ.
2208 5424 2491 5483 Terentius
2510 5421 2700 5486 Varro,
2721 5420 2789 5474 de
2814 5415 3009 5488 quibus
3035 5413 3159 5471 vide
3180 5412 3274 5468 lib.
3296 5428 3370 5480 tv,
3387 5427 3505 5483 cap.
3525 5412 3616 5479 ‘27,
3694 5410 3725 5503 δῖ

2036 5526 2095 5576 et
2119 5534 2193 5586 Vt,
2214 5533 2335 5587 cap.
2364 5516 2419 5583 5,
2450 5522 2505 5570 et
2533 5528 2637 5569 una
2667 5526 2787 5567 cum
2818 5507 2925 5563 illis
2945 5521 3066 5564 sese
3103 5505 3420 5563 inconsulta:
3442 5504 3620 5561 multi-
3698 5516 3719 5555 '..

2036 5610 2212 5667 tudini
2262 5604 2646 5675 attemperarit.
2676 5598 3004 5670 Augustinus
3042 5606 3222 5656 autem
3269 5614 3333 5655 ex
3376 5596 3618 5653 Varrone

2036 5704 2169 5760 dicit
2197 5709 2440 5758 senatum
2477 5704 2679 5751 mortuo
2706 5692 2895 5753 Numa:
2924 5710 3032 5749 esse
3057 5708 3339 5759 assensum,
3371 5689 3533 5761 quod,
3555 5696 3618 5743 ut

2033 5795 2210 5852 Numa
2237 5797 2519 5853 curaverat
2545 5801 2640 5848 eos
2658 5788 2825 5847 libros
2857 5801 3041 5846 secum
3064 5785 3392 5858 sepeliri,ne
3417 5779 3617 5854 populo
