4060 6364
523 313 614 368 ιτι
1409 300 1954 361 SUPPLEMENTUM
1999 300 2086 354 AD
2126 297 2356 353 OPERA
2395 292 2454 352 S.
2497 293 2864 351 AUGUSTINI

3729 288 3835 344 ιη

524 431 956 491 inualescerent;
996 423 1072 478 sic
1104 429 1389 478 censuerat
1417 435 1511 475 eos
1554 416 1969 481 comburendos,
2005 428 2097 469 ea-
2128 416 2182 476 Α
2209 422 2310 465 tate
2339 422 2617 476 certarunt,
2648 420 2753 467 etc.
2792 412 2920 477 Quis
2945 418 3116 462 autent
3137 409 3334 461 audivit
3353 409 3666 479 aliquando
3695 408 3834 474 ﬁde-

525 524 644 578 dem
677 523 743 577 de
767 534 948 574 causa.

595 616 756 668 Ltnno
784 625 894 664 vnt.
919 607 1046 676 Cap.
1077 607 1129 661 9.
1161 607 1394 660 Aliarum
1415 623 1612 677 quoque
1643 606 1886 676 gentium,
1910 604 1994 674 qui
2018 619 2102 656 sa-

522 706 714 774 pientes
759 703 834 755 vel
872 699 1165 769 philosOphi
1210 698 1368 751 habiti
1414 708 1562 765 sunt,
1595 697 1863 760 Atlantici,
1897 694 2099 763 Libyci,

521 795 794 865 zEgyptii,
821 789 971 855 Indi,
1015 789 1211 854 Persaz,
1243 789 1496 853 Chaldwi,
1530 787 1755 857 Scythw,
1798 784 1958 847 Galli,
1994 783 2102 836 Hi-

520 887 685 951 spani,
718 883 908 952 aliique
930 882 1271 952 reperiuntur,
1302 879 1440 951 etc.]
1465 879 1650 934 Justus
1677 877 1886 948 Lipsius
1915 877 2103 931 Manu-

518 975 781 1030 uuctionis
817 974 884 1028 ad
929 973 1162 1027 Stoicam
1193 972 1583 1041 philosophiam
1614 970 1704 1024 lib.
1732 986 1771 1036 l,
1795 969 2010 1022 dissert.
2045 966 2099 1034 5,

518 1071 699 1124 multis
727 1071 867 1125 hunc
899 1069 1074 1123 locum
1101 1067 1351 1130 illustrat,
1371 1078 1424 1121 et
1451 1065 1744 1120 Atlanticos
1771 1061 2102 1117 Mauritania:

517 1167 790 1235 sapientes
815 1166 1082 1234 intelligit,
1112 1165 1245 1218 duce
1277 1165 1490 1218 Atlante
1520 1178 1584 1218 eo
1611 1162 1836 1216 delatos.
1869 1159 2100 1228 Libycos

517 1271 610 1314 aut
649 1259 840 1330 Libyas
888 1259 1242 1312 intellexerim
1291 1256 1424 1311 alios
1451 1266 1542 1310 aut
1572 1255 1842 1311 interioris
1892 1252 2098 1322 Libyae,

520 1361 612 1407 aut
639 1354 754 1420 ejus
785 1369 903 1421 qua:
930 1350 1164 1420 Egypto
1193 1349 1383 1404 vicina.

590 1448 718 1514 Cap.
754 1446 838 1499 19.
866 1445 1128 1497 Postremo
1150 1444 1258 1511 ipse
1279 1445 1522 1510 Apuleius
1538 1445 1770 1513 nunquid
1793 1445 2098 1514 apudjudi-

520 1554 600 1592 ces
629 1537 942 1590 Christianos
964 1536 1026 1588 de
1051 1535 1260 1604 magicis
1281 1537 1475 1588 artibus
1495 1546 1764 1588 accusatus
1787 1534 1924 1604 ειη]
1945 1534 2096 1589 Unde

520 1629 753 1698 liquebat
783 1643 889 1682 non
914 1641 1071 1698 posse
1101 1625 1423 1696 reprehendi
1454 1627 1786 1681 Christianos
1810 1626 1950 1695 quod
1975 1626 2096 1679 Pla-

517 1723 724 1776 tonicos
764 1719 952 1791 magiae
1003 1719 1399 1784 insimularent,
1443 1734 1562 1773 cum
1615 1720 1756 1788 apud
1804 1718 2093 1772 Maximum

2206 508 2330 561 lium
2361 515 2576 560 stantem
2602 505 2917 559 sacerdotem
2957 505 3024 556 ad
3054 503 3233 567 altare,
3283 504 3433 556 etiam
3471 521 3639 574 super
3699 520 3834 556 san-

2204 613 2339 654 ctum
2366 617 2550 669 corpus
2572 601 2829 670 martyris,
2864 599 2931 650 ad
2951 597 3047 651 Dei
3068 598 3311 652 honorem
3345 597 3665 668 cultumque
3696 612 3833 650 con-

2203 704 2450 748 structum
2479 695 2646 748 dicere
2673 694 2725 746 in
2756 692 2988 762 precibus
3013 708 3032 746 :
3079 691 3281 759 Oﬂerro
3321 692 3408 746 tibi
3452 694 3830 762 sacriﬁcium,

2209 787 2381 854 Petre,
2413 789 2491 841 vel
2515 788 2700 855 Paule,
2729 789 2806 842 uel
2835 787 3110 858 Cypriane,
3137 797 3241 843 etc.
3258 786 3300 858 ?]
3331 790 3400 842 At
3431 803 3648 857 pompa
3709 803 3827 857 qua

2205 881 2512 936 ferebantur
2561 883 2820 951 reliquiae,
2867 882 3040 936 honor
3064 882 3153 951 qui
3196 881 3260 935 iis
3289 897 3516 952 genuum
3547 881 3827 936 ﬂexione

2204 977 2565 1042 deferebatur,
2595 977 2958 1032 invocationes
2978 986 3282 1030 sanctorum
3305 976 3455 1046 quasi
3478 990 3697 1044 preces
3724 990 3826 1027 au-

2205 1071 2402 1136 dirent,
2425 1071 2576 1139 cujus
2608 1071 2684 1125 rei
2718 1071 3022 1139 exemplum
3054 1069 3336 1123 habuimus
3365 1077 3518 1124 antea
3545 1069 3629 1123 ad
3671 1079 3819 1123 tom.

2203 1161 2271 1227 V,
2302 1176 2356 1230 p.
2391 1159 2516 1228 152,
2551 1161 2657 1215 col.
2699 1162 2755 1227 2,
2805 1159 3202 1230 persuadebant
3245 1159 3471 1214 ethnicis
3515 1169 3826 1230 martyres

2201 1255 2304 1310 coli
2328 1255 2478 1324 quasi
2501 1254 2767 1325 quoddam
2790 1268 2957 1324 genus
2986 1252 3295 1307 inferiorum
3314 1251 3569 1315 deorum;
3603 1268 3748 1314 nec,
3775 1252 3823 1307 si

2203 1364 2344 1404 nunc
2373 1348 2587 1403 tandem
2609 1349 2725 1403 sine
2751 1348 3175 1402 dissimulatione
3204 1346 3347 1415 loqui
3372 1345 3517 1413 licet,
3551 1347 3818 1399 multum

2204 1456 2235 1495 a
2262 1457 2388 1496 \ero
2417 1441 2755 1505 oberrabant,
2791 1455 2911 1493 nam
2944 1450 2998 1494 et
3033 1439 3362 1494 Christianos
3391 1441 3704 1494 nonnullos
3734 1438 3822 1493 of-

2203 1532 2453 1586 fendehat
2479 1547 2692 1602 quoque
2721 1533 3022 1600 hujusmodi
3050 1532 3244 1586 cultus.
3271 1531 3459 1602 Liquet
3487 1533 3595 1586 hoc
3631 1547 3710 1585 ex
3747 1533 3820 1584 li-

2201 1625 2343 1681 bello
2367 1626 2700 1696 Hieronymi,
2735 1641 2841 1694 quo
2863 1624 3021 1679 homo
3052 1626 3341 1680 vehemens
3371 1625 3643 1679 conviciis
3677 1641 3817 1679 exa-

2200 1719 2331 1788 gitat
2357 1719 2722 1789 Vigilantium,
2746 1734 2902 1787 quem
2929 1718 3051 1772 talia
3081 1719 3391 1786 gravissime
3421 1716 3815 1772 offenderant.

516 1815 823 1876 Claudium,
844 1811 1082 1882 judicem
1111 1812 1404 1878 ethnicum,
1428 1823 1708 1866 accusatus
1731 1810 1919 1866 fuisset
1947 1811 2093 1880 Apu-
2124 1801 2173 1863 B
2199 1813 2382 1883 Itaque
2421 1815 2506 1868 hic
2547 1823 2730 1867 noster
2759 1812 3033 1867 rhetorum
3087 1825 3234 1865 more
3277 1809 3593 1879 respondet,
3633 1809 3814 1863 dissi-

518 1906 673 1970 leius,
704 1904 930 1959 celebris
958 1903 1282 1958 Platonicus.

587 1997 716 2065 Cap.
745 1997 835 2051 22.
871 1997 1049 2051 Restat
1077 2006 1134 2050 ut
1155 1998 1297 2050 nullo
1325 2001 1476 2050 modo
1504 1998 1810 2051 credendum
1852 1998 1918 2049 sit
1963 1997 2097 2065 quod

518 2089 756 2158 Apuleius
779 2092 1083 2159 persuadere
1108 2090 1308 2157 nititur,
1335 2101 1382 2142 et
1403 2090 1689 2159 quicunque
1736 2088 1827 2142 alii
1868 2089 2098 2159 philoso-

517 2185 606 2253 phi
636 2194 752 2237 sunt
785 2184 1014 2255 ejusdem
1054 2184 1333 2247 sententias,
1367 2185 1437 2235 ita
1461 2199 1568 2237 esse
1608 2182 1804 2237 medios
1845 2182 2098 2234 dwmones

514 2283 646 2333 inter
686 2279 804 2332 deos
849 2289 895 2332 et
941 2278 1188 2344 homines,
1217 2288 1462 2346 tanquam
1489 2277 1828 2331 internuntios
1859 2287 1905 2328 et
1944 2277 2100 2327 inter-

514 2383 698 2441 pretes,
730 2374 815 2439 qui
845 2372 962 2426 hinc
986 2375 1153 2442 ferant
1187 2370 1448 2441 petitiones
1471 2381 1691 2438 nostras,
1721 2371 1839 2424 inde
1875 2371 2099 2441 referant

515 2465 724 2518 deorum
751 2463 1064 2536 suppetias.]
1095 2464 1151 2519 Si
1177 2464 1279 2520 hoc
1308 2466 1376 2520 de
1408 2465 1874 2519 cacodacmonibus
1902 2463 2097 2518 intelli-

515 2572 630 2625 gas,
661 2571 845 2610 verum
876 2566 958 2612 est
983 2571 1077 2611 eos
1111 2572 1213 2611 non
1262 2570 1382 2611 esse
1433 2572 1529 2611 nec
1560 2570 1679 2610 esse
1725 2570 1883 2625 posse
1927 2555 2096 2609 inter-

513 2649 730 2703 nuntios
769 2650 909 2703 inter
940 2648 1104 2702 Deum
1136 2659 1190 2702 et
1232 2647 1507 2713 homines;
1541 2648 1634 2701 sed
1675 2663 1780 2700 non
1809 2645 1966 2701 video
1989 2649 2098 2700 Au-

512 2743 780 2810 gustinum
811 2742 879 2796 de
900 2741 1054 2796 bonis
1083 2742 1418 2795 daemonibus
1447 2738 1774 2795 contrarium
1815 2738 2093 2808 probasse,

512 2835 760 2902 quamvis
785 2833 1160 2889 taediosissime
1185 2833 1284 2888 hac
1313 2833 1380 2888 de
1409 2849 1468 2887 re
1489 2841 1630 2903 agat.
1653 2831 1904 2897 Quinimo
1935 2830 2095 2885 hodie

513 2941 636 2995 pars
669 2942 774 2983 non
804 2928 992 2996 exigua
1021 2927 1450 2984 Christianorum
1485 2927 1589 2982 tale
1627 2926 1899 2996 quidpiam
1930 2925 2095 2980 sentit

511 3024 577 3077 de
606 3025 827 3094 angelis.
855 3023 1122 3080 interdum
1150 3024 1416 3094 vitilitigat
1437 3021 1792 3092 Hipponensis
1810 3020 2093 3090 episcopus

511 3135 630 3172 cum
659 3118 966 3185 Platonicis,
997 3118 1450 3189 quemadmodum
1494 3127 1692 3172 etcum
1733 3116 1855 3170 aliis
1901 3114 2093 3170 adver-

510 3213 685 3269 sariis.

581 3303 1042 3373 Cap.25.Diversa
1065 3307 1127 3358 de
1155 3304 1260 3358 illis
1282 3305 1369 3358 ille
1397 3303 1612 3356 Hermes
1641 3300 1922 3373 Egyptius
1945 3317 2092 3370 quem

511 3393 897 3467 Trismegistum
920 3407 1118 3459 vocant,
1161 3397 1317 3450 sensit
1348 3403 1394 3448 et
1424 3395 1646 3462 scripsit.
1665 3393 1679 3462 ⁷1
1707 3392 1883 3446 Multis
1912 3401 2092 3447 osten-

511 3487 589 3540 dit
640 3488 850 3542 lsaacus
899 3488 1246 3543 Casaubonus
1298 3487 1626 3542 exercitat.l
1665 3486 1715 3539 in
1765 3486 2089 3554 Apparauim

510 3583 794 3636 Annalium
832 3582 1121 3636 cardinalis
1162 3583 1397 3648 Baronii,
1424 3583 1604 3636 ﬁctum
1639 3581 1779 3634 hunc
1810 3595 1931 3636 esse
1960 3580 2087 3633 Her-

510 3683 704 3728 metem
748 3690 778 3727 a
823 3673 1130 3728 Chrisﬁano
1171 3673 1439 3744 quodam,
1471 3672 1560 3742 qui
1609 3672 1886 3742 religionis
1933 3670 2089 3725 Chri-

508 3767 696 3821 stianaa
718 3765 965 3835 dogmata
989 3766 1104 3835 ejus
1128 3767 1466 3830 auctoritate,
1491 3765 1614 3820 dolo
1636 3765 1779 3818 malo
1801 3773 1854 3819 et
1873 3763 2091 3832 indigno

512 3857 729 3912 homine
760 3857 1000 3913 veritatis
1040 3867 1272 3925 amante,
1321 3857 1644 3912 conﬁrmare
1693 3857 1896 3922 voluit;
1948 3855 2090 3925 quod

509 3947 644 4002 adeo
671 3948 1014 4002 manifestum
1046 3956 1146 4013 est,
1185 3957 1242 4002 ut
1288 3949 1481 4002 mirum
1515 3947 1584 4002 sit
1613 3948 1799 4002 Patres
1823 3946 2090 4015 ejusmodi

509 4042 664 4109 nugis
692 4056 850 4095 ausos
887 4057 1008 4096 esse
1046 4041 1143 4095 uti.
1175 4040 1428 4096 Fortasse
1454 4057 1561 4095 non
1591 4040 1962 4110 intelligebant
1989 4039 2090 4109 ipsi

508 4132 772 4200 fraudem,
802 4135 1045 4204 quamvis
1073 4134 1143 4188 sit
1170 4135 1300 4190 satis
1327 4144 1546 4203 aperta;
1580 4135 1673 4190 sed
1705 4136 1896 4189 mirum
1939 4147 2032 4188 cos
2060 4148 2089 4186 a

509 4227 866 4284 nasutioribus
911 4228 1141 4283 ethnicis
1191 4245 1298 4284 non
1345 4229 1509 4284 fuisse
1558 4229 1889 4285 exsibilatos.
1930 4229 2091 4284 Certe

507 4317 654 4386 digni
679 4329 832 4374 erant
859 4322 948 4390 qui
991 4322 1127 4376 albis
1170 4322 1421 4377 dentibus
1447 4323 1822 4390 irriderentur,
1854 4323 1942 4392 qui
1980 4333 2090 4378 tam

508 4410 663 4464 avide
708 4427 877 4481 usque
906 4413 1040 4467 adeo
1071 4413 1211 4468 male
1240 4422 1498 4467 consutos
1545 4414 1698 4468 dolos
1735 4413 2087 4481 arripiebant,

506 4505 555 4557 si
586 4505 878 4559 credebant
897 4506 1205 4576 suppositos
1235 4507 1356 4560 illos
1384 4506 1549 4561 libros
1581 4521 1767 4560 eorum
1796 4519 1917 4560 esse
1957 4519 2090 4575 quo-

507 4613 627 4651 rum
647 4600 858 4653 nomina
878 4568 1253 4669 praeferebant.
1271 4601 1421 4666 Quod
1438 4601 1483 4655 si
1506 4601 1745 4655 fraudem
1771 4568 1988 4672 quidem
2012 4601 2091 4655 in-
2117 4568 2172 4630 Β

508 4691 816 4759 telligebant
842 4735 857 4758 ,
885 4694 1025 4762 quod
1057 4709 1250 4763 negare
1280 4694 1477 4749 nollem
1511 4736 1528 4762 ,
1559 4710 1804 4763 magnam
1843 4696 2092 4764 injuriam

508 4784 719 4838 veritati
760 4785 1044 4851 faciebant,
1070 4800 1227 4856 quam
1262 4788 1506 4856 turpibus
1534 4787 1825 4843 mendaciis
1853 4788 2093 4858 adjutum

507 4877 676 4942 ibant,
712 4876 1174 4947 impediebantque
1206 4894 1271 4932 ne
1299 4881 1633 4934 ethnicorum
1664 4881 1902 4950 reliquiae
1934 4881 2092 4942 fidem

509 4970 805 5040 Evangelio
830 4970 1102 5024 haberent.
1133 4970 1373 5040 Denique
1400 4988 1506 5027 non
1552 4987 1834 5042 possumus
1859 4989 2001 5028 nunc
2024 4974 2092 5029 de

509 5063 573 5114 iis
601 5063 754 5115 aliter
787 5060 1029 5129 judicare
1058 5076 1216 5131 quam
1252 5063 1422 5117 fuisse
1450 5074 1539 5116 aut
1569 5064 1832 5132 pessimos
1855 5065 2095 5131 criticos,

507 5165 598 5206 aut
621 5155 877 5208 nonsatis
901 5154 1003 5207 vim
1043 5154 1282 5209 veritatis
1314 5154 1662 5220 intellexisse,
1696 5173 1816 5225 quae
1849 5156 2092 5225 profecto

507 5244 772 5312 ejusmodi
822 5245 1092 5301 fraudibus
1142 5262 1250 5301 non
1300 5246 1544 5316 indiget;
1589 5263 1688 5303 nec
1737 5263 1906 5318 usque
1953 5249 2091 5303 adeo

510 5340 772 5395 mendacii
789 5341 1032 5396 inimicos
1049 5341 1211 5397 fuisse
1228 5357 1385 5412 quam
1405 5341 1554 5397 libris
1571 5341 1731 5398 editis
1752 5342 2095 5398 simulabant.

581 5430 712 5498 Cap.
735 5429 822 5485 27.
860 5433 968 5488 Nec
1001 5444 1170 5488 tamen
1200 5449 1295 5488 nos
1320 5435 1508 5489 eisdem
1536 5435 1846 5500 martyribus
1882 5436 2092 5503 templa,

509 5521 817 5590 sacerdotia,
849 5540 995 5578 sacra
1037 5535 1083 5580 et
1130 5528 1383 5597 sacriﬁcia
1430 5528 1822 5593 constituimus;
1851 5527 2093 5596 quoniam

507 5631 614 5668 non
643 5614 762 5683 ipsi,
795 5617 881 5669 sed
910 5617 1045 5672 Deus
1079 5635 1252 5674 eorum
1287 5621 1432 5676 nobis
1463 5631 1534 5675 est
1565 5620 1729 5675 Deus.
1760 5621 2095 5675 Honoramus

508 5722 630 5762 sane
661 5708 927 5760 memorias
969 5724 1164 5776 eorum,
1202 5720 1442 5781 tanquam
1491 5723 1778 5767 sanctorum
1828 5713 2095 5768 hominum

512 5798 627 5871 Dei,
650 5802 735 5872 qui
763 5817 917 5875 usque
943 5802 1012 5858 ad
1035 5811 1248 5858 mortem
1274 5821 1544 5875 corporum
1581 5824 1789 5865 suorum
1832 5824 1926 5882 pro
1958 5809 2095 5864 veri.

2204 1907 2419 1961 mulatis
2449 1906 2514 1960 iis
2546 1922 2664 1975 quae
2696 1906 2763 1959 ab
2791 1903 3019 1958 ethnicis
3047 1903 3453 1972 objiciebautur,
3483 1912 3537 1957 et
3563 1913 3813 1971 prseter-

2202 2002 2370 2056 misso
2392 2002 2537 2054 cultu
2567 2001 2656 2069 qui
2680 2014 2868 2054 revera
2905 1998 3142 2068 reliquiis
3174 2007 3465 2069 martyrum
3494 1997 3809 2054 exhibeba-

2205 2104 2308 2159 tur,
2341 2104 2396 2148 et
2428 2093 2619 2147 merito
2641 2091 2943 2148 offendebat
2969 2090 3230 2144 ethnicos.

2273 2187 2436 2240 Ltnno
2463 2201 2534 2239 ιι.
2569 2185 2698 2254 Cap.
2734 2185 2823 2238 15.
2859 2182 2969 2236 Nec
2996 2192 3159 2236 tamen
3181 2183 3240 2235 ob
3265 2183 3360 2234 hoc
3400 2180 3674 2236 Mediator
3699 2189 3800 2245 est,

2201 2285 2320 2349 quia
2353 2281 2613 2345 Verbum;
2644 2279 2866 2333 maxime
2907 2279 3094 2347 quippe
3121 2276 3426 2342 immortale,
3473 2287 3521 2329 et
3559 2277 3804 2329 maxime

2203 2376 2400 2428 beatum
2440 2375 2656 2428 Verbum
2697 2373 2846 2442 longe
2871 2389 2902 2422 a
2929 2369 3226 2423 mortalibus
3270 2369 3486 2421 miseriis
3516 2369 3535 2439 (
3552 2384 3669 2422 non
3696 2367 3799 2420 mi-

2201 2467 2377 2539 seris)
2417 2469 2504 2522 sed
2532 2468 2780 2522 mediator
2824 2482 2915 2534 per
2936 2465 3073 2535 quod
3113 2461 3322 2532 homo.]
3355 2461 3509 2527 Vere,
3545 2475 3681 2515 nam
3731 2458 3798 2512 ad

2202 2564 2368 2618 Deum
2390 2562 2529 2632 quod
2562 2561 2772 2625 attinet,
2803 2575 2910 2614 non
2945 2557 3143 2626 indiget
3165 2557 3279 2624 ipse
3301 2555 3612 2621 Mediatore,
3637 2553 3796 2621 cujus

2200 2671 2361 2726 opera
2387 2655 2663 2710 nobiscum
2685 2661 2838 2723 agat;
2867 2651 2958 2705 sed
2983 2664 3079 2704 nos
3106 2650 3171 2703 ad
3199 2657 3397 2702 tantam
3421 2647 3793 2716 majestatem,

2201 2751 2317 2804 sine
2344 2748 2637 2803 mediatore
2667 2755 2719 2801 et
2756 2744 2969 2816 quidem
3012 2741 3182 2798 nostri
3219 2739 3453 2812 generis,
3476 2740 3566 2794 vix
3597 2754 3791 2794 assur-

2199 2859 2324 2915 gere
2351 2857 2635 2914 possumus

2269 2933 2398 3004 Cap.
2428 2933 2518 2987 22.
2546 2934 2621 2989 De
2649 2931 2874 3002 angelis.
2904 2929 3033 2984 Ideo
3061 2929 3247 2983 certius
3280 2939 3433 2982 etiam
3476 2924 3790 2995 temporalia

2202 3038 2249 3083 et
2277 3028 2542 3082 mutabilia
2570 3027 2666 3081 ista
2686 3032 2964 3090 noverunt;
2986 3027 3110 3095 quia
3129 3039 3303 3077 eorum
3330 3021 3644 3093 principales
3668 3036 3788 3075 catt-

2197 3138 2282 3175 sas
2303 3123 2357 3175 in
2391 3120 2550 3175 Verbo
2584 3118 2680 3175 Dei
2703 3118 3038 3189 conspiciunt,
3070 3132 3159 3186 per
3186 3115 3319 3185 quod
3345 3119 3509 3185 factus
3530 3124 3603 3168 est
3635 3131 3788 3167 mun-

2120 3187 2165 3251 C
2202 3215 2336 3281 dus;
2365 3214 2544 3285 quibus
2575 3213 2741 3266 causis
2770 3187 3003 3280 quaedam
3034 3205 3584 3277 probantur,qutedam
3603 3222 3786 3275 repro-

2201 3305 2440 3377 bantur.]
2462 3307 2604 3360 Ante
2631 3303 2808 3358 omnia
2839 3302 3028 3357 vellem
3060 3300 3199 3355 scire
3223 3316 3289 3354 an
3310 3299 3399 3369 qui
3428 3299 3553 3353 talia
3586 3298 3657 3353 de
3689 3312 3785 3351 an-

2197 3399 2333 3470 gelis
2360 3407 2415 3453 et
2447 3396 2622 3452 Verbo
2643 3395 2911 3450 afﬁrmant
2940 3393 3070 3449 satis
3108 3391 3407 3462 intelligant
3431 3390 3558 3461 quid
3581 3390 3779 3454 velint;

2198 3508 2319 3546 nam
2355 3492 2418 3545 ad
2453 3505 2538 3544 me
2564 3490 2777 3559 quidem
2806 3488 2948 3558 quod
2989 3488 3197 3552 attinet,
3219 3502 3324 3541 non
3351 3485 3649 3555 intelligere
3695 3501 3781 3540 me

2199 3584 2368 3637 fateor
2397 3581 2664 3652 quomodo
2691 3580 2865 3649 angeli
2905 3580 3113 3650 possint
3145 3587 3360 3634 teternte
3404 3577 3649 3632 Rationis
3679 3591 3776 3632 no-

2198 3676 2369 3730 tiones
2415 3683 2470 3728 et
2515 3672 2867 3743 cogitationes
2913 3671 3121 3737 Videre,
3153 3671 3223 3725 ita
3257 3678 3313 3724 ut
3334 3685 3398 3725 ex
3429 3671 3544 3739 ejus
3573 3680 3779 3724 natura:

2198 3769 2649 3838 contemplatione
2679 3768 2850 3822 sciant
2885 3766 3012 3835 quid
3034 3765 3149 3821 ﬁeri
3178 3765 3324 3830 velit,
3358 3763 3482 3834 quid
3511 3763 3674 3825 nolit;
3701 3771 3775 3831 et,

2199 3873 2255 3919 ut
2277 3878 2462 3918 verum
2492 3861 2765 3931 proﬁtear,
2787 3875 2816 3913 a
2840 3859 3054 3914 nemine
3085 3866 3210 3927 puto
3234 3857 3476 3926 intelligi,
3506 3857 3595 3926 qui
3623 3871 3776 3910 crea-

2200 3967 2338 4012 turas
2377 3963 2611 4011 mentem
2637 3954 2930 4016 Creatoris,
2964 3965 3121 4021 quam
3168 3964 3272 4004 non
3322 3949 3598 4010 revelavit,
3625 3961 3774 4001 asse-

2197 4060 2426 4120 quantur
2473 4049 2586 4103 sola
2643 4046 2758 4116 ejus
2809 4043 3278 4112 contemplatione.
3325 4039 3527 4095 Deinde
3582 4038 3772 4094 vellem

2195 4145 2334 4200 scire
2354 4141 2495 4197 unde
2525 4141 2628 4196 hoc
2672 4139 2907 4194 habeant
2937 4135 3193 4204 theologi,
3225 4149 3291 4188 ex
3320 4132 3774 4202 philosophicisne

2196 4233 2720 4296 ratiocinationibus,
2749 4246 2816 4285 an
2843 4245 2910 4284 ex
2937 4227 3245 4295 Scriptura;
3279 4239 3399 4279 nam
3442 4224 3506 4277 ad
3537 4222 3768 4291 Scriptu.

2195 4348 2308 4386 ratu
2355 4329 2571 4400 quidem
2604 4326 2748 4397 quod
2796 4323 3008 4390 attinet,
3043 4321 3212 4374 ausim
3258 4317 3525 4373 afﬁrmare
3573 4315 3773 4369 nullum

2196 4439 2316 4479 esse
2348 4423 2547 4487 locum,
2576 4420 2664 4489 qui
2695 4417 2908 4488 quidem
2950 4414 3018 4469 sit
3063 4413 3395 4482 perspicuus,
3432 4425 3498 4464 ex
3546 4422 3651 4478 quo
3679 4409 3776 4460 hoc

2198 4514 2563 4570 verisimiliter
2584 4510 2776 4566 deduci
2805 4507 3004 4577 possit;
3029 4502 3409 4573 philosophicis
3440 4516 3570 4555 vero
3616 4499 3777 4553 ratio-

2199 4605 2554 4661 cinationibus
2577 4600 2846 4672 quomodo
2875 4598 2998 4653 talia
3022 4596 3228 4666 possint
3250 4593 3427 4662 colligi
3473 4591 3641 4646 multo
3681 4590 3777 4644 tui-

2201 4713 2302 4753 nus
2349 4711 2629 4765 assequor.
2662 4698 2910 4747 Attamen
2961 4688 3419 4757 hoc.Augustinus
3463 4699 3570 4738 non
3615 4683 3777 4738 semel

2201 4790 2452 4853 afﬁrmat,
2474 4787 2624 4857 quasi
2649 4785 2929 4852 theologiae
2951 4781 3268 4836 Christiana:
3289 4779 3501 4847 dogma,
3527 4784 3582 4830 et
3603 4777 3673 4829 ita
3694 4789 3778 4830 se-

2202 4898 2329 4937 cure
2347 4881 2545 4951 profert
2561 4879 2708 4950 quasi
2730 4893 2814 4933 res
2833 4885 2974 4932 esset
2988 4877 3281 4944 explorata,
3298 4887 3358 4926 ac
3380 4870 3608 4940 theologi
3627 4869 3780 4924 scho-

2202 4974 2376 5028 lastici
2405 4988 2596 5043 magno
2617 4986 2881 5026 consensu
2909 4969 3267 5037 arripuerunt.
3304 4965 3438 5019 Vide
3451 4981 3568 5032 quae
3600 4963 3698 5016 hac
3717 4961 3779 5015 de

2206 5081 2268 5121 re
2291 5065 2502 5135 collegit
2527 5062 2810 5134 Dionysius
2843 5060 3083 5115 Petavius
3106 5057 3525 5126 theologicorum
3561 5055 3780 5123 Dogma-

2208 5171 2321 5214 tum
2353 5169 2483 5213 tom.
2531 5157 2572 5224 Ι,
2618 5157 2714 5212 lib.
2749 5171 2822 5224 tv,
2851 5170 2970 5224 cap.
3019 5152 3087 5219 2;
3115 5161 3169 5208 et
3193 5160 3326 5207 tom.
3359 5151 3452 5218 Ill,
3477 5149 3544 5204 de
3570 5147 3782 5216 Angelis

2207 5251 2302 5307 lib.
2328 5265 2502 5320 t,cap.
2528 5250 2582 5303 4.

2277 5339 2410 5414 Cap.
2431 5342 2521 5408 25,
2540 5343 2565 5414 §
2597 5345 2650 5398 Ι.
2674 5344 2700 5396 I
2708 5342 2822 5396 llud
2837 5359 2951 5397 vero
2961 5341 3048 5395 ubi
3069 5341 3252 5394 dicitur
3265 5340 3407 5395 Deus
3419 5337 3781 5402 deorum,’non

2208 5445 2372 5506 potest
2411 5432 2816 5506 intelligiIDeus
2869 5431 3270 5496 daunoniorum;
3316 5441 3370 5484 et
3420 5444 3514 5484 rex
3570 5441 3781 5497 magnus

2207 5541 2373 5596 super
2409 5540 2596 5581 omnes
2636 5524 2788 5593 deos,
2821 5523 2950 5577 absit
2985 5531 3039 5576 ut
3068 5522 3265 5576 dicatur
3306 5521 3418 5575 Rex
3446 5537 3598 5590 super
3622 5519 3782 5573 omnia

2210 5615 2519 5688 dwmonia.]
2549 5614 2703 5687 Apud
2733 5615 3008 5683 Hebraeos,
3038 5624 3095 5668 ut
3117 5614 3214 5668 viri
3264 5613 3407 5668 docti
3454 5613 3654 5668 dudum
3701 5626 3782 5665 os-

2211 5710 2520 5775 tenderunt,
2555 5725 2656 5761 vox
2686 5691 2863 5766 iambis
2893 5706 3079 5760 elohim
3109 5707 3376 5777 signiﬁcat
3419 5706 3676 5777 quidquid
3704 5719 3781 5758 co-

2213 5805 2361 5874 litur,
2393 5803 2631 5872 σέϐασμα
2676 5814 2770 5860 seu
2798 5799 2849 5862 in
2879 5799 3016 5857 cmlo
3045 5799 3172 5859 illud
3222 5801 3312 5867 sit,
3362 5799 3475 5859 sive
3522 5800 3574 5858 in
3610 5796 3781 5860 terris.
3813 5799 3816 5802 ‘
