4060 6364
260 332 363 387 475

938 325 1288 385 νΔΒΙΟΒυΜ
1328 319 1869 379 EXEBCITATIONE

1972 318 2021 374 ηΝ
2060 319 2115 375 S.
2163 317 2529 375 AUGUSTINI
2568 314 2814 371 OPERA.
3423 310 3511 381 tu

260 452 441 519 Itaque
467 444 677 516 quando
711 444 849 499 Deus
868 458 1028 499 verus
1054 443 1248 498 dicitur
1270 441 1408 495 Deus
1430 440 1663 502 deorum,
1696 452 1823 506 per-
1857 440 1909 498 A
2007 435 2169 489 Ltsno
2195 451 2248 489 χ.
2291 433 2421 504 Cap.
2451 435 2503 499 1,
2540 434 2566 507 §
2594 435 2649 488 2.
2681 433 2783 488 llic
2822 440 2894 486 est
2931 432 3067 487 enim
3111 430 3376 485 Divinitati
3411 431 3516 499 vel,

260 543 386 598 inde
418 548 499 593 est
521 553 583 593 ac
618 539 663 592 si
690 537 961 593 diceretur
975 538 1212 592 omnium
1234 550 1421 591 eorum
1454 547 1589 604 quos
1609 532 1841 588 colimus

262 632 745 691 eminentissimus:
776 640 832 685 ut
858 631 1126 685 Canticum
1138 628 1466 683 Canticorum
1485 626 1681 681 dicitur
1702 623 1842 695 quod

261 732 315 787 in
338 744 436 786 suo
464 743 659 798 genere
684 735 769 781 est
792 725 1066 782 eximium.
1090 724 1203 778 Etsi
1224 733 1346 777 sunt
1370 722 1457 793 qui
1479 723 1717 775 dicantur
1744 719 1841 785 dii,

261 823 339 878 ait
389 821 582 876 Paulus
612 820 632 873 l
659 820 782 874 Cor.
814 834 927 886 vm,
966 819 1019 883 5,
1052 817 1155 871 siue
1198 816 1251 870 in
1281 816 1426 881 calo,
1455 815 1559 869 sive
1605 814 1661 866 in
1710 822 1845 867 terra

263 915 555 990 (siquidem
573 924 691 968 sunt
712 914 784 966 dii
814 910 961 966 multi
989 919 1035 966 et
1066 910 1261 965 domini
1283 906 1482 979 multi),
1502 906 1646 961 nobis
1678 916 1846 961 tamen

262 1026 400 1063 unus
424 1008 560 1062 Deus
587 1005 766 1072 Pater,
797 1022 859 1059 ea:
886 1021 986 1073 quo
1009 1005 1205 1070 omnia,
1223 1013 1326 1058 etc.
1350 1000 1440 1059 Sic
1468 1009 1523 1056 et
1546 1000 1677 1070 psal.
1703 1014 1845 1065 xciv,

262 1103 300 1159 3
330 1120 343 1154 :
378 1102 512 1154 Deus
539 1115 755 1170 magnus
776 1095 1051 1163 Dominus,
1091 1105 1139 1149 et
1163 1095 1275 1149 Rea:
1300 1109 1515 1165 magnus
1540 1107 1695 1161 super
1733 1106 1845 1143 om-

264 1211 356 1249 nes
381 1195 532 1259 deos;
563 1190 784 1263 perinde
818 1200 901 1246 est
929 1204 992 1245 ac
1016 1256 1017 1261 η
1039 1186 1154 1244 Rex
1205 1202 1414 1259 regum,
1444 1192 1539 1241 aut
1588 1181 1848 1239 Dominus

265 1288 629 1345 dominorum.

338 1381 471 1437 Ibid.
490 1379 594 1435 Sed
613 1378 841 1433 homines
865 1392 1062 1447 quoque
1082 1373 1135 1429 in
1158 1373 1347 1445 papula
1373 1372 1470 1426 Dei
1485 1370 1661 1428 eadem
1672 1366 1852 1438 Scrip-

271 1484 390 1527 tura
419 1473 539 1527 deos
562 1470 809 1540 appellat.
842 1468 976 1540 Ego,
1008 1468 1200 1537 inquit,
1226 1465 1337 1521 dixi
1370 1483 1383 1517 :
1417 1464 1499 1519 Dii
1524 1463 1654 1519 estis
1676 1470 1732 1518 et
1755 1461 1851 1515 lilii

268 1564 487 1620 Excelsi
514 1578 723 1619 omnes.
760 1562 935 1616 Potest
972 1563 1142 1630 itaque
1187 1560 1404 1630 intelligi
1428 1558 1611 1611 horum
1637 1558 1853 1611 deorum

270 1657 431 1721 Deus,
463 1657 551 1727 qui
580 1657 745 1709 dictus
770 1662 841 1709 est
865 1653 1011 1709 Deus
1040 1654 1285 1716 deorum,
1318 1662 1365 1704 et
1395 1664 1558 1718 super
1586 1649 1678 1704 hos
1719 1648 1854 1703 deos

270 1748 387 1803 Rex
411 1743 696 1818 magnus]
727 1746 872 1801 Nihil
901 1744 1082 1801 verius
1113 1743 1213 1798 hac
1238 1742 1543 1813 posteriore
1568 1737 1853 1811 Augustini

1944 531 1987 582 si
2035 528 2320 599 expressius
2341 527 2609 580 dicendum
2635 536 2727 592 est,
2748 525 2938 578 Deitati
2959 524 3154 578 debitus
3177 522 3364 586 cultus,
3403 538 3520 592 pro-

1944 627 2055 690 pter
2082 635 2230 687 quem
2259 634 2360 671 uno
2382 616 2527 671 uerbo
2549 616 2968 687 signiﬁcandum,
2990 615 3231 687 quoniam
3256 614 3382 667 mihi
3401 615 3525 667 satis

1945 712 2186 766 idoneum
2214 727 2315 764 non
2343 709 2568 763 occurrit
2592 706 3069 775 Latinum,Grazco,
3093 708 3179 761 ubi
3204 722 3402 760 necesse
3433 714 3528 771 est,

1946 805 2149 858 insinuo
2173 803 2295 873 quid
2322 802 2470 856 velim
2492 801 2679 855 dicere.
2710 806 2959 879 Λατρείαν
2984 801 3170 870 quippe
3210 799 3392 865 nostri,
3424 799 3530 851 ubi-

1949 914 2146 967 cunque
2155 906 2449 950 sanctarum
2468 894 2857 966 Scripturarum
2875 896 3091 964 positum
3105 902 3199 959 est,
3219 892 3533 963 interpretati

1949 1000 2069 1044 sunt
2097 992 2407 1043 servitutem.
2424 987 2529 1042 Sed
2545 1003 2605 1041 ea
2632 987 2845 1041 servitus
2865 1002 2981 1057 qua:
3001 985 3207 1039 debetur
3225 986 3534 1047 hominibus,

1950 1083 2227 1137 secundum
2258 1097 2410 1149 quam
2431 1078 2661 1150 prtecipit
2676 1078 2975 1149 Apostolus,
2999 1088 3164 1130 servos
3192 1076 3415 1129 dominis
3430 1075 3536 1128 suis

1950 1174 2181 1229 subditos
2208 1190 2316 1228 esse
2346 1174 2545 1241 debere,
2579 1170 2687 1226 alio
2717 1172 2922 1225 nomine
2948 1167 3127 1223 Graece
3148 1169 3433 1245 nunpupari
3456 1184 3536 1219 so-

1950 1263 2075 1336 let.]
2106 1265 2355 1336 lntelligit
2375 1280 2562 1319 vocem
2593 1262 2812 1319 δουλεία.
2843 1262 3099 1330 Quamvis
3119 1261 3330 1334 λατρεία
3354 1275 3419 1314 ex
3439 1273 3537 1311 vo-

1954 1359 2032 1415 cis
2080 1358 2297 1428 proprio
2340 1357 2638 1427 signiﬁcatu
2702 1369 2812 1409 non
2867 1353 3037 1423 magis
3089 1350 3352 1421 signiticet
3400 1348 3540 1418 apud

1956 1452 2174 1507 Graecos
2205 1450 2301 1505 Dei
2324 1464 2482 1517 quam
2513 1446 2789 1515 hominum
2822 1446 3121 1512 cultum,ut
3144 1451 3290 1499 recte
3313 1442 3379 1496 ad
3400 1442 3541 1496 hunc

1954 1543 2131 1599 locum
2180 1540 2560 1597 animadvertit
2586 1539 2740 1595 Joan.
2771 1538 2904 1594 Lud.
2932 1538 3129 1602 Vives;
3177 1545 3417 1590 attamen
3469 1549 3541 1590 ex

1959 1654 2055 1693 usu
2097 1635 2241 1693 LXX
2272 1638 2625 1706 interpretum
2655 1643 2709 1690 et
2740 1633 2873 1688 Novi
2904 1630 3255 1695 Testamenti,
3288 1638 3345 1683 ut
3372 1630 3423 1682 in
3453 1644 3542 1683 se-

1959 1732 2248 1801 quentibus
2270 1729 2432 1784 habet
2461 1727 2809 1798 Augustinus,
2840 1726 3049 1799 λατριία
3070 1722 3307 1778 divinum
3339 1721 3543 1776 cultum

270 1811 766 1905 animadversione;
800 1837 896 1894 sed
922 1838 1065 1909 quod
1105 1811 1256 1892 dicit?
1285 1836 1510 1889 homines
1556 1835 1611 1888 in
1665 1834 1857 1903 ροριιιο
1883 1812 1933 1875 Β
1960 1831 2147 1889 sonat;
2174 1831 2229 1877 at
2244 1837 2347 1876 vox
2375 1821 2574 1877 δουλεία
2602 1817 2903 1889 promiscue
2925 1830 3023 1886 pro
3038 1824 3267 1884 utroque
3290 1811 3540 1876 sumitur,

274 1931 369 1986 Dei
394 1932 499 1987 dici
545 1932 705 1999 deos,
738 1946 843 1986 non
875 1940 955 1985 est
996 1939 1079 1984 sat
1123 1936 1373 1983 accurate
1415 1927 1484 1981 ab
1525 1942 1591 1982 eo
1621 1925 1856 1989 dictum;

272 2038 397 2077 nam
425 2037 530 2078 non
579 2020 759 2091 quivis
802 2021 1046 2077 homines
1082 2036 1115 2075 e
1145 2019 1342 2090 p0pulo
1380 2018 1475 2073 Dei
1506 2018 1756 2073 dicuntur
1786 2018 1861 2071 dii

272 2115 411 2181 psal.
446 2129 631 2181 Lxm,
656 2114 721 2178 6;
752 2112 845 2167 sed
877 2122 1081 2167 tantum
1113 2125 1268 2181 reges
1289 2118 1344 2165 et
1364 2108 1596 2178 iudices,
1628 2123 1725 2164 seu
1755 2122 1861 2162 ma-

274 2208 554 2278 gistratus.
587 2205 947 2273 Quamobrem
992 2204 1130 2259 male
1158 2204 1320 2259 etiam
1350 2212 1607 2271 concepta
1651 2208 1735 2256 est
1771 2214 1861 2256 ca-

274 2300 400 2371 pitis
426 2300 584 2368 hujus
609 2298 907 2367 inscriptio,
940 2310 1059 2366 quae
1086 2296 1165 2351 sic
1186 2294 1346 2350 habet
1376 2312 1390 2351 :
1426 2294 1629 2347 Nomen
1652 2294 1863 2347 deorum

276 2394 411 2464 falso
432 2393 617 2446 ascribi
640 2390 743 2445 diis
758 2391 1004 2462 gentium,
1029 2390 1167 2460 quod
1193 2398 1361 2443 tamen
1385 2398 1433 2441 et
1455 2387 1650 2459 angelis
1673 2387 1863 2440 sanctis

277 2493 322 2539 et
340 2483 627 2537 hominibus
653 2482 827 2553 iustis,
863 2498 924 2536 ea:
944 2481 1235 2535 divinarum
1267 2479 1657 2549 Scripturarum
1686 2485 1863 2532 aucto-

277 2577 431 2631 ritate
460 2591 725 2629 commune
762 2582 854 2628 est.
886 2572 1022 2627 Nam
1062 2572 1116 2626 in
1147 2572 1424 2641 Scriptura
1467 2586 1727 2641 nusquam
1762 2571 1864 2624 hoc

278 2681 362 2727 est
388 2685 583 2727 nomen
605 2669 884 2724 hominum
909 2668 1177 2738 iustorum
1197 2708 1212 2736 ,
1238 2667 1335 2724 sed
1370 2678 1573 2723 tantum
1601 2666 1667 2722 ad
1701 2666 1865 2720 hono-

280 2778 370 2820 res
412 2762 723 2833 reipublicae
774 2772 1111 2827 evectorum,
1139 2761 1444 2831 quicunque
1473 2761 1584 2815 sint
1630 2760 1865 2829 alioquin

282 2870 470 2910 eorum
499 2869 715 2920 mores;
746 2869 851 2911 non
880 2853 1026 2910 enim
1061 2854 1228 2910 virtus
1267 2854 1323 2911 in
1354 2854 1417 2911 iis
1443 2862 1737 2925 spectatur,
1770 2854 1866 2910 sed

284 2946 539 3016 dignitas.

356 3040 512 3111 lbid.,
542 3041 569 3113 §
598 3041 653 3096 2.
693 3039 1072 3109 Verumtamen,
1124 3058 1239 3096 cum
1279 3057 1311 3094 a
1360 3041 1504 3095 nobis
1550 3040 1798 3109 quwritur
1822 3040 1868 3094 si

282 3132 510 3188 homines
534 3135 657 3188 dicti
696 3144 813 3188 sunt
843 3135 936 3202 dii,
962 3134 1097 3205 quod
1128 3135 1179 3188 in
1203 3132 1392 3205 populo
1426 3131 1523 3186 Dei
1548 3141 1686 3198 sunt,
1719 3147 1869 3202 quem

283 3247 375 3301 per
405 3231 611 3301 angelos
640 3233 717 3287 uel
748 3249 837 3301 per
885 3232 1112 3286 homines
1158 3231 1441 3302 alloquitur
1481 3230 1654 3296 Deus;
1680 3238 1868 3300 quanto

284 3323 452 3392 magis
472 3324 782 3378 immortales
811 3339 869 3377 eo
891 3325 1093 3377 nomine
1113 3322 1253 3394 digni
1280 3330 1397 3376 sunt
1427 3323 1516 3391 qui
1542 3338 1601 3374 ea
1624 3323 1869 3392 fruuntur

286 3415 597 3469 beatitudine
623 3415 689 3469 ad
717 3432 873 3487 quam
920 3417 1083 3470 Deum
1126 3415 1341 3468 colendo
1387 3414 1601 3485 cupiunt
1644 3414 1873 3467 homines

285 3507 582 3578 peruenire?
614 3507 752 3574 Quid
794 3508 1231 3578 respondebimus,
1278 3507 1380 3560 nisi
1421 3524 1522 3562 non
1574 3508 1771 3577 frustra
1817 3506 1874 3559 in

287 3600 573 3671 Scripturis
595 3600 799 3666 sanctis,
820 3601 1105 3671 expressius
1128 3600 1357 3653 homines
1387 3606 1713 3668 nuncupatos
1729 3600 1871 3664 deos,

286 3712 439 3767 quam
469 3695 587 3749 illos
612 3696 923 3750 immortales
943 3706 987 3749 et
1015 3696 1205 3762 beatos,
1226 3694 1404 3763 quibus
1430 3711 1521 3747 nos
1542 3692 1763 3763 wquales
1789 3693 1876 3761 fu-

291 3801 432 3844 turos
451 3790 505 3844 in
525 3790 896 3843 resurrectione
930 3788 1275 3856 promittitur;
1308 3805 1394 3854 ne,
1424 3786 1641 3851 scilicet,
1663 3795 1876 3857 propter

288 3884 499 3941 illorum
543 3881 912 3949 excellentiam,
941 3881 1161 3951 aliquem
1188 3898 1365 3936 eorum
1401 3881 1543 3935 nobis
1571 3880 1878 3934 constituere

290 3978 441 4031 deum
464 3977 687 4046 inﬁdelis
710 3975 919 4031 auderet
958 3977 1271 4044 inﬁrmitas?
1296 3975 1452 4042 Quod
1481 3975 1537 4028 in
1565 3973 1770 4028 homine
1795 3977 1880 4046 fa-

291 4070 388 4123 cile
430 4079 502 4124 est
528 4068 770 4140 evitare]
797 4068 905 4123 Nos
934 4069 1193 4137 vero,qui
1225 4082 1331 4122 non
1364 4083 1429 4122 ex
1459 4065 1685 4121 turbidis
1716 4066 1867 4132 rivis,

292 4160 387 4215 sed
417 4176 483 4217 ex
511 4162 629 4229 ipso
678 4161 825 4215 fonte
872 4160 1034 4215 hasce
1061 4176 1224 4229 aquas
1255 4160 1553 4225 hausimus,
1586 4157 1733 4213 aliud
1765 4173 1883 4214 res-

296 4254 683 4322 pondebimus;
718 4252 992 4320 nimirum,
1020 4252 1239 4321 angelos
1261 4250 1616 4305 disertissime
1636 4252 1756 4305 deos
1783 4266 1880 4306 seu

300 4332 484 4406 Ενηθκ
510 4347 613 4403 dici
641 4347 777 4418 psal.
809 4363 926 4414 vni,
961 4347 1013 4410 6,
1042 4346 1131 4401 ubi
1161 4346 1420 4400 Hebraica
1452 4345 1651 4400 habent
1680 4345 1749 4401 de
1786 4345 1883 4400 ho-

297 4439 443 4495 mine
471 4457 483 4493 :
511 4423 741 4499 man
788 4448 928 4503 iam:
971 4446 1240 4503 imor-.111,
1271 4448 1318 4491 et
1358 4438 1522 4509 fecisti
1563 4454 1678 4491 eum
1725 4437 1882 4507 paulo

298 4533 541 4585 minorem
562 4532 661 4585 diis
676 4548 695 4597 ;
731 4530 817 4585 ubi
846 4529 986 4584 LXX
1020 4530 1363 4599 interpretes,
1383 4530 1704 4590 Ἦλαττώσας
1731 4529 1880 4583 αὐτὸν

298 4625 482 4699 βραχύ
511 4646 561 4678 τι
587 4623 707 4703 παρ’
721 4625 982 4697 ἀγγέλους.
1011 4622 1103 4679 Sic
1141 4631 1195 4677 et
1221 4621 1501 4677 Chaldaeus
1526 4637 1621 4691 pro
1651 4605 1883 4682 D’i‘l‘mD

300 4717 463 4770 habet
504 4700 793 4783 unum,
823 4715 1265 4785 mimmalachajo,
1296 4730 1453 4786 quam
1484 4715 1679 4784 angeli.
1710 4714 1801 4770 Sic
1828 4723 1884 4769 et

301 4810 534 4877 scriptor
560 4810 625 4864 ad
650 4809 901 4865 Hebrteos
923 4827 1043 4881 cap.
1072 4826 1155 4876 xi,
1184 4811 1237 4864 7.
1263 4809 1472 4865 Pariter
1494 4808 1637 4863 Psal.
1659 4824 1805 4875 xcvr,
1825 4808 1879 4879 7,

304 4914 370 4953 ex
401 4899 663 4954 divisione
702 4899 906 4967 Graeca,
938 4910 1022 4957 est
1048 4901 1189 4972 apud
1212 4900 1355 4957 LXX
1381 4902 1722 4971 interpretes,
1754 4922 1885 4975 προ-

306 4994 591 5049 σκυνήσατε
614 4993 749 5065 αὐτῷ
772 4995 956 5054 πάντες
978 4992 1176 5065 ἄγγελοι
1204 4998 1381 5059 αὐτοῦ,
1396 5005 1451 5049 et
1480 4996 1796 5064 scriptorem
1816 4993 1885 5047 ad

308 5084 564 5138 Hebraeos
585 5097 703 5152 cap.
731 5099 765 5148 ι,
792 5086 844 5151 6,
876 5085 968 5138 ubi
997 5085 1256 5141 Hebraica
1285 5087 1447 5141 verba
1484 5086 1684 5141 habent
1713 5104 1724 5138 :
1758 5084 1887 5139 ado—

308 5186 417 5229 rale
441 5191 575 5241 eum,
607 5190 779 5227 omnes
802 5175 896 5237 dii,
928 5158 1125 5233 ntn'm.
1155 5176 1268 5231 Non
1312 5178 1571 5233 addemus
1600 5178 1704 5231 alia
1745 5176 1887 5244 loca,

310 5267 406 5323 sed
443 5265 845 5321 observabimus
877 5264 1237 5335 periculosum
1275 5283 1396 5323 esse
1435 5268 1768 5325 comminisci
1801 5283 1890 5323 ra-

311 5361 485 5416 tiones
515 5376 642 5416 usus
688 5358 956 5415 sermonis
1000 5360 1162 5427 sacri,
1195 5369 1477 5430 antequam
1517 5365 1675 5433 plane
1704 5363 1776 5417 sit
1800 5378 1893 5418 ex-

268 5448 269 5451 “
311 5454 581 5522 ploratus;
603 5468 727 5508 nam
752 5452 905 5508 facile
936 5460 1018 5508 est
1042 5452 1360 5508 commentis
1380 5452 1485 5508 falli
1509 5464 1564 5510 et
1590 5454 1889 5524 indulgere,

315 5547 767 5617 quemadmodum
817 5547 901 5601 hic
933 5545 1058 5600 facit
1096 5546 1442 5615 Augustinus,
1475 5547 1577 5601 nisi
1629 5547 1814 5602 Graeca
1839 5556 1896 5602 et

313 5640 572 5697 llebraica
604 5643 885 5712 diligenter
914 5641 1225 5711 legerimus.
1269 5640 1554 5697 Possemus
1579 5622 1715 5697 hanc
1745 5650 1895 5711 pote-

315 5746 509 5791 statem
534 5736 683 5791 vocis
704 5734 844 5791 Deus
866 5735 1108 5806 pluribus
1137 5736 1478 5799 conﬁrmare,
1504 5734 1598 5791 sed
1621 5734 1706 5789 adi
1737 5733 1892 5791 Joan.

315 5829 506 5887 Clerici
543 5838 725 5888 Artem
770 5832 1007 5888 criticam
1051 5843 1185 5903 part.
1218 5831 1240 5885 1
1277 5841 1410 5891 sect.
1446 5831 1500 5899 Ξ,
1530 5847 1648 5904 cap.
1684 5829 1735 5888 5.

1962 1931 2022 1974 ut.
2052 1917 2321 1973 docebunt
2361 1912 2696 1970 Concordiae.
2728 1912 2891 1982 Igitur
2918 1908 3021 1965 etsi
3047 1910 3256 1982 λατρεία
3284 1905 3339 1961 in
3377 1903 3545 1960 sacris

1963 2009 2139 2064 Libris
2157 2006 2426 2077 signiﬁcat
2445 2006 2646 2061 cultum
2674 2002 3140 2065 excellentiorem;
3166 1999 3422 2055 continuo
3440 2012 3545 2052 non

1963 2102 2207 2173 sequitur
2232 2115 2365 2156 voce
2393 2099 2595 2155 δουλεία
2634 2096 2813 2151 minus
2839 2091 3193 2150 excellentem
3232 2089 3544 2161 signiﬁcari,

1965 2194 2107 2266 quod
2139 2193 2304 2264 probe
2338 2188 2754 2247 observandum.

2035 2289 2164 2357 Cap.
2201 2288 2290 2352 Η,
2324 2286 2351 2358 §
2380 2286 2432 2339 1.
2462 2282 2545 2339 Ibi
2570 2284 2776 2355 quidem
2821 2298 2991 2336 omnes
3021 2278 3247 2334 homines
3288 2278 3547 2347 reprobat,

1964 2398 2089 2453 quos
2111 2381 2235 2434 dicit
2255 2379 2315 2432 ob
2342 2376 2742 2448 imprudentiam
2770 2376 2969 2429 trahere
2996 2371 3264 2426 humidum
3284 2385 3545 2439 vaporem,

1967 2486 2016 2530 et
2045 2474 2159 2528 ideo
2188 2489 2292 2527 non
2320 2473 2371 2524 in
2399 2470 2606 2538 aethere,
2634 2469 2723 2523 sed
2750 2468 2805 2520 in
2835 2483 2951 2523 aere
2980 2482 3087 2520 esse
3110 2467 3201 2519 sub
3232 2465 3374 2527 luna,
3398 2474 3549 2533 atque

1967 2569 2021 2621 in
2041 2568 2153 2639 ipso
2176 2566 2311 2619 lunae
2327 2561 2523 2634 globo.]
2537 2562 2617 2616 Ex
2645 2562 2743 2615 hac
2765 2558 3103 2630 philosophia
3119 2558 3365 2612 Lucanus
3389 2556 3483 2610 lib.
3497 2569 3551 2609 ιι

1967 2658 2035 2715 ab
2066 2657 2240 2723 initio,
2274 2655 2341 2711 de
2372 2654 2551 2709 animo
2580 2650 2681 2708 Cn.
2704 2650 2944 2721 Pompeii
2977 2648 3150 2719 Magni
3180 2648 3257 2703 sic
3282 2646 3548 2718 loquitur:

2095 2794 2158 2844 At
2181 2805 2277 2841 non
2302 2792 2351 2839 in
2371 2790 2547 2839 Pharia
2568 2786 2736 2837 Manes
2752 2785 2953 2847 iacuere
2979 2783 3151 2843 favilla,

2095 2855 2197 2904 Nec
2221 2854 2343 2903 cinis
2368 2852 2579 2912 exiguus
2597 2846 2776 2898 tantam
2801 2848 3097 2908 compescuit
3120 2846 3365 2912 umbram;

2092 2916 2324 2966 Prosiluit
2344 2906 2511 2973 busto,
2538 2919 2852 2972 semustaque
2874 2906 3092 2973 membra
3119 2906 3425 2973 relinquens,

2090 2967 2723 3041 Degeneremquefogum,
2749 2967 2974 3041 sequitur
2993 2982 3211 3041 convexa
3234 2967 3468 3018 Tonantis
3483 2979 3496 2992 ·

2095 3034 2199 3098 Qua
2223 3042 2365 3100 niger
2388 3034 2627 3086 astriferis
2648 3035 2952 3100 connectitur
2970 3034 3146 3079 axibus
3166 3043 3270 3100 aer,

2096 3096 2300 3164 Quaque
2324 3106 2457 3164 patet
2477 3099 2779 3164 terrasinter
2796 3096 3022 3164 lunaeque
3051 3099 3257 3164 meatus,

2096 3156 2508 3214 Semidei'Manes
2532 3160 2770 3215 habitant,
2794 3170 2917 3217 quos
2939 3158 3084 3217 ignea
3108 3156 3259 3204 virtus

2098 3227 2333 3276 Innocuos
2353 3228 2461 3273 vitae
2485 3224 2730 3284 patientes
2751 3220 3061 3284 :etherisimi

2097 3288 2236 3339 Fecit
2257 3293 2309 3337 et
2329 3280 2542 3336 teternos
2562 3284 2776 3333 animum
2799 3282 3000 3342 collegi:
3020 3280 3068 3328 in
3091 3292 3255 3329 ornes.

1976 3419 2082 3476 Sed
2113 3419 2180 3473 de
2209 3418 2310 3472 hac
2335 3431 2394 3471 re
2439 3414 2661 3484 copiose
2705 3411 2811 3483 egit
2839 3409 3099 3481 Apuleius
3140 3405 3467 3469 Platonicus,
3503 3403 3555 3459 in

1976 3512 2161 3570 libello
2182 3510 2250 3566 de
2283 3510 2391 3564 Deo
2413 3506 2673 3564 Socratis

2047 3604 2180 3673 Cap.
2206 3602 2294 3671 16,
2327 3601 2355 3673 §
2387 3602 2438 3655 1.
2478 3599 2841 3669 Respondeant
2877 3594 3107 3666 theurgi,
3169 3592 3245 3647 vel
3276 3590 3445 3663 potius
3472 3604 3559 3643 νε-

1978 3714 2177 3766 monet,
2204 3697 2297 3751 hoc
2311 3696 2443 3750 enim
2454 3703 2572 3749 sunt
2587 3693 2689 3746 illa:
2710 3699 2847 3745 artes
2867 3688 3113 3742 vocabulo
3134 3681 3433 3755 digniorem]
3457 3684 3562 3735 Au-

1984 3792 2216 3857 diverat,
2270 3798 2328 3843 ut
2377 3786 2593 3857 quidem
2634 3783 2877 3847 videtur,
2908 3780 3243 3851 Augustinus
3281 3775 3348 3829 ab
3389 3776 3566 3844 aliquo

1980 3886 2167 3942 Graece
2194 3883 2398 3939 sciente
2425 3879 2659 3948 magicas
2690 3876 2810 3931 illas
2836 3884 2982 3930 artes
3006 3874 3278 3947 περιέργας
3310 3867 3438 3932 dici,
3466 3866 3567 3919 hoc

1982 3986 2089 4038 est.
2121 3987 2393 4043 perperam
2421 3970 2687 4031 curiosas;
2716 3978 2947 4034 cumque
2967 3962 3174 4017 videret
3209 3957 3446 4028 theurgos
3480 3970 3570 4008 vo-

1982 4067 2115 4133 cari,
2149 4065 2435 4121 vacillante
2461 4059 2743 4124 memoria,
2766 4072 2860 4112 eos
2903 4054 3170 4124 periurgos
3198 4049 3377 4105 vocari
3407 4062 3569 4118 upor-
3596 4108 3605 4125 ⁸

1990 4170 2105 4215 tere
2129 4159 2531 4226 dixit,qu:evox
2559 4163 2737 4207 tamen
2768 4162 2875 4203 non
2895 4155 2980 4202 est
3001 4146 3227 4208 usitata;
3247 4158 3369 4198 nam
3393 4154 3573 4210 quam-

1986 4256 2067 4309 vis
2094 4253 2302 4307 dicatur
2321 4248 2575 4324 Θεουργός,
2596 4260 2626 4299 a
2646 4242 2868 4299 vocibus
2888 4240 2997 4299 θεὸς
3015 4247 3070 4293 et
3091 4237 3258 4310 ἔργον,
3279 4242 3338 4287 ut
3358 4253 3575 4306 κακουρ-

1985 4349 2095 4423 γός,
2125 4343 2430 4421 πανουργός,
2464 4337 2788 4416 χειρουργός,
2819 4344 2874 4391 et
2899 4332 3112 4398 similia,
3148 4336 3428 4400 propterea
3469 4339 3575 4378 non

1952 4509 1956 4512 q
1987 4440 2229 4511 sequitur
2255 4452 2321 4493 ex
2360 4438 2479 4511 περὶ
2517 4442 2573 4487 et
2611 4430 2752 4507 ἔργον
2782 4429 2898 4484 ﬁeri
2923 4423 3249 4502 περιουρσγὸν,
3300 4430 3359 4475 ιιι
3384 4424 3578 4473 norunt

1989 4510 2119 4590 usus
2148 4540 2202 4588 et
2225 4529 2486 4599 analogiae
2505 4525 2687 4597 periti.
2709 4525 2782 4578 De
2813 4536 2945 4578 voce
2972 4517 3255 4594 περιεργὸν,
3278 4515 3332 4569 in
3382 4510 3579 4567 malam

1988 4639 2194 4701 partem
2245 4634 2481 4692 sumpta,
2520 4619 2640 4675 vide
2690 4617 2828 4686 Hug.
2882 4612 3122 4668 Grotium
3163 4607 3231 4663 ad
3283 4608 3403 4663 Act.
3454 4619 3579 4701 xix,

1992 4695 2077 4777 i9.
2104 4719 2328 4775 Veteres
2359 4714 2561 4769 Glossa:
2586 4729 2598 4766 :
2627 4713 2917 4787 περίεργος,
2945 4705 3194 4766 curiosus,
3218 4714 3453 4755 vesanus.
3480 4695 3583 4750 He-

1991 4813 2208 4886 sychius
2252 4829 2266 4865 :
2296 4814 2559 4883 Περίεργθν
2603 4803 2713 4875 (sic
2740 4802 2881 4857 enim
2912 4796 3196 4867 legendum
3226 4791 3461 4849 ostendit
3499 4803 3584 4843 se-

1994 4884 2099 4961 ries
2126 4905 2425 4959 litterarum
2454 4915 2559 4954 non
2583 4892 3106 4972 περιερὸν)περιττόν,
3147 4889 3176 4948 ἦ
3204 4884 3464 4961 στρεϐλόν.
3493 4893 3584 4937 Πι-

1966 4994 1967 4997 Ὶ
1996 5001 2193 5075 ριεργία
2241 4996 2374 5061 (non
2412 4990 2692 5067 περιερεία)
2744 4988 3009 5062 καθαρσία,
3044 4991 3135 5036 aut
3175 4980 3354 5048 potius
3400 4976 3584 5075 κάθαρ-

1995 5066 2215 5158 ξτιέξνθὶ
2242 5090 2311 5143 τὰ
2338 5066 2613 5159 καθάρσια,
2647 5082 2751 5136 hoc
2790 5089 2875 5136 est
2901 5075 3270 5147 superstitiosa
3318 5066 3581 5133 lustratio,

1994 5181 2240 5252 qualibus
2286 5157 2645 5248 plena'erant
2695 5172 3038 5241 theurgorum
3082 5179 3267 5229 sacra,
3298 5161 3364 5217 de
3392 5157 3585 5252 quibus

1995 5250 2327 5345 potissimum
2371 5272 2480 5340 egit
2529 5266 2883 5328 Jamblichus,
2944 5265 2995 5317 in
3045 5260 3182 5313 libro
3212 5257 3279 5311 de
3321 5250 3585 5324 Mysteriis

1997 5366 2390 5438 Egyptiorum.
2445 5362 2580 5418 Vide
2630 5371 2683 5416 et
2710 5360 3060 5430 Augustinum
3098 5351 3233 5406 intra
3292 5349 3344 5403 in
3375 5348 3475 5400 hoc
3524 5345 3587 5400 li-

1999 5462 2098 5517 bro
2140 5475 2258 5529 cap.
2299 5459 2370 5513 22
2416 5466 2471 5512 et
2498 5456 2586 5510 27.
2621 5454 2781 5524 Igitur
2807 5460 3085 5521 perperam
3132 5442 3325 5514 quierit
3353 5442 3433 5495 vir
3458 5452 3587 5493 sane

1998 5554 2241 5611 eruditus
2289 5551 2443 5607 Joan.
2480 5548 2611 5603 Lud.
2672 5545 2832 5599 Vives
2894 5556 2961 5595 an
3004 5537 3226 5609 periurgi
3263 5534 3509 5591 dicantur
3556 5545 3586 5583 a

2000 5647 2339 5720 perurgendo,
2374 5660 2440 5697 an
2471 5640 2676 5713 perurgi
2702 5656 2728 5691 a
2760 5636 3064 5710 perurendo.
3092 5631 3200 5687 Nec
3230 5640 3407 5685 tamen
3439 5624 3588 5680 audi-

1998 5718 2174 5796 verim
2196 5734 2533 5793 Leonardum
2578 5732 2891 5800 Coqumum,
2933 5725 3021 5798 qui
3042 5723 3359 5794 conjiciebat
3402 5718 3586 5785 legen-

1999 5832 2123 5888 dum
2150 5828 2370 5901 periergi
2388 5844 2405 5894 ;
2437 5841 2560 5886 nam
2607 5824 2707 5885 hoc
2732 5819 3030 5890 corrumpit
3057 5814 3336 5877 sllusiunis
3366 5808 3587 5880 elegan-
