4060 6364
542 301 645 362 I75

1432 300 1989 360 SUPPLEMENTUM
2026 302 2119 358 AD
2156 300 2393 360 OPERA
2429 298 2492 357 S.
2534 296 2929 357 AUGUSTINL

3765 286 3855 360 ‘15

542 424 692 489 tiam,
727 435 827 479 nec
876 435 1097 479 necesse
1145 428 1229 479 est
1276 419 1630 493 Augustinum
1661 436 1849 480 vocem
1880 422 2123 479 Graecam
2152 433 2209 497 Δ
2232 419 2570 478 sublimitates
2590 428 2636 475 et
2664 420 2985 489 ﬁrmamenta
3010 413 3279 481 cclestia,
3304 411 3446 467 vitia
3470 412 3747 471 extollens
3770 414 3857 475 ltu-

542 527 795 572 accnrate
823 517 1081 572 tenuisse;

613 608 745 680 Cap.
768 609 857 663 23.
892 609 965 664 De
996 608 1293 680 Porphyrio
1322 626 1337 663 :
1369 609 1507 665 Dicit
1536 613 1668 666 enim
1718 610 1884 666 Deum
1919 610 2131 666 Patrem

543 712 589 758 et
619 702 775 755 Deum
797 697 1013 765 Filium,
1045 706 1196 772 quem
1232 699 1410 758 Greece
1446 706 1674 776 appellat
1718 715 2004 777 paternum
2044 707 2131 761 in-

543 795 835 861 tellectum,
850 794 926 848 vel
943 804 1220 865 paternam
1252 808 1485 855 mentem
1508 802 1774 877 (πατρικὸν
1794 809 1907 856 νοῦν
1923 816 1988 855 ex
2011 815 2131 856 ora-

541 887 676 942 culis
707 885 1065 958 Chaldaicis),
1102 889 1167 943 de
1189 890 1392 959 Spiritu
1422 902 1592 949 autem
1628 902 1826 960 sancto,
1860 902 1949 946 aut
1974 893 2129 961 nihil,

541 988 632 1033 aut
654 996 757 1034 non
779 992 953 1051 aperte
978 981 1174 1052 aliquid
1204 984 1344 1038 dicit.
1368 986 1606 1051 Quamvis
1626 1004 1772 1057 quem
1800 987 1964 1041 alium
1995 985 2137 1039 dicat

542 1069 727 1126 horum
738 1075 963 1128 medium
980 1092 1081 1129 non
1101 1077 1355 1149 intelligo.
1372 1078 1434 1134 Si
1454 1084 1585 1134 enim
1608 1081 1833 1147 tertiam,
1855 1080 1985 1147 sicut
2007 1078 2137 1135 Plo-

543 1166 712 1233 tinus,
744 1167 832 1221 ubi
862 1170 925 1223 de
952 1170 1111 1225 tribus
1139 1171 1514 1243 principalibus
1552 1175 1848 1229 substantiis
1878 1175 2133 1245 disputat,

544 1260 731 1315 anima:
762 1274 997 1316 naturam
1045 1265 1197 1318 etiam
1241 1267 1336 1320 iste
1376 1268 1520 1322 vellet
1562 1268 1803 1339 intelligi,
1828 1286 1930 1323 non
1963 1271 2138 1340 utique

546 1356 738 1413 diceret
759 1357 939 1414 horum
960 1362 1274 1431 medium,id
1302 1374 1397 1434 est,
1425 1363 1601 1421 Patris
1633 1378 1680 1421 et
1704 1367 1831 1423 Filii
1863 1364 2134 1441 medium.]

545 1451 665 1510 Non
709 1458 886 1511 omnia
934 1456 1220 1529 Porphyrii
1262 1475 1424 1531 opera
1473 1460 1662 1517 Latine
1706 1479 1861 1518 versa
1907 1463 2137 1519 habebat

546 1548 898 1619 Augustinus,
922 1565 1044 1605 nam
1062 1556 1351 1625 caeteroqui
1375 1553 1441 1610 de
1468 1556 1633 1611 tribus
1663 1556 1939 1627 principiis
1960 1557 2136 1611 diser—

546 1640 751 1696 tissime
795 1642 1003 1699 locutus
1030 1646 1202 1700 iuerat
1231 1646 1583 1718 philosophus
1613 1648 1839 1720 Tyrius,
1871 1648 1924 1703 in
1958 1648 2137 1718 philo-

548 1738 769 1808 sophica
795 1739 1050 1809 Historia,
1085 1757 1151 1796 ex
1181 1758 1286 1813 qua
1312 1742 1427 1798 haec
1452 1744 1614 1799 habet
1642 1744 1873 1814 Cyrillus
1903 1743 2139 1799 Alexan-

2233 532 2406 583 mana,
2437 526 2493 569 ut
2520 524 2721 587 possent
2752 513 2839 567 Dii
2883 512 3038 568 vestri
3084 508 3344 581 theurgis
3396 508 3746 580 pronuntiare
3790 510 3857 567 di-

2233 610 2395 683 oina.]
2413 606 2942 673 Nimirum,Chald:ei
2958 605 3231 677 putabant
3262 603 3413 659 deos
3436 602 3609 657 minis
3636 610 3689 658 et
3714 611 3859 660 terro-

2235 704 2384 761 ribus
2408 704 2658 760 adhibitis
2679 703 2795 773 cogi
2817 702 2995 757 dicere
3015 717 3131 773 quae
3152 706 3457 770 cuperent
3482 698 3630 753 scire
3652 697 3857 769 theurgi.

2236 796 2373 852 Vide
2398 813 2558 866 supra
2589 812 2743 865 capp.
2771 795 2805 850 9
2827 803 2881 851 et
2911 794 2997 850 ll.
3029 800 3303 849 Attamen
3342 807 3421 847 ne
3444 791 3585 862 quid
3632 792 3858 848 dissimu-

2237 887 2376 955 lem,
2409 888 2737 944 Jamblichns
2767 887 2819 943 in
2850 888 2986 943 libro
3015 888 3083 942 de
3113 886 3421 957 Mysteriis
3477 895 3622 940 sect.
3656 883 3708 953 6,
3736 901 3779 940 c.
3810 888 3857 955 7,

2238 990 2397 1052 negat
2422 980 2701 1037 Chaldaeos
2731 981 2809 1035 uti
2839 980 3030 1035 talibus
3074 980 3248 1035 minis
3279 996 3297 1032 :
3359 979 3522 1055 Παρά
3576 976 3859 1049 Χαλδαίοις,

2238 1076 2363 1152 παρ’
2386 1071 2456 1136 οἷς
2481 1072 2794 1150 διακέκριται
2820 1074 3039 1147 καθαρὸς
3066 1072 3091 1128 ὁ
3114 1074 3264 1148 πρὸς
3311 1072 3521 1143 μόνους
3570 1073 3692 1131 τοὺς
3742 1074 3861 1135 θεοὺς

2237 1164 2643 1239 λόγος,οὐδαμοῦ
2657 1167 2832 1226 ἀπειλή
2852 1167 3071 1239 λέγεται.
3096 1165 3395 1239 Αἰγύπτιοι
3421 1162 3481 1219 δὲ
3507 1168 3860 1237 συμμιγνύναι-ες

2242 1263 2351 1334 ἅμα
2374 1264 2504 1335 μετά
2551 1270 2650 1317 τῶν
2700 1262 2841 1330 θείων
2897 1262 3229 1331 συνθημάτων
3271 1262 3365 1313 καὶ
3421 1261 3557 1317 τοὺς
3601 1255 3859 1326 δαιμονίους

2240 1360 2438 1435 λόγους,
2458 1367 2688 1437 χρῶνται
2700 1358 2838 1415 ἔστιν
2851 1354 2931 1413 ὅτε
2964 1360 3049 1412 καὶ
3074 1365 3186 1417 ταῖς
3214 1356 3484 1414 ἀπειλαῖς
3514 1368 3533 1409 2
3564 1351 3717 1423 Apud
3733 1352 3859 1406 Cltal~

2243 1456 2400 1519 αωοβ,
2431 1454 2569 1524 apud
2599 1470 2725 1523 quos
2748 1452 2987 1505 distincta
3010 1460 3081 1506 est
3103 1468 3242 1519 pura
3265 1450 3346 1503 ad
3376 1449 3531 1503 solos
3555 1448 3677 1501 deos
3698 1448 3856 1512 oratio,

2241 1564 2494 1613 nusquam
2523 1548 2707 1601 mentio
2737 1547 2796 1615 ﬁt
2839 1547 3125 1613 minarum;
3156 1544 3430 1616 Egyplii
3460 1559 3612 1608 vero,
3637 1544 3722 1613 qui
3764 1560 3857 1596 cum

2243 1640 2485 1712 symbolis
2510 1639 2723 1695 deorum
2752 1641 3057 1710 permiscent
3084 1656 3143 1694 ea
3172 1640 3342 1693 etiam
3361 1653 3491 1708 quo?
3513 1638 3587 1689 ad
3628 1638 3855 1689 dcemonas

2244 1735 2524 1804 pertinent,
2578 1734 2731 1787 minis
2758 1735 2913 1788 etiam
2957 1733 3243 1804 aliquando
3300 1742 3563 1786 utuntur.
3610 1729 3714 1785 Sed
3760 1731 3854 1797 quis

550 1827 739 1884 drinus
765 1870 781 1897 ,
819 1839 1001 1885 contra
1026 1830 1297 1888 lulianum
1326 1834 1417 1888 lib.
1448 1850 1568 1889 vni:
1599 1836 1783 1908 Γράφει
1820 1837 1986 1889 τοίνυν
2015 1846 2141 1913 Πορ-
2169 1838 2219 1901 Β
2253 1828 2401 1882 illam
2426 1828 2703 1883 hominum
2733 1826 3225 1896 superatitiosorum
3260 1834 3325 1881 et
3350 1824 3709 1881 mendacium
3734 1838 3845 1877 nsa.

548 1924 723 1997 φὺριος
749 1925 798 1978 ἐν
827 1924 1007 1996 βιϐλίῳ
1035 1926 1269 2002 τετάρτῳ
1298 1927 1562 2000 Φιλοσόφου
1591 1930 1860 2003 Ἱστορίας·
1886 1936 2018 1982 ΑΧΡΙ
2039 1930 2139 2004 ’γὰρ

548 2022 700 2090 τριῶν
743 2017 1072 2071 ὑποστάσεων
1103 2015 1192 2089 ἔφη
1236 2017 1438 2072 Πλάτων
1468 2025 1556 2078 τὴν
1604 2026 1689 2074 τοῦ
1720 2023 1830 2074 θεοῦ
1885 2021 2141 2093 προελθεῖν

549 2107 741 2161 οὐσίαν
774 2104 901 2163 εἶναι
930 2106 983 2163 δὲ
1026 2110 1111 2164 τὸν
1141 2112 1231 2181 μὲν
1261 2112 1516 2166 ἀνώτατον
1542 2112 1665 2165 Θεὸν
1707 2109 1755 2165 τ’
1775 2111 2004 2186 ’Δγαθόν,
2029 2111 2141 2183 μετ’

548 2201 701 2256 αὐτὸν
751 2199 804 2255 δέ
859 2206 941 2256 καὶ
987 2201 1218 2280 δεύτερον
1259 2206 1345 2259 τὸν
1386 2204 1712 2281 Δημιουργὸν,
1761 2206 1936 2278 τρίτην
1967 2204 2021 2260 δὲ
2048 2213 2140 2260 τοῦ

549 2293 739 2365 κόσμου
764 2300 964 2367 Ψυχὴν
1000 2290 1136 2372 ἄχρι
1165 2298 1264 2372 γὰρ
1301 2296 1484 2368 ψυχῆς
1508 2302 1598 2356 τὴν
1622 2294 1835 2355 θεότητα
1860 2298 2140 2375 προελθεῖν,

548 2384 715 2445 λοιπὸν
735 2387 789 2445 δὲ
819 2393 877 2445 τὸ
918 2388 1057 2445 ἄθεον
1086 2393 1187 2445 ἀπὸ
1214 2400 1305 2451 τῆς
1334 2400 1630 2463 σωματικῆς
1672 2392 1922 2465 ἒνῆρχθαι
1965 2390 2143 2464 διαφο-

550 2486 649 2555 ρᾶς
680 2499 693 2535 :
728 2479 917 2537 Scribit
947 2498 1069 2554 ergo
1088 2479 1433 2552 Porphyrius,
1452 2482 1506 2536 in
1532 2481 1663 2536 libro
1683 2497 1735 2537 tv
1758 2482 2146 2553 PhilosOphicw

552 2569 820 2631 Historiis.
877 2572 1047 2641 Usque
1073 2574 1204 2628 enim
1258 2573 1324 2627 ad
1354 2581 1452 2627 tres
1483 2574 1781 2644 hypostases
1817 2572 1971 2627 Plato
2015 2575 2143 2629 dixit

555 2661 781 2716 divinam
802 2666 1073 2718 essentiam
1099 2666 1371 2735 progredi;
1397 2683 1502 2721 esse
1523 2683 1635 2720 vero
1661 2684 1955 2737 supremum
1978 2666 2147 2722 Deum

552 2752 778 2821 Bonum,
808 2764 922 2826 post
944 2772 1058 2810 eum
1099 2758 1379 2812 secundum
1404 2757 1715 2826 Creatorem,
1765 2762 1971 2815 tertium
2014 2762 2145 2815 Ani-

554 2863 693 2915 mam
721 2848 932 2914 mundi;
961 2865 1082 2902 nam
1111 2866 1269 2921 usque
1299 2851 1367 2905 ad
1394 2852 1633 2906 Animam
1683 2855 1927 2925 progredi
1960 2854 2144 2909 Deita-

555 2946 678 3000 (ειη,
710 2947 893 2993 cratera
923 2939 1209 2995 divinitatis
1247 2946 1479 3014 expertia
1527 2946 1751 3017 incipere
1790 2963 1824 3002 ο
1852 2946 2148 3016 differentia

553 3045 816 3100 corporea.
840 3030 936 3086 Hic
965 3032 1121 3103 plane
1140 3043 1223 3090 est
1251 3035 1391 3107 quod
1423 3036 1635 3094 volebat
1652 3037 2005 3110 Augustinus.
2026 3040 2147 3095 Pla-

557 3124 695 3176 tonis
723 3132 777 3177 et
799 3122 996 3181 Plotini
1021 3125 1162 3195 loca,
1190 3142 1309 3184 eam
1352 3129 1406 3185 in
1437 3144 1574 3198 rem,
1602 3132 1792 3188 eodem
1836 3132 1957 3189 loco
1985 3132 2147 3189 habet

559 3212 812 3286 Cyrillus.

623 3304 757 3361 lbid.
790 3306 875 3374 Et,
904 3310 1166 3379 nimirum,
1211 3310 1310 3366 hoc
1350 3312 1506 3380 dixit,
1561 3323 1617 3368 ut
1637 3314 1826 3384 potuit,
1850 3316 1955 3369 sive
1976 3324 2031 3369 ut
2059 3330 2147 3368 uo-

554 3396 671 3463 luit,
703 3400 839 3468 quod
860 3416 954 3455 nos
991 3401 1247 3473 Spiritum
1300 3413 1536 3458 sanctum
1583 3422 1673 3460 nec
1698 3405 1876 3461 Patris
1924 3414 2143 3477 tantum,

555 3510 646 3549 nec
670 3491 800 3551 Filii
822 3506 1037 3565 tantum,
1066 3500 1156 3553 sed
1186 3502 1447 3570 utriusque
1472 3500 1729 3571 Spiritum
1774 3503 2012 3559 dicimus.
2056 3502 2149 3556 Li-

559 3586 690 3643 beris
710 3590 847 3644 enim
860 3593 1019 3646 verbis
1051 3593 1329 3661 loquuntur
1351 3592 1663 3665 philosOplti,
1707 3610 1800 3649 nec
1824 3596 1880 3649 in
1900 3596 2050 3650 rebus
2080 3596 2149 3650 ad

555 3683 943 3757 intelligendum
967 3687 1276 3757 difﬁcillimis
1302 3686 1634 3756 o/fensionem
1676 3690 2033 3761 religiosorum
2056 3707 2153 3744 au-

556 3778 693 3833 rium
726 3779 1108 3851 pertimescunt.
1152 3779 1319 3835 Nobis
1365 3790 1537 3836 autem
1577 3783 1645 3835 ad
1683 3792 1873 3837 certam
1920 3783 2157 3854 regulam

559 3871 698 3944 loqui
722 3873 803 3942 fas
833 3884 923 3940 est,
949 3891 1014 3929 ne
1043 3875 1308 3931 uerborum
1329 3876 1531 3931 licentia
1566 3878 1715 3932 etiam
1744 3878 1807 3934 de
1859 3880 2006 3933 rebus
2046 3894 2159 3949 qua:

559 3966 637 4019 his
665 3966 1043 4037 signiﬁcantur,
1074 3968 1286 4039 impiam
1334 3970 1511 4042 gignat
1563 3969 1899 4043 Opinionem]
1927 3971 2157 4041 Dignum

558 4068 674 4114 erat
700 4067 906 4127 notatu,
943 4076 1011 4117 ne
1034 4062 1269 4132 imperiti
1298 4061 1653 4120 similitudine
1683 4062 2020 4133 fallerentur,
2040 4062 2161 4133 phi-

556 4143 815 4223 losophos
846 4155 970 4212 illos
997 4156 1174 4213 verbis
1205 4157 1419 4229 quidem
1457 4158 1625 4215 videri
1654 4159 1903 4215 assentiri
1919 4159 2160 4228 Scriptu-

557 4261 632 4303 ra:
650 4262 837 4316 sacrae,
852 4251 945 4307 sed
960 4252 1135 4321 reipsa
1149 4253 1547 4311 diversissimos
1562 4254 1731 4311 abire.
1749 4253 2161 4310 Contendebant

558 4341 701 4397 enim
745 4340 1007 4399 Platonici
1035 4352 1143 4401 tres
1170 4362 1290 4402 esse
1317 4348 1668 4415 substantias,
1698 4362 1895 4417 easque
1919 4347 2160 4416 inaequa-

559 4432 659 4503 les,
688 4434 829 4504 quod
860 4435 1015 4491 facile
1042 4437 1307 4508 intelliget
1331 4440 1572 4511 quisquis
1601 4448 1805 4495 attente
1830 4440 2018 4508 legerit
2040 4438 2163 4494 Plo-

566 4525 662 4579 tini
686 4524 781 4580 lib.
815 4527 1186 4596 111,.Enneadis
1214 4545 1287 4596 ix,
1315 4540 1369 4584 et
1388 4541 1534 4586 recte
1554 4531 1985 4586 animadversum
2018 4540 2101 4587 est
2129 4545 2161 4585 a

564 4615 789 4688 Cyrillo,
817 4619 936 4675 loco
965 4630 1121 4677 antea
1152 4634 1450 4678 memorato
1474 4622 1592 4678 libri
1630 4636 1730 4677 Vm
1752 4634 1939 4680 contra
1984 4624 2157 4682 Julia-
2183 4612 2238 4675 D
2265 4629 2565 4685 divinorum

567 4725 715 4765 num.
748 4709 998 4767 Pluribus
1022 4714 1183 4769 etiam
1205 4714 1314 4785 egit
1339 4731 1402 4770 ac
1449 4716 1517 4771 de
1558 4732 1617 4771 re
1654 4716 1888 4773 Joannes
1916 4716 2157 4778 Clericus

564 4803 711 4858 Artis
732 4800 944 4859 Criticae
968 4813 1095 4860 tom.
1117 4806 1365 4879 lll,epist.
1387 4808 1441 4864 7.
1466 4810 1717 4865 Attamen
1736 4826 1841 4867 non
1859 4813 1975 4869 sine
1996 4829 2159 4872 causa

565 4894 905 4953 liberioribus
933 4899 1110 4955 verbis
1138 4900 1484 4971 philosophos
1533 4904 1607 4958 uti
1639 4904 1773 4959 dixit
1800 4906 2153 4977 Augustinus,

566 5005 689 5044 nam
718 4990 791 5046 illi
818 4998 927 5047 tres
951 4992 1080 5049 deos
1099 5003 1283 5065 aperte
1311 5009 1429 5053 esse
1449 4996 1699 5053 dicebant
1723 5007 1833 5055 tres
1878 5001 1995 5056 illas
2020 5003 2161 5069 prin-

542 5082 752 5155 cipales
778 5083 1120 5151 substantias;
1148 5086 1291 5158 quod
1312 5088 1536 5160 alii,qui
1591 5104 1683 5145 eas
1731 5106 1950 5162 prorsus
2000 5108 2156 5163 pares

566 5190 686 5232 esse
707 5177 984 5246 putabant,
1003 5177 1487 5252 solebantnegare;
1521 5197 1625 5239 non
1656 5185 1917 5256 tamquod
1935 5184 2036 5241 hoc
2060 5186 2157 5240 lal-

568 5287 684 5325 Slllll
717 5280 878 5340 esset,
911 5287 976 5329 ex
1001 5274 1237 5344 ipsorum
1255 5278 1537 5345 sententia,
1587 5278 1632 5333 si
1677 5279 1894 5350 proprie
1939 5281 2057 5349 quis
2082 5282 2162 5336 lo-

570 5364 866 5447 quivellet,
900 5382 1060 5437 quam
1117 5369 1258 5440 quod
1308 5371 1753 5442 pertimescerent
1804 5374 2156 5429 offensionem

572 5458 776 5511 aurium
818 5460 1212 5531 religiosarum,
1243 5479 1360 5535 qua:
1386 5481 1555 5537 passae
1581 5482 1688 5523 non
1710 5477 1891 5524 essent
1913 5467 2017 5522 dici
2041 5468 2160 5539 plu-

575 5563 660 5602 res
685 5564 805 5606 esse
830 5552 994 5623 deos“,
1045 5566 1231 5612 contra
1284 5569 1599 5630 perpetuum
1654 5560 1818 5616 totius
1867 5559 2160 5630 Scriptura:

573 5657 896 5703 sermonem.

643 5736 776 5811 Cap.
805 5741 894 5798 27.
940 5740 1017 5796 Tu
1045 5751 1213 5797 autem
1238 5745 1461 5799 didicisti
1484 5746 1576 5801 hac
1612 5762 1711 5801 non
1742 5763 1775 5801 a
1795 5743 2039 5817 Platone,
2071 5746 2159 5801 sed

570 5846 604 5887 δ
628 5830 879 5892 Chaldaeis
895 5836 1170 5911 magistris,
1189 5846 1253 5904 ,ιιι
1275 5839 1329 5896 in
1357 5838 1597 5898 (ethereas
1612 5840 1690 5898 vel
1707 5855 1966 5917 empyreas
1984 5840 2160 5899 mundi

2244 1922 2483 1977 nientem
2546 1920 2864 1991 sapientiam
2925 1919 2976 1974 in
2999 1919 3361 1974 concordiam
3402 1918 3666 1987 redigere
3694 1916 3852 1971 curet?

2317 2015 2483 2070 Lmno
2525 2030 2602 2068 ιιι.
2627 2013 2757 2083 Cap.
2787 2013 2840 2068 5.
2888 2011 2949 2067 Si
2984 2012 3185 2082 inﬁnita
3224 2012 3415 2083 spatia
3461 2010 3710 2081 temporis
3758 2018 3848 2061 ante

2244 2108 2499 2160 mundum
2527 2107 2771 2178 cogitant,
2804 2107 2858 2159 in
2883 2105 3062 2176 quibus
3084 2105 3155 2159 eis
3192 2121 3305 2158 non
3354 2103 3575 2157 videtur
3634 2100 3767 2155 Deus
3800 2104 3846 2155 ab

2248 2214 2398 2266 opere
2419 2214 2617 2252 cessare
2642 2198 2886 2268 potuisse,
2912 2197 3146 2252 similiter
3160 2197 3400 2267 cogitent
3424 2206 3585 2250 extra
3621 2194 3843 2247 mundum

2246 2291 2455 2360 inﬁnita
2480 2292 2645 2359 spatia
2664 2291 2923 2355 locorum;
2945 2289 2998 2343 in
3022 2290 3201 2359 quibus
3224 2290 3275 2343 si
3296 2289 3595 2359 quisquam
3618 2286 3748 2339 dicat
3770 2302 3847 2338 non

2250 2384 2474 2454 potuisse
2494 2400 2672 2437 vacare
2698 2382 3331 2451 Omnipotentem,nonne
3354 2396 3676 2450 consequens
3703 2379 3786 2431 erit
3801 2388 3843 2430 ut

2248 2477 2648 2532 innumerabiles
2666 2476 2883 2530 mundos
2904 2492 3019 2529 cum
3036 2473 3273 2545 Epicuro
3296 2475 3576 2528 somniare
3602 2471 3844 2540 cogantur!

2252 2568 2384 2642 etc.]
2409 2570 2516 2626 Sed
2547 2570 2593 2625 si
2623 2571 2743 2640 quis
2763 2569 3087 2625 concederet
3114 2583 3209 2637 per
3251 2566 3540 2621 inﬁnitam
3574 2563 3748 2618 mundi
3771 2578 3841 2615 ex-

2252 2665 2555 2720 tensionem
2583 2678 2703 2719 esse
2754 2663 2948 2732 ubique
2975 2661 3153 2716 varias
3180 2661 3476 2715 variarum
3531 2668 3691 2726 atque
3720 2656 3842 2709 innu-

2251 2759 2595 2814 merabilium
2623 2768 2992 2812 creaturarum
3016 2756 3415 2825 habitationes,
3449 2752 3627 2824 qualis
3652 2760 3729 2807 est
3748 2750 3837 2805 btet

2252 2860 2435 2906 nostra
2464 2859 2630 2915 terra,
2661 2859 2716 2904 et
2753 2849 2938 2917 quales
2978 2847 3212 2918 majores
3263 2847 3348 2902 illi
3384 2847 3624 2916 planetae
3654 2845 3735 2915 qui
3762 2857 3838 2897 no-

2251 2944 2459 3000 biscum
2488 2943 2778 2999 volvuntur
2800 2943 2945 2997 circa
2992 2942 3165 2996 solem
3212 2950 3509 3007 nostrum;
3568 2954 3674 2995 non
3722 2944 3834 2993 esset

2255 3053 2352 3094 cur
2376 3038 2533 3092 valde
2568 3036 2667 3092 sibi
2697 3052 2727 3091 a
2757 3034 3199 3113 philosophorum
3252 3033 3607 3106 argumentis
3630 3035 3833 3095 timeret;

2253 3141 2309 3188 et
2333 3132 2399 3187 ad
2430 3132 2711 3201 theologos
2737 3128 2950 3201 quidem
2983 3126 3125 3198 quod
3149 3127 3373 3195 attinet,
3431 3137 3643 3183 tacente
3664 3124 3832 3180 revela-

2172 3229 2221 3294 C
2252 3230 2420 3295 tione,
2450 3228 2579 3283 nihil
2609 3236 2693 3282 est
2714 3226 2852 3297 quod
2899 3226 3001 3279 hac
3027 3225 3094 3280 de
3124 3241 3185 3280 re
3219 3235 3615 3282 asseveranter
3661 3220 3829 3277 dicant.

2251 3319 2616 3378 Contenderet
2645 3319 2735 3374 ille
2756 3334 2849 3374 eos
2872 3317 2939 3373 de
2961 3316 3073 3373 Deo
3102 3318 3260 3372 nimis
3275 3315 3727 3381 exilitersentire,
3752 3312 3823 3381 qui

2254 3414 2456 3471 incolas
2502 3412 2557 3468 in
2589 3412 2689 3466 hac
2745 3420 2949 3465 tantum
2973 3410 3170 3481 exigua
3198 3419 3364 3465 terra:
3393 3408 3631 3481 glebula,
3664 3415 3828 3472 eosque

2252 3517 2336 3565 sat
2364 3506 2589 3561 miseros
2618 3504 2956 3571 collocasset,
2990 3518 3090 3559 nec
3121 3503 3419 3574 quidquam
3443 3501 3609 3565 aliud,
3640 3513 3729 3570 per
3751 3496 3826 3549 iut-

2256 3615 2441 3656 tnensa
2470 3598 2653 3654 mundi
2689 3599 2882 3669 spatia,
2925 3598 3150 3652 rationis
3177 3595 3476 3667 particeps,
3505 3591 3731 3661 exceptis
3754 3602 3827 3641 an-

2257 3695 2412 3766 gelis,
2444 3697 2709 3756 creasset;
2740 3701 2927 3747 contra
2951 3705 3078 3746 vero
3105 3704 3196 3745 eos
3251 3688 3419 3759 digne
3457 3687 3525 3743 de
3549 3687 3652 3740 Deo
3677 3677 3821 3751 loqui.

2258 3791 2347 3860 qui
2366 3790 2559 3844 inﬁniti
2580 3788 2785 3859 Opiﬁcis
2806 3788 3011 3845 inﬁnita
3030 3802 3252 3844 numero
3267 3802 3439 3859 opera
3458 3800 3579 3841 esse
3598 3782 3824 3838 dicerent-

2259 3884 2378 3939 Huc
2406 3883 2725 3939 accederent
2753 3899 2871 3955 quae
2904 3882 3245 3938 doctissimus
3283 3897 3350 3937 ac
3400 3875 3822 3951 ingeniosissimus

2261 3975 2670 4031 mathematicus
2712 3990 2774 4031 ac
2828 3976 3078 4046 physicus
3131 3973 3476 4030 Christianus
3525 3964 3820 4042 Huygenius,

2263 4066 2319 4122 in
2340 4082 2439 4123 suo
2458 4065 2870 4133 Cosmotheoro,
2893 4067 3098 4122 dicitde
3112 4066 3453 4135 planetarum
3468 4065 3746 4120 vicinorum
3762 4058 3821 4110 in-

2264 4162 2419 4218 colis.
2452 4161 2535 4218 Ad
2565 4162 2902 4216 durationem
2926 4175 3054 4215 vero
3082 4159 3223 4230 quod
3272 4170 3487 4230 spectat
3512 4159 3721 4219 diceret,
3741 4163 3820 4205 non

2265 4270 2387 4312 esse
2416 4254 2553 4309 hanc
2588 4264 2781 4309 terram
2815 4250 3427 4324 primumhabitaculum
3452 4241 3819 4317 intelligentiam

2265 4362 2575 4406 naturarum
2602 4365 2632 4403 a
2656 4350 2766 4404 Deo
2790 4357 3052 4413 creatum,
3073 4362 3171 4401 nec
3194 4346 3487 4417 quidquam
3508 4346 3708 4400 obstare
3723 4348 3817 4405 quo-

2266 4444 2460 4511 minus,
2503 4452 2560 4497 ut
2599 4442 2644 4496 si
2706 4455 2884 4496 rerum
2936 4439 3341 4494 universitatem
3399 4440 3629 4493 lustrare
3668 4440 3817 4500 aggre‘

2265 4538 2540 4603 deremur,
2573 4550 2843 4605 nunquam
2866 4531 3347 4603 perveniremusad
3365 4532 3605 4587 ultimum
3628 4532 3814 4594 operum

2624 4644 2637 4680 :
2694 4627 2771 4682 sic
2827 4640 3038 4695 quoque
3114 4625 3158 4678 si
3223 4626 3553 4695 praeteritam
3614 4612 3815 4672 duratio-

2260 4736 2558 4794 nem,quae
2592 4719 2745 4774 initio
2794 4719 2986 4783 caruit,
3032 4716 3388 4787 contemplari
3439 4715 3613 4770 animo
3664 4716 3814 4777 posse-

2260 4832 2400 4882 mus,
2433 4826 2487 4870 et
2509 4813 2648 4869 scire
2678 4820 2797 4883 qua;
2828 4812 2881 4865 in
2908 4825 2971 4866 ea
2993 4820 3139 4881 gesta
3176 4811 3284 4865 sint
3322 4826 3352 4864 a
3382 4810 3516 4876 Deo,
3566 4802 3698 4859 nolla
3735 4811 3813 4851 un-

2261 4923 2421 4978 quam
2472 4912 2717 4961 creatura
2746 4900 2898 4958 nobis
2947 4900 3368 4973 regredientibus
3397 4902 3449 4956 in
3507 4891 3810 4969 praeterlapsa

2264 5002 2463 5058 saecula
2510 5007 2758 5056 occurret
2809 5012 2930 5066 quae
2982 4997 3153 5066 prima
3211 4996 3450 5051 omnium
3500 4990 3601 5047 dici
3646 4987 3808 5056 posset.

2263 5095 2373 5153 Nec
2418 5094 2612 5150 mirum
2646 5102 2747 5157 est,
2784 5090 2828 5146 si
2857 5089 2945 5145 hic
2966 5098 3091 5144 sunt
3117 5088 3479 5155 difﬁcultates,
3516 5098 3628 5140 cum
3664 5085 3808 5131 sermo

2262 5187 2422 5244 sitde
2448 5185 2695 5250 inﬁnito;
2730 5183 2821 5239 sed
2849 5188 3072 5253 prmstat
3091 5181 3328 5252 cogitare
3382 5180 3448 5235 de
3491 5172 3809 5263 ofﬁciis‘ql‘l'm

2262 5279 2416 5336 nobis
2443 5279 2690 5350 imposita
2719 5292 2750 5331 a
2775 5276 2888 5332 Deo
2914 5284 3058 5342 sunt,
3085 5290 3243 5345 quam
3272 5273 3338 5329 de
3367 5275 3429 5328 iis
3452 5285 3583 5342 quae,
3613 5280 3667 5320 ex
3687 5254 3802 5350 judi-

2261 5373 2345 5429 cio
2374 5344 2559 5428 nostro
2593 5371 2899 5437 vacillante,
2931 5344 3172 5439 Deus,isi
3202 5368 3274 5422 ita
3306 5367 3450 5437 loqui
3502 5364 3577 5419 ias
3613 5367 3700 5420 est,
3742 5344 3805 5403 ia‘

2263 5483 2386 5524 cere
2409 5465 2596 5522 debuit
3751 5535 3760 5548 .

2336 5562 2465 5632 Cap.
2497 5562 2553 5617 8.
2584 5557 3063 5617 Conuenientissime
3086 5559 3275 5627 itaque,
3290 5570 3405 5608 cum
3452 5549 3605 5605 Deum
3645 5551 3803 5639 requte‘

2263 5655 2392 5709 uisse
2418 5652 2716 5727 prophetica
2738 5660 2913 5706 narrat
2943 5651 3218 5705 auctoritas
3237 5691 3253 5717 ,
3297 5646 3599 5722 signiﬁcatur
3642 5639 3797 5733 "quid

2263 5763 2439 5802 eorum
2469 5746 2625 5817 quiin
2647 5746 2739 5800 illo
2766 5745 3106 5817 requiescunt,
3135 5752 3181 5799 et
3209 5760 3330 5815 quos
3362 5742 3482 5815 facit
3521 5738 3619 5809 ipse
3642 5734 3800 5820 requ'

2266 5856 2423 5898 scere.
2450 5811 2636 5913 ]'Nibil
2664 5811 2842 5910 potuit
2888 5835 3060 5909 magis
3092 5811 3531 5905 tcoactum'ﬁngi,
3567 5824 3625 5883 ad
3662 5811 3799 5885 θιρίί·
