4060 6364
202 312 339 379 νη
933 312 1291 371 VARIORUM
1328 310 1930 379 EXERCITATIQNES
1968 314 2034 371 lN
2072 315 2132 373 S.
2175 317 2549 378 AUGUSTINI
2587 319 2838 383 OPERA.
3416 323 3528 388 478

206 428 470 485 candam
492 428 724 498 quietem
744 427 957 498 septimi
984 429 1090 487 diei
1106 472 1122 498 ,
1144 445 1264 502 quae
1293 446 1399 485 non
1444 436 1623 501 potest
1668 438 1825 485 auter
1851 434 1909 492 Α
1932 429 2254 502 interpretes
2272 436 2625 491 ostenderunt
2642 439 2723 509 agi
2737 450 2925 497 revera
2954 436 3065 493 illic
3081 451 3187 493 non
3201 436 3268 495 de
3289 453 3522 511 persona

203 521 468 591 intelligi
490 519 735 590 quamde
761 521 1058 577 cessatione
1110 522 1420 589 creationis,
1471 520 1543 576 ita
1587 527 1646 573 ut
1689 522 1829 579 nulla
1936 524 2041 578 ulla
2066 539 2214 593 vera,
2245 528 2340 582 sed
2369 533 2498 585 κατὰ
2527 533 2941 609 προσωποποιίαν
2988 531 3057 588 de
3099 533 3377 604 sapientia,
3403 551 3524 605 quae

206 613 493 684 deinceps
520 627 656 667 nova
678 627 858 668 rerum
885 628 1079 684 genera
1120 616 1381 671 creaverit
1420 615 1591 686 Deus;
1616 628 1673 673 ut
1705 632 1833 673 con-
1938 616 2132 674 divinae
2159 622 2408 677 essentia:
2437 634 2519 678 est
2543 625 2879 682 attributum.
2915 631 3166 683 Attamen
3207 629 3297 683 illa
3348 631 3523 686 ambi-

205 713 337 760 stat
371 720 441 759 ex
473 720 532 759 re
563 705 674 773 ipsa
718 714 775 760 et
803 705 1125 774 optimorum
1177 721 1512 779 quorumque
1558 712 1828 781 interpre-
1935 711 2137 779 guitate
2167 713 2317 767 multi
2348 712 2533 770 Patres
2563 728 2688 772 sunt
2712 720 2881 774 abusi.
2931 720 3063 776 Vide
3114 722 3331 795 Dionys.
3363 724 3522 780 Peta-

210 804 343 852 tum
375 796 768 853 consensu.Eo
816 798 1031 853 devenit
1077 798 1406 869 Augustinus
1456 810 1513 855 ut
1534 803 1831 871 responde-
1936 804 2077 858 vium
2108 804 2297 876 Dogm.
2333 809 2616 878 tbeologic.
2643 820 2770 865 tom.
2798 812 2839 865 ll
2864 854 2879 878 ,
2916 814 3021 868 'lib.
3054 830 3128 879 Vl,
3151 830 3267 885 cap.
3302 816 3355 871 9.
3417 816 3525 872 Sed

206 899 307 945 ret
340 890 636 960 objectioni
665 890 1001 946 ethnicorum
1026 891 1464 961 pllilOSOphOl‘Utn
1498 937 1513 962 ,
1559 896 1649 965 qui
1676 895 1832 951 dicti-
1934 896 2227 950 notandum
2249 897 2601 968 Augustinum
2616 900 2797 956 dicere
2814 902 3069 972 Spiritum
3090 916 3330 961 sanctum
3358 907 3525 978 ipsum

206 985 422 1039 tabam
460 984 774 1040 indecorum
818 1000 939 1042 esse
968 986 1080 1041 Deo
1104 987 1404 1057 quiescere,
1429 990 1579 1060 quasi
1608 989 1826 1047 fessum.
1934 1003 2131 1057 quoque
2158 989 2489 1044 substantiam
2518 1006 2657 1057 esse.
2682 993 2823 1047 unde
2848 993 3014 1063 liquet
3040 995 3274 1066 singulos
3304 997 3437 1053 alios
3457 1000 3526 1054 ab

208 1078 469 1134 Rutilius
489 1078 1115 1135 Numatianusltinerarii
1136 1096 1280 1136 vers.
1305 1082 1429 1137 591.
1934 1095 1999 1135 eo
2017 1081 2248 1138 creditos
2272 1097 2391 1139 esse
2408 1084 2717 1139 substantias
2746 1085 3050 1154 distinctas,
3098 1090 3340 1158 quamvis
3371 1106 3526 1161 pares

1933 1180 1989 1226 et
2016 1172 2502 1242 conjunctissimas.

170 1178 190 1244 ί
355 1192 581 1304 ΞθἸριὶῐηε
602 1205 810 1255 quaeque
833 1193 941 1242 dies
969 1196 1100 1264 turpi
1114 1194 1334 1245 damnata
1352 1202 1581 1265 veterno,

465 1268 672 1304 annuam
696 1256 855 1304 lassati
875 1254 1033 1304 mollis
1057 1259 1218 1304 imago
1248 1258 1360 1304 Dei.

465 1268 672 1317 anquam
696 1254 855 1306 lassati
875 1254 1033 1305 mollis
1052 1254 1218 1320 imago
1248 1258 1360 1308 Dei.

212 1359 294 1414 At
318 1357 575 1414 desinere
596 1374 731 1430 npus
769 1359 1039 1429 quoddam
1089 1360 1265 1416 lacere
1319 1377 1440 1417 cum
1477 1370 1560 1417 est
1608 1361 1825 1417 absolu-

213 1458 373 1517 tum,
398 1450 656 1505 indicium
681 1459 764 1505 est
784 1449 1088 1520 sapientiae,
1122 1468 1228 1507 non
1259 1452 1686 1522 defetigationis;
1736 1470 1830 1510 ne—

215 1556 335 1613 que
370 1543 515 1598 enim
554 1543 694 1598 idem
728 1544 888 1599 debet
914 1559 1130 1615 semper
1168 1544 1304 1601 ﬁeri.

298 1635 439 1707 Cap.
476 1637 561 1692 11.
589 1636 829 1701 Quamvis
859 1655 962 1692 non
1002 1639 1252 1710 quidquid
1304 1651 1548 1695 aeternum
1588 1643 1828 1698 continuo

217 1726 437 1783 beatum
462 1729 527 1782 sit
576 1728 783 1800 (dicitur
819 1732 951 1783 enim
985 1732 1139 1784 etiant
1173 1731 1386 1802 poenalis
1412 1734 1544 1802 ignis
1563 1735 1827 1807 aeternus),

2003 1264 2133 1334 Cap.
2167 1265 2256 1321 29.
2282 1265 2376 1321 Illi
2403 1268 2587 1340 quippe
2607 1268 2775 1338 angeli
2804 1270 2969 1324 sancti
3014 1286 3116 1323 non
3159 1288 3248 1341 per
3267 1271 3417 1326 verba
3445 1288 3528 1326 so-

1934 1362 2110 1414 nantia
2140 1359 2571 1433 Deumdiscunt.]
2602 1362 2780 1418 Facile
2824 1362 2927 1419 hoc
2972 1367 3371 1433 concesserim;
3432 1366 3527 1422 sed

1933 1454 2195 1509 rationem
2222 1470 2324 1525 qua
2353 1455 2444 1510 Dei
2479 1457 2697 1527 imperia
2733 1459 2997 1527 accipiant
3044 1459 3253 1528 ignoro.
3277 1461 3348 1515 At
3372 1468 3528 1515 norat

1934 1546 2283 1616 Augustinus,
2318 1548 2407 1617 qui
2436 1547 2516 1603 sic
2547 1548 2857 1619 pergit:sed
2885 1567 2973 1621 per
2994 1551 3160 1621 ipsam
3200 1554 3528 1621 pra’sentiam

1932 1636 2267 1692 immutabilis
2294 1639 2536 1705 veritatis,
2567 1638 2663 1693 hoc
2684 1649 2778 1708 est,
2801 1641 3008 1694 verbum
3029 1644 3142 1713 ejus
3185 1644 3522 1714 unigenitum.

1936 1731 2074 1788 Sunt
2104 1732 2319 1802 quidem
2351 1731 2465 1787 huic
2490 1738 2649 1787 verba
2691 1743 2744 1788 et
2776 1749 2961 1802 voces,
3007 1734 3103 1790 sed
3144 1736 3337 1807 quibus
3369 1751 3528 1806 quam

218 1828 406 1876 tamen
432 1823 477 1876 si
506 1839 617 1877 vere
646 1823 963 1895 perfectaque
994 1825 1138 1879 beata
1154 1827 1256 1879 vita
1281 1829 1485 1882 nonnisi
1515 1840 1705 1883 (eterna
1733 1840 1827 1897 est,
1860 1821 1908 1881 Β
1933 1832 2253 1894 poleSlalem
2284 1823 2572 1893 SUbjicel'el
2618 1826 2848 1895 scriptor
2904 1828 3017 1897 ipse
3052 1827 3162 1895 ViX,
3216 1837 3274 1881 ut
3316 1826 3528 1898 Opinor,

220 1930 338 1968 non
365 1923 475 1968 erat
504 1913 623 1967 talis
641 1917 852 1969 istorum
877 1917 1178 1989 quandoque
1204 1917 1451 1985 desitum,
1481 1930 1527 1973 et
1564 1932 1832 1995 propterea

218 2023 337 2059 non
363 2017 577 2074 (eterna,
619 2008 722 2061 sive
746 2008 800 2061 id
822 2009 1027 2076 scirent,
1060 2009 1162 2064 sive
1191 2011 1464 2066 nescientes
1497 2013 1640 2065 aliud
1680 2023 1831 2084 puta-

220 2098 390 2172 rent.]
422 2099 615 2156 Nescio
642 2116 738 2156 cur
766 2102 976 2157 inanem
1006 2102 1145 2160 hanc
1174 2106 1524 2175 quaestionem
1550 2108 1713 2178 agitet
1744 2107 1832 2162 hic

220 2194 587 2264 Augustinus.
622 2194 728 2250 Sed
750 2195 1001 2263 libenter,
1035 2206 1092 2251 ut
1139 2198 1570 2255 animadverterit
1608 2200 1832 2268 quicun-

223 2302 337 2356 que
360 2286 477 2356 ejus
497 2301 658 2357 opera
687 2288 882 2357 legent,
911 2303 1004 2342 sua
1034 2288 1200 2357 ipsius
1227 2291 1441 2360 repetit.
1467 2289 1601 2345 Vide
1621 2292 1674 2346 in
1695 2302 1826 2346 tom.

224 2377 295 2432 lll
319 2393 456 2448 opus
477 2377 545 2433 de
567 2378 760 2433 Genesi
784 2378 850 2432 ad
872 2379 1129 2445 litteram,
1158 2379 1256 2435 lib.
1285 2397 1361 2446 χι,
1383 2396 1504 2451 cap.
1530 2380 1618 2447 16,
1642 2390 1695 2437 et
1711 2398 1829 2452 quae

224 2471 343 2526 illic
365 2471 761 2526 adnotavimus.

300 2562 436 2635 Cap.
464 2566 551 2619 15.
589 2564 739 2630 Quod
762 2564 824 2617 ab
855 2563 1002 2618 initio
1034 2564 1265 2619 diabolus
1288 2575 1483 2633 peccat,
1515 2582 1618 2619 non
1646 2565 1709 2618 ab
1730 2564 1832 2617 ini-

227 2659 302 2711 tio
336 2673 399 2712 ea:
422 2674 520 2728 quo
540 2667 737 2711 creatus
764 2666 838 2711 est
862 2675 1072 2729 peccare
1097 2659 1353 2729 putandus
1369 2667 1441 2713 est
1463 2676 1480 2724 ;
1520 2658 1608 2712 sed
1633 2659 1694 2712 ab
1734 2659 1832 2712 ini-

228 2750 302 2801 tio
331 2750 543 2819 peccati,
570 2750 708 2818 quod
736 2751 798 2803 ab
828 2751 991 2821 ipsius
1009 2753 1247 2821 superbia
1270 2753 1472 2821 cwperit
1503 2768 1609 2806 esse
1657 2768 1834 2821 pecca-

230 2852 366 2895 tum.
383 2840 612 2913 ]Quidni
635 2842 703 2897 ab
725 2842 879 2898 initio
900 2844 1106 2909 mundi,
1133 2854 1193 2898 ut
1214 2844 1439 2898 innuere
1456 2844 1664 2899 videtur
1680 2844 1832 2898 Chri-

231 2944 352 2989 stus
410 2935 630 2991 Joannis
687 2951 797 3001 vm,
825 2935 917 3001 44,
972 2952 1078 3008 quo
1126 2936 1287 2991 etiam
1320 2936 1516 3005 respici
1544 2939 1612 2990 ab
1643 2937 1833 2991 eodem

234 3030 483 3099 apostolo
513 3028 718 3084 Joanne
748 3029 766 3083 Ι
801 3030 972 3099 Epist.
1002 3045 1082 3097 lli,
1107 3030 1161 3098 8,
1197 3045 1301 3085 non
1354 3030 1535 3098 inepte
1588 3030 1834 3084 credide-

233 3124 346 3178 ris?
375 3121 462 3177 Sic
489 3123 715 3178 sumitur
740 3123 946 3177 initium
974 3139 1083 3179 non
1111 3124 1306 3191 semel,
1366 3123 1508 3193 apud
1548 3122 1826 3181 Joannem.

233 3212 372 3269 Vide
398 3214 600 3285 Evang.
628 3231 748 3285 cap.
775 3231 815 3282 1,
854 3216 904 3271 Ι.

230 3306 239 3313 ’
306 3304 438 3376 Cap.
473 3308 558 3364 19.
590 3308 711 3362 Νοη
736 3309 862 3362 mihi
891 3309 1086 3363 videtur
1137 3309 1198 3363 ab
1246 3310 1481 3380 operibus
1514 3309 1614 3366 Dei
1646 3310 1832 3365 absur-

238 3400 305 3452 da
334 3398 493 3469 (forte
512 3399 725 3471 absona)
755 3403 1025 3467 sententia,
1049 3402 1092 3455 si
1115 3418 1230 3455 cum
1262 3402 1353 3455 lux
1374 3401 1468 3455 illa
1491 3404 1661 3475 prima
1697 3402 1835 3472 facta

237 3500 329 3559 est,
358 3492 523 3563 angeli
553 3493 709 3546 creati
730 3493 1103 3562 intelliguntur,
1158 3504 1205 3548 et
1235 3495 1367 3548 inter
1404 3504 1607 3549 sanctos
1662 3514 1828 3566 ange-

241 3584 317 3640 los
339 3595 384 3638 et
412 3587 704 3641 immundos
720 3589 876 3657 fuisse
898 3589 1191 3655 discretum,
1212 3589 1296 3643 ubi
1318 3589 1507 3643 dictant
1524 3600 1597 3645 est
1615 3588 1731 3644 z-Et
1757 3590 1836 3645 di-

241 3681 363 3735 visit
395 3680 532 3735 Deus
561 3682 699 3735 inter
722 3682 891 3737 lucem
917 3691 970 3736 et
992 3682 1273 3748 tenebras;
1326 3696 1380 3739 et
1431 3685 1642 3740 vocavit
1688 3684 1832 3739 Deus

241 3773 414 3829 lucent
466 3774 627 3842 diem,
689 3784 741 3830 et
798 3775 1051 3831 tenebras
1092 3775 1306 3831 vocavit
1360 3774 1635 3848 noctem.]
1691 3776 1834 3831 Nihil

246 3868 371 3924 Inibi
385 3866 611 3923 alienius
628 3883 748 3924 esse
767 3868 976 3923 videtur
993 3868 1094 3923 hoc
1110 3868 1587 3938 interpretamento
1607 3883 1637 3924 a
1656 3878 1835 3923 mente

246 3974 303 4022 et
326 3965 505 4021 verbis
526 3965 686 4020 Mosis
703 3981 719 4030 ;
738 3980 838 4020 nec
857 3980 1009 4031 sane,
1031 3967 1075 4020 si
1100 3976 1343 4035 negetur,
1362 3964 1467 4019 ulla
1484 3964 1692 4020 ratione
1716 3978 1835 4033 pro-

248 4058 361 4115 bari
387 4057 599 4127 poterit.
628 4058 830 4113 Sensus
868 4057 1030 4111 Mosis
1060 4042 1305 4112 litteralis
1351 4056 1585 4126 optimus
1612 4064 1666 4111 et
1722 4054 1836 4123 pul-

251 4150 543 4206 cherrimus
563 4158 665 4216 est,
699 4147 866 4203 Deum
890 4147 1137 4203 divisisse
1158 4163 1319 4204 omne
1345 4157 1550 4217 tempus
1579 4148 1635 4201 in
1662 4147 1834 4201 lucem

253 4254 304 4301 et
330 4244 599 4307 tenebras,
629 4258 733 4310 qua
762 4242 829 4297 de
858 4257 917 4296 re
946 4242 1052 4312 egit
1078 4240 1313 4296 Joannes
1333 4240 1574 4295 Clericus
1598 4240 1652 4293 in
1676 4238 1836 4294 Cont-

254 4347 414 4394 ment.
447 4337 780 4408 Philologico
801 4335 867 4391 ad
899 4333 1097 4392 Genes.
1122 4351 1160 4399 ι,
1186 4334 1241 4389 4.
1261 4333 1378 4388 Tali
1404 4347 1569 4388 sensu
1592 4333 1831 4397 invento,

256 4432 343 4503 qui
381 4447 442 4488 se
482 4440 673 4502 sponte
727 4443 823 4484 sua
879 4428 1058 4484 animo
1087 4427 1378 4499 legentium
1422 4427 1613 4498 ingerit
1672 4424 1831 4481 alium

256 4540 486 4596 quaerere
511 4533 655 4581 esset
683 4523 937 4579 delirare.

320 4618 450 4688 Cap.
473 4617 566 4674 24.
600 4618 783 4672 Utrum
805 4624 973 4672 autem
1003 4616 1119 4671 boni
1146 4613 1319 4670 Patris
1339 4625 1386 4669 et
1414 4614 1531 4669 boni
1560 4613 1687 4670 Filii
1703 4615 1829 4686 Spi-
1857 4592 1909 4655 D

258 4712 380 4766 ritus
399 4719 626 4777 sanctus,
656 4710 773 4780 quia
800 4710 1084 4764 communis
1107 4709 1350 4764 ambobus
1371 4718 1467 4776 est,
1512 4720 1648 4765 recte
1694 4710 1835 4764 boni-

263 4810 333 4854 tas
369 4800 485 4857 dici.
509 4802 667 4870 possit
701 4800 962 4855 amborum
984 4818 1086 4855 non
1114 4803 1277 4856 audeo
1306 4800 1624 4856 temerariam
1652 4802 1837 4872 ρηεεὶ-

259 4893 417 4962 pitare
454 4893 776 4959 sententiam,
823 4905 1165 4951 verumtamen
1210 4896 1474 4949 amborum
1517 4912 1633 4949 eum
1670 4897 1838 4951 dicere

264 4985 567 5041 sanctitatem
596 4984 800 5056 facilius
825 5003 978 5041 ausus
1022 4989 1185 5057 fuero,
1219 5006 1322 5044 non
1381 4989 1644 5042 amborum
1691 4989 1839 5060 quasi

265 5076 568 5151 qualitatem,
595 5076 686 5131 sed
708 5077 877 5146 ipsum
920 5095 1118 5150 quoque
1156 5080 1508 5147 substantiam,
1540 5091 1590 5135 et
1631 5083 1834 5137 tertiam

266 5172 312 5226 in
342 5170 584 5226 Trinitate
610 5165 924 5243 personam]
953 5169 1060 5225 Has
1086 5173 1448 5229 incommodas
1502 5174 1830 5237 locutiones.

269 5278 385 5335 quas
413 5264 616 5320 invenit
639 5260 988 5332 Augustinus,
1015 5275 1110 5315 cur
1135 5262 1191 5317 in
1220 5264 1538 5337 theologiam
1560 5267 1831 5322 intromis-

271 5373 346 5414 sas
370 5368 586 5430 cuperet
636 5371 742 5412 non
772 5354 1046 5425 intelligo;
1091 5368 1213 5410 cum
1267 5357 1380 5426 ipse
1435 5357 1662 5414 fateatur
1709 5375 1830 5425 esse

271 5453 544 5523 ambiguas,
592 5461 645 5507 et
684 5450 977 5519 Scriptura:
1022 5448 1251 5519 ignotas.
1310 5449 1405 5504 Est
1450 5460 1625 5506 autem
1672 5451 1831 5521 plane

271 5550 399 5607 abuti
425 5562 692 5615 sermone,
718 5560 838 5601 cum
866 5546 984 5601 sine
999 5543 1338 5608 necessitate,
1364 5545 1415 5597 in
1440 5558 1501 5598 re
1525 5559 1619 5612 per
1644 5557 1701 5597 se
1727 5543 1832 5598 dif-

272 5642 508 5711 ﬁcillima,
531 5641 793 5712 ambigua:
821 5640 1116 5695 locutiones
1143 5638 1482 5693 adhibentur.
1530 5636 1721 5691 Fateor
1748 5636 1831 5692 la-

272 5734 481 5792 bricatas
504 5735 598 5790 has
635 5734 796 5788 luisse
821 5734 889 5789 ad
916 5730 1200 5801 exemplar
1249 5730 1364 5800 eius
1394 5743 1495 5799 qua
1547 5727 1643 5783 Dei
1668 5727 1833 5784 Filius

274 5835 500 5893 censetur
511 5826 613 5884 dici
626 5824 978 5885 Proverb.vnt
988 5826 1103 5898 ejus
1116 5824 1399 5897 sapientia;
1418 5822 1517 5885 sed
1529 5821 1835 5883 doctissimi
1850 5909 1859 5915 .

956 5980 1042 6000 fr.
1060 5994 1076 6001 -.

1935 1917 2180 1973 dixisset.
2215 1917 2350 1972 Vide
2373 1927 2554 1973 notata
2576 1919 2641 1973 ad
2674 1918 2769 1974 lib.
2802 1935 2875 1985 Ix,
2908 1935 3028 1990 cap.
3082 1919 3168 1973 29..

2004 2010 2138 2066 lbid.
2167 2009 2395 2082 Eamque
2436 2028 2543 2067 esse
2563 2009 2952 2081 inseparabilem
2986 2011 3314 2079 Trinitatem,
3350 2018 3529 2083 singu-

1936 2102 2110 2173 lasque
2130 2102 2183 2154 in
2209 2119 2269 2156 ea
2288 2117 2534 2173 personas
2552 2118 2662 2156 esse
2695 2119 2854 2156 unant
2899 2103 3259 2170 substantiam,
3292 2113 3339 2157 et
3366 2113 3530 2158 tamen

1936 2210 2106 2250 omnes
2137 2210 2237 2248 non
2266 2202 2367 2249 tres
2390 2194 2531 2261 deos,
2563 2195 2652 2249 sed
2690 2211 2869 2261 unum,
2916 2198 2989 2248 ita
3038 2203 3304 2264 noverunt,
3355 2204 3411 2248 ut
3458 2195 3531 2249 eis

1934 2286 2098 2357 magis
2128 2286 2224 2338 ista
2251 2302 2403 2356 quant
2432 2303 2525 2340 nos
2550 2285 2653 2359 ipsi
2672 2288 2859 2357 cogniti
2887 2285 3107 2360 sumus.]
3159 2288 3214 2343 Si
3272 2302 3530 2358 unaquae-

1934 2395 2038 2450 que
2061 2395 2289 2450 persona
2319 2387 2403 2436 est
2452 2396 2557 2432 una
2606 2378 2913 2444 substantia,
2966 2381 3188 2435 totidem
3242 2389 3366 2434 sunt
3406 2379 3530 2434 sub-

1935 2471 2145 2527 stantiae
2174 2482 2302 2542 quot
2331 2486 2616 2541 personae:
2652 2486 2753 2526 nec
2813 2469 3137 2525 dillitebatur
3175 2471 3527 2540 Augustinus.

1935 2561 2070 2618 Vide
2089 2562 2156 2618 ad
2180 2578 2297 2633 cap.
2332 2562 2402 2615 24
2432 2571 2487 2619 et
2518 2562 2734 2634 Dionys.
2784 2564 3058 2620 Petavium
3110 2562 3302 2633 Dogm.
3355 2561 3529 2616 Theo-

1935 2657 2230 2727 logicorum
2254 2669 2385 2711 tom.
2417 2655 2481 2721 ll,
2510 2656 2607 2711 lib.
2638 2672 2709 2720 IV,
2742 2671 2861 2725 cap.
2895 2653 2950 2709 4.
2981 2655 3234 2710 Attamen
3273 2669 3415 2724 saepe
3445 2653 3529 2708 af-

1934 2749 2113 2804 ﬁrmat
2144 2766 2300 2803 unam
2322 2766 2429 2803 esse
2453 2748 2813 2815 substantiam,
2842 2762 2963 2802 cum
2986 2761 3166 2802 sermo
3186 2756 3270 2801 est
3318 2746 3387 2801 de
3413 2746 3530 2801 uni-

1934 2852 2043 2898 tate
2069 2842 2341 2913 specilica,
2384 2850 2440 2896 ut
2487 2842 2775 2912 loquuntur
2796 2842 3128 2903 scholastici,
3163 2855 3269 2896 non
3298 2840 3366 2894 de
3416 2840 3529 2895 uni-

1937 2947 2044 2993 tate
2067 2938 2363 2992 numerica.
2396 2936 2612 2991 Planius
2636 2937 2737 2991 hac
2766 2936 2833 2991 de
2867 2951 2928 2991 re
2960 2935 3076 3005 ipse
3101 2933 3430 3005 Augustinus
3475 2933 3529 2990 in

1936 3029 2089 3086 libris
2118 3030 2187 3083 de
2209 3028 2495 3084 Trinitate.

2009 3123 2173 3178 Ltano
2209 3139 2302 3177 xu.
2331 3123 2460 3192 Cap.
2495 3121 2749 3195 7.3Nemo
2799 3122 2958 3194 igitur
2983 3132 3176 3192 quatrat
3222 3121 3516 3193 efficientem

1855 3202 1902 3275 ε
1935 3234 2143 3273 causam
2166 3216 2300 3272 male
2324 3218 2634 3283 uoluntatis;
2664 3234 2765 3272 non
2791 3218 2925 3271 enim
2975 3217 3211 3287 efﬁciens,
3261 3216 3349 3270 sed
3399 3214 3530 3284 deﬁ-

1938 3316 2111 3380 ciens;
2134 3314 2255 3385 quia
2279 3329 2367 3367 nec
2387 3312 2587 3381 eﬂ‘ectio
2616 3320 2709 3382 est,
2770 3311 2858 3366 sed
2880 3309 3144 3384 defectio.]
3164 3311 3313 3365 Malae
3336 3310 3530 3363 uolitio-

1938 3408 2039 3477 nis,
2067 3421 2189 3460 nam
2217 3406 2287 3459 ita
2315 3419 2435 3459 cum
2466 3403 2838 3474 scholasticis,
2896 3388 3127 3459 vitandae
3171 3402 3530 3474 ambiguitatis

1937 3499 2127 3570 gratia,
2158 3496 2368 3567 loquar,
2402 3511 2561 3551 causa
2589 3495 2827 3551 efﬁciens
2848 3498 2932 3551 est
2960 3495 3228 3562 voluntas,
3254 3504 3347 3549 aut
3377 3508 3531 3550 mens

1939 3594 2134 3659 libera;
2158 3608 2277 3664 qua:
2299 3591 2623 3661 ignorantia,
2654 3591 3030 3662 imprudentia,
3064 3601 3153 3647 aut
3181 3589 3374 3646 aﬁ‘ectu
3401 3605 3526 3660 pec-

1938 3705 2063 3747 care
2083 3697 2279 3760 potest.
2305 3688 2529 3743 Peccata
2555 3687 2699 3744 enim
2729 3703 2837 3744 non
2884 3697 3007 3743 sunt
3030 3687 3187 3756 nihil,
3244 3685 3339 3743 sed
3388 3701 3530 3741 verte

1938 3785 2176 3840 actiones
2199 3782 2423 3847 utentis;
2454 3797 2585 3853 quas
2633 3797 2965 3853 unaquaeque
2998 3797 3174 3851 mens,
3228 3780 3480 3836 facultate
3500 3796 3530 3839 a

1938 3875 2051 3932 Deo
2077 3885 2317 3945 accepta,
2344 3875 2506 3930 edere
2538 3882 2733 3943 potest.
2784 3875 2975 3930 inanes
3018 3882 3144 3929 sunt
3197 3871 3530 3932 subtiliorum

1939 3982 2093 4036 :equo
2123 3966 2563 4036 philosophorum
2621 3965 3079 4033 ratiocinationes,
3133 3964 3327 4036 quibus
3376 3962 3530 4017 nobis

1939 4059 2263 4129 persuadere
2280 4060 2477 4114 vellent
2504 4057 2558 4114 id
2585 4072 2692 4112 non
2720 4072 2841 4114 esse
2861 4057 3002 4127 quod
3028 4057 3080 4111 in
3099 4056 3253 4112 nobis
3281 4055 3382 4125 ipsi
3409 4069 3530 4111 setis

1940 4152 2122 4204 timus.
2146 4150 2277 4205 Vide
2304 4159 2458 4205 notas
2486 4149 2551 4204 ad
2576 4159 2706 4204 tom.
2739 4149 2801 4205 Vl
2827 4152 2879 4205 in
2908 4148 3276 4205 Enchiridium
3298 4147 3365 4203 ad
3386 4147 3529 4205 Lau-

1938 4245 2170 4300 rentium
2197 4258 2318 4312 cap.
2353 4245 2439 4299 11.

2010 4336 2141 4406 Cap.
2175 4337 2318 4409 lO,§
2356 4336 2410 4391 2.
2462 4333 2675 4389 Fallunt
2715 4336 2800 4389 eos
2847 4336 3082 4403 quadam
3128 4334 3528 4390 mendacissimte

1940 4431 2142 4495 litterte,
2173 4445 2300 4500 quas
2328 4428 2610 4499 perhibent,
2653 4430 2706 4481 in
2751 4428 2968 4483 historia
3017 4438 3317 4499 temporum,
3367 4429 3528 4482 multa

1940 4538 2193 4577 annorum
2220 4520 2384 4575 millia
2406 4523 2693 4586 continere;
2724 4537 2841 4574 cum
2860 4537 2924 4576 ex
2943 4520 3150 4575 Litteris
3179 4522 3335 4577 sacris
3362 4521 3423 4575 ab
3452 4522 3527 4574 in-

1935 4617 2174 4671 situtione
2192 4615 2411 4669 hominis
2441 4615 2668 4668 nondum
2697 4612 2949 4683 completa
2972 4629 3220 4669 annorum
3248 4629 3338 4669 sea:
3362 4613 3527 4668 millia

1936 4706 2326 4781 computemus.|
2357 4708 2614 4778 iteSpicit.
2648 4716 2707 4762 ut
2737 4707 2968 4774 videtur,
2999 4706 3332 4778 Augustinus
3358 4707 3527 4777 potis-

1935 4804 2132 4859 simum
2209 4803 2415 4858 litteras
2478 4800 2861 4872 Egyptiacas,
2934 4816 3065 4871 quas
3139 4800 3524 4871 antiquissimis

1938 4897 2270 4968 temporibus
2295 4912 2399 4951 non
2431 4895 2866 4967 chronologicum
2914 4898 3198 4962 calculum,
3230 4894 3325 4950 sed
3351 4904 3525 4949 astro-

1939 4991 2207 5045 nomicam
2236 4991 2511 5059 periodum
2530 4990 2807 5045 continere
2837 5002 2995 5046 acute
3041 5000 3203 5059 atque
3248 4988 3524 5057 ingeniose

1938 5084 2175 5140 ostendit
2195 5084 2428 5140 Joannes
2456 5084 2808 5151 Marsltamus,
2842 5084 2894 5139 in
2923 5090 3314 5162 προκατασκευῇ
3355 5078 3524 5133 Chro-

1938 5178 2043 5232 nici
2073 5176 2324 5232 Canonis.
2358 5176 2462 5233 Sed
2493 5186 2649 5232 antea
2670 5190 2950 5247 perperam
2980 5187 3219 5243 tempora
3236 5184 3366 5227 vere
3384 5185 3523 5240 pra:-

1941 5269 2169 5338 terlapsa
2192 5283 2253 5323 ea
2281 5268 2499 5337 periodo
2529 5267 2792 5324 contineri
2816 5280 3128 5337 persuasum
3170 5270 3305 5319 erat.

2008 5360 2139 5431 Cap.
2176 5360 2262 5414 12.
2286 5358 2481 5415 Contra
2508 5375 2603 5415 eos
2632 5359 2721 5428 qui
2752 5357 2910 5413 nimis
2934 5363 3208 5411 recentem
3260 5351 3520 5408 mundum

1936 5467 2058 5509 esse
2084 5453 2473 5522 querebantur:
2509 5452 2570 5507 Si
2624 5451 2835 5504 breuitas
2872 5465 2956 5502 eos
2999 5446 3209 5513 o/fendit
3255 5446 3516 5514 temporis,

1936 5549 2071 5618 quod
2101 5556 2203 5601 tam
2224 5548 2375 5617 pauci
2409 5547 2480 5600 eis
2502 5545 2734 5605 videntur
2762 5542 2901 5608 anni,
2926 5558 2990 5597 ea
3030 5558 3131 5612 quo
3146 5541 3405 5597 institutus
3427 5544 3519 5595 lto-

1935 5657 2018 5695 nto
2045 5641 2229 5695 nostris
2259 5639 2642 5693 auctoritatibus
2669 5637 2882 5707 legitur;
2904 5636 3223 5691 considerent
3260 5636 3388 5690 nihil
3415 5652 3519 5691 esse

1936 5732 2254 5797 diuturnum,
2280 5733 2331 5785 in
2351 5748 2449 5800 quo
2474 5741 2547 5785 est
2585 5730 2780 5801 aliquid
2808 5741 3107 5796 extremum,
3125 5742 3173 5785 et
3207 5730 3376 5784 omnia
3422 5744 3516 5782 sa:-

1936 5826 2165 5884 culorum
2185 5825 2353 5897 spatia
2382 5824 2613 5897 deﬁnita,
2654 5826 2697 5883 si
2721 5825 2993 5885 teternitati
3020 5826 3355 5885 interminata:
3373 5838 3511 5880 com-
