4060 6364
572 356 673 412 479

1455 353 2003 413 SUPPLEMENTUM
2044 356 2135 411 AD
2172 354 2397 412 OPERA
2438 357 2494 413 S.
2540 354 2924 414 AUGUSTINI.

3731 351 3844 410 480

568 479 824 539 parentur,
842 485 942 523 non
958 466 1481 539 exiguamtelligenda
1503 484 1629 536 esse,
1647 467 1735 521 sed
1757 466 1948 537 nullm]
1974 466 2144 524 Acute
2170 473 2221 532 Α
2247 472 2323 525 cis
2352 470 2532 525 nescio
2560 470 2752 540 quibus
2775 470 3001 539 placitis,
3032 468 3207 523 omnia
3239 476 3362 523 sunt
3394 469 3638 525 obscura.
3702 469 3845 527 llinc

568 579 695 617 sane
722 570 776 618 et
803 561 1033 625 erudite;
1064 574 1185 614 nam
1234 558 1503 614 hominem
1553 558 1829 613 laudamus
1879 574 2033 629 atque
2078 560 2140 613 li.

566 654 775 719 benter,
826 668 887 707 ac
911 668 941 707 a
970 650 1147 706 minus
1176 660 1324 706 recte
1380 652 1647 707 sentiente
1668 652 2015 707 discedimus.
2042 653 2146 707 ita-

566 764 667 818 que
689 757 893 815 tempus
914 745 1133 815 longum
1153 752 1207 800 et
1228 746 1387 800 breve
1408 746 1603 800 dicitur
1624 756 1869 814 respectu
1897 746 2146 802 humana:

564 844 704 906 vitm,
731 856 835 894 non
874 839 1209 906 mternitatis,
1243 854 1351 908 pra:
1381 853 1482 908 qua
1515 841 1692 892 omnia
1724 847 1963 907 tempora
2004 839 2147 894 nulla

562 944 705 989 sunt.
751 932 855 988 Sed
921 931 1199 986 audiamus
1248 942 1302 986 et
1346 932 1619 1001 sequentia
1656 949 1667 984 ε
1718 932 1789 983 Ac
1830 948 1919 1001 per
1958 932 2070 997 hoc,
2104 932 2149 985 si

562 1042 662 1079 non
703 1026 941 1093 quinque,
976 1023 1050 1077 vel
1097 1039 1206 1093 sex,
1255 1040 1426 1078 verum
1471 1025 1621 1091 etiam
1663 1025 1935 1093 sexaginta
1955 1025 2142 1089 millia,

561 1118 659 1171 sive
679 1125 912 1170 sexcenta
932 1123 1019 1168 aut
1040 1115 1289 1183 sexagies,
1316 1124 1404 1167 aut
1425 1116 1695 1169 sexcenties
1713 1114 1898 1168 millies
1921 1115 2150 1168 diceren-

562 1220 645 1266 tur
672 1227 957 1275 annorum;
980 1220 1067 1264 aut
1101 1211 1276 1264 itidem
1303 1192 1392 1278 per
1423 1212 1567 1265 toties
1590 1211 1804 1264 totidem
1846 1211 2155 1279 multiplica-

562 1317 700 1360 retur
720 1307 825 1359 haec
847 1321 1068 1370 summa,
1095 1304 1182 1357 ubi
1203 1308 1319 1375 jam
1339 1305 1539 1357 nullum
1566 1305 1767 1358 numeri
1794 1320 1973 1358 nomen
1997 1306 2153 1359 liabe-

562 1416 749 1465 remus,
770 1416 832 1452 ea:
854 1415 951 1467 quo
976 1398 1116 1451 Deus
1137 1398 1391 1451 hominem
1413 1399 1564 1468 fecit;
1588 1399 1823 1453 similiter
1854 1400 2016 1464 quwri
2038 1416 2154 1467 pos-

562 1502 632 1547 set
659 1502 872 1547 curante
886 1507 985 1544 non
1000 1491 1194 1560 fecerit.
1210 1490 1396 1544 Omnia
1410 1491 1641 1560 egregie,
1662 1491 1731 1544 ita
1746 1500 1803 1545 ut
1817 1490 1949 1545 nihil
1964 1491 2154 1545 melius

562 1579 894 1635 dicibancin
927 1595 1040 1634 rem
1095 1579 1349 1653 potuerit.
1401 1578 1698 1647 Aliquando
1751 1577 1935 1631 mirari
1991 1577 2156 1631 subiit

560 1676 873 1745 "-criptorem
933 1674 1238 1739 eruditum,
1291 1672 1655 1741 singularique
1704 1671 1903 1741 alioqui
1950 1670 2153 1740 judicio

564 1770 837 1841 praeditum
864 1770 953 1840 qui
974 1770 1255 1840 quaestioni
1300 1782 1455 1836 quam
1488 1767 1589 1821 sibi
1621 1767 1707 1820 bic
1751 1765 2001 1836 proponit
2041 1766 2154 1819 Au-

2246 563 2581 618 somniathic
2607 572 2787 615 noster
2810 574 3031 631 tempora
3068 569 3274 627 wterna,
3335 561 3427 615 sed
3482 577 3599 631 qure
3654 571 3848 617 tamen

2247 670 2347 706 non
2380 653 2563 724 fuerint
2589 652 2696 706 Deo
2724 664 3004 718 coteterna;
3034 654 3185 721 quasi
3228 653 3426 720 aliquid
3471 654 3633 721 magis
3680 664 3850 710 atter-

2248 760 2373 799 num
2405 761 2559 813 quam
2587 745 2728 799 aliud
2760 755 3014 800 mternum
3037 759 3157 799 esse
3184 747 3378 813 possit!
3409 746 3680 815 Siquidem
3730 748 3849 815 ille,

2250 838 2441 906 inquit,
2474 848 2591 892 ante
2621 848 2845 908 tempora
2872 848 3061 892 «eterna
3114 855 3214 891 non
3266 841 3430 893 solum
3477 852 3604 905 erat,
3667 858 3853 896 verum

2249 930 2401 982 etiam
2459 930 2611 983 vitam
2669 929 2899 999 promisit
2949 940 3231 998 wternam,
3288 947 3439 997 quam
3493 934 3851 1003 manifestavit

2252 1020 2558 1090 temporibus
2583 1022 2708 1086 suis,
2736 1021 2790 1073 id
2816 1030 2889 1074 est
2918 1022 3175 1093 congruis,
3208 1022 3330 1092 quid
3358 1024 3501 1077 aliud
3520 1041 3683 1093 quam
3727 1024 3853 1078 Ver-

2251 1110 2371 1162 bum
2394 1114 2578 1165 suum?
2599 1110 2714 1164 Hoc
2755 1113 2887 1165 enim
2916 1120 2987 1165 est
3016 1114 3113 1165 vita
3141 1124 3346 1168 aeterna.
3382 1114 3497 1169 Non
3519 1116 3703 1169 dicam
3736 1128 3855 1169 ante

2252 1206 2580 1258 teternitatem
2605 1219 2724 1259 esse
2756 1205 2888 1259 nihil
2931 1219 3119 1275 posse;
3153 1206 3249 1261 sed
3293 1209 3643 1276 Augustinum
3684 1209 3855 1263 ratio-

2254 1310 2376 1350 nem
2404 1296 2698 1365 praebuissa
2728 1298 2935 1350 Arianis
2963 1298 3212 1352 eludendi
3240 1300 3404 1353 multa
3430 1300 3542 1353 loca
3574 1301 3854 1367 antiquio-

2256 1401 2373 1441 rum
2404 1388 2610 1456 synodo
2657 1387 2868 1442 Nicazna
2926 1389 3161 1456 Patrum,
3216 1390 3281 1444 de
3330 1392 3631 1445 aeternitate
3694 1393 3852 1460 Filii;

2256 1492 2412 1547 quem
2443 1479 2631 1533 eodem
2655 1493 2813 1533 sensu
2845 1494 2909 1533 ac
2946 1478 3032 1533 hic
3065 1480 3296 1549 loquitur
3320 1482 3672 1551 Augusﬁnus,
3703 1496 3855 1537 ωερε·-

2256 1585 2381 1623 num
2413 1569 2639 1625 describi
2670 1570 2849 1625 dicere
2866 1582 3172 1640 patuerunt,
3199 1572 3323 1626 dum
3349 1573 3490 1627 Patri
3513 1586 3855 1629 coaeternum

2258 1660 2543 1729 negabant.
2575 1661 2678 1715 Sed
2728 1662 2867 1729 quod
2911 1664 3050 1717 Deus
3088 1667 3379 1733 promisisse
3399 1666 3561 1719 vitam
3586 1678 3855 1721 aeternam

2257 1751 2455 1806 dicitur
2482 1760 2605 1807 ante
2634 1752 2721 1807 illa
2754 1763 2989 1823 tempora
3015 1772 3132 1825 quae
3178 1766 3365 1810 (eterna
3410 1759 3779 1823 vocabantur,
3806 1760 3855 1813 id

561 1865 804 1934 gustinus
827 1863 1121 1932 reponebat
1142 1859 1399 1915 mundum
1421 1859 1647 1913 fortasse
1660 1872 1779 1912 esse
1794 1858 2149 1928 antiquiorem

2265 1846 2494 1913 proiecto
2568 1843 2917 1913 Augustinum
2977 1846 3265 1903 admonere
3322 1848 3507 1902 debuit
3554 1850 3854 1921 signiﬁcari

562 1970 719 2027 quam
733 1955 889 2024 vulgo
904 1955 1060 2009 hodie
1071 1952 1322 2017 creditur,
1339 1950 1477 2021 quod
1491 1950 1728 2006 calculus
1742 1949 1884 2005 LXX
1901 1950 2161 2019 interpre-

562 2056 675 2103 tum
695 2047 867 2116 major
883 2048 953 2101 sit
979 2046 1185 2102 calculo
1208 2044 1451 2100 llebraici
1467 2043 1688 2100 codicis.
1714 2042 1867 2110 Quod
1889 2058 2158 2113 nunquam

565 2138 812 2205 dixisset,
866 2137 1006 2193 side
1060 2140 1163 2192 boc
1208 2137 1489 2207 Augustini
1541 2150 1799 2206 responso
1854 2136 2159 2205 cogitasset.

564 2232 672 2289 Sed
695 2232 939 2302 quamvis
964 2233 1036 2286 sit
1058 2230 1418 2295 verissimum,
1445 2243 1777 2299 nequaquam
1813 2226 2002 2281 minuit
2024 2226 2163 2281 difﬂ-

565 2325 818 2379 cultatem
849 2324 1195 2393 propositam,
1227 2337 1294 2377 ex
1341 2337 1445 2391 qua
1500 2335 1711 2389 semper
1752 2330 2008 2389 sequetur
2066 2317 2162 2373 Dei

564 2417 854 2472 bonitatem
876 2415 1135 2470 inﬁnitam
1152 2415 1296 2469 nulla
1326 2415 1408 2469 sui
1432 2412 1623 2467 indicia
1648 2411 1864 2467 dedisse
1890 2428 1984 2481 per
2003 2421 2160 2465 teter-

565 2511 783 2564 nitatem
815 2508 1071 2577 praeteriti
1104 2507 1379 2576 temporis.
1412 2505 1767 2573 Philosophos
1823 2502 2155 2574 phil050phi-

566 2603 642 2657 cis
672 2601 967 2656 rationibus
996 2582 1233 2656 coerceri
1284 2608 1533 2668 oportere
1559 2612 1679 2651 cum
1711 2607 1915 2651 certum
1950 2596 2039 2662 sit,
2073 2595 2157 2650 di-

566 2708 749 2749 camus
767 2693 854 2759 iis,
887 2694 929 2747 si
962 2694 1031 2746 ita
1060 2691 1288 2755 videtur,
1322 2706 1427 2744 non
1464 2700 1699 2744 nostram
1747 2688 2009 2743 duntaxat
2053 2688 2159 2743 tel-

574 2784 746 2839 lurem
786 2795 840 2838 et
866 2784 1039 2839 vicina
1068 2784 1271 2852 aliquot
1318 2797 1542 2852 corpora
1572 2798 1603 2836 a
1648 2782 1758 2836 Deo
1787 2796 1907 2836 esse
1941 2789 2158 2845 creata;

568 2876 663 2930 sed
695 2875 1105 2932 innumerabilia
1134 2875 1257 2939 alia,
1294 2874 1451 2944 longe
1479 2884 1763 2942 antequam
1796 2884 1943 2930 esset
1976 2882 2161 2927 noster

567 2967 655 3022 hic
686 2976 844 3020 terra:
875 2966 1115 3036 planetu;
1141 2965 1211 3019 ita
1252 2974 1309 3019 ut
1355 2966 1401 3019 si
1456 2965 1883 3020 internoscerent
1932 2979 2157 3033 operum

575 3058 786 3112 illorum
805 3058 1112 3113 divinorum
1126 3073 1367 3127 quaenam
1385 3057 1585 3127 priora,
1603 3056 2161 3127 qutenam'posteriora

569 3160 749 3205 creata
782 3151 909 3217 sint,
945 3160 1165 3217 possent
1214 3150 1280 3203 ab
1311 3150 1411 3203 hac
1456 3159 1635 3204 nostra
1692 3159 1833 3204 terra
1877 3164 2163 3203 numerare

2266 1938 2521 1992 duntaxat
2542 1938 2838 2008 antiquiora
2864 1939 3068 1993 Veteris
3099 1939 3425 1995 Testamenti
3451 1950 3725 2010 tempora.
3761 1946 3854 1997 At-

2267 2040 2443 2084 tamen
2473 2045 2539 2084 ne
2569 2029 2669 2084 hoc
2694 2031 2908 2099 quidem
2938 2030 3327 2087 animadvertit.
3365 2034 3632 2098 Quomodo
3680 2047 3854 2089 autem

2264 2123 2524 2193 promisit,
2584 2123 2775 2192 inquit,
2829 2125 2966 2193 quod
3017 2124 3300 2180 hominibus
3343 2128 3514 2198 utique
3560 2131 3855 2197 pronaisait

2263 2217 2351 2285 qui
2369 2217 2589 2270 nondum
2617 2224 2755 2269 erant
2774 2224 2891 2270 ante
2910 2226 3136 2288 tempora
3166 2229 3373 2285 (eterna,
3409 2221 3509 2274 nisi
3534 2222 3743 2290 quiaiiu
3782 2222 3854 2291 ip.

2262 2308 2368 2361 sius
2404 2308 2682 2361 wternitate
2708 2318 2856 2377 atque
2883 2310 2936 2362 in
2968 2310 3078 2378 ipso
3105 2312 3212 2380 ejus
3242 2310 3405 2366 Verbo
3438 2313 3600 2366 eidem
3630 2323 3848 2366 coemer-

2264 2417 2331 2453 no
2343 2402 2456 2471 jam
2484 2402 2928 2473 prtedestinatione
2956 2403 3117 2471 ﬁxum
3138 2416 3247 2457 erat
3295 2406 3431 2474 quod
3482 2422 3574 2459 suo
3624 2417 3853 2476 tempore

2264 2498 2495 2565 futurum
2516 2496 2662 2549 erat?
2687 2494 2875 2551 Posset
2896 2497 2999 2550 hoc
3018 2495 3196 2566 aliquo
3222 2497 3379 2551 modo
3410 2497 3555 2565 ferri,
3584 2498 3631 2551 si
3652 2499 3853 2553 dictum

2264 2584 2451 2640 fuisset
2476 2588 2539 2640 ab
2568 2598 2775 2655 (eterna,
2801 2589 2896 2644 sed
2917 2599 3034 2643 ante
3055 2601 3283 2658 tempora
3310 2602 3500 2646 ceterna
3530 2576 3851 2660 promittere,

2262 2692 2361 2748 pro
2391 2678 2529 2746 apud
2558 2693 2617 2734 se
2641 2680 2709 2734 ab
2757 2689 2958 2737 aeterno
2999 2683 3249 2738 statuisse
3270 2683 3418 2749 dare,
3449 2684 3566 2740 sine
3604 2687 3853 2755 exemplo

2263 2780 2365 2824 est.
2398 2771 2547 2838 Quod
2574 2772 2804 2838 mireris,
2857 2773 2943 2829 hic
2985 2775 3098 2843 ipse
3139 2773 3463 2844 Augustinus
3516 2779 3658 2831 circa
3709 2777 3848 2831 idem

2263 2868 2472 2932 tempus
2498 2878 2607 2933 quo
2654 2863 2767 2919 haec
2789 2864 3025 2934 scripsit,
3077 2867 3266 2935 partim
3299 2882 3482 2922 verum
3526 2883 3753 2923 sensum
3785 2870 3851 2923 lo-

2262 2953 2492 3008 cutionls
2533 2954 2760 3024 hujusce
2812 2956 3000 3012 sensit.
3056 2957 3147 3012 Sic
3187 2968 3372 3013 contra
3399 2959 3849 3025 Priscillianistas,

2264 3061 2382 3116 cap.
2408 3047 2442 3103 6
2470 3063 2485 3100 :
2514 3046 2580 3100 Et
2609 3048 2738 3102 dixit
2768 3050 3044 3117 Apostolus
3065 3059 3255 3105 (eterna
3305 3061 3531 3121 tempora
3586 3055 3769 3123 piiora
3811 3062 3852 3106 et

2263 3140 2494 3208 antiqua,
2522 3141 2657 3209 quod
2680 3141 2732 3194 in
2755 3139 2934 3195 Greece
2954 3141 3139 3213 legitur
3158 3147 3257 3222 πρὸ
3280 3146 3483 3222 χρόνων
3508 3149 3743 3201 αἰωνίων.
3781 3148 3851 3199 Ad

567 3241 1005 3311 retrogradiendo
1062 3244 1113 3295 in
1169 3242 1438 3311 przeterita
1506 3252 1805 3311 temporum
1862 3242 2055 3312 Spatia,
2102 3244 2155 3296 in
2185 3229 2230 3292 C
2262 3228 2435 3282 Titum
2456 3232 2587 3283 enim
2609 3232 2853 3299 scribens,
2885 3242 2987 3288 etc.
3018 3233 3287 3291 Hactenus
3308 3237 3542 3305 optime,
3590 3238 3684 3292 sed
3730 3236 3850 3291 audi

569 3336 761 3389 saecula
794 3335 1135 3401 saeculorum,
1180 3349 1281 3390 nec
1336 3350 1565 3404 unquam
1611 3335 1892 3405 pervenire
1938 3334 2009 3386 ad
2057 3349 2151 3388 an-

570 3428 924 3497 tiquissimum
961 3443 1185 3497 operum
1243 3428 1563 3483 divinorum.
1616 3428 1856 3495 Quomoo
1953 3436 2154 3482 .ontra-

572 3521 705 3573 rium
731 3519 1017 3588 probarent
1040 3534 1145 3573 non
1174 3519 1348 3584 video,
1380 3534 1479 3574 nec
1534 3519 1824 3589 quidquam
1876 3522 1964 3573 hic
2010 3520 2155 3573 dice-

572 3621 693 3666 rent
714 3611 853 3679 quod
882 3618 1065 3664 contra
1091 3610 1399 3665 inﬁnitatem
1428 3610 1582 3678 spatii
1612 3621 1666 3665 et
1695 3612 1903 3665 numeri
1923 3613 2153 3680 partium

574 3700 857 3769 cujuslibet
880 3701 1120 3769 corporis
1152 3700 1256 3754 dici
1302 3716 1405 3755 non
1436 3701 1633 3770 possit;
1682 3716 1803 3772 qua:
1846 3711 2022 3756 tamen
2072 3703 2159 3755 in-

573 3795 749 3849 ﬁnitas
772 3794 1313 3849 demonstrationibus
1335 3795 1724 3850 mathematicis
1749 3794 1952 3849 nititur.
1981 3796 2161 3864 Itaque

577 3886 808 3955 superba
838 3886 1275 3954 philosophorum
1304 3886 1515 3955 ingenia
1551 3900 1617 3951 eo
1647 3885 1807 3941 modo
1853 3886 2065 3940 retundi
2109 3892 2164 3937 ct

577 3979 639 4033 ad
664 3979 1015 4032 modestiores
1037 3979 1386 4048 cogitationes
1418 3979 1609 4034 adduci
1651 3990 1888 4049 possent.
1951 3978 2164 4049 Aliquid

578 4070 683 4140 iam
709 4080 864 4126 antea
893 4072 990 4126 hac
1010 4069 1077 4125 de
1106 4087 1164 4125 re
1193 4072 1443 4138 diximus,
1472 4071 1615 4141 quod
1666 4071 1903 4141 expendi
1926 4087 1955 4125 a
1994 4072 2166 4141 philo-

578 4162 777 4231 scphiae
807 4163 988 4233 peritis
1018 4164 1283 4231 cupimus.

649 4251 777 4323 Cap.
811 4255 892 4309 16.
926 4253 1064 4307 Dicit
1089 4256 1241 4307 etiam
1272 4255 1543 4322 Apostolus
1574 4264 1803 4325 tempora
1832 4265 2041 4319 aeterna,
2079 4270 2168 4309 nec

581 4363 638 4401 ea
669 4350 863 4416 futura,
889 4348 975 4400 sed
1000 4347 1139 4416 quod
1181 4350 1341 4417 magis
1389 4357 1461 4402 est
1504 4351 1712 4414 mirum,
1769 4350 2046 4419 praeterita.
2080 4349 2171 4403 Sic

583 4441 716 4492 enim
757 4440 827 4491 ait
864 4439 991 4508 (Tit.
1016 4439 1140 4506 1,2,
1166 4441 1223 4507 5)
1254 4458 1265 4491 :
1298 4441 1352 4493 In
1398 4456 1544 4508 spem
1578 4441 1697 4494 vitae
1747 4450 1959 4498 aeternae
2011 4456 2168 4510 quam

584 4530 827 4600 promisit
870 4545 975 4583 non
1026 4529 1249 4583 mendax
1300 4530 1435 4583 Deus
1482 4541 1606 4583 ante
1653 4540 1903 4597 tempous
1934 4539 2168 4595 aeterna;

2260 3321 2545 3376 locutionis
2572 3323 2689 3392 ejus
2711 3326 2901 3379 miram
2934 3328 3195 3382 rationem
3233 3346 3245 3381 :
3277 3328 3404 3383 Cum
3448 3338 3617 3384 autem
3666 3340 3851 3385 retror-

2255 3429 2369 3468 sum
2416 3423 2638 3486 tempora
2682 3432 2715 3469 a
2753 3419 3107 3474 constitutione
3147 3422 3324 3475 mundi
3360 3422 3542 3477 habere
3587 3425 3849 3493 videantur,

2258 3506 2483 3573 initium,
2518 3508 2770 3579 quomodo
2804 3522 2924 3566 sunt
2978 3524 3186 3583 (eterna,
3221 3516 3320 3569 nisi
3363 3517 3483 3586 quia
3507 3526 3703 3571 aeterna
3727 3520 3850 3573 dixit

2259 3616 2373 3669 quae
2392 3612 2508 3654 ante
2529 3618 2583 3656 se
2603 3620 2704 3657 non
2733 3604 2913 3658 habent
2935 3605 3102 3660 ullum
3134 3610 3372 3678 tempus?
3414 3611 3503 3665 Sic
3539 3626 3668 3681 ergo
3698 3629 3848 3667 mun-

2261 3692 2361 3746 dus
2383 3706 2561 3761 posset
2592 3693 2696 3748 dici
2722 3704 2964 3762 aeternus,
2992 3700 3136 3767 quia,
3167 3715 3237 3754 ex
3277 3700 3516 3755 doctrina
3545 3704 3845 3773 Augustini,

2264 3794 2386 3839 ante
2414 3800 2473 3840 se
2500 3800 2603 3840 non
2638 3787 2821 3842 habuit
2849 3798 3079 3860 tempus,
3112 3806 3231 3847 cum
3262 3795 3586 3851 creationem
3606 3798 3727 3866 ejus
3744 3797 3847 3853 sola

2264 3881 2611 3935 antecesserit
2638 3883 2931 3938 aeternitas.
2964 3884 3094 3951 Quis
3117 3894 3294 3941 tamen
3332 3886 3496 3941 terret
3530 3889 3669 3944 inter
3703 3890 3850 3945 Chri-

2266 3973 2466 4027 stianos
2492 3974 2758 4031 dicentem
2792 3977 3044 4034 mundum
3088 3995 3208 4035 esse
3236 3983 3534 4037 aeternum?
3562 3983 3691 4051 Qua:
3737 4001 3847 4040 cum

2269 4062 2340 4115 ita
2371 4067 2476 4117 sint
2502 4068 2665 4120 miror
2692 4066 3022 4125 Parisienses
3048 4071 3304 4138 editores,
3322 4088 3441 4127 cum
3474 4085 3698 4143 possent
3718 4076 3849 4146 Hug.

2274 4155 2515 4211 Grotium
2546 4159 2847 4226 consulere,
2880 4171 2937 4215 ut
2983 4163 3118 4216 alios
3167 4166 3597 4233 prmtermittatn,
3647 4168 3701 4222 in
3762 4170 3851 4222 hac

2269 4251 2714 4323 interpretatione
2760 4256 3100 4325 acquiescere
3141 4258 3396 4325 potuisse.
3443 4260 3549 4315 Sed
3597 4260 3685 4314 hic
3720 4261 3850 4315 idem

2273 4350 2421 4403 locus
2445 4349 2846 4419 Hieronymum,
2878 4349 3045 4403 multo
3077 4351 3371 4419 Augustino
3404 4351 3725 4421 doctiorem,
3754 4364 3849 4409 ton

2275 4449 2435 4503 serat,
2460 4449 2518 4493 ut
2542 4440 2704 4509 liquet
2726 4455 2787 4495 ex
2814 4441 2913 4494 hac
2930 4442 3045 4509 ejus
3063 4442 3401 4497 adnotatione
3431 4443 3485 4497 in
3505 4459 3656 4513 cap.|
3686 4446 3847 4515 Epist.

2277 4532 2343 4585 ad
2371 4533 2572 4597 Titum,
2594 4532 2683 4585 ubi
2716 4543 3006 4587 memorata
3037 4534 3310 4589 creatione
3337 4537 3516 4589 mundi
3561 4548 3615 4591 et
3659 4540 3850 4605 tenipo.

587 4620 942 4675 manit‘estavit
965 4631 1139 4674 autem
1171 4622 1500 4688 temporibus
1553 4621 1661 4674 suis
1706 4620 1938 4675 Verbum
1990 4637 2164 4676 suum.
2197 4617 2247 4675 D
2272 4627 2365 4693 ris,
2396 4626 2472 4680 sic
2502 4629 2671 4695 pergit
2698 4644 2711 4679 :
2737 4627 2863 4681 Ante
2889 4626 2995 4681 [nec
3030 4628 3186 4696 igitur
3224 4632 3400 4683 mundi
3431 4641 3679 4699 tempora,
3706 4644 3846 4687 wter:

590 4713 717 4766 Ecce
738 4712 865 4763 dixit
893 4724 1024 4764 retro
1052 4712 1187 4776 quod
1233 4711 1445 4780 fuerint,
1482 4727 1595 4781 qua:
1622 4720 1789 4764 tamen
1830 4726 1931 4764 non
1979 4715 2169 4782 fuerint

588 4800 882 4873 coteterna.]
913 4802 1208 4872 Antequam
1238 4803 1457 4858 ulterius
1484 4804 1812 4872 progrediar,
1843 4805 2007 4859 verbo
2035 4807 2171 4859 indi-

588 4894 719 4947 cabo
754 4907 933 4947 veram
964 4893 1065 4946 loci
1095 4894 1433 4949 sententiam.
1468 4894 1673 4969 Χρόνοι,
1710 4910 1920 4964 nempe,
1956 4900 2167 4962 αἰῶνιοι,

588 4999 644 5041 ut
676 4987 891 5041 docebit
917 4986 1063 5056 Hugo
1089 4986 1321 5053 Grotius,
1347 4999 1469 5042 sunt
1511 4991 1724 5058 antiqua
1755 4998 2017 5060 tempora,
2066 4991 2171 5045 lle-

589 5082 770 5135 hraice
798 5064 911 5144 DL)?
943 5087 1033 5139 ml
1071 5090 1160 5134 aut
1189 5090 1306 5166 D‘tp
1343 5088 1458 5145 των,
1498 5082 1689 5149 quibus
1733 5084 1910 5138 verbis
1959 5085 2170 5151 longum

592 5183 801 5241 tempus
833 5180 1159 5242 snguincatur
1198 5188 1301 5226 non
1329 5181 1605 5227 aeternum.
1641 5175 1774 5229 Vide
1827 5175 2177 5244 paraphrasin

592 5262 930 5318 Chaldaicam
953 5264 1265 5318 Jonathanis
1314 5263 1471 5319 Mich.
1500 5281 1551 5330 v,
1598 5266 1653 5319 2.
1700 5267 1871 5337 igitur
1924 5268 2025 5322 hoc
2069 5267 2181 5320 vult

522 5364 535 5391 ε⁷
595 5354 880 5421 Apostolus
929 5366 1050 5410 ante
1108 5356 1318 5426 longum
1374 5366 1581 5431 tempus
1652 5360 1966 5429 promissam
2016 5361 2176 5414 vitam

599 5455 847 5499 :eternam
876 5448 1003 5503 olim
1030 5464 1122 5519 per
1152 5450 1399 5506 Messium
1424 5453 1782 5508 revelandam.
1832 5452 1962 5507 Vide
2018 5453 2175 5507 Rom.

598 5549 710 5602 va,
737 5537 843 5604 ‘25;
882 5539 922 5593 ιι
955 5542 1091 5596 Tim.
1124 5559 1162 5608 ι,
1206 5544 1259 5599 9.
1303 5545 1409 5600 Res
1448 5546 1702 5600 Ilebraice
1753 5545 1938 5598 scienti
1986 5554 2039 5598 et
2085 5545 2174 5597 illa

601 5626 717 5683 loca
744 5631 913 5683 aliave
934 5631 1121 5686 similia
1155 5635 1347 5703 legenti
1391 5638 1614 5690 obscura
1663 5649 1780 5689 esse
1821 5636 2019 5704 nequit.
2070 5635 2174 5691 Sed

604 5717 864 5774 Hebraicc
895 5722 1169 5787 nescienti,
1195 5728 1611 5793 scriptoremque
1640 5740 1742 5777 non
1790 5739 1857 5778 ex
1897 5734 2176 5793 perspecto

604 5807 798 5888 lingua:
826 5827 1022 5872 sancta:
1043 5815 1185 5889 stylo
1207 5817 1592 5885 intcrpretauti,
1621 5816 1715 5873 sed
1741 5832 1804 5873 ex
1850 5815 2176 5888 phiIOSOphS.

2274 4721 2481 4771 nitatem
2528 4719 2803 4787 quamdam
2855 4717 3160 4773 steculorum
3198 4722 3352 4791 fuisse
3404 4726 3709 4778 credendum
3764 4736 3849 4789 est,

2274 4810 2455 4877 quibus
2479 4824 2674 4876 semper
2702 4825 2815 4862 cum
2845 4808 2985 4863 Filio
3005 4821 3053 4864 et
3079 4811 3279 4880 Spiritu
3298 4825 3475 4867 sancto
3493 4816 3645 4886 fuerit
3671 4816 3849 4879 Pater;

2278 4911 2345 4966 et,
2363 4912 2416 4954 ut
2437 4902 2622 4963 dicam,
2671 4917 2825 4954 unum
2873 4911 3069 4973 tempus
3113 4903 3209 4958 Dei
3259 4916 3331 4959 est
3371 4909 3533 4961 omnis
3580 4912 3849 4970 teternitas,

2276 4994 2377 5048 imo
2393 4992 2780 5047 innumerabilia
2795 5003 3021 5061 tempora
3035 5006 3173 5063 sunt,
3191 5013 3304 5050 cum
3318 4999 3547 5065 infinitus
3566 5002 3628 5054 sit
3644 5003 3750 5073 ipse
3771 5002 3850 5073 qui

2278 5093 2394 5136 ante
2450 5094 2675 5151 tempora
2718 5100 2865 5137 omne
2922 5094 3119 5154 tempus
3151 5088 3362 5141 excedit.
3389 5089 3512 5157 ,Sea:
3557 5092 3720 5145 millia
3741 5109 3851 5146 ncc-

2282 5176 2403 5228 dum
2431 5177 2589 5229 nostri
2610 5175 2742 5228 orbis
2763 5176 3037 5246 implentur
3063 5180 3207 5241 anni,
3228 5164 3275 5232 et
3296 5192 3513 5249 quantas
3534 5174 3691 5253 prius
3713 5197 3849 5239 a-tcr-

2280 5268 2484 5331 nitates,
2522 5279 2710 5334 quanta
2749 5278 2993 5339 tempora,
3043 5283 3257 5341 quantas
3304 5277 3609 5330 steculorum
3638 5281 3849 5348 origines

2282 5360 2439 5431 fuisse
2455 5360 2809 5415 arbitrandum
2829 5373 2919 5426 est,
2954 5364 3005 5416 in
3033 5365 3209 5433 quibus
3230 5369 3415 5435 angeli,
3452 5372 3639 5439 throni,
3691 5372 3846 5423 domi-

2282 5453 2531 5518 nationes,
2568 5462 2856 5523 cwterteque
2881 5456 3090 5510 virtutes
3114 5459 3394 5512 servierunt
3416 5459 3551 5527 Deo,
3593 5472 3639 5515 et
3674 5464 3848 5530 absque

2282 5556 2561 5612 temporum
2576 5545 2762 5601 vicibus
2793 5558 2943 5616 atque
2972 5552 3237 5621 mensuris,
3260 5551 3604 5622 Deojubente,
3632 5555 3845 5608 substite-

2281 5638 2438 5690 runt?
2457 5636 2615 5705 Igitur
2641 5649 2759 5691 ante
2779 5648 3003 5709 tempora
3026 5651 3215 5695 (eterna
3258 5654 3420 5707 esset,
3471 5654 3594 5699 ante
3627 5646 3843 5714 ingentia

2284 5736 2580 5797 temporum
2612 5731 2803 5798 spatia,
2828 5746 2948 5800 quas
2972 5732 3275 5802 priusquam
3321 5740 3549 5789 mundus
3594 5739 3841 5790 condere-

2285 5830 2370 5877 tur
2395 5822 2725 5881 ellluxerant.
2759 5823 2867 5881 Sed
2895 5826 3075 5883 ethoc
3100 5826 3217 5885 sine
3240 5828 3487 5900 exemplo
3516 5836 3620 5899 est,
3653 5838 3706 5886 et
3731 5843 3845 5900 sup-
