4060 6364
252 306 364 368 181

994 300 1353 361 VARIORUM
1392 300 1986 360 EXERCITATIONES
2024 302 2090 358 IN
2127 301 2182 358 S.
2226 298 2592 359 AUGUSTINI
2633 300 2882 357 OPERA.

3418 303 3524 359 482

252 422 474 494 peditat
496 434 708 490 quoque
738 417 950 474 Arianis
997 433 1148 472 nov-.2
1189 416 1503 473 aeternitatis
1552 417 1845 481 notionem,
1878 418 1924 477 Α
1954 416 2131 471 nullus
2170 414 2269 469 fuit
2297 415 2347 469 in
2383 416 2512 481 Eva,
2545 426 2636 471 aut
2666 425 2813 474 certe
2844 416 3063 471 minime
3092 417 3439 486 conspicuus,
3471 424 3529 472 et

253 530 422 586 quam
450 513 686 569 tribuere
712 520 931 582 possent
951 511 1101 576 Filio,
1132 511 1335 581 integra
1357 525 1449 565 sua
1478 509 1546 565 de
1581 512 1849 565 creatione

253 608 380 676 ejus
408 606 697 660 sententia.
729 604 891 659 Plura
922 603 1023 657 hac
1049 602 1117 657 de
1144 618 1201 657 re
1229 618 1333 657 non
1366 602 1560 669 dicam,
1586 602 1687 655 nisi
1724 601 1850 656 Hie-

254 711 543 768 ronymum
601 694 688 749 hic
722 709 827 748 non
877 708 1031 748 usum
1086 694 1272 762 peritia
1306 693 1499 762 linguae
1548 692 1843 760 Hebraicae,

264 804 433 858 quam
457 787 556 842 sibi
586 792 1010 854 comparaverat,
1041 800 1159 855 quae
1203 795 1379 839 tamen
1414 792 1556 838 tanta
1599 799 1703 839 non
1751 784 1848 837 fuit

254 891 457 953 quanta
486 882 641 952 vulgo
663 896 692 935 a
728 880 904 936 multis
929 881 1186 950 creditur,
1235 888 1294 934 ut
1348 880 1564 948 copiose
1616 876 1849 932 ostendit

253 975 501 1030 Joannes
537 972 774 1028 Clericus
805 973 855 1026 in
897 971 1292 1040 Quaestionibus
1319 969 1763 1041 Hieronymianis.

330 1064 463 1134 Cap.
497 1064 582 1118 19.
616 1063 693 1118 De
710 1064 977 1117 locutione
990 1061 1181 1117 swcula
1205 1062 1530 1128 surculorum,
1551 1068 1840 1131 postquam

224 1216 231 1221 _
256 1157 395 1212 duas
421 1156 704 1226 opiniones
734 1155 1009 1224 proposuit
1038 1170 1067 1208 a
1104 1169 1229 1208 vera
1262 1154 1377 1223 ejus
1403 1162 1665 1223 potestate
1688 1152 1848 1222 plane

257 1250 486 1315 alienas,
519 1248 773 1318 subjicit:
807 1248 942 1315 Quid
985 1264 1101 1318 ergo
1139 1249 1355 1301 istorum
1394 1247 1607 1301 duorum
1642 1246 1735 1312 sit,
1782 1260 1848 1297 an

260 1351 451 1412 praeter
489 1341 596 1394 hinc
631 1340 733 1394 duo
776 1339 973 1410 aliquid
1008 1340 1151 1394 aliud
1181 1340 1243 1393 de
1272 1339 1481 1394 saeculis
1526 1338 1845 1393 saeculorum

265 1434 432 1501 possit
472 1432 725 1499 intelligi,
762 1431 1163 1501 profundissima
1190 1432 1403 1501 qumstio
1443 1438 1536 1484 est.
1557 1429 1687 1496 Quis
1716 1442 1846 1483 vero

269 1540 418 1580 nunc
444 1526 654 1593 ignorat
698 1522 800 1578 hoc
828 1537 948 1576 esse
988 1522 1183 1576 idioma
1233 1523 1427 1592 lingua:
1457 1521 1733 1576 Hebraicae
1781 1533 1843 1575 ac

268 1614 598 1680 Cbaldaicae,
631 1627 738 1683 quo
756 1613 1086 1684 signiﬁcatur
1109 1623 1319 1682 tempus
1341 1621 1433 1666 aut
1460 1613 1577 1666 sine
1602 1612 1732 1675 ﬁne,
1757 1619 1850 1664 aut

262 1715 415 1763 certe
441 1705 694 1774 longum?
726 1704 794 1760 Ut
814 1706 953 1759 enim
978 1706 1030 1757 in
1055 1704 1228 1758 Veteri
1253 1703 1595 1759 Testamento
1622 1703 1847 1771 legimus

1950 508 2039 578 qui
2068 523 2183 562 eam
2210 507 2261 561 in
2287 508 2533 563 roborem
2564 510 2692 565 dare
2725 519 2924 579 posset.
2958 509 3033 567 De
3054 511 3292 566 nuditate
3324 511 3526 579 primo-

1951 615 2067 653 rum
2100 610 2379 667 parentum
2416 600 2535 653 vide
2567 616 2686 655 cum
2716 603 2850 656 alios
2876 604 3215 672 interpretes,
3250 612 3358 658 tum
3393 618 3528 674 prae-

1944 690 2135 746 sertim
2159 691 2421 747 Joannem
2448 691 2714 747 Clericum
2746 696 2811 749 ad
2837 693 3089 752 Genesin.

2022 784 2151 854 Cap.
2180 784 2267 840 19.
2301 784 2445 839 Licet
2470 786 2602 838 enim
2623 788 2887 857 justorum
2918 805 2978 841 ac
3006 790 3207 858 piorum
3234 790 3417 845 animae
3442 790 3529 846 de-

1950 880 2261 949 functorum,
2297 880 2433 948 quod
2453 880 2505 932 in
2533 880 2706 949 requie
2733 882 2906 934 vivunt
2935 882 3165 936 dubitare
3192 886 3273 954 [as
3296 900 3398 937 non
3429 885 3526 946 sit,

1950 986 2106 1040 usque
2140 970 2267 1023 adeo
2294 976 2462 1023 tamen
2490 971 2562 1025 eis
2590 972 2770 1024 melius
2790 980 2919 1025 esset
2950 989 3065 1025 cum
3094 977 3198 1027 suis
3229 975 3530 1046 corporibus

1950 1061 2070 1116 bene
2087 1062 2365 1117 valentibus
2386 1063 2570 1128 vivere,
2604 1064 2824 1117 utetiam
2844 1063 2946 1131 illi,
2980 1065 3066 1133 qui
3093 1069 3228 1119 omni
3256 1069 3406 1121 modo
3427 1084 3531 1122 esse

1947 1152 2058 1206 sine
2102 1169 2316 1223 corpore
2360 1153 2703 1208 beatissimum
2738 1154 3044 1221 existimant,
3080 1156 3209 1210 hanc
3245 1158 3529 1227 opinionem

1949 1261 2096 1298 suam
2118 1248 2368 1300 sententia
2400 1254 2718 1315 repugnante
2750 1247 3094 1320 convincant.]
3127 1248 3221 1302 Hic
3249 1249 3315 1303 ad
3356 1248 3532 1304 Plato-

1948 1338 2099 1393 nicos
2123 1338 2367 1409 reSpicit,
2401 1339 2492 1409 qui
2510 1348 2687 1394 tamen
2714 1354 2773 1393 se
2799 1339 2951 1395 facile
2971 1350 3155 1394 contra
3170 1356 3291 1396 eum
3314 1351 3533 1410 possent

1949 1427 2107 1482 tueri.
2141 1426 2245 1483 Sed
2273 1429 2372 1483 hoc
2412 1429 2498 1484 hic
2528 1444 2634 1483 non
2657 1429 2852 1499 agitur.
2876 1430 3294 1485 Observabimus
3327 1439 3532 1487 tantum

1950 1520 2139 1575 melius
2167 1521 2384 1591 quidem
2410 1537 2532 1577 esse
2555 1522 2750 1578 animis
2779 1523 3152 1578 defunctorum
3184 1524 3377 1579 iterum
3408 1540 3531 1579 cum

1949 1613 2266 1681 corporibus
2296 1615 2542 1669 excitatis
2582 1630 2613 1669 e
2658 1616 2908 1687 sepulcro
2953 1618 3241 1686 conjungi,
3287 1626 3346 1671 ut
3378 1618 3535 1686 plena

1949 1707 2068 1761 cum
2101 1707 2165 1763 iis
2188 1706 2441 1763 felicitate
2469 1707 3005 1779 fruantur,quoniam
3030 1710 3099 1765 ad
3129 1726 3411 1780 corporum
3446 1728 3534 1767 re-

263 1806 429 1856 ειν-ππ
451 1780 580 1855 ’πή
629 1796 723 1849 dor
749 1797 913 1849 dorim
946 1835 961 1859 ,
1004 1796 1058 1848 in
1081 1803 1285 1849 tetatem
1324 1804 1531 1848 ceratum
1551 1833 1564 1857 ,
1596 1809 1657 1847 ea
1688 1809 1847 1863 quam

1958 1802 2346 1859 surrectionem
2391 1818 2508 1859 eam
2556 1803 2734 1859 diﬁ'ert
2766 1803 3073 1873 Scriptura;
3105 1804 3199 1859 sed
3230 1806 3345 1860 sine
3375 1805 3536 1861 dubio

267 1890 502 1945 diximus
531 1889 817 1954 sententia,
837 1899 894 1944 ut
925 1889 1057 1958 psal.
1084 1904 1176 1955 cu,
1209 1888 1310 1952 25;
1342 1889 1463 1943 lsai.
1489 1905 1560 1956 Li,
1588 1890 1651 1953 8;
1684 1889 1763 1943 sic
1793 1890 1847 1943 in

265 1998 517 2040 sermone
564 1982 907 2047 Judaaorum,
958 1981 1289 2049 temporibus
1330 1981 1655 2047 apostolicis,
1704 1965 1851 2044 ωεινὸ

266 2061 435 2165 pn‘w
458 2076 655 2131 lhalam
677 2075 897 2142 balmin,
929 2075 1149 2145 Syriaca
1174 2073 1353 2142 lingua
1379 2073 1761 2142 dicebant,{pro
1788 2087 1853 2127 eo

272 2164 417 2240 quod
458 2179 539 2225 est
576 2171 628 2224 in
658 2182 871 2224 omnem
918 2168 1297 2223 aeternitatem.
1332 2166 1460 2220 Inde
1491 2164 1699 2219 videtur
1734 2173 1850 2219 orta

278 2265 396 2317 haec
428 2263 646 2326 locutio,
678 2259 818 2331 quod
848 2258 916 2315 de
951 2259 1037 2313 tali
1066 2275 1126 2314 re
1158 2258 1355 2313 saecula
1382 2257 1613 2326 singula,
1640 2256 1720 2310 vel
1744 2258 1854 2311 sin-

271 2355 408 2425 gulae
436 2362 621 2409 aetates
650 2353 832 2408 dicere
863 2367 1052 2407 omnes
1084 2352 1292 2422 possint
1320 2350 1552 2405 futuram
1578 2350 1631 2404 in
1659 2351 1853 2407 srecula

272 2447 574 2515 sequentia.
621 2444 728 2501 Sed
750 2445 1104 2514 undecunque
1125 2453 1241 2497 orta
1272 2443 1363 2508 sit,
1388 2441 1707 2512 signiﬁcatio
1736 2444 1853 2510 ejus

273 2549 532 2611 perpetuo
554 2539 688 2594 Novi
715 2538 1045 2593 Testamenti
1076 2552 1175 2591 usu
1204 2536 1483 2589 notissima
1513 2545 1615 2600 est,
1647 2550 1711 2589 ex
1743 2550 1851 2605 quo

273 2640 481 2686 constat
506 2634 578 2694 si;
601 2636 758 2687 αἰῶνα
777 2642 831 2687 et
857 2633 928 2691 εἰς
946 2633 1132 2691 αἰῶνας
1156 2636 1255 2685 τῶν
1267 2631 1454 2683 αἰώνων
1478 2626 1696 2696 perinde
1707 2641 1846 2681 esse.

276 2724 524 2778 Attamen
550 2725 647 2779 hac
660 2737 869 2793 quoque
890 2723 941 2776 in
966 2738 1025 2777 re
1054 2720 1299 2775 aestuavit
1322 2720 1568 2774 similiter
1589 2719 1851 2790 Hierony-

277 2817 483 2879 mus,in
522 2815 690 2885 Epist.
715 2815 781 2868 ad
807 2813 1022 2869 Galatas
1045 2826 1163 2881 cap.
1194 2828 1243 2864 v.

351 2908 511 2961 Lteao
538 2921 655 2959 xm.
688 2905 817 2975 Cap.
851 2902 937 2958 12.
989 2904 1273 2971 Postquam
1315 2901 1563 2972 exposuit
1609 2917 1727 2972 qua:
1766 2903 1842 2957 sit

276 2999 445 3069 prima
476 3007 532 3054 et
558 2997 793 3053 secunda
816 3010 986 3059 mors,
1011 2995 1125 3050 haec
1157 2994 1316 3049 habet
1343 3013 1354 3047 :
1390 2993 1607 3059 Quando
1630 3011 1749 3065 ergo
1774 2995 1855 3048 di-

277 3094 350 3144 xit
377 3090 515 3143 Deus
541 3091 705 3160 primo
726 3088 1041 3155 illihomini,
1069 3103 1216 3156 quem
1238 3088 1292 3140 in
1310 3086 1553 3153 paradiso
1577 3088 1852 3140 constitue-

1953 1894 2191 1950 deterius
2212 1896 2289 1950 eis
2303 1904 2463 1959 esset,
2488 1896 2532 1949 si
2556 1895 2644 1951 hic
2666 1896 2717 1951 in
2743 1896 2898 1950 terris
2912 1896 3210 1963 nobiscum,
3228 1914 3344 1950 eum
3355 1914 3536 1967 corpo-

1953 1988 2091 2041 ribus
2107 1989 2213 2041 suis
2234 1988 2356 2042 bene
2369 1988 2676 2053 valentibus,
2690 1988 2956 2043 viverent.
2978 1987 3115 2043 Sunt
3142 1990 3284 2043 enim
3299 2000 3537 2059 exempti

1954 2079 2204 2133 omnibus
2230 2079 2353 2134 vita:
2370 2080 2622 2145 miseriis,
2642 2088 2696 2134 et
2724 2079 2865 2149 quod
2888 2089 3047 2149 caput
3069 2089 3153 2134 est
3171 2081 3270 2147 rei,
3297 2080 3537 2150 periculo

1954 2168 2232 2224 excidendi
2254 2184 2285 2224 e
2305 2171 2475 2239 gratia
2504 2170 2701 2225 divina.
2739 2170 2843 2226 Sed
2886 2172 3020 2224 satis
3051 2171 3298 2226 intricate
3333 2171 3420 2225 hic
3450 2172 3532 2227 di-

1910 2278 1915 2285 ε
1954 2269 2135 2330 sputat
2159 2261 2490 2331 Augustinus
2505 2272 2692 2317 contra
2716 2262 3052 2330 Platonicos,
3076 2276 3212 2334 quos
3249 2262 3540 2320 defendere

1956 2367 2061 2407 non
2091 2361 2235 2406 esset
2276 2368 2441 2423 usque
2468 2354 2605 2409 adeo
2633 2353 2851 2409 difficile

2029 2444 2192 2499 LIBRO
2225 2461 2332 2500 xw.
2367 2445 2497 2516 Cap.
2523 2446 2576 2500 5.
2611 2446 2898 2517 Siquidem,
2926 2448 3539 2519 secundumipsosﬁlla,

1958 2545 2013 2589 ut
2036 2537 2234 2591 locutor
2261 2538 2443 2591 nobilis
2476 2539 2569 2602 ait,
2598 2538 2713 2593 dira
2744 2538 2939 2607 cupido
2974 2556 3136 2610 usque
3158 2540 3285 2594 adeo
3326 2555 3426 2593 non
3469 2547 3541 2594 est

1957 2645 2021 2683 ea:
2040 2645 2275 2700 corpore,
2309 2640 2363 2683 ut
2388 2631 2451 2684 ab
2470 2630 2609 2684 omni
2638 2647 2883 2703 corporea
2907 2642 3044 2702 peste
3073 2641 3345 2703 purgatam
3378 2641 3424 2686 et
3446 2648 3535 2686 ea:-

1959 2729 2041 2773 tra
2065 2736 2213 2774 omne
2248 2738 2431 2791 corpus
2470 2722 2694 2775 animant
2717 2723 3047 2776 constitutam
3074 2724 3238 2793 ipsam
3266 2722 3537 2794 compellat

1956 2828 2065 2865 esse
2101 2813 2154 2865 in
2183 2811 2441 2883 corpore.]
2474 2812 2711 2882 Respicit
2740 2813 2806 2867 ad
2834 2813 3115 2885 Virgilium
3156 2826 3311 2870 antea
3347 2816 3534 2870 lauda-

1959 2912 2092 2969 tum,
2125 2902 2404 2973 etquidem
2430 2919 2572 2958 vers.
2596 2902 2720 2973 521,
2753 2904 2845 2958 lib.
2878 2920 2925 2958 vt
2956 2903 3216 2960 [Eneidos

2241 3037 2359 3096 Quae
2382 3037 2502 3087 lucis
2526 3040 2719 3088 miseris
2743 3043 2836 3087 tam
2861 3038 2966 3087 dira
2990 3039 3199 3101 cupido?

277 3192 355 3235 rat
379 3224 393 3247 ,
428 3184 489 3236 de
517 3156 626 3235 cibo
670 3182 820 3235 vetito
843 3196 863 3234 :
894 3181 1221 3247 Quacunque
1258 3178 1345 3232 die
1388 3179 1610 3233 ederitis
1650 3194 1717 3235 ex
1748 3195 1812 3233 eo
1836 3223 1850 3245 ,
1887 3163 1935 3228 C
1967 3156 2072 3214 sed
2108 3157 2194 3211 Vix
2246 3158 2377 3212 mihi
2418 3159 2745 3228 Persuadere
2793 3173 3012 3228 Possum
3051 3157 3332 3231 Virgilium
3363 3165 3539 3220 νοοπί

279 3283 455 3330 morte
485 3273 819 3337 moriemini;
851 3288 951 3325 non
998 3279 1200 3324 tantum
1226 3271 1406 3340 prima:
1438 3272 1615 3324 mortis
1660 3281 1856 3341 partem

278 3370 518 3438 priorem,
552 3366 637 3418 ubi
663 3367 831 3418 anima
862 3365 1092 3433 privatur
1113 3362 1240 3428 Deo,
1270 3380 1361 3417 nec
1387 3371 1584 3416 tantum
1612 3365 1857 3431 posterio-

277 3477 403 3524 rem,
429 3459 515 3512 ubi
530 3475 714 3528 corpus
736 3458 964 3525 privatur
983 3456 1191 3521 anima;
1216 3471 1308 3508 nec
1322 3455 1485 3508 solam
1509 3456 1673 3526 ipsam
1698 3465 1856 3509 totam

277 3554 518 3619 primam,
548 3549 629 3601 ubi
653 3550 825 3602 anima
849 3557 896 3601 et
925 3565 957 3601 a
991 3548 1099 3600 Deo
1130 3556 1224 3600 eta
1251 3562 1463 3617 corpore
1485 3555 1724 3617 separata
1754 3564 1850 3618 pu-

278 3647 435 3710 nitur,
466 3644 557 3697 sed
589 3641 836 3712 quidquid
875 3642 1050 3695 mortis
1072 3650 1162 3707 est,
1199 3656 1359 3709 usque
1384 3639 1450 3692 ad
1479 3639 1808 3693 novissimam
1838 3684 1852 3709 ,

278 3753 391 3808 qua:
410 3735 634 3789 secunda
661 3735 868 3798 dicitur,
887 3749 987 3803 qua
1017 3732 1163 3785 nulla
1184 3742 1256 3785 est
1284 3731 1555 3799 posterior,
1580 3732 1856 3783 commina-

279 3829 350 3881 tio
380 3827 471 3880 illa
513 3828 775 3897 complexa
803 3833 893 3878 est.
924 3824 1038 3877 Duo
1068 3822 1154 3876 hic
1183 3821 1690 3885 animadvertenda;
1724 3821 1858 3875 alte—

280 3936 395 3973 rum
416 3961 431 3983 ,
464 3918 578 3972 haec
605 3932 701 3986 pro
729 3917 953 3986 imperio
981 3915 1048 3970 ab
1090 3914 1391 3983 Augustino
1422 3912 1525 3967 dici
1548 3953 1561 3977 ,
1591 3928 1697 3967 non
1730 3928 1855 3981 pro-

281 4014 392 4067 bari
418 4029 433 4077 ;
464 4012 638 4066 nullus
663 4011 829 4075 enim,
860 4011 910 4063 in
936 4008 1043 4062 ulla
1076 4008 1212 4077 lege,
1258 4015 1433 4061 exstat
1463 4022 1685 4085 usquam
1710 4006 1860 4060 locus

284 4106 370 4158 ubi
399 4114 555 4157 morte
577 4104 707 4156 mori
736 4088 876 4155 aliud
900 4099 1167 4170 signiﬁcet
1183 4114 1339 4169 quam
1354 4098 1672 4167 simpliciter
1692 4098 1824 4150 mori
1838 4113 1859 4159 ;

284 4211 384 4251 nec
410 4195 647 4249 mortium
669 4204 860 4263 printer
881 4206 997 4246 eam
1017 4206 1117 4259 qua
1134 4204 1327 4259 corpus
1351 4190 1680 4255 dissolvitur,
1714 4190 1760 4242 si
1782 4189 1856 4243 ita

285 4290 427 4359 loqui
443 4288 589 4353 licet,
606 4302 829 4357 quarum
855 4280 1096 4340 meminit
1116 4283 1221 4336 ulla
1244 4284 1297 4336 in
1325 4291 1437 4335 toto
1456 4280 1653 4336 Vetere
1675 4281 1860 4336 Testa-

284 4391 463 4437 mento
485 4382 705 4436 mentio.
738 4380 919 4448 Itaque
946 4380 993 4433 si
1018 4385 1243 4447 negetur
1269 4375 1557 4445 quidquam
1583 4374 1669 4429 hic
1696 4376 1861 4444 signi-

286 4477 430 4532 ﬁcari
474 4487 669 4543 praeter
714 4473 1011 4542 simplicem
1060 4480 1285 4525 mortem
1329 4483 1423 4523 seu
1452 4467 1857 4522 dissolutionem

1960 3254 2261 3306 locutorem.
2291 3252 2591 3307 Ludovicus
2617 3253 2780 3308 Vives
2803 3254 2924 3307 alibi
2949 3254 3263 3310 Ciceronem
3285 3257 3366 3311 sic
3388 3258 3455 3311 ab
3476 3274 3541 3314 eo

1961 3344 2291 3399 nominatum
2324 3353 2494 3410 notat,
2524 3344 2665 3414 quod
2689 3360 2794 3399 non
2829 3347 3066 3401 memini.
3104 3346 3395 3419 Utrobique
3416 3352 3541 3406 mal-

1959 3437 2061 3492 lem
2090 3446 2343 3491 auctorem
2372 3454 2528 3506 quam
2566 3438 2844 3491 locutorem
2872 3437 2973 3509 legi

2030 3530 2160 3599 Cap.
2190 3531 2275 3583 17.
2304 3529 2452 3597 Quod
2480 3530 2653 3599 itaque
2671 3531 2918 3586 adversus
2933 3532 3229 3587 damnatam
3250 3536 3404 3605 culpa
3426 3538 3538 3591 ino-

1960 3625 2218 3679 bedientia:
2242 3626 2549 3678 voluntatem
2579 3624 2736 3678 libido
2765 3625 3110 3680 inobedienter
3135 3629 3382 3695 movebat,
3404 3647 3543 3685 verc-

1959 3719 2148 3772 cundia
2175 3727 2423 3786 puaenter
2451 3718 2693 3791 tegeaat.]
2720 3718 2834 3773 Jam
2865 3719 2965 3774 hoc
2993 3720 3126 3775 dixit
3153 3722 3249 3777 lib.
3281 3740 3396 3790 xm,
3420 3741 3538 3796 cap.

1958 3812 2047 3877 15,
2078 3811 2167 3865 ubi
2197 3811 2498 3865 monuimus
2540 3812 2607 3864 de
2648 3812 2858 3866 Adamo
2890 3814 2992 3867 hoc
3019 3815 3255 3882 potuisse
3285 3816 3424 3884 dici,
3472 3820 3539 3873 de

1959 3903 2067 3956 Eva
2094 3917 2195 3957 non
2240 3904 2385 3957 item.
2430 3901 2713 3966 Nimirum,
2747 3912 2894 3971 putat
2917 3905 3245 3975 Augustinus
3275 3923 3395 3963 cum
3427 3911 3542 3980 ple-

1958 3995 2138 4064 risque
2159 3994 2362 4062 primos
2392 4002 2644 4062 parentes
2684 3993 2785 4048 sibi
2817 3994 3009 4049 fecisse
3055 3998 3261 4067 cingula
3310 4008 3535 4066 tantum,

1959 4099 2064 4139 non
2093 4095 2291 4139 vestes.
2345 4084 2447 4139 Sed
2480 4094 2605 4138 sunt
2633 4084 2700 4137 ab
2732 4086 3112 4155 interpretibus
3142 4092 3361 4159 nuperis
3389 4093 3531 4148 dicta

1960 4176 2012 4230 in
2034 4191 2151 4231 eam
2182 4191 2295 4229 rem
2326 4191 2442 4245 qua:
2463 4184 2588 4229 sunt
2616 4177 2866 4230 examine
2893 4177 3073 4247 digna.

2034 4267 2163 4322 Ibid.
2206 4266 2273 4320 Et
2315 4268 2408 4319 hoc
2440 4282 2611 4319 omnes
2640 4276 2830 4337 gentes,
2863 4269 3105 4337 quoniam
3152 4271 3214 4323 ab
3250 4272 3348 4325 illa
3386 4274 3542 4344 stirpe

1961 4369 2237 4429 procreata:
2256 4369 2399 4427 sunt,
2426 4376 2584 4428 usque
2616 4360 2744 4413 adeo
2774 4368 2943 4414 tenent
2970 4362 3179 4416 insitum
3195 4366 3437 4435 pudenda
3460 4386 3543 4422 ve-

1962 4454 2102 4515 lare,
2145 4463 2199 4505 ut
2247 4451 2458 4522 quidam
2503 4450 2703 4504 barbari
2753 4450 2873 4505 illas
2901 4453 3128 4519 corporis
3156 4465 3327 4520 partes
3357 4473 3447 4510 nec
3492 4460 3543 4512 in

285 4528 554 4640 corporis,
587 4584 689 4622 non
722 4528 1141 4623 erit-timendum
1169 4578 1236 4619 ne
1262 4561 1588 4618 contrarium
1618 4560 1702 4615 vel
1728 4575 1855 4630 pro-
1885 4528 1939 4589 D
1966 4546 2155 4600 balneis
2184 4545 2353 4599 nudas
2383 4544 2599 4597 habeant
2618 4584 2633 4609 ,
2664 4544 2753 4640 sed
2784 4559 2898 4596 cum
2926 4560 3101 4597 earum
3135 4550 3430 4616 tegumentis
3471 4552 3545 4604 Ia-

285 4663 459 4718 babile
482 4660 596 4715 ﬁeri
645 4659 831 4729 possit.
863 4658 1103 4712 Alterum
1127 4666 1210 4710 est
1233 4653 1424 4709 falsum
1447 4652 1604 4721 plane
1624 4692 1637 4716 ,
1671 4664 1857 4707 neces-

287 4753 498 4807 sitatem
528 4750 779 4819 peccandi
810 4750 1055 4818 cuiquam
1084 4762 1114 4800 a
1147 4748 1278 4811 Deo,
1308 4744 1459 4815 quasi
1485 4758 1699 4811 ptenam
1730 4757 1859 4812 pec-

290 4844 413 4904 cati,
447 4841 742 4907 impositam
768 4854 920 4904 esse;
954 4840 1094 4893 Deus
1122 4839 1267 4893 enim
1298 4844 1485 4891 auctor
1511 4850 1706 4904 ptume,
1739 4835 1857 4888 sine

291 4932 475 4994 dubio,
502 4942 643 4985 esset
658 4930 844 4984 eadem
861 4945 1021 4999 opera
1036 4941 1221 4985 auctor
1241 4937 1297 4985 et
1323 4929 1465 4983 ultor
1480 4926 1701 4997 peccati,
1715 4926 1856 4996 quod

293 5023 526 5092 cogitatu
555 5029 609 5076 et
629 5020 771 5074 dictu
802 5021 1122 5075 horrendum
1150 5033 1254 5077 est.

326 5169 331 5177 ,
363 5114 494 5185 Cap.
525 5115 614 5169 15.
644 5112 719 5166 De
741 5112 925 5181 primis
952 5115 1284 5182 parentibus.
1308 5128 1442 5185 quos
1469 5111 1723 5169 nuditatis
1751 5126 1861 5167 sua:

300 5220 420 5284 post
449 5216 724 5279 peccatum
762 5205 961 5275 pudere
987 5208 1185 5274 cmpit:
1218 5209 1497 5262 Senserunt
1529 5224 1648 5279 ergo
1678 5223 1864 5260 novum

303 5313 494 5358 motum
526 5298 877 5355 inobedientia:
898 5298 1066 5349 carnis
1092 5313 1195 5352 sua:
1214 5339 1229 5363 ,
1269 5309 1510 5367 tanquam
1552 5301 1865 5369 reciprocam

305 5410 500 5466 paruam
523 5390 873 5447 inobedientiw
896 5404 1018 5442 sum.
1043 5388 1152 5442 Hoc
1181 5390 1231 5441 in
1258 5391 1601 5457 sequentibus
1623 5393 1868 5462 pluribus

307 5485 610 5554 exsequitur
640 5491 693 5536 et
719 5496 862 5551 saepe
892 5480 1105 5549 repetit,
1131 5481 1430 5549 praesertim
1462 5480 1554 5535 lib.
1585 5499 1687 5548 xlv,
1730 5484 1871 5540 unde

301 5578 605 5647 intelligere
626 5585 707 5631 est
734 5575 786 5630 id
812 5584 1171 5630 commentum
1196 5589 1304 5628 non
1328 5589 1512 5642 parum
1536 5577 1737 5630 auctori
1763 5579 1873 5645 pla-

312 5672 497 5726 cuisse.
528 5670 774 5724 Attamen
797 5684 864 5721 ne
886 5667 1011 5737 quid
1041 5666 1183 5723 aliud
1214 5666 1297 5720 hic
1327 5666 1523 5730 dicam,
1555 5680 1659 5719 non
1690 5666 1874 5724 debuit

315 5763 488 5817 dicere
512 5768 790 5827 senserunt,
836 5758 929 5815 sed
970 5761 1121 5815 sensit
1152 5760 1403 5826 Adamus,
1428 5772 1549 5816 nam
1578 5768 1755 5815 motus
1781 5773 1875 5817 aut

1965 4651 2098 4697 vent.
2140 4640 2245 4695 Per
2276 4655 2462 4707 opacas
2491 4653 2688 4707 quoque
2718 4634 2889 4691 India:
2926 4638 3244 4709 solitudines,
3281 4656 3393 4694 cum
3435 4642 3546 4712 qui-

1966 4735 2086 4786 dam
2134 4732 2262 4785 nudi
2312 4729 2762 4801 philosOphentur,
2796 4734 2932 4783 unde
2971 4726 3417 4800 Gymnosophista!
3456 4752 3547 4788 no-

1966 4826 2249 4891 minantur,
2278 4824 2518 4878 adhibent
2548 4834 2716 4876 tamen
2747 4822 3051 4894 genitalibus
3093 4825 3334 4895 tegmina,
3366 4827 3546 4895 quibus

1968 4936 2056 4991 per
2072 4928 2254 4972 cetera
2304 4915 2641 4971 membrorum
2687 4912 2907 4986 carent.]
2941 4917 3011 4968 At
3040 4916 3409 4985 navigationes
3448 4934 3547 4971 nu-

1969 5029 2115 5086 pera:
2130 5023 2181 5067 et
2202 5027 2300 5082 per
2320 5020 2561 5066 nostrum
2589 5010 3022 5079 hemisphaerium
3046 5019 3101 5063 et
3122 5024 3217 5078 per
3235 5002 3544 5079 antipodum

1972 5116 2277 5163 nostrorum
2301 5146 2317 5171 ,
2360 5118 2459 5158 nos
2502 5104 2798 5158 docuerunt
2824 5116 2945 5157 esse
2986 5110 3174 5172 gentes
3202 5101 3256 5155 in
3286 5101 3462 5156 Africa
3493 5112 3546 5158 et

1973 5202 2027 5257 in
2070 5200 2314 5256 America
2342 5197 2499 5269 plane
2527 5196 2733 5260 nudas;
2767 5205 2819 5251 et
2846 5196 2911 5250 ad
2947 5196 3306 5249 Brachmanes
3328 5194 3542 5263 quidem

1973 5292 2114 5364 quod
2156 5292 2365 5356 attinet,
2399 5290 2555 5360 plane
2583 5288 2757 5343 nudos
2777 5301 2871 5342 eos
2896 5300 3015 5341 esse
3042 5284 3239 5339 oculati
3264 5293 3428 5340 testes
3450 5286 3519 5339 do

1975 5396 2116 5451 cent,
2152 5387 2289 5443 inter
2308 5400 2443 5455 quos
2488 5383 2809 5438 Franciscus
2852 5378 3174 5445 Bernerius,
3208 5377 3292 5433 vir
3336 5381 3543 5437 candidi

1976 5479 2172 5550 ingenii
2220 5486 2273 5532 et
2322 5474 2706 5547 philosOphicis
2759 5472 2950 5527 studiis
2993 5470 3223 5537 exculti,
3255 5477 3342 5541 qui
3369 5472 3458 5527 diu
3490 5474 3543 5529 in

1976 5573 2121 5627 india
2143 5571 2289 5624 vixit.
2318 5568 2427 5622 Nec
2449 5576 2576 5635 puto
2599 5565 2727 5619 olim
2760 5563 2926 5632 magis
2939 5561 3161 5617 vestitos
3182 5561 3370 5629 fuisse,
3392 5565 3545 5634 quid-

1977 5666 2101 5736 quid
2128 5665 2270 5719 dicat
2315 5659 2754 5715 mendacissimus
2786 5657 2873 5711 ille
2904 5670 2967 5711 ac
2992 5654 3360 5726 putidissimus
3406 5656 3542 5711 scri-

1976 5771 2098 5829 ptor
2126 5760 2177 5814 in
2208 5772 2302 5812 suo
2334 5753 2635 5825 Apollonio,
2666 5751 3038 5809 Philostratus.
3071 5748 3331 5808 Caeterum
3369 5750 3542 5818 pudor
