4060 6364
509 292 614 349 48⁸5

1408 279 1955 341 SUPPLEMENTUM
1993 279 2085 335 AD
2120 276 2348 335 OPERA
2389 278 2449 337 S.
2492 275 2882 335 AUGUSTINI.

3780 271 3902 334 484

507 408 763 470 nuditatis
803 406 930 463 inde
956 403 1159 478 |partim
1196 406 1345 455 ortus
1390 398 1603 452 videtur
1637 395 1778 450 unde
1807 394 1936 450 dicit
1966 392 2081 447 An-
2108 394 2160 456 Α
2187 401 2343 463 plane
2386 392 2547 447 alium
2577 392 2861 463 descripsit
2900 406 2962 447 ac
3011 398 3114 457 est,
3146 407 3444 465 quamque
3483 405 3526 447 a
3563 388 3899 460 Scriptura

507 508 777 578 gustinus,
808 500 901 556 sed
948 497 1109 552 multa
1137 493 1239 549 alia
1269 498 1639 548 accesserunt.
1672 488 1805 543 Cum
1833 487 2075 542 Adamus

432 585 437 600 ί
509 612 564 658 et
585 602 695 657 Eva
734 597 1036 652 habuerunt
1078 590 1279 645 liberos
1299 629 1315 655 ,
1344 586 1471 641 tecti
1500 599 1617 638 esse
1643 583 1985 647 debuerunt,
2020 594 2087 635 ne

509 695 662 750 liberi
694 699 870 761 partes
898 701 1005 741 non
1037 692 1206 738 tectas
1233 685 1650 743 contrectareut,
1682 676 1902 746 suisque
1936 672 2087 730 abuti

509 787 664 841 citius
709 795 863 851 aequo
908 778 1201 833 discerent.
1234 771 1485 827 Mulieres
1511 768 1671 825 etiam
1726 783 1758 822 a
1807 768 2088 838 pubertate

511 887 675 935 tectas
717 889 838 930 esse
876 879 1118 941 oportet,
1168 883 1237 922 ue
1286 865 1515 935 singulis
1562 862 1837 919 mensibus
1886 860 2087 917 fmdum

508 968 777 1041 quidpiam
796 964 979 1019 oculos
1001 959 1259 1016 oliendat.
1278 955 1558 1027 Conjugati
1583 970 1796 1026 quoque
1816 953 1945 1009 tecti
1966 966 2089 1007 esse
2116 1014 2131 1025 Ὗ

508 1064 726 1128 debent,
753 1075 819 1114 ne
840 1056 1061 1112 libidine
1077 1069 1172 1124 per
1196 1051 1379 1107 oculos
1395 1048 1664 1103 concitata
1692 1046 2087 1117 coniugiorum,

508 1156 724 1227 optimae
747 1168 809 1207 ac
831 1149 1125 1205 utilissima:
1149 1146 1293 1215 leges
1312 1142 1593 1204 violentur,
1615 1147 1670 1195 et
1690 1138 1947 1193 adulteria
1967 1152 2090 1207 pas-

509 1250 610 1305 sim
626 1246 1056 1307 committantur;
1077 1239 1218 1309 quod
1236 1238 1350 1293 sine
1368 1235 1617 1289 humana:
1630 1232 1897 1287 societatis
1914 1229 2092 1300 perni-

508 1343 612 1409 cie,
643 1339 761 1395 lieri
783 1352 887 1392 non
911 1343 1111 1406 posset.
1130 1332 1270 1387 Hinc
1286 1329 1538 1400 paulatim
1554 1337 1709 1381 natus
1726 1324 1980 1380 nuditatis
1995 1340 2093 1393 pu-

508 1436 607 1491 dor
630 1444 683 1489 et
703 1432 985 1501 diligenter
1004 1445 1033 1483 a
1050 1426 1380 1500 parentibus,
1406 1438 1505 1480 nec
1526 1425 1640 1478 sine
1661 1421 1990 1492 gravissimis
2006 1435 2093 1474 ra-

512 1527 766 1590 tionibus,
799 1524 1089 1579 liberorum
1136 1520 1327 1574 animis
1367 1516 1685 1572 insinuatus.
1722 1512 1827 1568 Sed
1854 1512 2093 1567 dehisce

509 1620 751 1693 pluribus
771 1634 876 1674 non
899 1629 1141 1687 agemus,
1168 1630 1234 1669 ne
1252 1615 1304 1668 in
1328 1614 1585 1682 pudorem
1601 1607 1763 1680 etipsi
1786 1621 2089 1678 peccemus.

579 1712 710 1785 Cap.
736 1712 824 1767 18.
856 1711 985 1779 Quis
1013 1710 1148 1764 enim
1177 1708 1365 1773 nescit,
1393 1716 1446 1760 ut
1465 1704 1561 1772 filii
1588 1710 1943 1774 procreantur,
1970 1697 2093 1768 quid

2192 486 2349 541 nobis
2382 486 2760 557 praapingitur;
2810 495 2907 545 toti
2936 487 3099 541 etiam
3129 496 3331 543 natura;
3364 488 3518 542 vim
3563 485 3801 551 infert,
3835 496 3899 542 ut

2189 579 2362 649 possit
2413 593 2604 648 pravas
2648 578 3120 647 interpretationes
3179 578 3601 635 obscurorum
3657 576 3898 649 aliquot

2190 672 2483 741 Scripturae
2499 672 2737 727 locorum
2755 672 2911 726 tueri.
2927 672 2995 727 At
3007 672 3176 727 multo
3187 674 3353 728 satius
3368 665 3515 728 fuit
3534 685 3895 742 agnoscere

2192 767 2662 838 interpretationes
2679 765 2801 820 illas
2815 765 2974 822 falsas
2986 782 3128 836 esse,
3141 783 3206 824 eo
3220 768 3359 839 quod
3381 776 3664 823 naturae
3680 781 3891 823 rerum
3936 752 3945 763 ’

2191 871 2373 920 essent
2392 862 2701 927 contrariae,
2730 876 2851 916 cum
2883 878 2986 933 qua
3013 861 3285 934 Scriptura
3312 878 3616 934 pugnare
3645 864 3889 932 nequit.
3938 882 3943 887 ·
3972 882 3973 915 ;

2262 957 2392 1029 Cap.
2422 958 2515 1023 24,
2545 956 2646 1028 §i.
2680 955 2971 1013 Seminaret
2990 957 3146 1029 igitur
3166 957 3364 1029 prolem
3383 958 3519 1023 vir,
3552 958 3886 1028 susciperet

2192 1050 2382 1119 femina
2403 1048 2707 1122 genitalibus
2735 1048 3000 1116 membris,
3032 1056 3079 1102 et
3108 1058 3355 1119 quantum
3380 1065 3553 1119 apus
3590 1058 3757 1103 esset
3788 1066 3886 1102 vo-

2193 1144 2387 1198 luntate
2406 1144 2576 1209 motis,
2593 1159 2695 1197 non
2709 1143 2919 1198 libidine
2933 1144 3218 1199 concitatis.
3235 1144 3424 1214 Neque
3447 1142 3631 1198 enim
3656 1158 3736 1197 ea
3754 1144 3882 1199 sola

2193 1238 2417 1292 membra
2438 1253 2692 1291 mouemus
2718 1237 2785 1291 ad
2810 1248 3028 1304 nutum,
3058 1253 3171 1308 qua:
3198 1239 3506 1306 compactis
3544 1240 3879 1293 articulata

2192 1340 2311 1384 sunt
2338 1330 2568 1398 ossibus,
2596 1331 2725 1384 sicut
2756 1332 2908 1398 pedes
2930 1371 2946 1396 ,
2998 1346 3181 1385 manus
3234 1339 3280 1385 et
3320 1331 3552 1403 digitos
3582 1346 3612 1398 ;
3672 1346 3872 1386 verum

2193 1424 2346 1477 etiam
2373 1423 2463 1476 illa
2483 1437 2597 1492 quae
2638 1422 2877 1476 mollibus
2901 1423 3115 1477 remissa
3136 1432 3253 1477 sunt
3284 1425 3498 1489 neruis,
3527 1440 3682 1477 cum
3704 1426 3871 1478 volu-
3972 1424 3973 1483 Ἰ

2195 1529 2329 1577 mus,
2357 1528 2614 1566 movemus
2640 1512 2883 1583 agitando
2921 1521 2966 1565 et
3002 1513 3309 1583 porrigenda
3340 1514 3783 1584 producimus,
3816 1523 3871 1569 et

2196 1607 2474 1678 torquendo
2498 1607 2752 1675 ﬂectimus
2773 1616 2820 1660 et
2839 1607 3227 1676 constringenth
3256 1608 3578 1671 duramus;
3607 1608 3766 1661 sicut
3800 1625 3866 1661 ea

2196 1712 2310 1756 sunt
2330 1716 2444 1769 qute
2472 1701 2524 1754 in
2552 1716 2637 1755 ore
2661 1716 2719 1754 ac
2749 1699 2898 1769 facie,
2922 1708 3172 1769 quantum
3205 1709 3390 1768 potest,
3416 1700 3721 1755 voluntas
3748 1717 3866 1755 mo-

506 1810 638 1862 inter
660 1783 731 1859 te
774 1807 1016 1875 coniuges
1045 1800 1241 1871 agant?
1282 1795 1709 1863 Quandoquidem
1738 1802 1792 1844 ut
1832 1791 1884 1843 id
1908 1798 2093 1860 agatur
2121 1783 2170 1845 B
2196 1792 2321 1864 vet.]
2344 1791 2563 1846 Frustra
2591 1791 2850 1845 honorem
2882 1790 3099 1845 auribus
3132 1789 3387 1861 praefatus
3415 1800 3523 1847 est
3554 1793 3858 1861 Augusti.

509 1907 653 1954 tanta
680 1894 972 1949 celebritate
1020 1892 1282 1944 ducuntur
1321 1900 1541 1948 uxores;
1586 1894 1632 1936 et
1682 1892 1849 1936 tamen
1890 1896 2005 1932 cum
2041 1879 2094 1931 id

506 1991 679 2061 agitur
705 1986 846 2041 unde
892 1985 989 2055 ﬁlii
1020 1990 1301 2036 nascuntur
1322 2021 1338 2047 ,
1386 1994 1475 2031 nec
1506 1976 1605 2046 ipsi
1635 1974 1753 2044 filii,
1778 1974 1821 2027 si
1848 1974 1935 2044 qui
1983 1972 2101 2025 inde

509 2086 614 2149 iam
643 2079 751 2133 nati
780 2086 928 2144 sunt,
963 2085 1109 2128 testes
1151 2072 1263 2141 fieri
1295 2064 1703 2139 permittuntur.]
1742 2065 1852 2119 Hoc
1900 2079 2009 2117 non
2044 2066 2102 2117 tit

508 2173 648 2244 quod
674 2171 788 2241 ipsa
812 2185 901 2224 res
930 2168 984 2221 in
1016 2181 1075 2221 se
1101 2173 1341 2235 spectata
1373 2159 1620 2232 pudenda
1662 2158 1764 2221 sit;
1813 2155 1908 2211 sed
1955 2154 2097 2225 quod

508 2264 868 2335 periculosum
895 2269 1059 2323 esset,
1087 2273 1156 2313 ne
1188 2254 1487 2310 imitatione
1527 2250 1901 2320 intempestiva
1934 2246 2091 2300 liberi

514 2360 854 2415 imitarentur
886 2362 1162 2425 parentes,
1189 2351 1244 2405 in
1273 2349 1339 2403 iis
1374 2343 1788 2402 circumstantiis
1829 2340 2097 2411 inquibus

516 2465 604 2505 res
652 2449 837 2503 illicita
881 2454 1045 2511 esset,
1078 2453 1134 2501 et
1162 2442 1411 2497 humanm
1463 2435 1707 2492 societati
1752 2433 2103 2487 vehementer

515 2550 758 2596 noceret.
791 2538 919 2594 ideo
949 2538 1177 2592 interest
1202 2548 1230 2587 a
1260 2529 1489 2603 pueritia
1534 2526 1731 2581 liberos
1776 2522 1981 2594 pudore
2008 2522 2100 2576 illo

518 2631 706 2696 imbui,
739 2645 807 2684 ne
826 2627 1056 2682 audeant
1085 2626 1260 2680 facere
1290 2621 1429 2693 quod
1458 2619 1677 2673 noxium
1704 2622 1865 2669 esset.
1895 2613 2000 2668 Sed
2024 2621 2103 2666 ta-

511 2739 633 2779 men
665 2738 761 2793 pro
782 2721 1043 2776 varietate
1071 2728 1369 2787 temporum
1399 2728 1462 2768 ac
1491 2712 1728 2783 gentium
1758 2716 1984 2777 augetur
2010 2712 2102 2759 aut

511 2815 770 2870 minuitur
800 2812 892 2867 ille
922 2809 1131 2881 pudor;
1184 2805 1327 2876 quod
1355 2805 1523 2873 liquet
1553 2816 1620 2856 ex
1662 2798 1882 2854 libidine
1913 2795 2101 2850 ell'reni

512 2922 620 2962 non
638 2914 841 2960 tantum
866 2910 1110 2957 veterum
1139 2900 1366 2967 Europae
1389 2906 1443 2949 et
1465 2893 1604 2949 Asize
1627 2892 1985 2952 ethnicorum,
2006 2884 2102 2941 sed

514 2999 675 3053 etiam
706 2995 1090 3050 bodiernorum
1124 2990 1320 3044 Afriom
1344 2995 1400 3041 et
1429 2984 1693 3040 America
1718 2981 2097 3035 barbarorum.

584 3088 718 3159 Cap.
748 3089 840 3142 '20.
885 3084 1033 3140 Unde
1063 3093 1110 3137 et
1159 3083 1307 3136 illum
1342 3078 1707 3151 (Diogenem,
1740 3074 1833 3144 qui
1887 3071 2102 3142 publice

526 3152 881 3241 concumbere
929 3194 1049 3236 cum
1078 3176 1359 3232 meretrice
1400 3170 1610 3241 voluit)
1641 3171 1719 3223 vel
1747 3166 1866 3221 illos
1889 3167 1976 3236 qui
2006 3168 2102 3219 hoc
2131 3152 2179 3218 C
2208 3197 2331 3238 esse
2360 3181 2517 3237 valde
2560 3179 2814 3243 audaces,
2846 3194 2915 3235 ne
2955 3152 3083 3248 quid
3114 3178 3302 3236 durius
3333 3181 3537 3249 dicam.
3591 3182 3689 3250 qui
3718 3194 3817 3248 pro

520 3276 697 3346 fecisse
726 3276 1019 3343 referuntur
1038 3307 1055 3335 ,
1086 3268 1254 3338 potius
1280 3264 1501 3317 arbitror
1524 3259 1961 3315 concumbentium
1994 3273 2105 3311 mo-

521 3379 600 3423 tus
623 3366 823 3421 dedisse
851 3364 1011 3416 oculis
1032 3360 1299 3414 hominum
1325 3356 1659 3411 nescientium
1679 3352 1804 3421 quid
1824 3351 1917 3406 sub
1944 3351 2103 3419 pallio

518 3466 810 3531 gereretur,
840 3470 995 3525 quam
1022 3453 1245 3505 humano
1271 3457 1528 3516 premente
1554 3452 1847 3515 conspectu,
1876 3443 2105 3512 potuisse

520 3551 663 3604 illan:
690 3548 863 3619 peragi
894 3538 1251 3615 voluptatem]
1273 3538 1576 3595 Maluissem
1607 3536 1695 3590 illa
1730 3549 1837 3589 non
1864 3533 2115 3603 attigisset

521 3656 678 3713 quam
703 3648 809 3693 tam
827 3637 996 3708 perite
1010 3634 1444 3705 philosophatum
1459 3629 1525 3685 de
1542 3643 1602 3683 re
1624 3637 1731 3682 tam
1756 3626 1895 3695 turpi
1914 3625 2102 3693 fuisse,

522 3735 612 3791 illa
645 3731 940 3804 praesertim
966 3737 1123 3784 :etate
1167 3742 1273 3796 qua
1312 3734 1428 3779 erat
1456 3722 1820 3790 Augustinus;
1849 3721 1942 3773 sed
1994 3734 2102 3773 non

522 3826 792 3882 illibenter
820 3822 888 3877 de
934 3819 1196 3888 ejusmodi
1250 3816 1411 3871 rebus
1460 3813 1603 3883 loqui
1632 3811 1876 3877 videtur,
1911 3811 2105 3880 utjam

523 3920 753 3974 vidimus
784 3926 835 3971 et
882 3922 1069 3984 postea
1099 3912 1260 3966 etiam
1290 3908 1613 3963 videbimus.
1660 3906 1804 3961 Utile
1832 3905 1977 3960 enim
2024 3912 2107 3959 est

525 4010 647 4065 talia
679 4008 965 4077 diligenter
987 4004 1162 4059 notari
1186 4044 1201 4068 ,
1245 4016 1315 4056 ne
1341 4000 1588 4055 homines
1617 3997 1860 4053 nonnulli
1890 3997 2109 4065 impune

524 4109 745 4171 pergant
772 4098 872 4153 viri
899 4094 1217 4151 auctoritate
1254 4109 1423 4164 usque
1451 4092 1587 4147 adeo
1625 4091 1810 4154 abuti,
1840 4089 1912 4143 ita
1940 4097 1997 4144 ut
2022 4103 2109 4143 er-

524 4208 675 4248 rores
696 4191 830 4261 ejus,
865 4203 970 4243 non
995 4187 1173 4242 minus
1192 4201 1255 4241 ac
1280 4200 1411 4240 vere
1429 4185 1593 4250 dicta,
1622 4189 1962 4237 consecrent.

594 4284 725 4354 Cap.
771 4282 862 4347 ‘23,
908 4280 935 4351 §
965 4280 1018 4334 5.
1050 4278 1126 4333 De
1153 4278 1359 4332 ratione
1402 4290 1505 4346 qua
1535 4284 1887 4345 propagatum
1918 4271 2110 4329 luisset

523 4392 693 4448 genus
724 4374 1013 4428 humanum
1044 4373 1159 4427 sine
1181 4379 1399 4440 peccato
1422 4368 1648 4424 Adami:
1690 4366 1994 4430 Voluntati,
2030 4365 2109 4419 in-

525 4470 662 4541 quit,
693 4467 916 4521 membra
936 4464 1048 4530 illa,
1079 4471 1135 4516 ut
1163 4472 1345 4517 cwtera
1369 4462 1539 4514 omnia
1568 4460 1831 4513 servirent.
1864 4456 1950 4509 Ita
1968 4456 2108 4528 geni-

526 4562 627 4616 tale
649 4575 824 4613 arvum
854 4574 941 4611 vas
966 4558 1020 4609 in
1048 4558 1142 4609 hoc
1169 4570 1297 4623 opus
1322 4561 1549 4607 creatum
1578 4551 1871 4616 seminaret,
1902 4557 1958 4603 ut
1980 4565 2112 4604 nunc

527 4665 713 4708 terram
743 4664 958 4712 manus;
992 4648 1093 4702 hoc
1118 4654 1205 4701 est
1225 4688 1240 4714 ,
1274 4646 1390 4700 sine
1414 4644 1521 4698 ullo
1540 4643 1830 4713 voluptatis
1846 4641 2110 4712 appetitu,

525 4760 650 4802 nam
681 4757 799 4798 eam
829 4740 1104 4795 libidinem
1126 4740 1241 4793 vult
1282 4738 1609 4807 Augustinus
1639 4750 1762 4791 esse
1804 4744 2105 4800 peccatum.

526 4836 726 4892 Eadem
755 4847 919 4904 opera
950 4830 1133 4887 dicere
1187 4829 1461 4885 debuisset
1508 4829 1801 4898 appetitum
1836 4827 1940 4883 cibi
1970 4826 2109 4895 grati

528 4938 804 5001 peccatum
828 4940 981 4990 esse;
1011 4938 1111 4979 nec
1129 4921 1332 4991 primos
1356 4930 1603 4999 parentes
1626 4935 1745 4975 cum
1769 4919 1972 4973 fructus
1996 4916 2112 4972 lici~

526 5035 612 5080 tos
638 5031 693 5078 et
714 5019 982 5092 jucundos
1005 5016 1379 5082 comederaut,
1412 5014 1518 5069 ulla
1566 5013 1838 5083 voluptate
1866 5011 2109 5065 titillatos

525 5114 710 5180 fuisse,
743 5122 836 5168 aut
862 5110 1122 5166 adductos
1148 5117 1208 5163 ut
1253 5110 1350 5163 hos
1384 5107 1564 5176 p0tius
1591 5121 1748 5176 quam
1783 5103 1902 5159 illos
1930 5116 2112 5158 come-

526 5209 748 5273 derent,
805 5206 898 5261 sed
957 5200 1260 5259 comedisse
1286 5208 1490 5253 tantum
1536 5207 1591 5252 ut
1621 5210 1815 5267 corpus
1845 5202 2111 5249 sustenta-

527 5309 670 5356 rent.
702 5299 917 5353 Addere
944 5297 1103 5351 etiam
1134 5310 1255 5350 eum
1297 5292 1629 5362 oportuisset
1654 5292 1811 5344 bruta
1837 5329 1852 5354 ,
1883 5298 2111 5357 quorum

527 5408 727 5463 organa
766 5392 966 5447 nostris
1008 5405 1115 5445 non
1144 5387 1409 5444 absimilia
1440 5394 1595 5453 sunt,
1625 5383 1823 5438 nullam
1870 5389 2112 5451 quaerere

530 5487 585 5541 in
608 5484 935 5539 naturalibus
959 5482 1263 5538 actionibus
1290 5480 1651 5548 voluptatem,
1684 5489 1807 5528 nam
1839 5487 1968 5528 sane
1998 5486 2105 5526 non

536 5586 857 5651 peccarunt;
886 5576 983 5631 sed
1006 5578 1070 5630 iis
1102 5576 1321 5645 defungi
1361 5581 1556 5642 sponte
1583 5577 1786 5624 natura:
1805 5607 1821 5633 ,
1854 5567 1971 5621 sine
1999 5565 2108 5619 ulla

535 5676 688 5743 plane
715 5668 1023 5740 cupiditate.
1044 5667 1179 5723 Nam
1204 5668 1318 5721 haec
1332 5673 1458 5720 sunt
1479 5678 1632 5732 mque
1656 5662 1848 5717 rationi
1882 5674 2109 5716 consen-

535 5780 684 5824 tanea
712 5781 774 5823 ac
803 5762 1200 5834 Augustinianae
1240 5758 1582 5827 conjecturae.
1614 5758 1903 5827 Postquam
1936 5756 2102 5812 Deum

424 5976 611 6063 Ἦ

2202 1900 2336 1952 nus,
2362 1886 2477 1939 haec
2507 1884 2594 1938 vix
2625 1883 2844 1938 tolerari
2888 1890 3114 1953 possunt
3154 1883 3210 1937 in
3254 1897 3348 1938 ore
3377 1883 3553 1939 senis
3576 1923 3598 1949 ,
3636 1890 3705 1936 et
3736 1882 3861 1952 epi-
3942 1890 3973 1971 μἐ]

2201 1977 2350 2048 scopi
2398 1990 2587 2032 omnes
2636 1976 2941 2045 promiscue
2994 1975 3350 2045 alloquentis,
3386 1986 3511 2030 tam
3552 1975 3849 2031 obscaena
3964 2030 3974 2065 ﬁ

2200 2072 2269 2127 ad
2301 2070 2670 2126 illustrandam
2692 2110 2709 2135 ,
2739 2077 2801 2123 ut
2831 2068 3114 2124 mitissime
3142 2070 3357 2137 loquar,
3389 2068 3653 2124 inanem
3703 2082 3850 2123 con-
3928 2070 3973 2147 λβ

2198 2164 2482 2233 jecturam,
2528 2170 2636 2216 tam
2685 2175 2911 2231 operose
2969 2170 3221 2231 congesta
3253 2176 3316 2215 ac
3343 2160 3619 2216 studiose
3675 2174 3846 2228 repe-
3926 2160 3973 2251 ir

2203 2262 2319 2312 tita.
2338 2258 2609 2325 Quosnam
2631 2256 2772 2310 enim
2800 2254 3013 2311 tandem
3040 2254 3155 2309 haec
3186 2265 3291 2309 tam
3314 2254 3512 2326 putida
3541 2252 3842 2308 docebat?
3928 2272 3931 2311 λ

2203 2314 2438 2414 Puellas,
2470 2346 2670 2412 credo;
2722 2361 2843 2401 nam
2893 2346 3043 2415 pueri
3098 2344 3233 2411 Afri,
3267 2314 3367 2401 sdb
3392 2344 3657 2400 ardente
3686 2343 3836 2399 caelo
3924 2384 3925 2391 η
3956 2314 3974 2443 ξ

2202 2443 2311 2496 nati
2338 2451 2392 2496 et
2419 2440 2663 2508 educati,
2698 2450 2781 2496 sat
2820 2440 2928 2495 cito
2980 2440 3104 2495 talia
3160 2449 3375 2495 norant.
3428 2440 3630 2495 Paulo
3661 2448 3837 2495 antea
3922 2446 3923 2501 ἶ

2202 2534 2338 2589 dixit
2366 2534 2580 2603 quidem
2612 2532 2709 2586 sibi
2739 2533 2985 2602 facillime
3008 2533 3254 2602 pudicum
3281 2549 3342 2587 ac
3367 2533 3702 2603 religiosum
3747 2532 3831 2585 le-
3914 2574 3915 2607 ι
3948 2521 3973 2537 “‘

2202 2638 2391 2682 ctorem
2413 2626 2695 2697 ignoscere,
2749 2626 2907 2681 donec
2935 2626 3293 2696 inﬁdelitatem
3324 2625 3541 2697 refellat
3563 2667 3582 2691 ,
3610 2641 3725 2678 non
3766 2624 3832 2677 ds
3914 2610 3917 2639 "

2203 2718 2304 2785 fide
2332 2733 2503 2770 rerum
2524 2716 3023 2783 inexpertarum,sed
3050 2717 3273 2771 desensu
3286 2725 3637 2787 expertarum
3654 2730 3825 2787 argu-
3910 2700 3915 2763 ί

2203 2818 2534 2865 mentantem.
2566 2807 2672 2863 Sed
2696 2820 2853 2864 erunt
2878 2819 2931 2863 et
2955 2809 3133 2878 pudici
3162 2820 3217 2865 et
3247 2809 3506 2878 religiosi,
3538 2823 3691 2879 quos
3718 2780 3824 2877 ξω-

2204 2832 2534 2865 meutansem.
2566 2832 2672 2863 acu
2696 2832 2853 2864 ιπυιιι
2878 2832 2931 2863 ει
2956 2832 3133 2878 νυυιω
3162 2832 3217 2865 ω
3248 2832 3506 2878 1⁷61151051,
3538 2832 3691 2879 quos
3719 2832 3824 2877 μυ·
3970 2859 3974 2869 ,

2204 2902 2352 2957 debit
2402 2899 2715 2964 commenti,
2741 2899 2883 2969 quod
2941 2900 3153 2954 nonnisi
3182 2910 3289 2955 tam
3319 2901 3581 2957 obscenis
3624 2899 3821 2967 conje-

2203 2997 2370 3053 cturis
2398 2995 2616 3051 defendi
2645 2964 2853 3064 potuit;
2885 3008 2986 3050 nec
3012 2994 3278 3063 patientur
3300 2996 3540 3064 inﬁdeles
3563 2995 3704 3061 dici,
3724 2964 3821 3063 qui
3900 2964 3907 3064 ἱ
3936 2964 3974 3064 ξε

2204 3088 2399 3144 talibus
2446 3086 2672 3142 somniis
2694 3085 2853 3139 ﬁdem
2885 3085 3165 3154 derogant,
3198 3084 3293 3140 sed
3322 3100 3417 3140 eos
3461 3086 3817 3142 contendent
3900 3084 3905 3137 ἴ

2209 3225 2331 3238 νυ-..
2371 3225 2517 3237 .-.κν
2560 3225 2814 3243 -..μ-η-.
2846 3225 2914 3235 ---
2957 3225 3083 3248 η-.-
3117 3225 3301 3236 ........-
3336 3225 3537 3249 ...ν-..η
3591 3225 3689 3250 η...
3719 3225 3814 3248 ...-

2206 3276 2371 3331 verbo
2416 3273 2599 3328 divino
2626 3274 2907 3343 opiniones
2960 3271 3057 3327 has
3085 3287 3209 3328 suas
3239 3276 3448 3344 populis
3473 3274 3809 3331 obtrudnnt.
3935 3225 3974 3371 Si

2206 3368 2312 3424 Sed
2355 3368 2522 3421 utitur
2566 3376 2752 3421 noster
2778 3375 2961 3421 orator
2992 3368 3245 3436 exemplo
3285 3368 3561 3438 Apostoli,
3594 3384 3709 3439 quo
3739 3382 3803 3423 se

2209 3469 2451 3517 tueatur:
2480 3458 2627 3530 Legit
2655 3459 2791 3513 enim
2834 3459 2962 3525 hare,
3010 3458 3327 3530 inquit,sine
3360 3460 3683 3529 offensione,
3718 3459 3811 3529 qui
3896 3458 3899 3481 ³
3942 3458 3973 3557 ὦ

2208 3571 2309 3607 ηοη
2339 3554 2573 3607 exhorret
2603 3551 2908 3620 Apostolum
2938 3552 3196 3609 horrenda
3242 3552 3556 3622 feminarum
3597 3554 3806 3625 ﬂagitia
3944 3551 3973 3625 ξέ

2205 3645 2687 3714 reprehendentem,
2720 3659 2841 3714 quas
2862 3645 3283 3702 immutaverunt
3305 3648 3611 3703 naturalem
3646 3660 3805 3701 usum
3892 3698 3895 3731 ί

2208 3740 2263 3793 in
2292 3752 2417 3792 eum
2440 3752 2593 3793 usum
2618 3737 2707 3804 qui
2730 3746 3014 3794 estcontra
3037 3746 3302 3793 naturam.
3336 3737 3534 3795 Verum
3564 3740 3804 3810 Aposto-
3894 3740 3901 3865 ﬁ

2212 3832 2291 3865 Inc
2321 3833 2435 3865 Inut-
2469 3846 2575 3865 nnn
2602 3832 2718 3865 ρίηο
2749 3846 2954 3865 cnme
2997 3841 3047 3865 ΔΙ
3082 3833 3371 3865 δικαίη-επ...
3420 3833 3799 3865 ς...ι;,......;ηη.,
3971 3824 3973 3833 ‘

2212 3832 2294 3886 lus
2321 3833 2438 3886 haec
2469 3846 2576 3886 non
2602 3832 2718 3887 sine
2749 3846 2957 3887 summa
2996 3841 3051 3887 et
3078 3833 3375 3901 justissima
3420 3833 3800 3905 indignatione
3894 3824 3901 3935 ς

3900 2952 3907 3119 J

2209 3924 2431 3980 detonat
2458 3924 2511 3979 in
2540 3939 2657 3979 reas
2681 3924 2946 3993 ejusmodi
2978 3925 3296 3997 ﬂagitiorum
3322 3945 3336 3993 ;
3378 3938 3432 3982 at
3461 3927 3801 3999 Augustinus

2210 4017 2385 4087 turpia
2407 4024 2715 4073 commenta
2744 4016 2832 4072 hic
2856 4018 3010 4073 nobis
3033 4019 3306 4089 propinat,
3338 4018 3603 4074 duntaxat
3631 4030 3694 4075 ut
3719 4032 3803 4073 ηε

2209 4109 2413 4165 tionem
2437 4109 2631 4165 reddat
2653 4110 2732 4165 rei
2748 4124 2868 4179 quas
2891 4124 2997 4164 non
3031 4109 3130 4164 luit
3156 4125 3328 4180 neque
3349 4111 3485 4176 erit;
3516 4113 3797 4174 nimirum,

2210 4203 2579 4271 generationis
2608 4202 2899 4259 liberorum
2931 4201 2984 4257 in
3012 4209 3153 4257 statu
3183 4201 3524 4267 innocentiae,
3567 4203 3617 4258 si
3649 4204 3703 4257 in
3733 4215 3800 4257 eo

2210 4296 2364 4362 primi
2393 4304 2643 4364 parentes
2676 4301 3153 4363 perseverassent;
3185 4303 3242 4350 et
3280 4296 3497 4366 quidem
3526 4299 3653 4367 quia
3689 4305 3797 4351 sta-

2213 4388 2314 4441 tuit
2337 4397 2616 4456 peccatum
2639 4388 2693 4443 id
2717 4403 2838 4444 esse
2859 4386 3003 4456 quod
3028 4387 3171 4443 inest
3193 4395 3401 4444 natura:
3423 4391 3661 4445 omnium
3683 4387 3796 4444 ani-

2215 4480 2456 4548 malium,
2485 4496 2585 4537 nec
2612 4496 2835 4550 usquam
2864 4480 3178 4547 damnatur,
3211 4480 3256 4536 si
3284 4482 3445 4537 motio
3475 4483 3617 4539 intra
3648 4485 3791 4553 leges

2219 4572 2585 4635 contineatur;
2647 4571 2920 4638 nimirum,
2961 4572 3308 4641 cupiditatem
3363 4577 3599 4646 coniugii
3650 4583 3790 4647 post-

2219 4678 2377 4729 quam
2407 4663 2703 4733 pubertatis
2727 4678 2898 4718 annos
2923 4664 3235 4733 attigerunt.
3268 4666 3436 4721 Suum
3466 4682 3593 4736 ergo
3625 4666 3785 4736 turpi-

2156 4790 2161 4793 ς
2219 4755 2459 4823 loquium
2488 4757 2626 4809 male
2653 4754 2863 4810 confert
2888 4769 3011 4810 cum
3042 4756 3185 4823 iusta
3216 4757 3367 4813 Pauli
3388 4759 3785 4828 indignatione;

2218 4864 2285 4903 ne
2297 4848 2406 4917 jam
2425 4849 2598 4905 dicam
2619 4849 2842 4905 Paulum
2866 4850 3035 4905 semel
3055 4860 3109 4906 et
3130 4854 3313 4920 paucis
3334 4852 3528 4925 ﬂagitia
3551 4855 3786 4910 ethnico-

2218 4958 2334 4996 rum
2354 4943 2631 5013 attingere,
2656 4958 2776 4997 cum
2799 4944 2888 4999 ille
2907 4945 3107 5014 saepius
3124 4946 3229 5001 huc
3246 4946 3431 5002 redeat
3445 4957 3498 5002 et
3518 4948 3782 5004 rhetorico

2216 5036 2337 5092 fuco
2366 5038 2545 5092 omnia
2569 5047 2830 5104 exornet,
2862 5047 2920 5093 ut
2945 5054 3015 5094 ex
3039 5040 3213 5095 allatis
3236 5041 3417 5097 verbis
3447 5043 3577 5097 satis
3598 5043 3778 5113 liquet.

2286 5133 2449 5187 Ltano
2495 5148 2590 5187 xv.
2633 5131 2765 5202 Cap.
2795 5133 2851 5188 9.
2893 5133 2965 5189 Ut
2998 5135 3189 5203 probet
3230 5136 3393 5192 fuisse
3446 5139 3683 5209 gigantes
3717 5150 3780 5192 ex

2216 5223 2500 5277 occasione
2528 5223 2628 5277 loci
2658 5222 2852 5278 Genes.
2878 5239 2954 5290 vt,
2982 5224 3035 5278 ι.
3065 5224 3311 5296 Gigantes
3336 5236 3507 5282 autem
3541 5237 3683 5283 erant
3704 5242 3781 5281 stt-

2218 5331 2305 5385 per
2324 5324 2509 5370 terram
2524 5301 2578 5370 in
2591 5316 2764 5370 diebus
2788 5317 2915 5382 illis,
2937 5318 3017 5372 sic
3041 5319 3389 5375 ratiocinatur
3412 5338 3425 5375 :
3450 5321 3789 5377 nobilissimus;

2218 5424 2393 5463 eorum
2405 5416 2554 5479 poeta
2565 5407 2829 5477 Virgilius,
2846 5410 2909 5463 de
2921 5410 3116 5481 ingenti
3126 5411 3317 5481 lapide,
3330 5428 3477 5484 quem
3487 5416 3538 5468 in
3552 5426 3787 5485 agrorum

2215 5502 2376 5555 limite
2388 5502 2603 5569 inﬁxum
2618 5504 2696 5556 vir
2708 5503 3070 5573 fortisillorum
3092 5510 3378 5571 temporum
3392 5508 3607 5577 (nempe
3624 5506 3781 5562 herois

2216 5594 2424 5662 corum)
2448 5611 2680 5666 pugnans
2694 5604 2740 5649 et
2756 5595 2950 5663 rapuit,
2974 5602 3021 5649 et
3041 5598 3264 5650 cucurrit
3283 5605 3328 5650 et
3350 5599 3549 5653 intorsit
3568 5610 3615 5654 et
3630 5599 3775 5665 misit,

2342 5707 2431 5754 Vix
2451 5707 2614 5770 illum,
2638 5706 2749 5755 lecti
2771 5707 2847 5754 bis
2868 5718 2957 5753 sex
2981 5708 3172 5770 cervice
3192 5708 3436 5770 subirent,

2343 5768 2513 5828 Qualia
2535 5782 2661 5818 nunc
2686 5770 2929 5817 hominum
2952 5768 3170 5830 producit
3190 5782 3394 5833 corpora
3420 5768 3566 5822 tellus
