4060 6364
181 225 303 283 «385

927 222 1281 285 VARIORUM
1319 227 1911 290 EXERCITATIONES
1950 231 2020 289 IN
2058 232 2116 290 S.
2157 231 2528 292 AUGUSTINI
2565 232 2818 296 OPERA.

184 340 555 414 Signiﬁcans
593 344 795 414 majora
816 347 937 397 tunc
971 359 1194 414 corpora
1226 345 1508 415 producere
1535 344 1697 400 solere
1726 346 1819 401 tel-
1846 352 1900 415 Α
1923 349 2036 404 rior
2071 349 2470 419 interpretatio,
2504 366 2620 406 nam
2650 367 2842 409 revera
2870 352 3129 411 Hebraice
3156 363 3299 416 vim
3324 356 3510 412 enosclt

187 438 407 491 iurem.
455 438 666 503 Quanto
705 438 866 509 magis
909 438 1070 508 igitur
1112 439 1421 509 temporibus
1458 440 1823 494 recentioribus

188 527 426 592 mundi,
459 538 582 582 ante
604 529 735 581 illud
752 528 918 583 nobile
942 529 1364 600 diffamatumque
1393 525 1823 602 diluvium?etc.]

190 620 348 674 Rem
381 620 576 688 ipsam
598 620 971 689 copiosissime
997 629 1051 675 et
1083 622 1447 676 eruditissime
1482 623 1827 691 pertractavit

189 711 285 763 vir
310 712 591 765 eruditus
631 711 944 766 Theodorus
992 712 1226 784 Ryckius
1274 715 1329 767 in
1376 715 1623 770 oratione
1662 728 1822 784 quam

193 799 478 868 subjecit
506 803 649 855 notis
691 801 850 857 Lucas
891 804 1152 859 llolstenii
1184 805 1239 859 in
1266 806 1593 876 Stephanum
1618 808 1825 878 Byzan-

196 892 356 945 tium
387 907 409 958 ;
446 893 795 963 ostenditque
823 894 990 951 fuisse
1024 897 1243 965 quidem
1269 898 1356 954 hic
1389 900 1499 954 illic
1539 900 1780 970 gigantes
1805 942 1820 967 ,

187 1001 294 1041 seu
354 987 684 1057 grandioris
712 997 928 1043 statura:
976 988 1257 1059 homines,
1289 991 1383 1047 sed
1428 993 1825 1064 antiquioribus

190 1080 578 1147 temporibus
601 1080 845 1137 homines
868 1083 1026 1152 vulgo
1053 1084 1329 1139 hodiernis
1354 1087 1691 1155 proceriores
1714 1100 1821 1141 non

190 1174 408 1229 fuisse.
451 1175 665 1230 Adeant
692 1191 813 1232 eum
840 1176 1087 1243 lectores,
1112 1179 1157 1232 si
1179 1179 1269 1248 qui
1294 1180 1430 1234 hanc
1460 1183 1821 1249 quaestionem

191 1267 540 1335 expendere
595 1267 833 1336 cupiant.
888 1268 1005 1323 Duo
1035 1278 1243 1324 tantum
1277 1271 1362 1326 hic
1388 1272 1819 1327 observabimus.

193 1360 372 1414 Prius
399 1362 538 1429 erit,
570 1362 952 1433 Augustinum,
981 1373 1275 1434 antequam
1314 1375 1582 1436 quaereret
1603 1381 1670 1421 an
1702 1366 1820 1420 fue-

191 1455 313 1509 rint
344 1455 636 1524 gigantes,
668 1455 918 1510 debuisse
934 1458 1221 1513 consulere
1250 1458 1468 1513 Graecos
1498 1459 1823 1528 interpretes

195 1546 443 1602 Veteris
476 1548 828 1614 Tcstamenti,
858 1548 1238 1621 Symmachum
1264 1559 1425 1619 atque
1448 1550 1727 1621 Aquilam;
1756 1566 1821 1607 ex

192 1643 422 1712 quibus
446 1644 799 1699 intellexisset
821 1646 1025 1699 nullam
1040 1660 1165 1700 esse
1188 1646 1273 1700 hic
1296 1646 1611 1701 Hebraicam
1633 1660 1821 1701 vocem

1926 450 2008 497 est
2031 443 2230 509 homo;
2263 443 2357 498 sed
2397 454 2492 503 mn
2519 444 2671 500 cheth
2710 447 3164 503 resurrectionem
3192 465 3297 504 non
3325 460 3509 517 sonat;

1927 533 2022 589 sed
2046 535 2224 604 potius
2251 536 2498 605 positum,
2522 549 2611 592 aut
2636 540 2934 610 repositum,
2960 558 2992 594 a
3014 552 3132 601 mw
3153 544 3345 612 posuit,
3368 544 3510 614 quod

1926 627 2093 697 liquet
2119 627 2254 684 Gen.
2290 644 2364 695 iv,
2395 629 2486 694 25,
2520 630 2609 685 ubi
2654 633 2980 704 etymologia
3022 636 3257 691 nominis
3284 638 3362 693 sic
3393 646 3507 693 tra-

1924 719 2069 819 ditur
2120 737 2136 775 :
2179 732 2301 783 arts
2350 730 2456 786 ira
2503 706 2559 781 ἰ)
2619 732 2716 782 me
2781 732 2835 785 θ)
2880 736 2978 819 mn
3012 738 3147 819 rm
3187 740 3271 790 nu
3323 740 3510 819 mpm

1924 796 2032 872 ’ππ
2072 824 2196 875 nm
2236 823 2281 869 et
2319 815 2513 868 uocauit
2555 831 2736 871 nomen
2775 820 2889 888 ejus
2926 817 3118 874 Scheth
3145 862 3160 887 ,
3191 822 3314 890 quia
3342 796 3513 891 polsuit

1929 903 2177 975 (Schath)
2204 904 2327 958 mihi
2350 905 2493 960 Deus
2522 906 2721 975 prolem
2741 909 2955 962 alteram
2986 909 3098 963 loco
3131 910 3315 966 Hebel.
3355 912 3509 979 Quod

1927 998 2007 1054 sic
2035 1010 2413 1069 expresserunt
2464 1000 2608 1055 LXX
2636 1002 2984 1071 interpretes:
3007 1007 3106 1058 Kal
3131 1005 3425 1076 ἐπωνόμασε
3458 1006 3515 1061 τὸ

1927 1089 2085 1166 ὄνομα
2124 1096 2275 1149 αὐτοῦ
2306 1096 2397 1153 Σήθ
2417 1134 2432 1158 ,
2459 1095 2709 1167 λέγουσα,
2744 1095 3039 1159 ἐξανέστησε
3078 1099 3178 1170 γὰρ
3220 1118 3307 1167 μοι
3333 1096 3359 1152 ὁ
3389 1099 3513 1159 Θεὸς

1924 1194 2128 1260 σπέρμα
2146 1186 2321 1261 ἕτερον
2351 1186 2463 1240 ἀντί
2481 1181 2653 1241 Ἅϐελ.
2680 1184 2831 1240 Unde
2857 1192 3058 1240 temere
3084 1186 3299 1256 collegit
3325 1197 3512 1243 auctor

1926 1275 2124 1330 Libelli
2162 1275 2447 1330 Nominum
2484 1275 2869 1331 Hebraicorum
2909 1291 3043 1331 voce
3066 1275 3193 1331 Seth
3219 1278 3512 1348 signiﬁcari

1923 1371 2230 1437 ἀνάστασιν,
2257 1384 2378 1423 cum
2403 1368 2543 1423 LXX
2574 1370 2892 1439 interpretes
2917 1384 3132 1423 sensum
3159 1368 3336 1439 potius
3348 1384 3508 1440 quam

1928 1463 2033 1515 vim
2064 1461 2335 1532 propriam
2368 1461 2642 1515 Hebraica:
2670 1462 2817 1515 vocis
2855 1461 3240 1530 expresserint.
3285 1460 3509 1516 Pericu-

1928 1553 2101 1608 losum
2122 1561 2203 1608 est
2226 1553 2345 1606 aliis
2374 1552 2620 1616 credere,
2653 1551 2704 1606 in
2726 1567 2787 1606 re
2810 1567 2968 1621 quam
2996 1551 3144 1606 nullo
3166 1550 3326 1607 modo
3349 1552 3509 1608 intel-

1931 1648 2087 1719 ligas,
2110 1662 2230 1702 cum
2256 1647 2430 1702 nescis
2457 1660 2522 1699 an
2548 1646 2664 1716 ejus
2689 1646 2848 1715 periti
2876 1646 3001 1700 sint.

202 1749 338 1804 qua:
367 1734 630 1805 gigantes
653 1735 953 1805 signiﬁcet,
984 1750 1046 1791 ac
1069 1736 1295 1806 proinde
1315 1737 1596 1806 quaestioni
1623 1752 1689 1792 an
1708 1738 1822 1793 fue-
1848 1730 1898 1795 B
1999 1738 2131 1793 bid.
2173 1737 2315 1792 Enos
2340 1738 2479 1806 ﬁlius
2505 1742 2619 1809 ejus
2645 1741 3005 1807 interpretatur
3032 1739 3215 1807 homo;
3242 1756 3346 1795 non
3374 1741 3509 1795 sicut

195 1826 313 1879 rint
341 1827 624 1895 gigantes,
651 1826 862 1881 nullum
886 1826 972 1881 hic
1000 1827 1178 1882 locum
1196 1842 1336 1883 esse.
1363 1829 1639 1885 Posterius
1664 1844 1817 1899 vero,

198 1919 611 1973 auctoritatem
632 1918 839 1989 Virgilii
862 1959 879 1986 ,
908 1928 1031 1988 post
1059 1918 1353 1975 Homerum
1376 1922 1705 1990 mentientis,
1740 1923 1825 1976 ni-

198 2010 317 2064 mis
344 2010 532 2065 levem
562 2010 730 2066 fuisse
760 2011 905 2081 apud
932 2011 1177 2067 homines
1205 2013 1401 2081 serios,
1429 2029 1591 2084 quam
1620 2026 1679 2069 ut
1703 2016 1822 2071 usui

203 2116 345 2157 esse
372 2117 451 2169 po
464 2111 573 2158 sset
620 2104 687 2158 ad
717 2102 1109 2159 defendendam
1155 2117 1341 2161 contra
1368 2107 1613 2164 ethnicos
1643 2109 1820 2164 Histo-

203 2198 360 2250 riam
398 2212 629 2252 sacram.
666 2198 854 2253 Parata
886 2200 1027 2253 enim
1060 2209 1178 2254 erat
1210 2202 1510 2270 responsio,
1547 2202 1820 2273 Virgilium

207 2301 455 2362 poetam
488 2292 674 2362 fuisse,
695 2294 779 2348 cui
806 2294 1007 2363 ﬁngere
1026 2294 1261 2351 licuisset
1288 2337 1304 2361 ,
1338 2297 1462 2351 etin
1485 2297 1585 2353 hac
1607 2300 1821 2368 quidem

210 2403 278 2442 re
314 2402 454 2442 eum
488 2388 814 2443 imitatorem
847 2387 1010 2443 fuisse
1032 2388 1273 2457 Homeri,
1303 2390 1390 2445 cui
1420 2406 1579 2447 nemo
1599 2406 1822 2461 necesse

207 2480 459 2536 haberet
479 2482 716 2535 credere.

296 2572 443 2627 Ibid.
486 2570 693 2625 Plinius
734 2574 1020 2638 secundus,
1052 2573 1379 2629 doctissimus
1409 2576 1589 2641 homo,
1632 2584 1820 2646 quanto

207 2665 397 2735 magis
421 2665 683 2735 magisque
720 2664 941 2733 praeterit
981 2666 1155 2718 saeculi
1185 2680 1427 2719 excursus
1465 2667 1669 2719 minora
1702 2683 1820 2721 cor-

212 2773 360 2827 pora
392 2767 629 2811 naturam
661 2757 792 2826 ferre
823 2756 1081 2828 testatur.]
1122 2757 1237 2811 lloc
1260 2756 1475 2827 quidem
1515 2757 1676 2811 habet
1715 2757 1825 2812 Pli-

216 2853 356 2906 nius
390 2852 571 2906 lib.vn
602 2850 737 2904 Hist.
763 2856 898 2912 nat.,
923 2864 1041 2919 cap.
1075 2849 1162 2904 16.
1191 2850 1296 2905 Sed
1313 2849 1501 2904 falsum
1520 2865 1639 2904 esse
1664 2864 1823 2905 nemo

216 2945 432 3011 nescit,
462 2951 516 2999 et
561 2941 742 2997 multis
774 2940 1011 2994 ostendit
1048 2942 1093 2995 is
1124 2957 1283 3011 quem
1332 2942 1472 3007 dixi,
1505 2941 1822 2997 Theodorus

212 3034 493 3104 Ryckius.

1929 1831 2097 1885 Adam
2131 1830 2199 1899 (et
2224 1830 2392 1898 ipsum
2423 1830 2557 1883 enim
2586 1844 2768 1884 nomen
2798 1832 3163 1901 interpretatur
3192 1831 3391 1902 homo),
3419 1833 3508 1888 sed

1928 1937 2191 1975 commune
2213 1920 2503 1991 perhibetur
2528 1936 2636 1974 esse
2660 1922 2713 1974 in
2744 1922 2837 1975 illa
2863 1922 3061 1993 lingua,
3093 1923 3147 1975 id
3167 1932 3240 1977 est
3263 1923 3505 1995 Hebrtea,

1929 2014 2155 2067 masculo
2183 2020 2230 2066 et
2258 2012 2481 2081 feminae.
2514 2010 2657 2066 Nam
2685 2013 2758 2067 sic
2785 2013 2847 2065 de
2873 2012 2966 2067 illo
2995 2014 3237 2083 scriptum
3265 2024 3379 2069 est:
3401 2017 3512 2071 Ma-

1928 2104 2135 2159 sculum
2161 2111 2215 2157 et
2246 2103 2496 2158 feminam
2526 2104 2650 2158 fecit
2691 2105 2833 2173 illos,
2878 2112 2933 2159 et
2960 2105 3238 2163 benedixit
3266 2107 3406 2174 illos,
3456 2117 3512 2165 et

1928 2194 2322 2266 cognominavit
2343 2209 2539 2249 nomen
2558 2211 2744 2250 eorum
2774 2196 2963 2251 Adam.
2994 2195 3144 2253 Unde
3170 2216 3274 2254 non
3300 2201 3511 2272 ambigi-

1929 2298 2010 2340 tur
2035 2289 2108 2341 sic
2136 2287 2442 2358 appellatam
2474 2288 2632 2357 fuisse
2677 2289 2916 2359 feminam
2962 2287 3146 2356 Euam,
3181 2293 3388 2361 proprio
3418 2309 3511 2347 no-

1928 2378 2083 2443 mine,
2110 2387 2165 2430 ut
2190 2386 2359 2431 tamen
2383 2378 2570 2444 Adam,
2595 2380 2731 2449 quod
2754 2380 3119 2448 interpretatur
3134 2382 3306 2455 homo,
3328 2401 3512 2444 nomen

1928 2482 2055 2524 esset
2084 2469 2390 2542 amborum]
2423 2472 2588 2525 ﬂecte
2616 2474 2685 2526 de
2723 2473 2940 2528 nomine
2966 2474 3149 2541 Adam,
3184 2476 3281 2532 sed
3319 2492 3511 2548 perpe-

1927 2578 2040 2618 ram
2063 2563 2131 2617 de
2156 2564 2375 2617 nomine
2402 2559 2568 2630 Enos,
2600 2563 2739 2632 quod
2764 2563 3006 2633 pluribus
3047 2566 3428 2637 interpretatur
3455 2570 3511 2627 in

1927 2655 2275 2725 sequentibus
2323 2652 2512 2707 :Enos
2557 2664 2747 2721 autem,
2796 2657 2987 2726 inquit,
3034 2659 3107 2712 sic
3148 2660 3511 2732 interpretatur

1927 2746 2078 2799 homo
2099 2786 2114 2811 ,
2149 2756 2203 2799 ut
2224 2745 2323 2799 hoc
2349 2761 2455 2799 non
2475 2762 2622 2817 posse
2650 2748 2893 2816 feminam
2920 2753 3206 2821 nuncupari
3233 2755 3382 2823 periti
3407 2757 3512 2809 lin-

1927 2854 2040 2909 gua:
2084 2838 2225 2891 illius
2271 2846 2590 2903 asseverent;
2637 2849 2878 2907 tanquam
2921 2840 3065 2908 ﬁlius
3104 2848 3508 2917 resurrectionis,

1928 2928 2012 2982 ubi
2040 2944 2141 2982 non
2166 2929 2374 2996 nubent,
2407 2944 2565 2996 neque
2584 2944 2768 2984 uxores
2788 2931 2994 2986 ducent.
3021 2933 3143 2988 Non
3163 2938 3297 2989 enim
3320 2940 3417 2992 erit
3438 2941 3510 2997 ibi

1927 3026 2204 3094 generatio,
2222 3045 2336 3081 cum
2358 3030 2480 3082 illuc
2503 3031 2793 3100 perduxerit
2815 3035 3156 3102 regeneratio.
3180 3034 3239 3091 Si
3270 3036 3385 3092 haec
3412 3052 3509 3108 pro

296 3128 441 3196 Cap.
471 3127 555 3181 15.
599 3128 726 3184 Post
752 3129 959 3201 longam
982 3138 1036 3185 et
1064 3129 1278 3184 anxiam
1294 3129 1737 3199 disputationem,
1757 3132 1820 3188 de

1928 3117 2190 3173 concione
2219 3121 2438 3176 dixisset
2467 3123 2815 3192 Augustinus,
2847 3128 2966 3195 quis
3017 3125 3226 3182 dubitet
3252 3130 3383 3199 quin
3411 3132 3509 3185 mi~

214 3218 549 3275 discrimine
587 3221 950 3292 chronologize
981 3222 1256 3277 Hebraicac
1285 3230 1339 3276 et
1368 3219 1567 3277 Graecae
1593 3264 1608 3287 ,
1642 3226 1694 3277 in
1726 3238 1824 3278 an-

218 3312 317 3365 nis
347 3310 866 3367 antediluvianorum
898 3314 1349 3382 patriarcharum,
1375 3314 1589 3370 tandem
1622 3316 1700 3370 sic
1736 3332 1823 3372 ra-

221 3406 609 3462 tiocinationes
649 3421 775 3461 suas
797 3409 994 3463 claudit
1035 3408 1395 3478 Augustinus:
1429 3408 1531 3464 Sed
1572 3412 1824 3481 quomodo

225 3496 357 3552 libet
380 3498 514 3551 illud
563 3500 893 3570 accipiatur;
943 3501 1044 3555 sive
1072 3508 1313 3555 credatur
1340 3502 1414 3554 ita
1454 3516 1561 3555 esse
1594 3502 1783 3569 factum
1807 3545 1821 3569 ,

225 3594 340 3645 sive
368 3609 467 3647 non
497 3594 764 3661 credatur;
793 3595 895 3648 sive
915 3602 1168 3664 postremo
1194 3596 1299 3661 ita,
1341 3594 1445 3648 sive
1474 3610 1576 3648 non
1614 3595 1686 3648 ita
1716 3596 1823 3663 sit;

225 3693 370 3738 recte
409 3685 523 3753 ﬁeri
561 3688 703 3741 nullo
732 3688 885 3741 modo
924 3690 1292 3757 dubitaverim,
1319 3697 1374 3741 ut
1414 3706 1528 3742 cum
1569 3689 1824 3744 diversum

228 3777 434 3847 aliquid
462 3779 516 3831 in
558 3780 782 3848 utrisque
818 3781 1071 3834 codicibus
1108 3781 1380 3845 inuenitur,
1414 3782 1822 3850 quandoquidem

231 3867 305 3918 ad
333 3868 487 3935 fidem
507 3885 676 3922 rerum
700 3879 958 3939 gestarum
987 3880 1259 3939 utrumque
1285 3888 1392 3926 esse
1423 3889 1525 3925 non
1556 3880 1715 3941 potest
1740 3886 1823 3927 ue-

231 3975 375 4023 rum,
405 3960 451 4011 ei
485 3958 671 4029 lingua:
691 3962 859 4031 potius
900 3964 1169 4027 credatur,
1209 3965 1342 4017 unde
1365 3972 1442 4017 est
1465 3966 1518 4017 in
1547 3965 1702 4018 aliam
1732 3980 1823 4035 per

234 4054 536 4124 interpretes
581 4059 719 4124 facta
746 4056 1033 4110 translatio.
1080 4057 1227 4111 Nihil
1255 4057 1457 4122 verius,
1487 4060 1580 4112 sed
1613 4058 1715 4113 hoc
1743 4060 1821 4112 vi-

237 4145 397 4198 detur
422 4146 714 4200 extorsisse
738 4147 1040 4215 Augustino
1060 4148 1201 4217 quod
1235 4147 1457 4202 habetur
1484 4148 1547 4202 in
1572 4149 1822 4204 versione

236 4237 382 4292 LXX
410 4239 757 4308 interpretum
815 4239 882 4294 de
939 4242 1096 4295 annis
1128 4240 1434 4295 Mathusalae
1454 4284 1469 4307 ,
1524 4255 1684 4312 quem
1704 4282 1720 4309 ,
1752 4257 1819 4298 ex

238 4345 423 4385 eorum
453 4332 682 4399 calculo,
718 4332 922 4388 diluvio
956 4336 1294 4404 superstitem
1322 4333 1486 4389 fuisse
1512 4342 1812 4403 oporteret,

171 4423 190 4461 ’-
240 4422 376 4489 quod
404 4421 693 4491 Scripturae
720 4438 940 4493 prorsus
970 4426 1297 4479 contrarium
1327 4434 1433 4481 est.
1464 4425 1666 4480 Interea
1703 4442 1818 4482 ant-

1930 3212 2153 3267 rabilem
2184 3214 2425 3284 plausum
2457 3216 2525 3270 ab
2552 3218 2734 3287 ignara
2783 3219 3128 3275 Numidarum
3174 3221 3330 3291 plebe
3360 3224 3508 3279 tulis-

1927 3307 2042 3361 set?
2070 3305 2180 3362 Nec
2208 3307 2425 3363 dubium
2451 3310 2579 3363 mihi
2610 3319 2693 3365 est
2721 3312 2848 3382 quin
2875 3312 3063 3368 obtusa
3086 3313 3373 3371 Pmnorum
3415 3332 3508 3387 pe-

1929 3408 2098 3461 ctora,
2133 3400 2329 3470 aliique
2356 3417 2461 3456 non
2493 3402 2761 3459 doctiores
2790 3419 3018 3461 acumen
3047 3410 3279 3463 oratoris
3307 3409 3508 3480 Hippo-

1928 3491 2111 3546 nensis
2136 3497 2240 3547 sint
2270 3492 2536 3548 admirati.
2565 3498 2747 3565 Atqui,
2782 3508 2834 3552 ut
2860 3497 3052 3554 falsum
3084 3510 3165 3556 est
3190 3516 3322 3557 voce
3348 3480 3511 3575 Seth,

1926 3593 1985 3637 ut
2005 3584 2115 3653 jam
2158 3582 2408 3647 vidimus.
2454 3588 2872 3642 resurrectionem
2910 3589 3222 3660 signiﬁcari,
3254 3592 3333 3647 sic
3371 3608 3507 3649 voce

1924 3686 2068 3737 mm
2089 3680 2374 3751 signiﬁcari
2399 3692 2601 3739 tantum
2622 3686 2785 3738 virum
2806 3683 2995 3739 falsum
3020 3699 3229 3755 quoque
3251 3693 3353 3753 est,
3371 3701 3508 3756 prae-

1926 3773 2111 3825 sertim
2142 3773 2194 3827 in
2247 3773 2500 3844 singulari
2557 3791 2801 3840 numero,
2861 3776 2951 3830 ubi
3003 3784 3085 3830 est
3112 3777 3251 3831 idem
3277 3792 3339 3830 ac
3386 3780 3506 3839 D‘m

1925 3861 2093 3915 Adam
2140 3863 2398 3934 Hebraeis,
2439 3876 2493 3921 et
2539 3865 2740 3921 Grmcis
2789 3865 3073 3943 ἄνθρωπος,
3113 3875 3167 3920 et
3194 3875 3505 3923 constanter

1923 3962 2209 4026 utrumque
2236 3974 2422 4013 sexum
2453 3960 2846 4029 complectitur.
2896 3960 2951 4014 In
2978 3958 3171 4027 plurali
3200 3967 3386 4018 artum
3430 3960 3505 4012 ui-

1924 4065 2028 4115 ros,
2058 4064 2154 4105 seu
2178 4049 2385 4125 ἄνδρας,
2417 4067 2561 4121 szepe
2589 4053 2872 4121 signiﬁcat,
2904 4050 2998 4105 sed
3025 4066 3200 4118 neque
3228 4052 3278 4105 id
3309 4066 3505 4122 perpe-

1923 4148 2036 4205 tuo,
2062 4149 2120 4195 ut
2166 4141 2568 4197 Concordantize
2612 4143 2885 4197 Hebraicis
2926 4142 3267 4211 vulgariaque
3310 4142 3503 4197 Lexica

1922 4233 2210 4290 docebunt.
2247 4236 2430 4307 Itaque
2462 4250 2558 4307 pro
2584 4236 2795 4305 plausu,
2836 4234 3027 4304 dignus
3060 4235 3145 4288 hic
3173 4245 3289 4289 erat
3330 4235 3504 4290 bonus

1924 4328 2008 4381 vir
2036 4328 2309 4383 acerrimis
2336 4328 2624 4398 pastoritiaa
2655 4326 2847 4381 ﬁstula:
2877 4325 3085 4392 sibilis;
3104 4326 3191 4396 qui
3222 4342 3289 4381 ex
3330 4326 3504 4382 aliena

1923 4417 2028 4473 ﬁde
2056 4417 2122 4472 de
2164 4432 2221 4474 re
2259 4418 2522 4489 ejusmodi
2553 4419 2695 4489 loqui
2726 4433 2834 4472 non
2884 4417 3087 4472 debuit.
3120 4416 3229 4473 Sed
3276 4416 3405 4473 audi
3450 4427 3506 4473 et

258 4512 547 4579 plectamur
567 4513 705 4583 quod
721 4513 874 4569 nobis
900 4514 1009 4582 dat,
1035 4518 1338 4587 gratiasque
1360 4517 1411 4570 ei
1437 4516 1728 4573 habeamus
1749 4517 1819 4573 ob
1844 4505 1900 4567 D
1923 4513 2200 4580 sequentia
2236 4528 2250 4565 :
2281 4511 2452 4576 Quare
2478 4518 2523 4565 et
2548 4512 2643 4565 hoc
2663 4525 2763 4563 nou
2786 4510 3042 4562 incassum
3066 4508 3355 4563 notandum
3370 4507 3508 4561 arbi-

242 4604 509 4669 prolatam-
530 4606 845 4671 veritatem;
895 4608 1142 4675 quamvis
1170 4608 1294 4661 huic
1338 4608 1664 4663 confessioni
1692 4624 1819 4664 cou-

238 4685 517 4751 'venienter
542 4712 602 4751 se
624 4700 845 4753 minime
873 4700 1119 4767 gesserit,
1154 4700 1247 4767 qui
1269 4709 1325 4754 ut
1355 4700 1668 4757 Hebraicam
1712 4702 1817 4756 lin-

245 4800 397 4855 guam
438 4787 671 4843 disceret
692 4804 910 4859 operam
941 4805 1049 4845 non
1088 4792 1255 4846 dedit.
1297 4791 1551 4861 Subjicit:
1586 4794 1730 4847 Nam
1762 4795 1818 4847 in

246 4879 538 4947 quibusdam
562 4882 718 4933 etiam
738 4882 994 4936 codicibus
1014 4882 1210 4937 Graecis
1229 4885 1387 4939 tribus
1408 4895 1455 4939 et
1476 4902 1577 4939 uno
1604 4885 1810 4955 Latino,

248 4981 295 5026 et
318 4986 413 5025 uno
442 4971 594 5025 etiam
626 4972 793 5041 Syro,
835 4974 966 5027 inter
1007 4991 1061 5027 se
1093 4977 1549 5041 consentientibus,
1583 4977 1815 5032 inventus

248 5072 317 5119 est
358 5062 698 5118 Mathusalem
740 5079 832 5117 sea:
858 5065 1009 5117 annis
1050 5076 1169 5119 ante
1200 5066 1466 5120 Diluvium
1498 5067 1657 5135 fuisse
1695 5084 1818 5121 con-

250 5166 485 5224 sumptus.
528 5154 859 5210 Crediderim
907 5155 1183 5225 Syriacam
1216 5159 1717 5227 interpretationem
1752 5175 1815 5214 ex

253 5249 464 5304 Hebraeo
483 5248 1005 5318 codice,ll.ieronymi
1023 5249 1318 5303 versionem
1348 5251 1614 5317 Latinam,
1636 5262 1814 5305 trans-

253 5342 569 5410 lationesque
614 5341 847 5410 Aquilae,
901 5339 1208 5410 Symmachi
1241 5350 1297 5395 et
1325 5341 1707 5396 Theodotionis
1737 5342 1818 5395 in-

256 5432 431 5501 telligi,
456 5447 589 5500 quas
626 5448 731 5487 non
753 5432 948 5486 mirum
980 5445 1101 5485 cum
1135 5430 1397 5485 Hebraico
1424 5431 1570 5486 fonte
1590 5446 1818 5489 consen-

256 5522 396 5593 sisse,
417 5523 841 5594 quandoquidem
870 5537 939 5578 ex
965 5538 1029 5578 eo
1050 5533 1205 5578 erant
1231 5522 1509 5577 derivatis.

317 5616 433 5685 Cap.
463 5617 549 5670 17.
593 5615 758 5671 Porro
785 5615 873 5670 ille
913 5615 1040 5670 Seth
1078 5616 1377 5669 resurrectio
1418 5615 1813 5686 interpretatur,

257 5716 301 5761 et
320 5706 445 5763 Enos
467 5709 605 5773 ﬁlius
637 5711 748 5775 eius
774 5708 1127 5773 interpretatur
1146 5704 1350 5778 homo.]
1374 5704 1511 5762 Vera
1533 5714 1614 5761 est
1630 5716 1810 5777 poste-

1923 4612 2050 4673 tror,
2082 4604 2222 4674 quod
2262 4605 2316 4658 in
2364 4604 2435 4658 eis
2464 4603 2875 4677 generationibus
2903 4618 3017 4673 qute
3062 4615 3416 4673 propagantur
3443 4618 3506 4657 ea:

1920 4694 2014 4749 illo
2033 4695 2119 4765 qui
2142 4706 2218 4749 est
2238 4696 2522 4767 appellatus
2552 4695 2697 4759 Seth,
2744 4710 2856 4748 cum
2903 4696 3134 4767 genuisse
3170 4694 3306 4764 filios
3336 4696 3504 4764 ﬁlias-

1922 4804 2019 4856 que
2038 4788 2306 4854 dicantur;
2350 4787 2494 4842 nulla
2519 4787 2588 4841 ibi
2616 4788 2788 4857 genita
2828 4788 3131 4841 nominatim
3178 4787 3370 4854 femina
3415 4801 3506 4840 eat-

1923 4896 2097 4950 pressa
2122 4890 2231 4945 est;
2261 4882 2312 4934 in
2335 4882 2411 4935 his
2440 4891 2609 4934 autem
2634 4896 2747 4947 qute
2777 4889 3127 4952 propagantur
3164 4896 3227 4933 ea:
3255 4880 3404 4945 Cain,
3452 4880 3506 4933 in

1921 4973 2037 5039 ipso
2063 4972 2189 5039 ﬁne,
2216 4989 2473 5042 quousque
2492 4962 2885 5043 protenduntur,
2913 4972 3184 5025 novissima
3206 4970 3395 5039 femina
3415 4986 3506 5041 ge-

1924 5065 2033 5116 nita
2062 5065 2371 5119 nominatur.
2401 5064 2533 5121 Cum
2564 5066 2679 5120 haec
2706 5066 2912 5134 argutia
2944 5064 3142 5117 nitatur
3162 5062 3507 5119 fundamento

1927 5165 2078 5211 antea
2117 5158 2317 5223 diruto,
2346 5158 2413 5212 de
2449 5160 2750 5229 signiﬁcatu
2777 5159 2924 5212 vocis
2952 5155 3118 5220 Enos,
3151 5163 3259 5209 tota
3292 5167 3510 5211 corruat

1930 5265 2149 5305 necesse
2169 5261 2271 5315 est,
2296 5260 2349 5307 et
2381 5254 2692 5323 mysterium
2736 5250 2838 5304 hoc
2884 5247 3150 5302 somnium
3194 5244 3510 5304 Africanum

1928 5343 2202 5400 habeatur.

1992 5436 2122 5504 Cap.
2150 5436 2241 5505 25,
2274 5437 2301 5507 §
2325 5439 2376 5492 5.
2413 5436 2488 5491 De
2517 5437 2637 5490 loco
2659 5434 2855 5489 Genes.
2892 5436 2967 5499 tl,
2994 5433 3051 5501 2,
3080 5432 3306 5487 videntes
3336 5433 3509 5503 angeli

1922 5525 2018 5579 Dei
2047 5528 2182 5595 ﬁlias
2210 5530 2489 5596 hominum,
2520 5514 2625 5583 etc.
2657 5526 2823 5583 Recte
2852 5525 3111 5582 observat
3153 5525 3273 5582 illos
3300 5528 3507 5598 angelos

1924 5616 2016 5672 Dei
2044 5618 2209 5672 fuisse
2240 5619 2509 5683 homines,
2540 5618 2734 5675 deinde
2759 5618 2945 5674 subdit
2982 5635 2996 5671 :
3032 5617 3368 5689 Septuaginta
3396 5619 3506 5687 qui.

1922 5710 2034 5764 dem
2064 5712 2359 5781 interpretes
2390 5721 2437 5765 et
2467 5712 2683 5791 angelos
2731 5711 2828 5769 Dei
2858 5712 3097 5767 dixerunt
3126 5712 3250 5766 istos
3290 5720 3347 5763 et'
3366 5710 3504 5765 ﬁlios
