4060 6364
510 246 615 304 487

1396 234 1949 294 SUPPLEMENTUM
1991 218 2081 291 AD
2120 234 2354 292 ornas
2395 236 2455 292 s:
2497 233 2887 293 AUGUSTINI.

3721 236 3828 294 ‘88

511 358 628 426 Dei,
658 355 795 428 quod
821 354 1025 427 quidem
1049 366 1150 406 non
1180 366 1350 405 omnes
1375 350 1572 403 codices
1597 348 1821 414 habent;
1851 366 1969 403 nam
1991 350 2099 420 qui-
2125 355 2171 412 Α
2207 350 2521 405 Graecorum
2558 357 2608 404 et
2656 350 2965 406 Latinorum
2992 391 3006 417 ,
3062 350 3255 423 quibus
3317 351 3563 409 delenda
3620 348 3830 406 fuisset

419 476 425 483 -
512 453 631 504 dam
660 450 754 503 nisi
784 448 922 501 ﬁlios
948 445 1040 499 Dei
1068 459 1167 497 non
1189 442 1395 495 habent.
1423 440 1607 511 Aquila
1628 450 1816 507 autem,
1841 458 1988 512 quem
2014 443 2095 495 in-

513 550 784 611 terpretem
812 536 984 591 Judari
1014 536 1206 589 steteris
1236 541 1573 605 anteponunt,
1602 549 1703 586 non
1725 533 1938 603 angelos
1962 532 2092 597 Dei,

510 652 601 689 nec
642 632 777 686 ﬁlios
828 630 940 695 Dei,
991 630 1080 683 sed
1128 628 1264 683 ﬁlios
1306 628 1527 682 deorum
1578 627 1936 697 interpretatus
1975 622 2094 695 est.]

419 785 436 809 φ
512 728 679 780 Erant
723 738 849 793 ergo
901 722 1117 777 codices
1159 721 1249 791 qui
1289 721 1576 785 habebant,
1627 718 1827 795 ἄγγελοι
1856 727 1983 776 οεοῦ
2010 722 2095 774 καὶ

421 818 433 835 '
510 820 608 871 υἱοὶ
645 822 795 879 Θεοῦ,
827 823 881 869 et
919 812 1009 884 qui
1039 814 1158 867 sine
1185 812 1347 867 dubio
1378 812 1552 867 vitiosi
1597 823 1770 880 erant,
1820 828 1940 867 nam
1970 827 2091 867 cum

509 906 581 962 sit
610 914 811 960 tantum
841 904 1029 968 semel,
1085 904 1137 957 in
1171 903 1394 957 Hebraao
1422 903 1636 969 codice,
1683 885 1861 961 ambs:
1889 912 1977 961 νει
1999 903 2094 957 bne

507 1001 715 1067 elohim,
747 1000 999 1054 alterutra
1030 1006 1237 1051 tantum
1267 997 1537 1051 locutione
1580 997 1715 1051 verti
1745 995 1933 1065 potuit.
1965 995 2094 1051 Sine

508 1094 670 1149 dubio
694 1093 887 1164 aliquis
916 1108 946 1146 e
970 1091 1192 1161 regione
1220 1104 1413 1145 vocum
1443 1087 1644 1165 ἄγγελοι
1664 1098 1755 1144 τοῦ
1786 1097 1912 1145 Θεοῦ
1959 1088 2094 1143 scri-

511 1194 688 1255 pserat
711 1189 812 1239 υἷοί
840 1190 930 1238 τοῦ
955 1189 1110 1247 Θεοῦ,
1140 1190 1196 1237 ut
1220 1181 1563 1251 signiﬁcaret,
1596 1190 1687 1234 aut
1712 1179 1784 1233 ita
1810 1179 2090 1249 legendum

510 1292 651 1343 esse,
680 1284 772 1330 aut
793 1275 984 1330 melius
1014 1276 1085 1328 ita
1112 1288 1361 1329 versuros
1387 1273 1546 1327 fuisse
1572 1271 1715 1327 LXX
1738 1272 2092 1341 interpretes;

510 1368 653 1439 quod
692 1380 875 1438 postea
907 1376 1109 1421 temere
1154 1366 1447 1421 instrusuni
1478 1366 1533 1420 in
1562 1365 1821 1419 orationis
1867 1372 2091 1420 contex-

513 1471 646 1528 tum,
682 1460 853 1531 qualia
882 1459 1047 1514 multa
1078 1468 1201 1513 sunt
1240 1458 1293 1512 in
1323 1473 1383 1512 ea
1414 1458 1684 1513 versione.
1711 1456 1862 1523 Quod
1892 1460 1967 1512 ait
1994 1473 2093 1511 no-

510 1560 623 1609 ster
650 1553 907 1623 quosdam
954 1552 1168 1607 codices
1214 1566 1319 1606 non
1369 1552 1620 1607 habuisse
1651 1552 1753 1606 nisi
1794 1551 1929 1621 ﬁlios
1977 1552 2094 1619 Dei,

512 1662 696 1702 verum
727 1646 971 1701 videmus
1020 1660 1140 1701 esse
1183 1660 1249 1699 ex
1290 1644 1663 1714 antiquissimo
1712 1644 1899 1700 codice
1949 1645 2096 1699 Vati-

2200 441 2430 495 maxima
2459 456 2581 510 pars
2608 455 2830 511 operum
2877 456 3118 509 suorum,
3150 445 3609 517 servandumque
3662 454 3829 515 turpe

2196 531 2467 585 silentium
2497 532 2564 587 de
2590 532 2750 588 rebus
2775 532 2843 588 de
2865 533 3056 604 quibus
3079 544 3221 589 tanta
3244 549 3365 590 cum
3395 537 3616 592 ﬁducia
3647 546 3713 591 et
3740 536 3827 591 di-

2195 625 2387 679 ctionis
2416 640 2607 695 pompa
2628 627 2786 681 verba
2808 642 2838 682 e
2860 632 3137 698 superiore
3169 629 3286 685 loco
3313 628 3488 686 facere
3521 629 3825 685 solebant.

2196 716 2402 783 lnunc,
2437 732 2651 773 morose
2695 719 2885 783 lector,
2924 728 2977 773 et
3006 718 3273 776 admirare
3310 736 3406 776 cur
3432 723 3646 776 merito
3681 721 3829 775 credi

2193 809 2251 864 id
2278 810 2520 866 dicerent
2550 809 2854 880 huiusmodi
2908 812 3173 877 homines,
3228 813 3371 883 quod
3400 829 3607 869 verum
3645 812 3827 868 videri

2196 919 2383 959 eorum
2413 912 2693 975 tantopere
2720 904 2996 959 intererat.
3028 906 3279 962 Attamen
3310 908 3701 977 Augustinus,
3732 909 3826 977 qui

2196 998 2327 1061 vult,
2358 997 2401 1050 si
2443 996 2566 1067 quid
2592 1005 2867 1051 mutarunt
2894 996 3039 1051 LXX
3082 998 3423 1068 interpretes,
3470 1000 3828 1069 prophetico

2196 1088 2387 1156 spiritu
2417 1103 2538 1144 esse
2568 1096 2852 1159 mutatum,
2885 1104 2991 1144 non
3022 1104 3184 1145 ausus
3211 1099 3295 1145 est
3342 1091 3395 1145 id
3422 1092 3733 1146 afﬁrmare
3760 1092 3827 1146 de

2196 1182 2351 1236 annis
2394 1181 2917 1237 antediluvianorum
2973 1182 3418 1253 patriarcharum,
3469 1199 3607 1254 cap.
3656 1182 3731 1238 10
3776 1196 3825 1239 et

2198 1288 2351 1344 seqq.
2377 1273 2534 1343 hujus
2566 1274 2710 1329 libri.

2269 1366 2397 1436 Cap.
2424 1367 2514 1421 27.
2547 1366 2649 1432 Qui
2676 1368 2801 1421 mihi
2828 1368 3064 1423 videntur
3092 1386 3191 1423 non
3216 1380 3535 1442 computare,
3574 1373 3691 1426 nisi
3721 1382 3825 1425 tre-

2198 1467 2344 1511 centa
2376 1458 2545 1511 cubita
2600 1460 2934 1530 longitudinis
2974 1471 3021 1515 et
3063 1463 3351 1517 latitudinis
3388 1465 3821 1535 quinquaginta,

2200 1564 2290 1602 nec
2314 1548 2538 1619 cogitare
2561 1550 2706 1603 aliud
2728 1560 2928 1605 tantum
2948 1568 3057 1607 esse
3086 1555 3139 1607 in
3164 1555 3535 1624 superioribus,
3584 1557 3823 1625 itemque

2198 1642 2343 1695 aliud
2396 1652 2595 1695 tantum
2634 1643 2688 1698 in
2719 1646 3063 1716 superioribus
3102 1647 3444 1717 superiorum,
3487 1665 3551 1703 ac
3589 1666 3693 1715 per
3723 1649 3822 1702 hoc

510 1754 669 1804 cano,
702 1739 753 1793 in
785 1753 889 1809 quo
923 1740 1036 1792 haec
1067 1747 1272 1791 tantum
1304 1737 1461 1792 lectio
1510 1737 1755 1792 habetur.
1786 1737 2005 1802 Verum,
2038 1738 2095 1792 in
2128 1742 2174 1803 Β
2203 1745 2277 1789 ter
2308 1736 2461 1790 ducta
2490 1737 2584 1790 illa
2608 1736 2780 1791 cubita
2808 1739 2922 1807 ﬁeri
2966 1751 3243 1810 nongenta,
3291 1751 3491 1795 centum
3538 1744 3821 1813 quinqua-

510 1834 657 1904 paris
687 1832 1022 1902 antiquitatis
1044 1831 1228 1885 codice
1255 1830 1643 1897 Alexandrino,
1669 1830 1865 1901 legitur
1889 1838 2096 1886 tantum

512 1922 713 1996 ἄγγελοι
736 1930 861 1979 Θεοῦ
894 1941 906 1975 :
939 1922 1387 1993 quemadmodum
1436 1922 1687 1978 videntur
1723 1922 1917 1993 legisse
1946 1924 2101 1978 multi

513 2016 864 2085 antiquissimi
897 2015 1086 2070 Patres
1110 2015 1277 2072 Graeci
1307 2026 1359 2071 et
1389 2015 1585 2081 Latini,
1636 2017 1725 2085 qui
1756 2018 1879 2071 hinc
1909 2032 2102 2087 magno

513 2124 776 2165 consensu
807 2109 1140 2178 collegerunt
1167 2109 1385 2178 angelos
1415 2124 1598 2165 amore
1641 2109 1925 2165 mulierum
1957 2126 2105 2166 mor-

514 2202 699 2258 talium
736 2210 919 2271 captos
961 2200 1149 2257 fuisse.
1184 2201 1318 2256 Vide
1367 2202 1603 2273 Dionysii
1654 2203 1855 2258 Petavii
1911 2203 2099 2274 Dogm.

513 2297 703 2353 Tlieol.
730 2306 862 2352 tom.
890 2296 979 2365 ΙΙΙ,
1011 2304 1066 2350 et
1095 2295 1273 2365 operis
1298 2295 1365 2351 de
1395 2296 1612 2366 Angelis
1638 2298 1733 2352 lib.
1785 2313 1861 2362 in,
1892 2312 2014 2367 cap.
2043 2297 2099 2351 9..

512 2390 595 2447 Ad
642 2387 888 2459 Aquilam
936 2388 1168 2457 denique
1193 2387 1333 2459 quod
1363 2389 1572 2453 attinet,
1620 2405 1726 2443 non
1773 2390 1966 2445 mirum
2019 2397 2105 2445 est

513 2498 633 2537 eum
667 2481 892 2537 vertisse
923 2480 1059 2549 ﬁlios
1091 2479 1334 2545 Deorum,
1385 2481 1506 2549 quia
1547 2464 1725 2539 ntn‘m
1756 2480 1977 2550 pluralis
2021 2490 2105 2535 est

514 2574 718 2628 numeri
750 2573 800 2627 in
827 2572 1047 2628 Hebraea
1076 2572 1282 2641 lingua;
1313 2580 1497 2628 notum
1522 2581 1606 2627 est
1626 2582 1801 2629 autem
1830 2588 1951 2628 eum
1974 2575 2104 2629 κατά

514 2665 670 2728 πόδας
699 2664 946 2731 vertisse,
1002 2665 1301 2734 praesertim
1342 2664 1394 2718 in
1446 2679 1509 2718 ea
1540 2665 1807 2729 versione,
1839 2681 1957 2734 quae
1986 2674 2103 2720 erat

513 2760 621 2815 κατ’
653 2759 925 2820 ὰκριϐείαν.
973 2757 1279 2827 Utrumque,
1313 2755 1493 2811 subdit
1540 2756 1889 2825 Augustinus,
1931 2771 2103 2810 verum

513 2860 619 2915 est;
649 2867 765 2904 nam
793 2861 839 2904 et
862 2850 953 2904 lilii
976 2848 1069 2903 Dei
1090 2857 1237 2902 erant
1265 2848 1356 2901 sub
1382 2864 1483 2919 quo
1502 2858 1647 2919 patre
1673 2863 1881 2902 suorum
1897 2859 2102 2917 patrum

512 2944 665 2997 etiam
695 2943 1074 3011 fratresterant,
1110 2956 1223 2993 cum
1249 2940 1431 3011 quibus
1456 2950 1503 2993 et
1529 2941 1630 3009 ipsi
1661 2940 1742 2993 dei
1766 2948 1930 3005 erant,
1947 2940 2103 3009 juxta

513 3034 644 3088 illud
676 3032 860 3103 psalmi
884 3050 902 3087 :
926 3030 1038 3100 Ego
1066 3030 1198 3098 dixi,
1226 3031 1319 3085 Dei
1357 3031 1509 3099 estis,
1533 3042 1629 3084 etc.
1676 3031 1781 3086 Sed
1821 3030 1905 3084 hic
1950 3030 2100 3083 locus

2204 1825 2392 1897 ginta.]
2426 1826 2481 1881 In
2508 1827 2667 1882 editis
2692 1830 3089 1899 exemplaribus
3114 1831 3384 1887 adduntur
3408 1843 3528 1903 post
3559 1834 3821 1889 latitudi-

2205 1918 2287 1971 nis
2315 1920 2513 1987 cubita,
2546 1921 2755 1992 triginta
2804 1923 3136 1989 altitudinis;
3168 1934 3221 1979 et
3250 1924 3304 1979 in
3341 1927 3737 1995 sequentibus,
3768 1936 3823 1981 ut

2204 2012 2549 2065 consentiant
2576 2014 2871 2079 posteriora
2902 2015 3194 2083 prioribus,
3224 2018 3301 2071 sic
3330 2017 3559 2087 legimus
3590 2038 3605 2073 :
3643 2018 3820 2073 cubita

2204 2100 2319 2168 ﬁeri
2347 2112 2603 2171 nongenta
2623 2118 2713 2174 per
2738 2104 2967 2174 longum,
3001 2116 3202 2160 centum
3221 2108 3595 2179 quinquaginta
3618 2127 3724 2179 per
3742 2110 3822 2163 la-

2208 2202 2333 2257 tum,
2363 2195 2641 2265 nonaginta
2672 2212 2761 2265 per
2786 2199 2967 2250 altum.
2997 2199 3068 2253 At
3098 2198 3426 2256 Benedictini
3467 2202 3590 2257 ham
3623 2217 3818 2258 emen-

2204 2284 2399 2339 darunt
2429 2300 2492 2339 ex
2516 2286 2675 2341 codd.
2706 2302 2864 2353 mss.,
2890 2290 2946 2342 in
2970 2290 3175 2356 quibus,
3224 2292 3491 2363 inquiunt,
3522 2293 3714 2348 cubita
3738 2295 3819 2347 al-

2207 2379 2437 2433 titudinis
2468 2381 2649 2434 merito
2680 2381 2824 2435 nulla
2845 2394 3208 2454 memorantur,
3241 2402 3362 2439 nam
3386 2386 3495 2440 haec
3520 2388 3593 2440 ad
3616 2404 3815 2459 propo-

2206 2473 2361 2526 sitam
2383 2474 2731 2543 diﬂicultatem
2759 2476 3075 2541 solvendam,
3116 2492 3219 2530 non
3266 2494 3324 2531 eo
3363 2482 3514 2533 modo
3541 2480 3674 2535 licet
3715 2497 3815 2551 quo

2206 2565 2546 2636 longitudinis
2577 2575 2622 2620 et
2646 2566 2935 2621 latitudinis
2962 2568 3158 2635 cubita,
3189 2569 3330 2623 salva
3355 2568 3650 2642 Scriptura:
3682 2572 3811 2640 ﬁde,

2206 2659 2570 2728 multiplicare.
2602 2660 2732 2726 Qute
2780 2661 2941 2716 verba
2973 2661 3099 2730 quid
3133 2662 3235 2718 sibi
3286 2663 3452 2718 velint
3483 2663 3670 2721 fateor
3726 2678 3814 2719 me

2206 2766 2313 2805 non
2344 2750 2475 2806 satis
2504 2752 2838 2822 intelligere;
2874 2768 2995 2807 nam
3022 2753 3170 2808 nulla
3194 2753 3373 2809 cubita
3395 2755 3518 2810 licet
3538 2755 3810 2826 multipli-

2209 2857 2357 2906 care,
2383 2858 2445 2897 ex
2478 2844 2768 2913 Scriptura:
2796 2844 2933 2911 ﬁde;
2957 2860 3075 2915 quae
3097 2859 3195 2899 nos
3222 2844 3380 2900 docet
3407 2846 3809 2916 longitudinem

2208 2935 2420 3005 quidem
2453 2949 2591 2990 arcae
2623 2938 2786 2991 fuisse
2815 2936 3075 2991 duntaxat
3127 2948 3508 3003 trecentorum,
3557 2937 3807 2993 latitudi-

2208 3043 2331 3083 nem
2360 3043 2490 3083 vero
2517 3030 3014 3100 quinquagenorum
3045 3030 3367 3099 cubitorum,
3397 3046 3516 3102 quae
3548 3040 3634 3088 ter
3668 3032 3809 3087 mul-

510 3124 704 3195 psalmi
731 3123 798 3177 ad
829 3138 1016 3178 omnes
1044 3138 1151 3178 non
1184 3123 1433 3191 pertinet,
1458 3133 1512 3177 et
1541 3123 1689 3177 locus
1717 3121 1991 3177 Geneseos
2022 3121 2104 3175 in-
2130 3130 2177 3192 ο
2210 3121 2450 3190 tiplicare
2480 3137 2586 3175 non
2617 3121 2764 3191 licet,
2801 3133 2856 3176 ut
2886 3123 3008 3178 hinc
3039 3123 3133 3177 ﬁat
3158 3139 3280 3179 arca
3330 3124 3486 3196 longa
3529 3134 3806 3197 nongenta

515 3213 831 3285 telligendus
876 3213 942 3267 de
989 3221 1100 3267 tota
1154 3216 1400 3283 prosapia
1444 3213 1616 3279 Sethi,
1650 3222 1708 3267 ut
1753 3212 2103 3266 eruditissimi

515 3309 836 3377 interpretes
856 3305 922 3360 ad
946 3320 1069 3359 cum
1092 3306 1269 3361 locum
1293 3305 1661 3362 ostenderunt.
1687 3303 1929 3358 Tandem
1956 3303 2105 3358 clau-

515 3401 589 3455 dit
620 3399 757 3453 hanc
782 3412 935 3452 suam
966 3398 1426 3453 ratiocinationem
1460 3397 1785 3466 Augustinus
1817 3398 1964 3453 hisce
1983 3411 2106 3453 ver-

518 3494 601 3550 bis
634 3511 647 3547 :
681 3492 864 3547 Merito
893 3492 1028 3545 enim
1056 3492 1329 3545 creduntur
1352 3490 1496 3544 LXX
1523 3492 1823 3562 interpretes
1852 3493 2107 3561 accepisse

515 3585 869 3658 propheticum
890 3585 1153 3650 spiritum,
1181 3592 1236 3635 ut
1256 3585 1300 3637 si
1326 3584 1449 3654 quid
1480 3584 1588 3653 ejus
1616 3584 1913 3637 auctoritate
1941 3596 2107 3639 muta-

516 3688 647 3743 rent,
679 3687 827 3749 atque
869 3679 1010 3731 aliter
1048 3693 1200 3747 quam
1230 3686 1339 3731 erat
1366 3678 1502 3746 quod
1528 3678 1993 3748 interpretabantur
2025 3680 2108 3732 di-

516 3780 705 3835 cerent,
721 3786 881 3841 neque
902 3773 997 3824 hoc
1017 3769 1258 3823 divinitus
1278 3786 1386 3824 esse
1409 3771 1598 3823 dictum
1619 3770 1955 3827 dubitaretur.
1983 3773 2107 3828 Haec

516 3864 698 3935 opinio
730 3864 896 3919 tribus
944 3863 1280 3932 potissimum
1313 3863 1494 3918 fulcris
1533 3867 1953 3922 sustentabatur.
1985 3865 2105 3921 Pri-

517 3974 664 4013 mum
695 3957 795 4011 fuit
843 3957 1068 4011 absurda
1120 3956 1297 4011 fabula
1355 3960 1705 4014 commentitii
1762 3960 2010 4027 Aristeas,
2040 3961 2107 4016 de

517 4052 726 4106 ratione
751 4066 853 4120 qua
877 4050 928 4104 hi
953 4051 1272 4118 interpretes
1293 4051 1457 4107 Vetus
1476 4053 1899 4121 Testamentum,
1922 4070 2108 4125 quam-

518 4144 600 4196 vis
628 4142 833 4197 cellulis
880 4142 1129 4211 sejuncti,
1167 4142 1359 4198 eodem
1400 4145 1555 4213 plane
1603 4146 1766 4201 modo
1796 4157 2103 4214 verterant;

518 4249 675 4302 quam
707 4234 942 4289 fabulam
975 4234 1143 4289 irrisit
1169 4237 1296 4290 olim
1331 4236 1707 4310 Hieronymus,
1740 4249 1793 4294 et
1824 4257 1962 4295 nunc
1992 4256 2107 4295 om-

519 4344 614 4385 nes
640 4327 972 4384 cordatiores
1001 4329 1248 4383 similiter
1276 4329 1474 4384 rident.
1516 4331 1646 4385 Nam
1677 4333 1764 4400 qui
1797 4333 1955 4389 aliter
1984 4349 2107 4388 sen-

521 4422 656 4476 tiunt
699 4428 792 4475 aut
819 4420 1086 4475 Hebraice
1114 4421 1381 4486 nesciunt,
1412 4432 1501 4475 aut
1528 4424 1686 4477 stulta
1719 4425 2009 4491 pertinacia
2034 4426 2105 4480 ita

2209 3214 2409 3278 cubita,
2433 3223 2486 3269 et
2516 3214 2621 3267 lata
2651 3224 2866 3270 centum
2895 3216 3304 3287 quinquaginta,
3352 3234 3475 3273 nam
3507 3218 3608 3273 hoc
3658 3227 3807 3275 esset

2209 3307 2365 3376 plane
2392 3308 2720 3362 contrarium
2766 3309 3080 3379 Scriptura.
3114 3312 3251 3378 Quin
3279 3321 3333 3367 et
3358 3311 3459 3383 ipsi
3497 3300 3808 3383 Augustino

2210 3413 2429 3467 prorsus
2457 3399 2774 3455 adversatur
2818 3403 2907 3471 qui
2957 3402 3027 3456 ita
3059 3402 3351 3473 Scriptura:
3379 3405 3543 3460 verba
3588 3406 3808 3463 intelle-

2209 3494 2305 3559 xit,
2338 3494 2489 3564 quasi
2521 3495 2654 3550 Gen.
2704 3511 2821 3567 cap.
2858 3514 2930 3565 vi,
2963 3498 3051 3565 15,
3107 3501 3349 3556 tradatur
3395 3517 3649 3559 mensura
3696 3519 3805 3561 non

2209 3586 2377 3640 solius
2405 3601 2563 3653 arcte,
2596 3588 2687 3643 sed
2720 3590 3051 3661 singularum
3078 3594 3572 3651 contabulationum
3606 3598 3806 3668 quibus

2209 3679 2510 3744 constabat,
2539 3679 2610 3734 ita
2634 3690 2690 3735 ut
2715 3682 2940 3752 singulae
2964 3694 3147 3740 essent
3170 3686 3289 3740 lata:
3308 3688 3695 3757 quinquaginta
3720 3703 3805 3744 cu~

2209 3771 2339 3840 bita,
2375 3772 2545 3843 longae
2568 3789 2697 3829 vero
2724 3786 2995 3842 trecenta;
3025 3778 3160 3834 adeo
3186 3788 3243 3835 ut
3284 3796 3406 3835 arca
3451 3792 3595 3837 esset
3636 3782 3805 3853 triplo

2210 3864 2382 3933 major
2430 3881 2586 3934 quam
2621 3868 2776 3938 vulgo
2814 3870 3150 3925 credebatur.
3205 3873 3555 3942 Perspicuum
3584 3874 3690 3931 hoc
3719 3884 3805 3933 est

2210 3970 2275 4010 ex
2307 3957 2588 4025 Augustini
2620 3961 2821 4018 verbis.
2853 3962 3067 4029 Verum,
3101 3974 3157 4019 ut
3194 3974 3342 4021 recte
3367 3967 3602 4023 calculos
3632 3968 3801 4037 ineat,

2210 4047 2509 4103 deﬁnienda
2543 4066 2754 4121 quoque
2783 4053 2878 4107 fuit
2921 4055 3146 4111 altitudo
3174 4056 3505 4128 singularum
3534 4062 3803 4116 contabu-

2210 4139 2491 4207 lationum,
2544 4143 2755 4213 qualem
2808 4161 2924 4199 eam
2972 4161 3112 4203 arca:
3150 4149 3332 4205 tribuit
3363 4151 3663 4222 Scriptura,
3698 4154 3801 4208 hoc

2209 4244 2314 4299 est,
2345 4234 2557 4305 triginta
2594 4238 2928 4307 cubitorum;
2960 4254 3051 4296 aut
3078 4244 3121 4296 si
3170 4244 3555 4314 longitudinem
3585 4258 3640 4302 et
3681 4248 3801 4302 lati-

2211 4329 2449 4385 tudinem
2477 4338 2681 4386 tantum
2710 4343 2894 4387 auctas
2919 4335 3071 4403 velis,
3099 4339 3399 4408 negandum
3440 4341 3544 4396 erit
3587 4351 3697 4397 tres
3743 4342 3796 4397 in

2208 4435 2332 4477 arca
2358 4422 2525 4478 fuisse
2545 4424 3020 4491 contabulationcs,
3047 4440 3231 4484 contra
3278 4430 3479 4487 diserta
3506 4432 3797 4504 Scriptura:

520 4514 779 4578 sentiunt,
812 4512 899 4566 vel
919 4513 1120 4567 sentire
1138 4513 1304 4567 videri
1337 4514 1541 4569 volunt.
1562 4515 1801 4571 Alterum
1832 4516 1928 4572 fuit
1955 4519 2105 4589 igno—
2130 4510 2180 4573 Ι)
2209 4518 2390 4580 verba,
2444 4518 2639 4574 Genes.
2696 4535 2812 4589 cap.
2856 4538 2926 4589 vi,
2985 4523 3074 4591 16,
3130 4510 3378 4587 nvwv‘rm
3424 4536 3571 4587 Etth
3603 4539 3795 4591 amrin

520 4606 691 4661 rantia
732 4605 925 4675 lingua:
974 4604 1251 4659 Hebraica:
1292 4605 1598 4662 Judaeorurn
1645 4608 2021 4665 nonnullorum
2052 4622 2107 4666 et

521 4698 970 4761 Christianorum,
1022 4697 1114 4767 qui
1171 4713 1440 4769 nunquam
1489 4716 1606 4756 eam
1655 4704 1951 4760 versionem
1982 4721 2102 4761 cum

524 4789 785 4844 llebraico
814 4789 997 4843 codice
1027 4791 1394 4857 contulerant;
1451 4809 1572 4849 nam
1600 4810 1663 4850 ex
1709 4813 1894 4853 eorum
1943 4801 2105 4855 colla-

523 4882 666 4937 tione
692 4881 1172 4950 deprehendissent
1216 4884 1494 4941 manifesta
1524 4900 1762 4958 peccata,
1809 4892 2105 4950 innumeris

522 4973 575 5027 in
606 4973 760 5039 locis,
807 4973 1037 5028 admissa
1069 4975 1227 5030 abiis
1255 4978 1632 5046 interpretibus
1664 4982 1862 5051 fuisse;
1892 5001 2011 5056 quae
2036 5001 2102 5041 ex

522 5065 697 5121 minus
745 5077 993 5122 accurata
1048 5068 1241 5138 lingua:
1310 5070 1587 5129 Hebraiczc
1637 5078 1936 5147 cognitione
1986 5092 2101 5135 orta

522 5167 691 5212 erant.
724 5156 960 5213 Tertium
983 5159 1233 5228 denique,
1264 5164 1578 5231 gravissima
1610 5170 1763 5235 ratio,
1797 5170 1840 5223 si
1870 5172 2103 5239 pruden-

522 5249 648 5302 tiam
678 5249 943 5303 carnalem
972 5258 1203 5317 spectes,
1228 5252 1536 5317 sedfnullius
1565 5257 1834 5326 ponderis,
1863 5260 1908 5313 si
1939 5261 2102 5316 solius

521 5342 761 5395 veritatis
790 5344 1050 5395 rationem
1084 5342 1302 5409 habeas,
1337 5346 1605 5413 nimirum,
1657 5351 1818 5418 quod,
1871 5350 2099 5408 admissa

522 5428 828 5495 Hieronymi
849 5430 1121 5498 opinione,
1144 5432 1212 5488 de
1234 5435 1374 5490 vitiis
1396 5437 1658 5492 versionis
1680 5437 1819 5491 LXX
1843 5438 2100 5508 interpre-

521 5529 633 5575 tum
677 5529 732 5577 et
771 5521 1089 5579 necessitate
1114 5526 1453 5597 confugiendi
1478 5530 1544 5583 ad
1590 5528 1908 5585 Hebraicum
1952 5532 2099 5587 codi-

517 5626 657 5679 cem,
690 5620 864 5667 actum
889 5624 1003 5669 erat
1029 5614 1095 5671 de
1121 5616 1293 5685 libris,
1321 5619 1491 5689 deque
1518 5620 1919 5679 existimatione
1941 5623 2098 5681 innu-

510 5705 850 5779 merabilium
873 5709 1304 5770 concionatorum
1328 5722 1382 5767 et
1406 5713 1754 5783 interpretum
1795 5717 2089 5789 Scripturae

2213 4632 2228 4670 :
2268 4627 2437 4681 mn
2470 4658 2485 4683 ,
2547 4622 2817 4691 κατάγαιοι,
2873 4619 3079 4697 διὸροφα
3134 4627 3214 4679 καὶ
3267 4630 3505 4704 τριόίοοφα
3566 4632 3796 4689 ποιήσεις

2207 4711 2383 4774 αὐτὴν,
2414 4710 2667 4775 deorsum,
2701 4715 2961 4768 cenacula
2988 4724 3035 4769 et
3079 4718 3287 4789 tristega
3314 4722 3470 4789 facies
3505 4720 3558 4773 in
3591 4737 3670 4774 ea.
3703 4710 3795 4776 Sic

2210 4800 2405 4855 habent
2430 4802 2686 4857 Hebraeus
2710 4804 2901 4872 codex,
2930 4806 3333 4880 anthenticique
3358 4810 3593 4866 Orientis
3619 4822 3673 4866 et
3692 4812 3795 4866 0c-

2206 4892 2435 4947 cidentis
2478 4894 2814 4964 interpretes.
2864 4897 3047 4967 Igitur,
3076 4900 3119 4955 si
3167 4915 3454 4971 sequamur
3507 4903 3791 4958 lectionem

2212 4986 2699 5055 Benedictinorum,
2732 4991 3211 5065 existimemusque
3252 4995 3321 5049 ab
3365 4997 3660 5066 Augustino
3700 5011 3787 5049 ar-

2207 5094 2323 5133 cam
2346 5080 2589 5134 altiorem
2620 5097 2725 5137 non
2756 5082 2989 5140 describi
3016 5102 3175 5157 quam
3207 5087 3364 5159 vulgo
3393 5090 3651 5158 creditur,
3687 5088 3787 5143 hoc

2206 5180 2307 5233 est,
2341 5173 2551 5242 triginta
2575 5174 2895 5247 cnbiturum,
2920 5179 3014 5235 sed
3054 5189 3257 5235 tantum
3287 5182 3531 5238 latiorem
3572 5191 3628 5239 et
3664 5183 3784 5237 lon-

2204 5266 2440 5331 giorem;
2489 5267 2859 5327 adversabitur
2908 5274 3085 5329 verbis
3127 5274 3421 5331 manifestis
3469 5276 3778 5347 Scriptum.

2205 5357 2260 5411 Si
2297 5373 2424 5412 vero
2472 5373 2757 5430 sequamur
2808 5364 3012 5434 priores
3052 5365 3336 5432 editiones,
3385 5369 3437 5422 in
3485 5383 3548 5423 eo
3583 5377 3782 5423 tantum

2206 5452 2508 5520 peccaverit
2533 5456 2675 5523 quod
2706 5456 2772 5512 de
2803 5467 2907 5513 tota
2938 5473 3057 5514 arca
3089 5460 3284 5515 dictum
3308 5462 3376 5518 de
3404 5464 3624 5533 singulis
3667 5464 3783 5533 ejus

2203 5544 2728 5602 contabulationibus
2753 5550 3101 5607 intellexerit.
3156 5555 3489 5611 Alterutrum
3534 5558 3783 5628 eligatur,

2197 5632 2471 5691 fatendum
2500 5641 2602 5693 erit
2652 5640 2995 5696 allucinatum
3047 5634 3441 5715 Augustinum;
3484 5650 3577 5705 sed
3608 5652 3784 5721 potius

2200 5729 2458 5797 sequendi
2498 5732 2718 5815 codices.
2744 5749 2872 5791 mss.
2916 5734 3214 5795 Voluissem
3259 5739 3565 5811 diligentius
3603 5744 3781 5814 inspe-
