4060 6364
198 372 201 373 ν
259 320 366 379 489

1316 323 1514 381 LIBER
1553 318 1642 381 DE
1681 316 2066 384 PASCHATE.
2109 323 2501 384 PREFATIO.

3446 331 3557 394 490

256 437 441 506 luerit,
470 451 579 494 non
608 438 677 496 ad
704 439 949 510 quintum
975 440 1185 514 cyclum
1228 440 1284 497 S.
1317 442 1527 515 Cyrilli,
1553 458 1715 514 quem
1746 458 1851 499 no-
1879 450 1929 507 Α
1960 454 2045 499 tur
2064 488 2079 512 ,
2109 444 2319 515 praefati
2340 446 2678 504 venerabiles
2705 436 2727 486 ι
2754 443 2980 504 trecenti
3008 456 3064 505 et
3088 450 3391 508 octodecim
3413 468 3555 523 pon-

258 530 344 587 bis
386 532 697 589 necessario
744 534 1145 604 proposuimus,
1192 532 1287 589 sed
1336 534 1407 589 ad
1454 543 1699 590 nostrum
1743 533 1856 605 pri-

260 637 410 677 suum
450 623 736 693 vigilanter
771 634 1055 691 excurrat;
1108 636 1164 683 et
1189 635 1214 664 λ
1238 625 1427 682 ordine
1468 642 1577 698 quo
1621 626 1856 681 diximus

259 729 359 785 per
384 729 479 771 eos
499 715 595 787 qui
632 717 845 773 lirmum
878 734 1094 775 cursum
1143 718 1400 785 retinent,
1459 733 1649 774 eorum
1671 716 1698 756 ι)
1729 733 1858 789 pro-

259 827 527 884 gressum,
558 816 649 886 qui
679 816 928 873 videntur
952 816 1205 883 titubare,
1238 825 1505 873 sustentet
1530 827 1575 873 ο.

332 905 469 963 Illud
505 922 726 981 quoque
774 926 882 967 non
927 911 1174 967 minorid
1207 927 1337 968 cura
1386 910 1687 967 notandum
1735 923 1858 968 esse

261 1002 591 1067 censuimus,
632 1019 700 1059 ne
738 1003 791 1059 in
818 1004 979 1074 primi
1026 1005 1229 1061 mensis
1272 1004 1548 1076 agnitione
1584 1003 1855 1060 fallamur.

206 1122 207 1125 η
260 1094 401 1152 lIinc
424 1098 566 1152 enim
587 1113 726 1170 pene
751 1107 977 1156 cunctus
1002 1115 1157 1156 error
1179 1110 1203 1139 ο
1225 1100 1602 1172 discrepantire
1631 1099 1860 1171 pascha-

261 1187 331 1244 lis
371 1190 635 1255 exoritur,
665 1190 791 1246 dum
817 1192 1075 1263 temporis
1108 1192 1317 1247 initium
1343 1193 1624 1261 ignoratur
1658 1190 1702 1245 τ.
1724 1190 1860 1246 Nam

261 1294 387 1337 cum
433 1280 693 1338 Dominus
739 1284 1081 1355 omnipotens
1128 1284 1268 1339 hanc
1314 1284 1729 1340 sacratissimam
1766 1297 1858 1339 so-

263 1371 599 1429 lemnitatem
646 1374 1027 1431 celebrandam
1067 1373 1188 1431 ﬁliis
1232 1374 1415 1439 Israel,
1462 1375 1553 1445 qui
1591 1390 1660 1431 ex
1686 1372 1859 1445 Egy-

262 1467 377 1539 ptia
420 1468 682 1523 servitute
730 1468 1122 1536 liberabantur,
1178 1469 1457 1535 indiceret,
1509 1469 1586 1524 ait
1623 1468 1676 1523 in
1720 1468 1861 1524 libro

264 1556 441 1616 Exodi
464 1569 489 1608 ε
520 1560 589 1615 ad
617 1559 838 1633 Moysen
868 1570 922 1617 et
950 1561 1131 1618 Aaron
1161 1561 1213 1616 in
1245 1570 1388 1617 terra
1428 1559 1647 1634 Egypti
1672 1579 1684 1613 :
1710 1559 1863 1615 Men-

263 1654 338 1709 sis
364 1655 463 1708 iste
488 1655 803 1725 principium
832 1656 1107 1722 mensium,
1142 1657 1341 1727 primus
1381 1656 1481 1709 erit
1520 1654 1575 1708 in
1602 1653 1861 1709 mensibus

263 1749 412 1803 anni.
444 1745 689 1819 Itemque
731 1748 929 1805 ibidem
964 1747 990 1786 ¹ι
1036 1768 1049 1803 :
1082 1747 1286 1815 Primo,
1327 1748 1519 1820 inquit,
1550 1764 1744 1817 mense,
1772 1747 1865 1802 de-

1962 536 2135 592 tillces
2183 537 2389 608 antiqui
2430 540 2597 595 moris
2643 541 3041 598 observantiam
3072 544 3151 617 [et
3191 543 3252 616 ιη]
3282 545 3474 600 exinde
3522 560 3555 599 a

1957 640 2147 688 sancto
2185 631 2370 704 Moyse
2400 634 2671 702 traditam,
2702 636 2844 692 sicut
2873 638 2925 691 in
2969 640 3200 708 septimo
3222 647 3249 674 τι
3276 640 3411 694 libro
3459 637 3557 695 Ec-

1960 725 2275 782 clesiastica:
2302 726 2537 809 refertur
2566 726 2834 797 Historia},
2860 730 3113 785 solertius
3142 732 3553 800 investigantes,

1964 816 2029 873 ab
2082 825 2273 873 octavo
2328 817 2449 873 idus
2513 818 2689 873 Martii
2740 836 2910 890 usque
2964 822 3018 875 in
3079 821 3220 877 diem
3290 834 3557 875 nonarum

1960 910 2132 981 April.
2164 919 2188 947 ο
2213 919 2394 966 natam
2435 910 2616 966 lunam
2650 910 2830 967 facere
2869 911 3123 967 dixerunt
3164 914 3321 983 primi
3354 911 3561 967 mensis

1962 1004 2280 1071 exordium;
2329 1011 2384 1059 et
2424 1019 2455 1058 a
2485 1002 2807 1059 duodecimo
2855 1004 2941 1058 die
2990 1004 3339 1060 calendarum
3385 1004 3559 1074 April.

1962 1110 2131 1167 usque
2159 1097 2213 1150 in
2241 1095 2512 1151 decimum
2540 1104 2791 1166 quartum
2815 1094 3072 1151 calendas
3097 1096 3223 1152 Mai.
3257 1098 3437 1152 lunam
3464 1097 3561 1152 de-

1962 1190 2159 1245 cimam
2202 1198 2449 1261 quartam
2500 1190 2751 1245 solertius
2796 1189 3253 1260 inquirendamP;
3284 1204 3405 1260 qua:
3430 1191 3561 1260 quia

1963 1298 2087 1339 cum
2131 1282 2262 1339 solis
2290 1299 2453 1339 cursu
2483 1300 2591 1339 non
2620 1294 2648 1335 (ι
2667 1283 2948 1354 aequaliter
2975 1283 3234 1352 volvitur,
3282 1292 3563 1340 tantorum

1963 1372 2172 1429 dierum
2206 1374 2412 1445 spatiis,
2446 1390 2732 1430 occursum
2761 1375 2997 1439 vernalis
3026 1375 3334 1445 aequinoctii
3364 1390 3562 1431 conse~

1963 1475 2162 1536 quatur
2185 1477 2230 1532 τ,
2262 1467 2353 1535 qui
2383 1482 2414 1521 a
2444 1466 2759 1522 duodecima
2788 1466 3134 1523 calendarum
3160 1468 3423 1538 Aprilium
3451 1468 3560 1536 die,

1965 1566 2284 1614 cunctorum
2329 1556 2687 1615 Orientaliqu
2714 1558 3019 1626 sententiis,
3057 1566 3112 1614 et
3137 1560 3371 1615 maxime
3400 1558 3565 1633 Egy-

1964 1650 2222 1721 ptiorum,
2254 1648 2347 1719 qui
2378 1649 2748 1706 calculationis
2776 1665 2888 1721 prce
2916 1650 3166 1706 omnibus
3213 1651 3367 1720 gnari
3409 1658 3560 1723 sunt,

1965 1742 2277 1812 specialiter
2332 1740 2643 1797 adnotatur.
2673 1740 2732 1796 ln
2758 1756 2867 1811 quo
2896 1742 3108 1798 etiamsi
3139 1750 3160 1777 '
3196 1742 3319 1797 luna
3348 1742 3566 1801 decima

265 1840 399 1896 cimo
452 1851 634 1913 quarto
680 1842 766 1897 die
810 1842 1000 1897 mensis
1026 1884 1042 1911 ,
1094 1842 1162 1896 ad
1213 1858 1474 1913 vesperam
1520 1839 1537 1878 ί
1592 1840 1869 1896 comedetis
1897 1830 1945 1891 B
1973 1844 2165 1906 quarta
2204 1835 2433 1909 sabbato
2461 1836 2771 1905 contigerit,
2800 1837 2947 1907 quod
2983 1837 3149 1893 semel
3182 1836 3234 1892 in
3266 1839 3567 1907 nonaginta

266 1948 483 2003 azyma,
524 1950 685 2006 usque
713 1933 781 1987 ad
817 1933 1117 2005 vigesimum
1148 1935 1374 2003 primum
1401 1932 1631 2003 ejusdem
1671 1931 1740 1985 ad
1778 1946 1868 1985 ve-

267 2042 493 2097 speram.
536 2025 595 2081 In
633 2026 1055 2083 Deuteronomio
1086 2026 1099 2077 i
1133 2041 1349 2097 quoque
1397 2025 1539 2081 idem
1586 2023 1865 2094 legislator

267 2117 481 2191 Moyses
509 2120 582 2175 ita
618 2119 877 2192 populum
906 2120 976 2175 de
1014 2119 1119 2177 hac
1163 2134 1224 2175 re
1264 2127 1592 2185 commonet,
1624 2117 1810 2173 dicens
1842 2136 1856 2171 :

271 2214 504 2269 Observa
541 2232 770 2269 mensem
811 2230 1060 2269 novarum
1092 2215 1318 2285 frugum,
1360 2223 1410 2268 et
1447 2213 1590 2267 verni
1636 2212 1861 2284 primum

272 2310 538 2380 temporis,
564 2317 619 2363 ut
648 2310 815 2381 facias
859 2309 1053 2380 pascha
1081 2306 1305 2363 Domino
1334 2305 1445 2362 Deo
1477 2315 1583 2374 tuo,
1615 2305 1860 2378 quoniam

271 2404 326 2457 in
352 2405 453 2457 isto
483 2419 659 2457 mense
683 2402 862 2457 eduxit
893 2410 940 2455 te
979 2401 1235 2455 Dominus
1266 2398 1405 2454 Deus
1451 2408 1564 2453 tuus
1593 2400 1657 2452 de
1683 2397 1862 2469 digg—

273 2504 359 2566 plo
394 2476 559 2550 “noctu
581 2492 628 2548 κ.
686 2492 858 2548 Tanta
895 2492 997 2549 hac
1042 2491 1370 2548 auctoritate
1422 2489 1601 2546 divina
1645 2489 1862 2558 claruit,

274 2586 445 2659 primo
480 2601 687 2652 mense,
720 2584 931 2640 decimo
962 2592 1155 2655 quarto
1181 2583 1287 2649 die,
1334 2582 1403 2638 ad
1433 2596 1735 2654 vesperam,
1768 2594 1863 2637 us-

271 2691 378 2747 que
425 2676 494 2731 ad
522 2677 836 2746 vigesimum
866 2674 1119 2747 primum,
1159 2674 1505 2730 festivitatem
1553 2672 1865 2744 paschalem

273 2768 473 2825 debere
521 2769 806 2824 celebrari.
848 2767 956 2823 Sed
993 2766 1117 2837 quia
1145 2767 1346 2822 mensis
1373 2765 1463 2822 hic
1510 2765 1653 2822 unde
1688 2773 1869 2821 sumat

274 2861 559 2918 exordium
586 2860 673 2918 vel
697 2860 789 2917 ubi
819 2860 1161 2925 terminetur,
1191 2858 1470 2915 evidenter
1496 2858 1571 2915 ibi
1597 2873 1710 2915 non
1730 2857 1868 2928 legi-

275 3040 548 3113 equidem,
580 3038 891 3113 Dionysium
922 3036 992 3113 ad
1020 3036 1273 3093 eumdem
1316 3036 1526 3113 cyclum
1570 3037 1647 3113 _9_5
1691 3052 1866 3113 anno-

276 3109 415 3178 rum,
448 3109 912 3179 concurrentium,
961 3109 1261 3165 litterarum
1301 3109 1725 3179 dominicalium,
1768 3111 1870 3167 do-

277 3185 595 3239 minicarum
630 3182 966 3254 paschalium
1015 3195 1079 3236 ac
1130 3181 1269 3236 luna:
1307 3181 1516 3254 dierum
1565 3183 1869 3254 geminatos

275 3255 597 3326 apposuisse
636 3252 854 3318 versus;
903 3260 975 3326 et~
1006 3259 1245 3326 notasse,
1294 3252 1489 3323 quibus
1534 3252 1870 3326 vertentibus

274 3323 464 3397 ovalis,
493 3339 613 3397 quae
637 3324 1072 3397 concurrentium
1099 3339 1164 3397 ac
1193 3323 1516 3397 litterarum,
1542 3333 1675 3397 etc,
1702 3325 1873 3397 series

277 3395 539 3469 capienda
567 3396 725 3469 foret.
750 3395 1201 3469 Fortassisetiam
1224 3409 1293 3450 ex
1313 3395 1875 3469 periodAiMVictoriame

279 3463 545 3523 an'norum
570 3463 675 3520 552
694 3467 951 3523 methodo
981 3466 1101 3520 illas
1130 3468 1275 3536 ipsas
1303 3463 1645 3521 mutabilium
1680 3468 1874 3523 chara-

278 3546 492 3594 cterum
521 3538 690 3593 series
718 3537 988 3607 ascripsit.
1019 3536 1079 3591 In
1108 3537 1262 3608 cyclo
1292 3550 1488 3607 magno
1518 3537 1742 3594 Victorii
1773 3554 1874 3594 en-

280 3608 988 3679 nenecontapentaeterides
1007 3618 1131 3679 sunt
1150 3609 1388 3678 quinque
1403 3608 1611 3677 solidte,
1632 3624 1755 3665 cum
1779 3625 1875 3665 an-

280 3682 366 3737 nis
392 3679 485 3761 57,
514 3678 628 3761 sive
652 3680 1055 3761 cyclistribus.’
1078 3678 1186 3735 Sex
1216 3680 1388 3761 igitur
1402 3680 1716 3761 istiusmodi
1752 3695 1878 3737 ver-

281 3766 372 3808 sus
392 3750 678 3821 Dionysius
694 3750 943 3813 instituit,
966 3751 1058 3821 qui
1070 3751 1531 3821 concurrentium,
1548 3751 1872 3817 litterarum,

282 3830 412 3889 etc.,
462 3819 709 3892 ordinem
738 3819 1107 3892 continebant.
1144 3821 1303 3877 Anno
1331 3819 1534 3877 Christi
1582 3821 1709 3889 457,
1764 3838 1876 3892 quo

282 3894 515 3965 primum
543 3890 955 3965 Cyrilli_pascha
983 3891 1083 3946 fuit
1108 3893 1261 3965 cyclo
1298 3892 1429 3947 solis
1444 3892 1539 3965 ‘26,
1559 3893 1750 3965 littera
1778 3890 1879 3965 do-

281 3961 547 4020 ininicalis
576 3961 782 4033 eratC,
814 3961 1201 4020 concurrentes
1226 3961 1281 4033 4,
1312 3963 1512 4033 pascha
1540 3964 1628 4019 die
1650 3963 1685 4016 2
1718 3963 1879 4033 Apri-

283 4037 370 4092 lis.
397 4033 637 4091 Evolutis
664 4032 754 4101 95,
780 4049 922 4089 anno
947 4033 1147 4090 Christi
1172 4032 1296 4099 552,
1316 4032 1717 4090 concurrentes
1761 4032 1878 4091 fue-

284 4114 413 4163 runt
438 4105 491 4172 4,
524 4106 701 4161 littera
723 4105 1065 4161 dominicalis
1086 4105 1128 4159 1)
1150 4104 1211 4161 C.
1247 4105 1353 4161 Sed
1380 4105 1674 4163 bissextilis
1710 4106 1879 4162 ratio-

284 4194 408 4257 nem
437 4177 743 4257 conturbat.
773 4175 995 4257 Quippe
1013 4191 1161 4257 annq
1186 4185 1390 4257 quarta
1410 4175 1875 4257 cycli_Cyril‘l-ian_i,

238 4280 254 4290 -
284 4251 378 4320 qui
414 4258 497 4320 est
523 4247 722 4302 Christi
759 4242 896 4313 440,⁷
916 4242 1106 4320 littera
1136 4242 1237 4301 fuit
1278 4244 1324 4300 G
1348 4244 1415 4320 F,
1443 4242 1777 4320 'cyclo_'solis
1822 4242 1877 4320 1,

284 4316 427 4376 lunae
455 4318 507 4385 4,
539 4325 925 4389 concurrentes
956 4316 1147 4373 Martio
1177 4330 1365 4389 mense
1394 4317 1449 4389 1,
1478 4316 1679 4389 pascha
1710 4318 1812 4389 die
1846 4319 1878 4371 7

286 4388 609 4471 Aprilis.
645 4388 1183 4471 appo_quarto‘cycl_i
1209 4388 1371 4471 primi
1407 4388 1740 4471 Dionvsiani,
1787 4389 1882 4459 qui

287 4458 390 4518 fuit
416 4461 613 4518 Christi
642 4459 767 4524 555,
798 4458 980 4515 littera
1021 4458 1363 4515 dominicalis
1400 4468 1519 4515 erat
1551 4458 1617 4525 ‘6,
1651 4458 1881 4516 concur-

286 4542 467 4590 rentes
498 4532 549 4598 7,
582 4532 777 4602 pascha
802 4531 889 4587 die
916 4530 950 4585 8
974 4530 1191 4601 Aprilis.
1218 4531 1406 4601 Itaque
1434 4545 1543 4587 non
1569 4531 1799 4602 redeunt
1827 4531 1883 4586 in

286 4607 476 4661 orbem
499 4600 721 4659 annales
747 4600 1153 4675 characterismi
1180 4610 1304 4675 post
1322 4600 1512 4675 annos
1540 4600 1628 4675 95.
1660 4602 1794 4657 Nam
1828 4610 1885 4675 et

326 4676 545 4731 aulatim
591 4675 949 4745 discrepantia
988 4674 1164 4745 major
1181 4673 1395 4741 existit,
1424 4681 1484 4728 ut
1505 4688 1573 4729 ex
1617 4673 1881 4729 laterculo

326 4694 545 4731 autaum
591 4694 949 4745 (llSCl'Bpanlla
988 4694 1164 4744 major
1190 4694 1395 4741 ειιδιιι,
1426 4694 1484 4728 ιιι
1505 4694 1573 4729 ex
1618 4694 1881 4729 IﬂlCI‘CUlO

285 4694 409 4804 libri
431 4763 490 4815 ιι,
512 4760 635 4816 pag.
672 4744 796 4811 227,
818 4753 987 4817 patet.
1016 4744 1142 4817 Ideo
1166 4745 1410 4801 diversos
1432 4744 1881 4817 characterismo-

286 4836 410 4875 rum
450 4816 921 4887 istorumordines
971 4816 1039 4871 ad
1080 4816 1883 4887 ennenecontapentaeteridem

290 4903 445 4943 suam
475 4886 764 4958 Dionysius
793 4888 1238 4952 accommodavit,
1262 4903 1399 4958 quas
1443 4886 1563 4943 sine
1597 4886 1781 4958 dubio,
1815 4902 1884 4943 ex

285 4957 514 5029 majoris
555 4956 693 5081 czcli
717 4958 991 5024 methodo,
1035 4960 1111 5014 uti
1146 4956 1398 5026 diximus,
1430 4958 1657 5028 accepit.
1708 4956 1886 5014 Ps'ra-

289 5046 426 5081 vms.
478 5058 550 5070 ——
626 5041 743 5080 ana:
788 5035 916 5081 sunt
957 5030 1293 5081 coniectum.
1344 5029 1539 5081 auibus
1586 5029 1882 5081 diﬂicilem-

289 5046 426 5087 vws.
478 5058 552 5100 -έ
580 5029 744 5100 Vana}
788 5035 916 5081 sunt
957 5030 1293 5100 conjecturae.
1344 5029 1539 5100 quibus
1586 5029 1882 5100 diﬂicilem,

288 5115 457 5172 quam
482 5098 595 5172 sibi
621 5096 792 5172 lingit,
820 5096 1174 5172 quaestionem
1212 5096 1426 5157 solvere
1466 5108 1695 5157 conatur
1726 5096 1885 5155 Petaé

288 5168 432 5228 vius.
480 5170 551 5225 lis
596 5168 846 5242 omnibus
894 5169 1257 5242 supersedere,
1288 5187 1595 5242 possumus,
1647 5172 1715 5241 si,
1772 5186 1884 5228 non

292 5244 495 5311 dicam,
534 5238 1306 5315 cyclum_Dionysii,__Peta_vio
1347 5243 1610 5315 ignotum,
1656 5238 1751 5300 scd
1795 5243 1885 5299 vel

293 5315 465 5386 ipsam
480 5310 622 5370 hanc
641 5310 1012 5386 praafationem
1033 5310 1179 5386 illius
1190 5310 1494 5380 diligentius
1516 5310 1880 5386 inspiciamus.

294 5333 308 5370 ι
379 5330 465 5369 am
480 5330 622 5370 nanc
641 5330 1012 5383 praelationem
1036 5330 1179 5365 unus
1190 5330 1494 5380 mugenuus
1516 5330 1880 5386 inspiciamus.

294 5330 432 5441 ἔξω
461 5402 585 5441 cum
613 5382 824 5456 cyclum
850 5397 1007 5438 suum
1030 5379 1100 5436 95
1129 5396 1415 5456 annorum,
1442 5399 1547 5439 non
1573 5401 1673 5456 esu
1715 5400 1881 5441 OINIA

294 5458 616 5528 prapositam
648 5452 988 5528 ﬁrmitatem
1035 5461 1230 5528 tenere,
1286 5452 1549 5528 dixisset,
1587 5455 1888 5528 luculenter

296 5524 551 5595 ostendit,
579 5524 829 5597 quaenam
857 5525 991 5598 cycli
1013 5524 1389 5598 sui_columnae
1409 5525 1563 5598 illam;
1582 5526 1889 5598 ﬁrmitatem

296 5606 545 5669 teneant,
574 5596 703 5669 quia
721 5596 921 5669 minus.
954 5597 1037 5651 Ad
1065 5596 1184 5669 illas
1204 5596 1457 5653 videlicet
1478 5596 1646 5669 refert
1666 5596 1747 5669 1ο
1784 5612 1887 5669 an-

298 5685 403 5725 nos
430 5667 648 5735 Christi,
683 5668 740 5723 2’
770 5668 1115 5735 indictiones,
1139 5667 1202 5722 3°
1234 5676 1475 5737 epactas,
1522 5667 1588 5722 4υ
1630 5667 1891 5727 circulum

300 5741 880 5808 decemnovennalem,
910 5748 966 5796 et
1009 5739 1065 5795 5°
1095 5741 1251 5796 lunas
1273 5738 1370 5808 14;
1419 5741 1488 5796 ad
1523 5740 1640 5807 has,
1672 5740 1728 5794 1⁸
1760 5757 1892 5797 con-

302 5821 603 5882 currentes,
633 5810 696 5864 2°
726 5813 842 5869 dies
871 5812 1113 5882 Paschae,
1138 5810 1196 5866 '5’
1226 5813 1410 5868 lunam
1437 5812 1545 5869 diei
1584 5812 1887 5869 dominicae.

302 5881 550 5957 Expletis
576 5882 739 5953 igitur
763 5883 833 5938 95
859 5884 1034 5953 anuis,
1059 5881 1127 5939 ad
1146 5885 1381 5956 primum
1407 5885 1620 5960 cyclum
1654 5882 1777 5940 NB.
1821 5887 1896 5943 vi-

549 5983 827 6052 Ρηιιοι..
870 5984 1134 6051 LXVII.

1910 4714 1966 4776 D

1970 1930 2211 2000 quinque
2231 1928 2387 1983 annis
2413 1927 2661 1984 accidere
2704 1928 3051 1985 manifestum
3080 1937 3182 1997 est,
3207 1930 3454 1999 sequenti
3474 1929 3568 1988 die

1969 2020 2264 2087 dominico,
2307 2020 2363 2076 id
2406 2027 2488 2077 est
2516 2020 2803 2076 undecimo
2841 2020 2946 2077 cal.
2977 2022 3149 2092 April.
3196 2023 3324 2078 luna
3349 2022 3567 2081 decima

1968 2116 2174 2187 quinta,
2204 2114 2583 2171 celebrandum
2616 2113 2819 2170 Pascha
2876 2114 3067 2170 eadem
3108 2124 3294 2171 sancta
3322 2116 3569 2188 synodus

1965 2208 2084 2263 sine
2104 2206 2457 2277 ambiguitate
2480 2205 2733 2275 ﬁrmavit,
2759 2206 2865 2262 hoc
2889 2207 3066 2263 modis
3090 2208 3343 2263 omnibus
3371 2206 3566 2264 admo-

1969 2315 2128 2370 nens,
2157 2309 2217 2357 ut
2245 2310 2371 2357 ante
2398 2300 2777 2357 duodecimum
2804 2301 3016 2357 calend.
3051 2300 3222 2372 April.
3256 2303 3439 2357 lunam
3468 2304 3570 2359 de-

1967 2393 2165 2450 cimam
2209 2402 2459 2464 quartam
2498 2393 2774 2466 paschalis
2819 2393 2942 2449 festi
2996 2395 3177 2450 nullus
3230 2396 3566 2467 inquireret;

1968 2499 2131 2555 quam
2192 2500 2302 2541 non
2348 2485 2509 2556 primi
2557 2485 2785 2551 mensis,
2839 2483 2938 2541 sed
2990 2484 3201 2553 ultimi,
3254 2502 3377 2544 esse
3433 2503 3569 2545 con-

1971 2587 2162 2636 staret.

2044 2670 2153 2728 Sed
2200 2686 2304 2728 nec
2350 2670 2459 2728 hoc
2502 2671 2933 2743 praetereundum
2984 2687 3106 2729 esse
3160 2674 3468 2743 putavimus
3504 2672 3522 2709 θ
3548 2711 3571 2741 ,

1974 2764 2122 2837 quod
2158 2764 2320 2821 nimis
2358 2774 2545 2821 errant
2576 2765 2670 2836 qui
2713 2764 2896 2820 lunam
2934 2779 3196 2836 peragere
3220 2780 3437 2821 cursum
3484 2763 3571 2823 sui

1976 2857 2164 2915 circuli
2192 2857 2413 2928 triginta
2440 2856 2648 2913 dierum
2679 2857 2867 2927 spatiis
2903 2856 3255 2921 :estimantes,
3284 2855 3576 2917 duodecim

1975 3040 2219 3112 gitanter,
2253 3047 2307 3096 et
2337 3038 2411 3094 ita
2439 3051 2718 3095 recurrere
2742 3035 2915 3105 jubet,
2947 3044 3008 3089 ut
3028 3053 3119 3100 per
3145 3052 3231 3090 eos
3259 3036 3459 3112 cyclos,
3485 3055 3575 3111 qua

1975 3109 2184 3182 ﬁrmum
2200 3128 2403 3167 cursum
2423 3111 2664 3182 retinent,
2687 3123 2863 3162 earum
2882 3124 3203 3182 progressus,
3228 3109 3315 3182 qui
3338 3109 3576 3182 uidentur

1979 3178 2217 3249 titubare,
2233 3191 2568 3248 sustentetur,
2582 3181 2695 3235 sive
2712 3178 3003 3234 secundum
3017 3178 3162 3247 leges
3184 3179 3320 3249 cycli
3340 3180 3577 3235 Alexan~

1977 3251 2297 3342 drinikquas
2326 3263 2488 3309 vocat
2516 3257 2832 3322 argumenta
2871 3251 3163 3321 paschalia,
3189 3250 3571 3308 constituatur.

1900 3316 1948 3382 C
2052 3333 2080 3362 ⁸
2120 3316 2197 3391 (ἒξ
2213 3342 2299 3380 ex.

2052 3393 2079 3435 δ
2117 3396 2178 3469 (ξ,
2210 3414 2503 3469 eorumque.

2055 3478 2078 3506 ο
2120 3467 2183 3534 C,
2212 3467 2450 3523 sustinet.
2484 3467 2549 3534 D,
2581 3467 2858 3522 sustinent.

2050 3537 2077 3575 ἀ
2118 3538 2178 3605 C,
2206 3540 2445 3593 minima.

2054 3618 2079 3648 ο
2117 3608 2181 3674 C,
2213 3627 2363 3666 error
2392 3611 2607 3666 cunctis.

2056 3678 2077 3720 τ
2119 3680 2365 3753 Quatuor
2392 3682 2507 3753 haec
2534 3680 2782 3753 proxima
2810 3680 3068 3738 vocabula
3099 3680 3155 3736 in
3176 3679 3217 3734 A
3248 3681 3466 3743 desunt.

2053 3760 2080 3800 8
2121 3751 2292 3808 Exod.
2316 3769 2411 3817 xtl,
2435 3751 2490 3807 2.

2053 3820 2081 3860 δ
2122 3823 2281 3892 Ibid.,
2304 3839 2447 3879 vers.
2474 3823 2563 3878 18.
3186 3824 3199 3858 ‘

2058 3892 2197 3973 irlta
2219 3895 2261 3950 C
2290 3904 2346 3949 et
2372 3893 2453 3949 D:
2494 3896 2695 3953 rectius
2737 3896 2965 3955 fortasse
2993 3910 3155 3966 quam
3203 3896 3318 3967 alii,
3358 3896 3454 3973 qui
3477 3895 3579 3957 ha-

1979 3967 2110 4024 bent
2137 3981 2424 4037 uesperum.

2058 4039 2071 4087 l
2123 4036 2282 4091 Deut.
2314 4052 2423 4105 va,
2448 4036 2499 4090 1.

2053 4106 2081 4145 ιι
2122 4108 2185 4171 Α,
2221 4118 2388 4163 nocte.

2059 4176 2077 4217 ι
2121 4177 2272 4233 Hanc
2291 4193 2482 4232 vocem
2507 4179 2710 4233 addunt
2731 4180 2776 4233 A
2798 4188 2853 4236 et
2877 4181 2940 4234 C.

2056 4258 2095 4286 ω
2136 4249 2193 4303 1η
2223 4248 2263 4302 C
2287 4257 2455 4311 recte,
2489 4258 2548 4303 ut
2574 4249 2807 4315 videtur,
2842 4252 3014 4306 deest.

2054 4328 2083 4356 ιι
2121 4319 2180 4373 ln
2208 4318 2248 4373 C
2280 4319 2495 4389 legitur,
2526 4318 2633 4374 1111.

2058 4400 2083 4428 ο
2123 4390 2187 4459 C,
2213 4391 2265 4444 in
2296 4407 2420 4444 non.
2450 4392 2617 4461 April.

2057 4473 2086 4513 Ρ
2127 4463 2188 4528 C,
2218 4462 2654 4533 investigandum.

2060 4544 2088 4584 τι
2127 4534 2187 4599 C,
2219 4534 2340 4604 quia
2361 4550 2464 4587 non
2486 4534 2612 4587 solis
2634 4536 2806 4588 cursui
2829 4535 3118 4605 aequaliter,
3149 4544 3258 4593 etc.

2063 4616 2085 4644 π
2130 4605 2192 4671 Α,
2224 4621 2328 4658 nou
2354 4615 2617 4674 sequatur.

2063 4687 2085 4715 ³
2128 4676 2356 4732 Notetur
2388 4676 2496 4751 hoc
2549 4676 2809 4751 Dionysii,
2839 4678 2947 4751 imo
2976 4677 3177 4751 Nicmni
3212 4680 3450 4751 concilii,
3490 4679 3584 4741 de-

1989 4758 2221 4816 cretum,
2240 4754 2441 4821 contra
2456 4745 2745 4821 Scaligeri,
2769 4749 3093 4821 Calvisiiﬂet
3110 4750 3160 4804 id
3190 4766 3359 4821 genus
3403 4745 3587 4809 calen-

1987 4820 2125 4878 darii
2150 4818 2669 4888 artilicumidogma;
2697 4819 2788 4888 qui
2813 4820 2938 4874 luna
2962 4820 3030 4874 15
3069 4818 3279 4877 Pascha
3321 4825 3589 4883 celebrari

1989 4892 2139 4949 nefas
2168 4898 2379 4961 putant.
2413 4886 2629 4961 Etenim
2676 4886 2799 4944 cum
2847 4891 2973 4945 luna
3004 4889 3071 4944 14
3103 4893 3156 4945 in
3187 4894 3468 4948 sabbatum
3501 4896 3589 4947 in-

1987 4964 2135 5033 cidit,
2161 4960 2237 5015 xu
2263 4960 2366 5016 cal.
2398 4960 2608 5033 Aprili
2636 4961 2742 5015 hoc
2785 4969 2867 5033 cst
2893 4962 2981 5017 die
3002 4961 3067 5015 2i
3095 4962 3293 5029 Martii,
3326 4962 3589 5033 postridie

1988 5032 2195 5089 Pascha
2223 5029 2530 5102 peragetur.
2557 5029 2613 5084 Id
2641 5047 2749 5087 non
2775 5032 2876 5087 nisi
2920 5033 3059 5087 luna:
3089 5034 3239 5103 cyclo
3288 5029 3372 5088 vel
3420 5048 3589 5103 aureo

1989 5120 2213 5175 numero
2229 5101 2326 5175 ’x_v1
2350 5103 2565 5157 evenire
2590 5111 2801 5175 potest;
2829 5105 3089 5175 cycloque
3110 5101 3247 5175 Solis
3272 5103 3347 5175 Δ5,
3375 5113 3467 5157 aut
3493 5101 3590 5173 20,

1989 5185 2081 5232 aut
2123 5173 2214 5228 25.
2263 5172 2451 5242 Itaque
2501 5172 2695 5244 quater
2726 5174 2778 5228 in
2831 5172 2946 5229 tota
3000 5172 3230 5244 periodo
3272 5172 3591 5244 Victoriana

1990 5245 2274 5313 contingit,
2310 5252 2369 5298 ut
2396 5245 2447 5298 in
2476 5242 2633 5316 annis
2660 5243 2861 5300 Christi
2903 5242 3150 5311 72,'5l9,
3186 5242 3309 5316 414,
3343 5243 3469 5316 509⁹
3496 5244 3589 5316 qui

1988 5327 2113 5374 sunt
2134 5314 2576 5387 priorisperiodj,
2591 5316 2643 5369 in
2664 5316 2900 5387 secunda
2923 5331 3053 5370 vero
3074 5314 3229 5370 annis
3248 5315 3444 5370 Christi
3458 5314 3590 5384 604,

1988 5388 2116 5456 851,
2136 5385 2301 5453 1041,
2332 5385 2492 5442 1156.
2524 5385 2757 5458 Proinde
2780 5387 2950 5442 semel
2985 5388 3040 5441 in
3078 5394 3592 5458 ennenecontapen-

1990 5460 2257 5531 taeteride
2285 5459 2492 5531 Cyrilli,
2522 5466 2577 5512 et
2604 5458 2659 5511 in
2682 5457 3197 5531 Dionysianasemel
3222 5462 3347 5531 item
3372 5457 3592 5531 accidit.

1990 5530 2049 5588 In
2064 5533 2190 5600 hac,
2213 5527 2356 5585 anno
2380 5530 2548 5600 ipsius
2568 5542 2755 5593 Lxxm,
2778 5528 2869 5596 qui
2898 5538 2979 5582 est
3000 5527 3194 5584 Christi
3219 5527 3343 5582 604.
3378 5528 3589 5587 ΡετΑν.

2068 5606 2087 5640 ί
2132 5601 2494 5658 Memorabilis
2522 5599 2611 5653 hic
2660 5600 2829 5654 locus.
2866 5614 2933 5654 ex
2967 5616 3094 5669 quo,
3124 5609 3283 5656 aetate
3330 5600 3421 5655 illa
3465 5602 3593 5656 Dio-

1992 5675 2151 5746 nysii,
2180 5673 2437 5746 discimus
2465 5670 2727 5746 quosdam
2754 5669 2917 5725 fuisse
2943 5672 3319 5746 quiAlunarem
3349 5685 3593 5726 mensem

1994 5741 2066 5800 30
2096 5745 2287 5801 diebus
2338 5741 2864 5810 circutnscribcrent,
2895 5756 3013 5813 qum
3040 5742 3139 5797 fuit
3179 5752 3426 5799 veterum
3470 5757 3594 5795 ma-

1994 5817 2140 5872 xime
2154 5815 2475 5889 _Gr:ecorum
2496 5812 2899 5889 per_suasio,guti
2920 5812 3015 5869 lib.
3050 5832 3066 5871 ι
3093 5815 3161 5871 de
3183 5815 3365 5872 Doctr.
3398 5822 3591 5889 terup.,

1996 5902 2119 5960 cap.
2154 5886 2208 5956 7,
2238 5883 2745 5945 demonStravimus.
2774 5884 3065 5944 Psravms.

3086 5984 3161 6048 16
