4060 6364
539 274 643 335 I91

1914 271 2213 361 monvsn
2234 272 2477 358 .EXlGUl

3692 278 3695 279 ⁷
3748 271 3846 331 491

486 370 487 381 χ
540 392 761 450 lunares
790 402 1027 460 menses,
1065 386 1120 445 in
1149 387 1409 473 trecentis
1436 389 1715 458 sexaginta
1740 388 1928 444 diebus
1956 406 2139 443 nume-
2172 407 2209 467 δ
2246 399 2517 461 salutifera
2560 390 2886 444 solemnitate
2933 382 3191 458 paschali,
3224 384 3767 443 acomnicaudos
3803 402 3847 444 et

494 512 497 513 ν
542 492 687 550 rant,
720 468 914 555 quibus
944 482 1102 539 etiam
1146 468 1381 550 quinque
1423 481 1536 535 dies
1580 481 1857 551 adjiciunt,
1891 498 2027 551 quos
2058 480 2139 534 in-

544 577 846 633 tercalares
895 573 1183 647 appellavit
1211 575 1525 643 antiquitas,
1560 583 1619 628 ut
1664 574 1895 629 solarem
1939 590 2139 627 aninnn

532 670 847 741 .adimplere
877 666 1191 733 videantur;
1222 682 1345 721 cum
1376 666 1603 736 diligens
1633 667 1909 736 inquisitio
1940 666 2140 721 verita-

546 768 617 822 tis
640 763 958 832 ostenderit,
988 762 1041 818 in
1065 760 1274 837 duobus
1302 760 1443 815 lunae
1476 762 1687 816 circulis
1717 776 1823 815 non
1861 760 2138 828 sexaginta

547 859 685 922 dies.
716 856 814 914 sed
837 856 1226 927 quinquaginta
1267 869 1461 909 novem
1492 854 1691 910 debere
1734 853 2028 908 numerari.
2061 852 2140 907 Ac

546 964 651 1023 per
688 934 797 1005 hnc
837 949 892 1005 in
934 948 1215 1004 duodecim
1247 948 1523 1003 lunaribus
1565 947 1837 1003 mensibus
1864 954 2140 1001 trecento-

542 1057 666 1103 rum
695 1042 1084 1121 quinquaginta
1123 1051 1355 1113 quatuor
1387 1041 1592 1097 dierum
1636 1057 1898 1097 summam
1939 1040 2140 1113 colligi,

542 1136 631 1193 cui
656 1143 876 1207 epactas
906 1133 1146 1208 Egyptii
1170 1149 1397 1203 annuas,
1428 1134 1480 1188 id
1506 1141 1591 1189 est
1621 1133 1871 1189 undecim
1901 1132 2015 1187 dies
2046 1147 2142 1186 ac~

544 1228 928 1292 commodent;
959 1235 1019 1280 ut
1054 1226 1130 1280 ita
1161 1225 1375 1281 demum
1401 1225 1602 1279 lunaris
1631 1224 1873 1280 emensio
1897 1233 1919 1259 λ
1946 1221 2145 1277 rationi

544 1320 678 1379 solis
710 1319 1041 1388 adaequetur.
1089 1318 1244 1385 Quod
1287 1312 1628 1373 verissimum
1658 1332 1776 1373 esse
1825 1325 1987 1387 atque
2033 1331 2148 1371 cer-

506 1430 509 1431 '
545 1410 834 1477 tissimum,
866 1424 1028 1479 supra
1072 1408 1399 1482 scriptorum
1430 1406 1649 1463 Patrum
1696 1408 1964 1463 sententia
1995 1422 2143 1462 com—

545 1502 827 1573 probatur,
852 1500 945 1570 qui
970 1500 1124 1570 juxta
1145 1500 1283 1555 hanc
1308 1498 1682 1573 lEgyptiorum
1706 1501 2141 1566 calculationem,

547 1601 769 1663 quartas
794 1592 1035 1649 decimas
1052 1593 1212 1649 lunas
1240 1594 1506 1665 paschalis
1528 1594 1885 1650 observantia:
1916 1592 2147 1648 tradide-

545 1694 694 1742 runt.
745 1684 851 1741 Sed
902 1685 1148 1741 nonnulli
1201 1693 1367 1741 tantae
1422 1686 1753 1752 subtilitatis,
1810 1687 1923 1742 sive
1968 1686 2147 1757 potius

2188 552 2189 555 η
2243 486 2305 541 de
2338 483 2580 539 Ecclesia
2610 484 2873 555 pellendos
2905 498 3015 536 esse
3045 496 3306 535 censemus
3356 478 3403 545 ",
3434 483 3476 535 si
3512 490 3703 534 tamen
3733 499 3846 537 con-

2241 576 2511 633 tentiosius
2543 574 2555 611 1
2601 576 2845 631 adversus
2874 591 2934 628 ea
2963 589 3077 643 qua:
3098 573 3226 629 bene
3245 580 3366 629 sunt
3386 572 3603 627 decreta
3627 573 3849 641 perstite-

2190 736 2195 739 _
2242 669 2367 723 rint.
2402 667 2469 720 Et
2500 670 2609 745 accc
2634 667 2836 744 quidem
2874 666 2935 719 de
2974 666 3123 721 luicis
3151 664 3290 719 dicta
3317 664 3439 719 sint.
3493 662 3569 735 Si
3618 664 3743 735 quis
3768 682 3852 720 σιμ

2246 769 2345 814 tem
2376 777 2550 815 eorum
2593 761 2677 833 qui
2718 767 2949 829 prtesunt
2977 756 3245 825 Ecclesia,
3289 765 3376 810 aut
3417 758 3731 827 episcopus,
3773 769 3854 812 aut

2243 854 2527 926 presbyter,
2567 863 2655 908 aut
2684 854 2954 918 diaconus,
2986 862 3103 925 post
3131 852 3266 905 hanc
3287 851 3662 921 deﬁnitiones»
3701 860 3854 907 tento-

2244 949 2409 1011 verit,
2472 947 2540 999 ad
2594 946 2974 1001 subversionem
3022 944 3327 1015 populorum
3380 954 3430 997 et
3478 942 3849 999 Ecclesium

2202 1036 2207 1041 ⁷
2244 1035 2703 1109 perturbationem,
2729 1041 2948 1091 seorsim
2977 1036 3239 1108 colligere,
3281 1043 3332 1090 et
3358 1052 3473 1089 cum
3493 1034 3718 1089 luditis
3754 1032 3854 1088 Pa-

2244 1128 2369 1182 sclta
2397 1128 2672 1195 celebrare,
2700 1139 2881 1182 sancta
2904 1118 3131 1201 synodus
3153 1127 3288 1180 hunc
3310 1127 3541 1181 alienum
3547 1125 3683 1196 jam
3696 1126 3854 1181 hincIn

2246 1221 2310 1276 ab
2342 1218 2576 1276 Ecclesia
2594 1221 2847 1293 judicavit
2876 1237 2893 1273 :
2923 1221 3059 1291 quod
3102 1237 3206 1274 non
3253 1220 3417 1273 solum
3453 1218 3599 1284 sibi,
3628 1216 3728 1271 sed
3754 1218 3855 1286 plu-

2248 1313 2393 1368 rimis
2436 1330 2591 1367 causa
2623 1313 2978 1382 corruptionis
3021 1329 3081 1365 ac
3131 1310 3540 1381 perturbationis
3577 1311 3855 1369 exstiterit.

2251 1405 2363 1461 Nec
2395 1410 2559 1463 solum
2595 1425 2625 1459 a
2654 1406 2945 1461 ministerio
2981 1406 3109 1459 tales
3140 1415 3379 1477 removet,
3412 1405 3503 1459 sed
3534 1404 3713 1459 etiam
3740 1404 3853 1461 illin

2249 1500 2337 1573 qui
2363 1510 2477 1572 post
2518 1500 2907 1555 damnationem
2944 1498 3241 1569 Intjusmodi
3279 1499 3686 1555 communicare
3715 1505 3738 1531 ο
3768 1505 3855 1553 ten-

2253 1572 2495 1659 taverint,
2537 1593 2772 1646 damnati
2803 1602 2921 1645 sunt
2946 1572 2993 1658 ἐν,
3027 1592 3165 1646 omni
3194 1607 3391 1662 quoque
3419 1590 3760 1647 extrinsecus
3781 1589 3856 1643 Ito-

2253 1704 2378 1741 nore
2398 1686 2611 1757 privati,
2647 1701 2794 1757 quem
2815 1694 2998 1739 sancta
3027 1684 3207 1755 regula
3236 1695 3261 1733 l1
3287 1692 3336 1737 et
3376 1681 3747 1753 sacerdotium
3777 1680 3857 1736 Dei

550 1777 853 1836 sanationis
881 1778 1073 1849 ignari,
1106 1777 1231 1833 dum
1262 1778 1365 1856 alia
1410 1779 1803 1851 supputationis
1834 1788 2148 1848 argumenta
2180 1798 2227 1859 Β
2252 1782 2553 1851 promeruit.
2584 1778 2677 1834 His
2708 1796 2813 1833 non
2844 1778 3121 1859 dissimilia
3150 1778 3476 1851 venerabilis
3506 1794 3664 1850 papa
3696 1776 3806 1835 Leo
3821 1789 3856 1845 τ,

545 1870 869 1942 perquirunt
902 1871 951 1937 b,
999 1885 1030 1924 a
1058 1870 1303 1926 veritatis
1350 1873 1568 1927 tramite
1615 1872 1875 1928 recedunt
1903 1883 1948 1925 ο.
1993 1869 2149 1927 Unde
2206 1866 2211 1871 ’

545 1962 874 2033 plerumque
916 1960 1226 2032 contingitd
1265 1970 1514 2033 utquam
1541 1971 1562 1999 °
1595 1976 1739 2032 saepe
1783 1963 1915 2017 dicti
1961 1960 2149 2016 Patres

549 2053 815 2109 decimam
837 2060 1085 2121 quartam
1116 2053 1297 2109 lunam
1340 2062 1568 2124 ponunt,
1617 2069 1735 2108 eam
1768 2054 1853 2108 isti
1884 2052 2149 2108 decimum

550 2146 799 2217 quintam
828 2146 1197 2216 suspicentur;
1227 2156 1283 2202 et
1308 2161 1427 2217 quae
1450 2146 1705 2215 vigesima
1736 2147 1907 2217 prima
1940 2154 2043 2214 est,
2072 2148 2149 2201 vi-

532 2239 815 2309 gesimam
842 2238 1131 2295 secundam
1155 2253 1273 2296 esse
1295 2240 1669 2310 pronuntient.
1694 2237 1801 2294 Sed
1831 2238 2005 2305 nobis,
2032 2239 2153 2310 qui-

548 2334 654 2389 bus
682 2346 836 2387 amor
862 2339 919 2387 et
942 2346 1071 2387 cura
1101 2341 1185 2388 est
1218 2331 1537 2388 Christianae
1568 2331 1864 2402 religionis,
1908 2348 1938 2387 a
1968 2339 2152 2388 tanto-

526 2436 675 2480 ‘t‘um
704 2422 1023 2494 pontifieum
1051 2423 1440 2480 constitutione
1464 2420 1483 2462 ί
1511 2424 1656 2478 nulla
1685 2422 1907 2495 prorsus
1935 2432 2153 2495 oportet

551 2518 765 2576 ratione
811 2516 1121 2585 discedere;
1163 2518 1257 2574 sed
1301 2516 1576 2588 praeﬁxam
1616 2516 1685 2572 ab
1728 2516 1813 2570 his
1842 2516 2152 2586 paschalem

557 2610 806 2681 regulam
844 2610 1205 2665 sincerissima
1253 2609 1506 2666 convenit
1543 2608 1831 2664 devotione
1857 2617 1881 2655 8
1911 2622 2146 2664 servare.

530 2736 535 2739 -
630 2699 843 2768 Quanta
868 2716 1003 2758 vero
1031 2701 1085 2756 in
1116 2700 1373 2757 Ecclesiis
1398 2709 1516 2757 toto
1539 2710 1806 2756 terrarum
1838 2700 1971 2755 orbe
1998 2698 2154 2753 ditiu-

551 2792 633 2853 lis
670 2794 865 2850 horum
905 2792 1127 2850 Patrum
1172 2795 1411 2850 nitamur
1457 2795 1802 2862 auctoritate,
1851 2809 1959 2848 non
1998 2792 2155 2848 labor

554 2894 642 2941 est
668 2886 991 2956 ostendere,
1029 2902 1151 2943 cum
1177 2895 1423 2943 sanctum
1453 2887 1743 2942 concilium
1783 2887 1926 2958 apud
1965 2886 2154 2942 Antio-

554 2976 735 3032 chiam
769 2974 796 3014 ιι
821 2986 945 3049 post
971 2986 1218 3050 tempora
1241 2994 1351 3035 non
1378 2978 1453 3033 ita
1482 2978 1640 3049 longe
1675 2980 2024 3051 conveniens,
2058 2993 2154 3035 eo-

553 3080 676 3127 rum
717 3070 968 3141 primitus
996 3068 1371 3126 deﬁnitionem
1395 3085 1557 3140 quam
1586 3069 1652 3125 de
1677 3070 1917 3141 paschali
1942 3070 2154 3125 ratione

561 3166 913 3239 protulerunt
948 3164 962 3204 ί
990 3166 1141 3223 nullo
1169 3167 1332 3224 modo
1369 3166 1676 3222 violandam
1705 3182 1826 3223 esse
1858 3167 2151 3222 censuerit.
2181 3188 2230 3255 ο

555 3254 806 3328 Denique
842 3260 898 3314 in
946 3260 1148 3315 sanctis
1196 3261 1493 3317 canonibus
1532 3260 1632 3316 sub
1656 3260 1815 3315 titulo
1862 3269 2153 3332 septuage-

558 3352 700 3407 simo
733 3367 899 3419 nono,
939 3352 1033 3421 qui
1061 3360 1144 3408 est
1172 3354 1378 3422 primus
1407 3353 1573 3423 ipsius
1606 3353 1929 3409 Antiocheni
1971 3356 2154 3411 conci-

555 3441 638 3509 lii,
682 3441 769 3499 his
818 3443 998 3499 verbis
1052 3447 1065 3495 ι
1126 3445 1398 3521 invenitur
1437 3460 1752 3519 expressum
1782 3465 1794 3499 :
1823 3445 2015 3503 Omnes
2069 3450 2156 3519 qui

558 3538 675 3591 misi
715 3539 909 3609 fuerint
952 3537 1232 3593 dissolvere
1274 3539 1625 3609 deﬁnitionem
1672 3541 1845 3594 sancti
1884 3549 1934 3594 et
1978 3544 2155 3613 magni

559 3629 769 3683 concilii
798 3629 935 3701 quod
956 3629 1094 3701 apud
1122 3628 1361 3686 Nicaeam
1391 3641 1755 3705 congregatum
1776 3642 1869 3700 est,
1904 3632 1996 3688 sub
2016 3651 2153 3703 prae-

563 3720 735 3775 sentia
764 3721 985 3791 piissimi
1030 3730 1080 3776 et
1109 3723 1387 3777 venerandi
1425 3724 1675 3799 principis
1714 3725 2062 3795 Constantini,
2094 3726 2156 3781 de

637 3888 664 3917 ει
702 3877 766 3941 C,
798 3878 1074 3935 dimensio.

544 3953 555 3961 '
630 3950 661 3987 ι)
699 3948 764 4021 ς,
796 3952 1084 4021 requirunt.

639 4032 660 4059 ε
695 4019 759 4082 C,
792 4019 1131 4076 recesserunt.

632 4090 660 4128 ιι
690 4091 821 4170 _Non
850 4092 1068 4147 dubium
1095 4102 1179 4149 est
1202 4095 1336 4170 istos
1359 4098 1451 4167 qui
1478 4096 1567 4151 hic
1595 4111 1625 4151 a
1665 4096 1921 4170 Dionysio
1967 4114 2157 4170 repre»

560 4163 891 4228 henduntur,
937 4168 1329 4223 astronomicas
1374 4163 1585 4223 iabulas
1630 4163 1845 4226 secutos
1895 4163 2048 4235 esse;
2095 4187 2159 4226 ac

561 4242 849 4314 προηγήσιν
889 4235 1355 4317 animadvertisse.
1399 4240 1555 4317 anno
1584 4237 1945 4317 βῒιιτίξιὶλὸἳξε
1992 4257 2159 4317 aureo

564 4308 795 4361 numero
823 4320 900 4370 ιιι,
937 4308 1270 4363 novilunium
1302 4310 1535 4363 medium
1582 4311 1771 4367 incidit
1801 4314 1852 4368 in
1895 4314 2036 4368 diem
2087 4312 2157 4367 50

563 4375 767 4443 Martii,
801 4375 931 4430 feria
964 4375 1015 4440 5,
1049 4378 1182 4433 hora
1217 4378 1311 4443 33,
1340 4380 1425 4434 ω’
1454 4396 1484 4434 a
1525 4382 1699 4436 media
1729 4392 1890 4439 nocte
1918 4384 1973 4441 in
2021 4386 2163 4438 hori-

565 4456 744 4524 ξομιᾳῇ
798 4445 1248 4524 [jegjpmontano
1284 4450 1491 4524 itaque
1553 4456 1837 4510 neomenia
1896 4455 2166 4524 paschalis

2253 1872 2395 1928 sedis
2424 1872 2732 1943 apostolica:
2776 1871 2993 1946 prmsul,
3032 1856 3376 1941 pronuntiat,
3407 1869 3605 1927 dicens
3633 1889 3648 1923 :
3680 1868 3856 1925 Contra

2251 1976 2445 2023 statuta
2489 1984 2747 2022 canonum
2796 1978 3148 2039 paternorum,
3203 1982 3318 2039 quia
3371 1975 3491 2021 ante
3541 1966 3858 2038 longissime

2254 2062 2428 2115 matis
2460 2076 2624 2114 annos
2667 2061 2721 2114 in
2766 2060 2889 2114 urbe
2928 2058 3115 2115 Nicwa
3141 2059 3461 2131 spiritalibus
3490 2069 3627 2115 sunt
3655 2061 3856 2132 fundata

2252 2150 2490 2216 decretis,
2523 2150 2653 2204 nihil
2684 2152 2923 2221 cuiquam
2964 2150 3154 2204 audere
3206 2150 3541 2214 conceditur;
3603 2152 3689 2203 ita
3737 2158 3790 2201 ut
3820 2148 3856 2201 si

2253 2245 2365 2316 quis
2408 2242 2661 2297 diversum
2708 2244 2831 2314 quid
2879 2243 2996 2298 velit
3026 2243 3317 2309 decernere,
3346 2260 3401 2297 se
3445 2244 3631 2313 potius
3661 2244 3848 2297 minuat

2254 2353 2407 2407 quam
2430 2336 2522 2389 illa
2567 2344 2881 2406 corrumpat.
2926 2331 3054 2398 Qua:
3099 2336 3165 2400 si,
3222 2344 3277 2389 ut
3323 2342 3545 2405 oportet,
3591 2350 3629 2388 a
3670 2334 3850 2387 cunctis

2254 2428 2585 2501 pontiﬁcibus
2607 2429 2915 2483 intemerata
2945 2437 3226 2495 serventur,
3266 2446 3355 2499 per
3382 2429 3669 2508 universas
3710 2428 3852 2481 eccle-

2256 2523 2362 2578 sias
2383 2538 2488 2592 pax
2519 2523 2618 2575 erit
2639 2528 2687 2575 et
2716 2522 2871 2591 ﬁrma
2903 2521 3202 2576 concordia.
3235 2518 3300 2573 Et
3329 2520 3525 2577 iterum
3557 2538 3570 2573 :
3606 2519 3681 2574 In
3711 2521 3852 2574 omni

2257 2611 2369 2678 bus,
2401 2613 2591 2683 inquit,
2624 2614 2992 2667 ecclesiasticis
3033 2615 3223 2678 causis,
3271 2613 3350 2668 his
3389 2612 3591 2684 legibus
3624 2613 3848 2683 obsequi-

2257 2721 2391 2767 mur,
2419 2721 2543 2775 quas
2574 2703 2643 2757 ad
2668 2705 2946 2775 paciﬁcum
2984 2705 3368 2759 observantiam
3411 2705 3658 2773 omnium
3685 2718 3848 2757 sacer-

2258 2796 2456 2861 dotum,
2514 2814 2604 2867 per
2658 2804 2910 2853 trecentos
2962 2797 3245 2853 octodecim
3292 2797 3558 2867 episcopos
3622 2794 3842 2867 Spiritus

2259 2899 2468 2943 sanctus
2516 2888 2777 2953 instituit;
2821 2890 2895 2943 ita
2936 2897 2993 2941 ut
3045 2889 3248 2942 etiamsi
3291 2889 3451 2943 multo
3499 2888 3690 2958 plures
3730 2886 3851 2941 aliud

2234 2996 2415 3059 quam
2442 2979 2520 3034 illi
2561 2988 2788 3035 statuere
2838 2980 3138 3045 decernant,
3183 2980 3237 3033 in
3286 2979 3430 3034 nulla
3473 2980 3773 3043 reverentia
3799 2978 3851 3031 sit

2260 3069 2557 3143 habendum
2583 3070 2832 3143 quidquid
2862 3070 3018 3141 fuerit
3041 3087 3073 3125 a
3100 3071 3469 3141 pradictorum
3492 3071 3852 3126 constitutione

2263 3164 2540 3220 diversum.

2340 3257 2723 3325 Sufﬁcienter,
2781 3267 2842 3313 ut
2891 3265 3174 3331 putamus,
3226 3258 3435 3314 cunctis
3484 3257 3750 3315 indicitur
3797 3271 3854 3311 ne

2261 3352 2518 3425 deinceps
2549 3351 2705 3407 aliter
2733 3366 2896 3421 quam
2937 3367 2967 3405 a
2997 3352 3200 3407 sanctis
3230 3351 3587 3406 constitutum
3634 3361 3727 3409 est
3766 3349 3849 3406 Pa-

2263 3444 2433 3499 tribus
2461 3443 2885 3499 sacratissimum
2924 3441 3135 3499 Pascha
3164 3442 3487 3499 celebretur.
3512 3443 3679 3511 Quod
3720 3444 3763 3501 si
3791 3454 3851 3497 te

2263 3538 2514 3594 stimonia
2546 3545 2818 3592 tantorum
2868 3537 3211 3593 sacerdotum
3240 3535 3466 3593 forsitan
3514 3539 3639 3607 quis
3698 3535 3851 3594 obsti-

2238 3639 2389 3703 nata
2433 3638 2617 3687 mente
2662 3628 2990 3701 despexerit,
3044 3631 3208 3693 etiam
3252 3630 3307 3686 in
3334 3627 3561 3686 historia
3602 3630 3852 3686 ecclesia-

2246 3725 2399 3787 ,stica
2425 3724 2576 3795 paria
2605 3724 2843 3780 breviter
2884 3723 3132 3780 intimata
3163 3724 3399 3796 reperiet
3424 3744 3437 3792 ;
3462 3724 3853 3799 multorumque

2263 3901 2360 3942 nes
2401 3886 2823 3943 existimabant:
2859 3888 3071 3943 tametsi
3104 3887 3280 3943 minus
3310 3887 3377 3943 ad
3416 3888 3736 3959 paschalem
3764 3886 3854 3942 Ec-

2262 3959 2438 4036 clesiae
2465 3959 2859 4036 rittunjaceret
2888 3959 3257 4036 haedillorum
3286 3958 3536 4036 ἀκρίϐειςς.
3575 3958 3852 4036 Persvws.

2267 4101 2279 4114 .
2339 4040 2361 4068 ε
2386 4030 2478 4154 1ita
2507 4046 2577 4086 ex
2622 4029 2664 4084 Β
2693 4039 2748 4085 et
2787 4030 2829 4085 C
2873 4031 3175 4096 scribimus,
3206 4046 3304 4101 pro
3333 4029 3563 4104 quando,
3606 4032 3755 4103 quod
3787 4039 3855 4086 est

2264 4118 2318 4155 in
2353 4117 2380 4155 a
2410 4118 2492 4155 ns.

2340 4173 2357 4210 ί
2402 4173 2646 4239 Quatuor
2671 4173 2772 4229 has
2791 4188 2974 4239 voces,
3004 4187 3033 4227 a
3064 4172 3286 4229 Patavio
3316 4181 3372 4229 et
3411 4173 3685 4231 Bucherio
3708 4173 3855 4231 omis-

2261 4260 2381 4369 εθεὴ
2402 4258 2471 4299 ex
2492 4244 2537 4370 ξ]
2566 4252 2621 4299 et
2650 4244 2693 4298 D
2720 4246 3053 4316 supplemns.
3090 4242 3364 4301 Posterior
3390 4246 3553 4301 etiam
3581 4244 3737 4302 addit
3762 4264 3775 4301 :
3811 4260 3852 4299 ιη

2266 4332 2338 4369 nu
2383 4333 2436 4371 a.
2458 4333 2488 4369 e
2517 4333 2563 4371 c.

2423 4358 2436 4381 ’
2461 4358 2563 4371 *ιυυο

2345 4398 2369 4434 κ
2410 4387 2487 4441 lta
2534 4403 2603 4442 ex
2636 4386 2677 4439 B
2705 4394 2761 4441 et
2788 4386 2829 4442 C
2855 4395 2911 4441 et
2937 4385 2980 4439 D
3009 4387 3309 4455 scribimus,
3354 4403 3452 4458 pro
3491 4386 3853 4452 observatione,

2274 4459 2418 4528 quod
2440 4460 2598 4512 estin
2631 4457 2808 4512 editis.
3104 4464 3107 4467 ’

562 4517 669 4571 fuit
695 4518 783 4603 die
810 4515 1117 4603 5llihiarti‘i:
1150 4534 1257 4588 quo
1280 4520 1341 4603 in.
1359 4515 1447 4576 die
1466 4524 1746 4603 obsignata
1773 4535 1858 4603 est
1886 4515 2161 4603 a‘Nicazna
2191 4530 2246 4590 D
2294 4515 2306 4528 ’
2343 4526 2370 4566 ¹ι
2400 4528 2459 4603 In
2497 4528 2655 4603 editis
2702 4528 2790 4582 hic
2834 4544 3117 4603 perperam
3168 4530 3359 4603 legitur
3411 4528 3671 4598 Nicaeam,
3725 4526 3855 4603 quod

563 4587 790 4672 synodlo'l'
808 4586 1179 4672 pie‘nilunium:
1204 4591 1555 4672 mediumdie
1567 4586 1661 4672 li
1676 4598 1900 4672 ép‘rilis,
1925 4596 2061 4672 feria
2090 4613 2160 4664 1v,

563 4654 699 4739 hora
726 4654 928 4739 17,56.
956 4656 1122 4726 Igitur
1142 4662 1423 4739 terminus
1448 4666 1507 4739 in
1528 4665 1612 4719 die
1648 4654 1933 4739 lSIAprilis
1960 4654 2168 4739 deﬁxus

566 4734 672 4794 est,
701 4742 821 4797 qum
852 4728 972 4781 luna
1004 4743 1092 4782 xlv
1133 4737 1243 4785 tum
1295 4743 1429 4788 erat.
1482 4734 1636 4792 Anno
1675 4728 1805 4793 vero
1833 4740 2031 4793 Christi
2063 4738 2166 4794 554

566 4799 761 4878 eodem
798 4798 1280 4878 _cycl_onl_u_n:e__m,_
1307 4806 1645 4878 novilunium
1697 4810 1931 4863 medium
1974 4811 2169 4876 Regio-

564 4876 756 4952 rnontc
781 4868 868 4952 die
1014 4869 1209 4952 Martii,
1252 4868 1387 4952 feria
1417 4874 1636 4952 5,‘lto_ra
1670 4879 1758 4947 15,
1794 4880 1901 4952 3f,
1942 4868 2170 4952 plenilu-

560 4939 732 5021 rnium.
768 4937 855 4993 die
903 4937 971 4993 14
1016 4937 1234 5021 Aprilis,
1281 4947 1413 5021 feria
1455 4937 1514 5015 ’6,
1566 4949 1697 5007 hora
1746 4937 1795 5013 ⁵7,
1836 4937 2170 5005 53’.'Verum

568 5012 830 5096 quoniam
866 5012 1167 5096 antips554
1207 5012 1477 5096 secundus
1502 5012 1605 5096 est
1645 5012 2161 5096 postgbissextilem,

566 5084 926 5164 priocautem
972 5084 1045 5138 illi
1075 5092 1352 5164 proximus
1380 5092 1448 5147 ab
1478 5084 1702 5164 eodem;
1732 5091 1855 5150 ideo
1882 5109 1977 5149 sex
2016 5084 2166 5148 horis

566 5151 763 5233 ablatis
792 5166 859 5207 ex
900 5151 1243 5233 posteriore,
1268 5162 1313 5219 si
1360 5163 1607 5219 eumdem
1636 5151 1758 5219 cum
1787 5166 1967 5233 priore
2014 5164 2163 5219 ordi-

565 5238 690 5305 nem
720 5230 947 5305 teneret
976 5227 1272 5305 in_lnliano
1301 5234 1675 5303 quadriennio,
1717 5227 2032 5305 contigisset
2067 5251 2165 5290 no-

565 5295 827 5380 viluni‘unm
850 5295 993 5380 liora
1018 5298 1070 5380 7,
1100 5300 1206 5368 δι’,
1238 5312 1296 5380 ut
1316 5295 1894 5380 ﬂammeo-istst;
1903 5307 1973 5361 sit
1999 5307 2162 5380 hora-

567 5380 689 5449 !qu
723 5364 790 5449 ιϐ
817 5367 1033 5449 circiter
1054 5364 1106 5449 in
1128 5364 1284 5429 annis
1311 5364 1839 5449 ducentissProiude
1879 5377 2164 5449 neomenia

567 5434 772 5517 bianoris
797 5442 1159 5517 astronomica
1184 5445 1540 5517 conveniebat
1588 5434 1641 5503 in
1680 5448 1821 5507 diem
1852 5450 1915 5503 3t
1963 5448 2159 5513 Martii,

569 5506 791 5586 decima
805 5521 999 5586 quarta
1030 5513 1090 5586 in
1111 5515 1253 5568 diem
1286 5513 1352 5568 12
1390 5516 1560 5586 April.
1594 5518 1722 5585 Quae
1750 5533 1913 5577 causa
1941 5520 2041 5581 fuit
2068 5506 2164 5575 cur

567 5578 1094 5661 nonnulli'Diouysii
1123 5592 1366 5661 tempore
1396 5578 1577 5661 limam
1604 5578 1763 5645 illam
1794 5608 1861 5646 xv
1891 5578 2160 5661 putarent,

569 5658 689 5721 qua:
733 5650 948 5730 Niemno
979 5650 1174 5710 siccnlo
1202 5650 1301 5712 fuit
1338 5675 1445 5714 xiv.
1478 5660 1667 5729 Itaque
1714 5650 2009 5730 castigandi
2056 5650 2167 5718 non

569 5732 743 5805 erant,
775 5724 875 5777 nisi
906 5734 1169 5805 quatenus
1207 5730 1415 5785 civilem
1436 5742 1500 5805 et
1528 5724 1947 5805 ecclesiasticam
1976 5734 2163 5789 obser-

568 5798 840 5879 vationciii
861 5798 1065 5879 privata
1092 5805 1411 5879 auctoritate
1433 5802 2004 5879 labefactabant._Nam
2028 5805 2166 5879 alio-

571 5866 663 5935 qui
692 5874 837 5918 recte
867 5865 933 5919 de
962 5866 1083 5922 luna
1106 5866 1220 5940 ipsa
1251 5874 1546 5941 secundum
1575 5876 1966 5939 astronomicas
1988 5877 2167 5949 ratio,

2272 4600 2451 4655 sensui
2482 4601 2683 4677 pariter
2711 4615 2772 4654 ac
2802 4598 3023 4677 mss.'B_,
3058 4598 3096 4655 C
3129 4608 3184 4657 et
3214 4601 3255 4656 D
3283 4611 3563 4672 repugnat,
3586 4598 3855 4677 exquibus

2271 4686 2455 4726 veram
2485 4671 2774 4725 lectionem
2800 4673 3149 4725 restituimus.
3351 4671 3359 4672 ί
3426 4671 3434 4672 ί
3693 4671 3710 4677 ⁷
3830 4678 3835 4682 ”

2352 4740 2368 4777 ί
2413 4739 2503 4814 §ic
2530 4740 2569 4792 Β
2596 4750 2659 4814 et
2679 4740 2741 4795 D.
2767 4741 2889 4807 Alii,
2914 4743 3255 4814 protulerunt.

2350 4815 2365 4862 ι
2414 4811 2598 4867 Callon
2651 4811 3009 4888 iste_concilii
3053 4816 3374 4888 Αιιιὶοριιθηί
3418 4817 3641 4888 primus,
3674 4815 3730 4872 in
3757 4815 3854 4888 Cor

2274 4883 2394 4961 dice
2433 4898 2704 4961 cationum
2748 4883 3001 4940 Ecclesiae
3033 4886 3314 4961 universa},
3361 4883 3522 4961 quem
3552 4884 3852 4961 Christoph.

2275 4952 2533 5011 Justellus
2564 4955 2747 5021 edidit,
2778 4966 2857 5011 est
2879 4954 3043 5011 LXXX.

2346 5026 2372 5065 ¹ί
2415 5026 2456 5080 Β
2483 5037 2536 5081 et
2567 5026 2629 5092 C,
2658 5030 2969 5083 censuimus.

2352 5097 2367 5136 ι
2409 5098 2487 5152 Ita
2518 5097 2580 5153 C.
2610 5098 2731 5164 Alii,
2758 5101 3083 5158 contentiosi.

2344 5179 2383 5208 ω
2427 5168 2570 5223 Hinc
2594 5172 2644 5223 in
2666 5169 2705 5223 C
2731 5169 2903 5226 deest.
3006 5172 3009 5177 ’

2345 5249 2369 5276 υ
2403 5240 2465 5306 C,
2497 5242 2638 5294 illos.

2345 5320 2369 5347 ο
2410 5313 2473 5381 C,
2501 5313 2981 5370 communicatione.

2348 5393 2375 5433 ρ
2412 5383 2474 5447 C,
2508 5384 2856 5439 damnandos.

2344 5466 2371 5505 ιι
2410 5454 2473 5527 β,
2505 5457 2717 5527 privari.

2345 5537 2381 5603 r_
2412 5524 2519 5587 Leo
2548 5530 2708 5603 epist.
2741 5524 2809 5581 55
2836 5527 2901 5603 ad
2930 5525 3267 5603 Pulcheriam
3296 5534 3608 5603 Augustam.
3638 5532 3718 5592 lbi
3738 5546 3850 5595 vero

2270 5598 2329 5654 S.
2360 5598 2471 5653 Leo
2498 5598 2700 5673 nonde
2732 5600 3070 5669 paschalibus
3100 5604 3331 5661 decretis
3357 5598 3485 5673 agit,
3511 5606 3605 5663 sed
3634 5607 3702 5661 de
3731 5606 3851 5663 dim.

2270 5685 2475 5726 CBSEcotl
2520 5669 2797 5738 limitibus,
2829 5687 2964 5741 quos
3004 5674 3262 5732 innovare
3292 5669 3509 5739 volebat
3561 5676 3848 5741 Anatolius,

2270 5741 2894 5869 genstatgpopolitanus
2960 5744 3265 5831 episcopus.
3333 5746 3481 5819 Lege
3555 5749 3847 5827 epistolam.

2317 5830 2490 5869 unum
2578 5856 2593 5869 .
3828 5856 3841 5869 .

2317 5828 2593 5872 uouemus.
2992 5818 3020 5829 "
3140 5818 3167 5831 Γ
3564 5818 3608 5827 ’⁷
3650 5818 3655 5823 ⁷
3828 5856 3841 5871 .
