4060 6364
253 337 369 396 δίκε

1083 319 1287 378 LIBER
1323 316 1410 374 DE
1439 311 1817 372 PASCIIATE.
1841 306 2274 366 ARGUMENTA
2303 304 2708 366 PASCHALIA.

3443 303 3554 367 506

253 461 397 515 Anc.
441 446 574 504 XIV.
617 444 787 511 Quota
840 442 973 516 feria
1011 443 1143 516 tuna
1188 454 1279 492 xiv
1331 433 1533 516 incidat
1578 431 1708 504 cycli
1764 428 2086 495 de—Aanni
2113 427 2559 485 concurrentibus
2586 427 2696 482 suis
2741 424 3017 497 regulares
3068 424 3123 481 in
3175 424 3284 482 ﬁne
3334 437 3409 482 vn
3455 441 3558 485 au-

653 507 1064 572 cemnoivennalis
1104 526 1243 565 anno
1281 507 1467 578 primo.
1527 555 1535 558 _

332 640 524 711 Incipit
567 635 852 693 calculatio
902 627 1172 701 quomodo
1210 624 1437 696 reperiri
1479 622 1650 694 possit
1688 627 1853 692 quota

255 738 393 794 feria
420 731 703 801 singularis
723 727 849 782 anni
877 736 901 763 α
915 725 1122 781 decima
1143 729 1333 792 quarta
1353 720 1478 775 luna
1500 715 1787 789 paschalis,
1802 713 1858 769 id

255 837 343 886 est
372 825 529 896 primi
557 821 742 879 circuli
774 815 1302 877 decemuovennalis.
1328 815 1484 871 Anno
1511 813 1708 885 primo,
1731 811 1857 881 quia

256 937 370 977 non
418 917 583 973 habet
630 921 847 985 epactas
885 912 1121 978 lunares,
1152 925 1254 981 pro
1300 924 1366 965 eo
1394 907 1537 978 quod
1577 921 1698 962 cum
1731 902 1861 960 noni

255 1012 456 1071 decimi
482 1009 752 1066 inferioris
799 1006 927 1062 anni
972 1020 1123 1072 xvnt,
1151 1013 1207 1061 et
1234 1003 1345 1058 suis
1374 1018 1428 1057 χι
1457 1000 1662 1072 epactis
1691 997 1741 1065 ι’,
1769 996 1863 1053 ad-

255 1106 376 1163 dito
404 1104 567 1160 etiam
608 1101 677 1157 ab
708 1099 978 1173 Egyptiis
1019 1099 1109 1154 die
1151 1113 1281 1162 una,
1328 1096 1464 1151 ﬁunt
1513 1111 1644 1163 xxx,
1701 1093 1754 1149 id
1782 1099 1865 1149 est

257 1195 389 1254 Iuna
416 1195 618 1252 mensis
647 1193 805 1249 unius
835 1193 1066 1262 integra,
1095 1199 1152 1246 et
1175 1190 1310 1246 nihil
1351 1195 1598 1245 remanet
1627 1187 1695 1243 de
1736 1200 1866 1257 epa-

259 1291 385 1357 ctis,
411 1296 467 1344 et
499 1286 648 1359 quod
694 1286 749 1340 in
786 1285 957 1356 Aprili
1003 1299 1191 1340 mense
1238 1281 1429 1339 incidit
1456 1296 1523 1336 eo
1552 1294 1694 1334 anno
1739 1279 1867 1333 luna

261 1379 531 1454 paschalis
551 1394 660 1447 XIV,
693 1387 816 1432 tene
845 1375 1118 1446 regulares
1143 1375 1196 1430 in
1229 1390 1295 1430 eo
1308 1388 1524 1444 semper
1538 1387 1706 1440 xxxv,
1735 1370 1866 1426 sub-

264 1475 423 1531 trahe
454 1489 580 1539 xxx,
611 1472 665 1528 id
696 1480 776 1527 est
807 1472 923 1542 ipsa
967 1471 1095 1525 luna
1144 1470 1377 1541 integra,
1408 1477 1464 1523 et
1493 1474 1775 1522 remanent
1813 1482 1865 1521 v.

262 1568 466 1637 Quinto
489 1566 577 1621 die
598 1581 628 1620 a
641 1564 900 1632 calendis,
923 1563 1024 1620 hoc
1040 1571 1125 1619 est
1144 1578 1273 1618 non.
1289 1561 1482 1633 April.,
1498 1560 1871 1616 occurritluna

262 1659 530 1734 paschalis
569 1672 676 1713 xiv.
709 1656 857 1712 Tene
886 1657 1284 1726 suprascriptos
1313 1671 1369 1724 v,
1411 1652 1547 1708 adde
1570 1661 1627 1708 et
1649 1666 1873 1708 concur-

262 1759 446 1809 rentes
488 1748 728 1819 ejusdem
761 1748 887 1802 anni
932 1763 1004 1813 IV,
1053 1746 1188 1800 ﬁunt
1215 1761 1289 1801 1x.
1325 1744 1476 1798 Adde
1504 1748 1557 1797 et
1598 1741 1874 1812 regulares

1956 529 2191 596 gmenta.
2215 522 2449 577 Facilius
2475 531 2497 558 ο
2527 536 2759 590 namque
2803 529 2858 576 et
2903 520 3118 576 brevius
3161 519 3344 574 omnia
3388 533 3554 590 argu-

1958 624 2140 673 menta
2167 613 2439 687 paschalia
2468 614 2777 669 calculabis.
2809 611 2924 668 Hoc
2954 620 3132 668 tamen
3173 619 3432 684 prarterea
3471 612 3552 668 Ie—

1958 709 2095 766 ctori
2140 708 2209 767 sit
2237 706 2530 776 cognitum,
2580 707 2792 776 quoties
2823 704 2877 759 in
2903 712 3159 774 utrosque
3204 719 3419 762 menses
3460 719 3556 760 su-

1959 804 2290 878 prascriptos
2314 802 2368 857 in
2408 801 2581 873 prima
2608 799 2793 870 regula
2820 799 3106 869 contigerit
3137 798 3184 869 ί,
3213 806 3274 854 ιιι
3301 799 3558 854 deductas

1961 903 2179 967 epactas
2205 903 2252 962 κ,
2298 893 2528 964 amplius
2557 908 2588 947 a
2616 907 2726 947 xxx
2771 898 3105 958 remaneant,
3161 892 3373 947 dimitte
3424 907 3557 946 xxx.

1963 988 2120 1057 Quod
2145 989 2191 1045 si
2219 1003 2358 1044 unus
2383 994 2476 1042 aut
2502 985 2639 1052 duo,
2671 985 2758 1041 vel
2804 985 3036 1056 amplius
3066 983 3448 1056 superfuerint,
3480 991 3561 1039 tot

1963 1080 2080 1138 dies
2108 1080 2274 1151 ipsius
2294 1079 2494 1135 mensis
2521 1093 2552 1134 a
2574 1076 2810 1135 calendis
2831 1075 3071 1132 Januarii
3090 1077 3160 1132 sit
3187 1076 3314 1132 luna
3343 1077 3567 1147 pascha-

1965 1175 2032 1232 lis
2059 1191 2168 1230 xrv.
2199 1172 2427 1240 Quando
2453 1180 2632 1228 autem
2665 1169 2828 1242 (post)
2875 1169 3138 1226 deductas
3165 1177 3384 1240 epactas
3425 1167 3566 1223 infra

1966 1282 2097 1330 xxx,
2127 1272 2188 1320 ut
2223 1270 2354 1335 puta
2380 1279 2472 1329 xx,
2505 1277 2603 1318 seu
2631 1260 2859 1332 amplius
2903 1260 3151 1316 minusve
3188 1260 3566 1324 remanserint,

1967 1355 2115 1429 quod
2158 1355 2328 1411 semel
2382 1355 2438 1410 in
2500 1371 2590 1409 xix
2622 1353 2779 1408 annis
2807 1352 3055 1409 accidere
3081 1349 3426 1408 manifestum
3463 1359 3568 1416 est,

1971 1465 2082 1505 xxx
2107 1448 2194 1503 die
2215 1446 2414 1518 Aprilis
2440 1446 2544 1501 erit
2566 1445 2693 1501 luna
2722 1443 2990 1515 paschalis
3018 1459 3110 1499 xlv
3134 1441 3182 1496 h.

2154 1562 2286 1618 Anc.
2330 1559 2448 1615 XV.
2493 1558 2571 1614 De
2608 1559 2692 1613 die
2731 1558 3027 1631 aequinoctii
3065 1566 3115 1612 et
3152 1557 3381 1613 solstitii.

2047 1655 2163 1724 Qua
2188 1655 2274 1710 die
2303 1661 2463 1710 natus
2492 1660 2575 1708 est
2605 1651 2863 1709 Dominus
2892 1650 3046 1706 Jesus
3085 1651 3330 1706 Christus
3377 1663 3574 1704 secun-

1977 1748 2105 1804 dum
2131 1760 2350 1805 carnem
2380 1761 2448 1800 ex
2477 1743 2646 1798 Maria
2666 1743 2886 1811 Virgine
2916 1743 2967 1796 in
2998 1741 3336 1808 Bethlchem,
3360 1740 3412 1794 in
3428 1738 3570 1809 quai

263 1844 319 1902 in
351 1843 542 1900 eodem
571 1856 784 1911 semper
828 1854 1014 1895 mense
1058 1838 1228 1909 Aprili
1268 1854 1360 1902 VII.
1411 1837 1545 1892 ﬁunt
1592 1850 1701 1890 xvr.
1756 1832 1867 1888 Hos
1901 1831 1944 1892 Β
1972 1841 2159 1912 incipit
2181 1851 2426 1896 crescere
2447 1836 2582 1891 dies.
2609 1834 3018 1905 Equinoctium
3041 1834 3272 1904 primum
3297 1841 3380 1888 est
3403 1833 3458 1886 in
3485 1846 3578 1888 vin

263 1935 468 2009 partire
497 1948 596 2005 per
621 1949 712 2000 vn,
760 1931 816 1986 id
846 1940 929 1988 est
971 1931 1054 1987 bis
1100 1929 1312 2002 septeni
1353 1945 1465 1994 xtv,
1498 1935 1781 1984 remanent
1809 1942 1864 1981 ιι.

264 2027 515 2085 Secunda
543 2027 672 2082 feria
699 2026 939 2081 occurrit
965 2026 1090 2080 luna
1119 2023 1388 2095 paschalis
1413 2038 1526 2089 xlv,
1559 2030 1614 2078 et
1645 2019 1872 2076 domini-

264 2139 363 2181 cus
409 2122 532 2179 festi
574 2120 846 2192 paschalis
874 2119 990 2175 dies
1019 2119 1144 2174 luna
1187 2135 1278 2173 xx.

338 2239 490 2292 Anno
525 2232 1006 2290 secunda—Item
1035 2231 1243 2303 praefati
1273 2227 1458 2284 circuli
1488 2243 1659 2283 annus
1681 2240 1874 2282 secun-

268 2332 387 2398 dus,
419 2345 450 2384 a
497 2345 606 2400 quo
652 2335 868 2384 sumunt
906 2326 1185 2383 exordium
1215 2331 1420 2396 epactae
1463 2339 1535 2377 x1.
1586 2320 1780 2377 Incidit
1816 2319 1874 2375 in

267 2440 337 2482 eo
395 2439 535 2480 anno
590 2422 718 2478 luna
780 2420 1050 2492 paschalis
1104 2436 1194 2474 xiv
1233 2432 1420 2473 mense
1473 2415 1668 2470 Martii.
1728 2413 1876 2470 Tene

269 2534 433 2574 xxxvi
498 2515 772 2586 regulares
825 2515 880 2570 in
945 2529 1010 2569 eo
1059 2527 1295 2583 semper,
1338 2510 1596 2567 subtrahe
1651 2521 1869 2579 semper

271 2619 497 2685 epactas
527 2627 605 2679 x1,
629 2618 912 2665 remanent
937 2623 1064 2662 xxv.
1097 2606 1364 2664 Vicesimo
1394 2605 1582 2674 quinto
1611 2602 1697 2657 die
1719 2619 1750 2657 a
1780 2616 1875 2657 ca-

270 2706 442 2764 lendis
470 2703 665 2769 Martii,
697 2702 842 2772 quod
883 2709 966 2758 est
992 2717 1085 2756 VIII
1126 2699 1228 2756 cal.
1263 2697 1459 2768 April.,
1484 2695 1724 2751 occurrit
1751 2693 1878 2748 luna

271 2797 539 2872 paschalis
577 2812 689 2852 xtv.
723 2793 870 2850 Tene
898 2792 1295 2865 suprascriptos
1325 2805 1452 2855 xxv,
1483 2786 1625 2842 adde
1647 2799 1879 2842 concur-

272 2901 456 2951 rentes
506 2889 748 2960 ejusdem
800 2888 926 2943 anni
954 2903 1008 2952 v,
1057 2885 1191 2940 ﬁunt
1219 2899 1350 2938 xxx.
1385 2880 1535 2936 Adde
1573 2893 1787 2948 semper
1826 2877 1881 2931 in

273 2989 384 3046 ﬁne
409 2989 572 3060 hujus
621 2984 823 3043 mensis
870 2983 1146 3056 regulares
1186 2997 1260 3050 ιν,
1292 2980 1393 3035 hos
1432 2977 1634 3049 partire
1663 2992 1760 3046 per
1788 2993 1881 3044 νιι,

273 3080 330 3138 id
350 3089 431 3138 est
454 3081 659 3152 septies
685 3079 935 3149 quaterni
974 3094 1158 3141 xxvm,
1195 3081 1482 3133 remanent
1507 3087 1580 3124 vl.
1613 3068 1778 3124 Sexta
1807 3067 1884 3124 fe-

274 3174 353 3229 ria
392 3172 628 3229 occurrit
656 3172 785 3227 luna
826 3187 918 3225 xiv
947 3169 1245 3243 paschalis,
1298 3177 1352 3224 et
1401 3161 1706 3223 dominicus
1760 3159 1865 3216 fest

273 3265 550 3339 paschalis
575 3265 690 3321 dies
721 3265 848 3320 luna
875 3281 986 3320 xvn.

345 3359 498 3412 Anno
528 3359 696 3412 tertio.
746 3386 820 3398 --
845 3356 979 3412 Item
1008 3370 1196 3412 mense
1237 3355 1409 3427 Aprili
1438 3368 1580 3425 saepe
1610 3351 1738 3410 dicti
1788 3351 1888 3408 cir-

276 3449 386 3508 culi
413 3449 571 3521 primi
617 3463 760 3504 anno
798 3449 978 3504 tertio.
1026 3446 1174 3504 Tene
1199 3462 1414 3518 semper
1458 3447 1514 3502 in
1547 3461 1614 3501 eo
1643 3459 1829 3500 mense
1861 3455 1885 3481 ο

277 3543 543 3615 imprimis
570 3542 849 3610 regulares
877 3558 1044 3598 xxxv.
1090 3542 1360 3597 Subtrahe
1401 3549 1618 3612 epactas
1648 3539 1889 3610 ejusdem

278 3639 406 3694 anni
431 3653 569 3703 xxu,
604 3644 886 3691 remanent
918 3652 1032 3691 xm.
1065 3635 1250 3691 Tertio
1280 3635 1491 3690 decimo
1541 3634 1630 3690 die
1668 3631 1887 3698 mensis,

281 3730 336 3786 id
357 3739 439 3786 est
458 3728 743 3799 id.April.,
764 3727 998 3783 occurrit
1018 3727 1140 3783 luna
1170 3727 1438 3799 paschalis
1467 3742 1578 3782 xiv.
1613 3725 1760 3780 Tene
1793 3725 1894 3779 hos

281 3839 398 3889 xm,
429 3821 567 3877 adde
615 3829 1003 3875 concurrentes
1028 3836 1101 3886 vi,
1133 3819 1268 3873 ﬁunt
1298 3836 1407 3874 x1x.
1452 3817 1602 3872 Adde
1641 3817 1695 3871 in
1726 3815 1896 3885 Aprili

283 3928 500 3984 semper
527 3910 753 3967 inferius
776 3911 1050 3982 regulares
1070 3925 1166 3976 vn,
1196 3908 1332 3965 ﬁunt
1357 3925 1502 3965 xxvr.
1555 3908 1665 3964 IIos
1693 3907 1897 3978 partire

286 4021 389 4078 per
417 4021 489 4059 vn
531 4013 614 4060 ter
668 4003 897 4073 septeni,
949 4018 1063 4068 xxi,
1094 4009 1376 4058 remanent
1402 4001 1660 4071 quinque.
1698 3997 1898 4064 Quinta

288 4098 426 4155 feria
455 4097 556 4153 erit
577 4097 786 4153 decima
815 4105 1007 4166 quarta
1034 4096 1158 4150 luna
1186 4095 1477 4167 paschalis,
1511 4103 1566 4149 et
1594 4093 1900 4148 dominicus

290 4192 408 4250 dies
435 4189 707 4264 paschalis
760 4188 886 4245 festi
914 4188 1042 4242 luna
1090 4203 1221 4242 xvn.
1275 4186 1354 4241 Ita
1400 4184 1623 4255 singulis
1669 4183 1824 4238 annis
1869 4198 1901 4237 a

291 4285 470 4358 primo
497 4297 668 4352 usque
713 4282 779 4336 ad
826 4279 1240 4349 nonagesimum
1270 4277 1516 4348 quintum
1565 4289 1766 4330 annum
1793 4272 1905 4330 cal-

294 4374 522 4430 culabis.

368 4465 426 4520 Si
454 4463 674 4534 quando
702 4477 887 4520 mense
915 4461 1109 4518 Martio
1137 4477 1228 4517 xiv
1270 4461 1397 4516 luna
1425 4458 1697 4531 paschalis
1724 4458 1905 4514 incur—

297 4557 388 4624 rit,
420 4573 584 4612 xxxv:
624 4556 901 4627 regulares
929 4554 1192 4625 imprimis
1221 4561 1430 4620 teneas,
1469 4567 1538 4608 ex
1567 4551 1760 4622 quibus
1779 4565 1909 4622 epa-

1975 1934 2078 1992 cal.
2111 1932 2277 2003 April.
2301 1969 2316 1994 ,
2349 1931 2402 1985 in
2430 1943 2537 1998 qua
2564 1935 2811 1998 aequatur
2856 1926 2970 1981 dies
3001 1941 3121 1980 cum
3151 1932 3332 1980 nocte.
3370 1923 3576 1978 Eodem

1973 2027 2061 2084 die
2088 2024 2306 2081 Gabriel
2336 2022 2548 2079 nuntiat
2575 2020 2632 2076 S.
2658 2019 2861 2088 Maria},
2886 2019 3099 2073 dicens:
3119 2018 3346 2087 Spiritus
3367 2026 3578 2069 sanctus

1972 2120 2297 2193 superveniet
2339 2119 2395 2173 in
2431 2126 2508 2183 te,
2560 2125 2610 2169 et
2651 2116 2811 2169 virtus
2856 2111 3110 2167 Altissimi
3153 2108 3480 2163 obumbrabit
3512 2117 3580 2160 te.

1977 2215 2270 2287 Propterea
2297 2211 2435 2285 quod
2461 2227 2526 2266 ex
2577 2218 2623 2264 te
2661 2215 2925 2274 nascetur,
2966 2202 3229 2260 vocabitur
3258 2201 3307 2254 F
3311 2203 3431 2256 ilius
3460 2199 3580 2254 Dei.

1977 2309 2036 2367 In
2068 2325 2175 2381 qua
2205 2308 2368 2365 etiam
2398 2319 2590 2376 passus
2618 2308 2703 2358 est
2745 2300 2989 2355 Christus
3017 2295 3312 2354 secundum
3341 2307 3582 2350 carnem.

1979 2401 2285 2459 Solstitium
2307 2397 2606 2455 secundum
2628 2401 2711 2450 est
2739 2408 2832 2447 vui
2863 2391 2963 2447 cal.
2993 2389 3141 2458 Julii,
3171 2385 3391 2456 quando
3421 2385 3585 2440 etiam

1980 2502 2142 2551 natus
2169 2501 2253 2549 est
2294 2491 2353 2546 S.
2384 2489 2620 2545 Joannes
2661 2485 2902 2556 Baptista
2931 2497 2999 2539 ex
3038 2496 3145 2550 quo
3175 2479 3364 2550 incipit
3401 2477 3586 2532 decre-

1981 2603 2135 2646 scere
2163 2587 2296 2642 dies.
2329 2580 2739 2654 rEquinoctium
2761 2576 3056 2634 secundum
3084 2584 3168 2631 est
3189 2589 3281 2630 vm
3305 2572 3410 2628 cal.
3439 2569 3586 2632 0ct.,

1982 2682 2039 2740 in
2067 2695 2173 2751 qua
2199 2677 2286 2734 die
2317 2683 2614 2746 conceptus
2642 2679 2724 2728 est
2767 2671 3005 2727 Joannes
3055 2668 3318 2738 Baptista.
3355 2663 3422 2718 Et
3463 2662 3590 2717 hinc

1978 2771 2090 2845 jam
2116 2772 2294 2827 minor
2321 2767 2550 2825 efﬁcitur
2571 2765 2686 2821 dies
2711 2772 2892 2826 nocte,
2927 2775 3098 2830 usque
3123 2760 3192 2814 ad
3214 2757 3449 2813 natalem
3481 2754 3563 2809 Do
3587 2784 3593 2796 ι

1915 2863 1923 2875 ’
1983 2843 2118 2921 mini
2143 2861 2458 2920 Salvatoris.
2488 2857 2570 2913 Ex
2597 2873 2690 2913 vni
2711 2856 2816 2912 cal.
2851 2853 3020 2926 April.
3054 2860 3110 2907 et
3135 2852 3190 2905 in
3210 2864 3304 2904 VIII
3332 2847 3437 2903 cal.
3467 2843 3590 2900 Jan.

1987 2961 2103 3017 dies
2129 2961 2489 3012 numerantur
2536 2967 2751 3008 cc1.xxr.
2785 2948 2938 3004 Unde
2967 2944 3264 3004 secundum
3310 2954 3593 2997 numerum

1989 3052 2200 3108 dierum
2230 3053 2528 3117 conceptus
2561 3051 2646 3100 est
2696 3042 2942 3098 Christus
2987 3037 3247 3093 Dominus
3301 3041 3486 3088 noster
3536 3031 3592 3086 in

1991 3145 2083 3201 die
2111 3141 2379 3200 dominica
2400 3155 2494 3195 vru
2520 3137 2623 3194 cal.
2657 3136 2873 3208 Aprilis,
2913 3141 2968 3189 et
2993 3138 3150 3186 natus
3176 3136 3258 3184 est
3285 3127 3337 3181 in
3367 3142 3427 3181 ιιι
3455 3123 3588 3179 feria

1798 3252 1813 3262 ‘
1906 3231 1959 3301 α
1988 3253 2082 3293 xm
2111 3235 2214 3292 cal.
2240 3232 2462 3288 Januar.
2493 3228 2744 3285 Christus
2769 3227 3032 3282 Dominus
3049 3227 3256 3278 noster.
3290 3217 3348 3272 In
3377 3217 3468 3274 die
3489 3231 3598 3285 qua

1951 3402 1955 3406 ι
1988 3349 2182 3408 passus
2209 3334 2313 3398 est,
2345 3323 2478 3386 ﬁunt
2499 3322 2627 3378 anni
2649 3335 2854 3378 cxxxut
2880 3318 2892 3369 i
2937 3325 2994 3373 et
3021 3329 3235 3371 menses
3256 3328 3333 3378 ιιι,
3359 3309 3451 3380 qui
3477 3316 3599 3364 sunt

1989 3403 2107 3486 dies
2134 3440 2476 3483 xuccccxuu.
2511 3415 2666 3477 Unde
2707 3411 3002 3474 secundum
3048 3419 3332 3463 numerum
3381 3403 3596 3457 dierum

1992 3521 2112 3592 ejus
2139 3527 2246 3576 stat
2266 3532 2390 3573 cum
2415 3531 2472 3573 ιιι
2502 3512 2637 3569 feria
2665 3520 2871 3576 natum,
2901 3516 2955 3562 et
2981 3513 3197 3577 passum
3221 3513 3276 3556 γι
3301 3495 3431 3554 feria
3465 3511 3477 3546 :
3512 3507 3601 3547 nas

1942 3623 1946 3627 ‘
1993 3591 2108 3668 tum
2135 3625 2228 3667 VIII
2256 3608 2359 3665 cal.
2388 3606 2630 3669 Januar.,
2662 3616 2877 3674 passum
2918 3613 3008 3654 vm
3034 3595 3136 3654 cal.
3169 3593 3338 3665 April.
3369 3591 3450 3646 Ex
3493 3604 3602 3658 quo

1995 3707 2299 3780 baptizatus
2328 3712 2414 3759 est
2458 3700 2614 3756 Jesus
2643 3697 2890 3753 Christus
2915 3691 3176 3748 Dominus
3221 3694 3427 3749 noster,
3475 3685 3604 3738 ﬁunt

1998 3778 2127 3853 anni
2154 3812 2212 3861 ιι,
2244 3803 2299 3851 et
2315 3793 2430 3849 dies
2459 3796 2813 3847 numerantur
2837 3801 2925 3852 xc,
2951 3783 3043 3853 qui
3069 3778 3204 3835 ﬁunt
3231 3792 3459 3844 ncccxx,
3485 3789 3605 3829 cum

1997 3888 2102 3945 bis.
2155 3886 2182 3924 ¹ι
2211 3885 2341 3952 suis,
2375 3897 2439 3938 ac
2484 3882 2562 3937 sic
2607 3878 2914 3950 baptizatur
2955 3888 3048 3928 VIII
3076 3870 3148 3925 id.
3181 3866 3403 3922 Januar.
3437 3864 3543 3929 die,
3574 3876 3606 3916 ν

1998 3982 2156 4050 feria,
2198 3989 2254 4036 et
2279 3991 2467 4049 passus
2492 3982 2596 4040 est,
2639 3981 2700 4028 ut
2727 3968 2977 4041 superius
3006 3966 3136 4031 dixi,
3179 3979 3273 4018 vm
3300 3959 3404 4016 cal.
3433 3957 3607 4028 April.

2001 4089 2056 4130 vr
2084 4071 2234 4127 feria.
2268 4069 2403 4124 Cum
2429 4067 2537 4122 bis.
2569 4065 2680 4120 suis
2723 4061 2856 4116 ﬁunt
2899 4057 3058 4114 simul
3085 4055 3200 4111 dies
3227 4064 3526 4118 xuccccxv,
3555 4053 3609 4104 et

2005 4161 2118 4236 (ab)
2145 4177 2236 4218 VIII
2261 4160 2334 4216 id.
2365 4158 2486 4214 Jan.
2518 4159 2574 4213 in
2603 4171 2696 4212 vm
2725 4153 2829 4210 cal.
2866 4151 2994 4221 Apr.
3028 4149 3143 4206 dies
3178 4163 3266 4203 xc.

2362 4271 2496 4327 Anc.
2537 4268 2676 4324 XVI.
2707 4266 2786 4321 De
2807 4265 3009 4321 ratione
3031 4262 3263 4317 bissexti.

2078 4366 2385 4423 Bissextum
2415 4377 2525 4418 non
2551 4362 2620 4417 ob
2650 4359 2801 4416 illum
2829 4358 2970 4413 diem
2995 4355 3128 4422 ﬁeri,
3161 4362 3222 4409 ut
3241 4350 3462 4423 quidam
3509 4366 3611 4422 pu-

2008 4470 2149 4531 tant,
2175 4475 2284 4533 quo
2311 4457 2476 4515 Josua
2509 4455 2684 4512 oravit
2722 4453 2894 4510 solem
2945 4461 3110 4519 stare,
3136 4448 3461 4506 credendum
3491 4456 3610 4503 est:

2013 4557 2140 4627 quia
2162 4556 2277 4610 dies
2298 4554 2389 4610 ille
2417 4561 2472 4609 et
2497 4550 2616 4621 fuit,
2649 4557 2704 4607 et
2728 4547 3008 4620 printer-iit.
3035 4544 3145 4602 Sed
3175 4545 3243 4603 ab
3284 4544 3391 4599 hoc
3418 4541 3615 4598 dicitur

300 4658 418 4705 etas
445 4648 602 4718 cujus
641 4647 877 4703 volueris
924 4645 1051 4700 anni
1099 4645 1354 4711 deducas,
1414 4652 1470 4700 et
1523 4649 1912 4700 concurrentes
1939 4621 2304 4719 Dbissexms,
2336 4649 2482 4722 quod
2528 4649 2582 4703 in
2619 4657 3055 4716 unumquemque
3105 4655 3346 4698 mensem
3384 4647 3618 4710 punctus

303 4740 548 4810 adjicias,
581 4749 637 4795 et
663 4740 715 4795 in
740 4738 847 4796 ﬁne
896 4757 910 4793 :
936 4753 1150 4810 semper
1189 4754 1241 4793 IV
1269 4736 1546 4806 regulares
1574 4742 1907 4804 augmentes.

308 4830 482 4901 Aprili
510 4846 638 4887 vero
662 4846 848 4888 mense
872 4844 1089 4901 semper
1127 4844 1273 4884 xxxv
1323 4829 1378 4882 in
1426 4826 1608 4897 capite
1651 4835 1799 4892 tene,
1846 4841 1915 4880 ex

298 4919 526 5003 quibus,
565 4927 626 4976 ut
651 4921 981 4992 supradictas
1001 4918 1026 4960 ἀ
1055 4928 1294 4992 epactas,
1325 4927 1381 4976 et
1407 4917 1646 4988 adjectos
1674 4916 1915 4987 ejusdem

387 5149 417 5178 ι
445 5138 632 5222 Codex
671 5138 1100 5222 Cottgnqutota
1145 5141 1314 5211 fuerat
1353 5135 1575 5222 singulis
1624 5136 1776 5218 annis
1805 5151 1920 5192 xnn

315 5214 442 5270 luna
464 5212 748 5283 paschalis.
772 5209 882 5283 Nos
903 5206 1250 5283 Digbaeanum
1293 5206 1464 5283 secuti
1492 5222 1707 5283 sumus,
1729 5206 1783 5261 in
1811 5222 1918 5283 quo

311 5277 538 5340 verbum
563 5285 648 5350 sit,
699 5290 791 5337 aut
840 5277 1014 5337 simile
1059 5280 1334 5352 quidpiam
1379 5277 1805 5334 subaudiendum
1832 5278 1920 5334 vel

311 5354 669 5426 supplendum
701 5363 802 5409 est.

387 5429 415 5465 ι)
442 5426 541 5480 Ms.
576 5425 755 5495 Digb.,
783 5441 904 5479 suas
934 5440 991 5479 ιιι
1021 5430 1249 5492 epactas.

392 5508 416 5536 ε’
441 5495 549 5551 Has
577 5490 747 5552 voces
777 5514 789 5548 :
821 5497 878 5549 in
907 5512 966 5550 eo
987 5490 1184 5558 mense,
1215 5505 1317 5547 ms.
1349 5490 1568 5547 Cotton.
1600 5491 1818 5547 omittit.

392 5567 419 5606 ἀ
454 5567 700 5635 Cotton.,
731 5583 890 5638 supra
921 5566 1188 5638 deductas.

396 5650 419 5677 ε
451 5639 588 5693 Cod.
621 5638 864 5701 Cotton.,
897 5637 1072 5691 latius.

399 5709 417 5747 ί
447 5709 526 5764 Ita
553 5708 731 5778 Digb.;
764 5710 861 5764 sed
881 5707 1126 5773 Cotton.,
1159 5704 1417 5778 congruit.

398 5791 422 5827 ις
452 5779 529 5832 Ita
573 5772 800 5848 ut'erque
844 5779 1048 5843 codex;
1080 5779 1174 5833 sed
1222 5772 1448 5832 fortasse
1494 5772 1798 5844 legendum,
1831 5773 1922 5828 de-

321 5851 501 5930 ductis
522 5849 743 5930 epactiso,
764 5858 886 5915 aut,
919 5857 1035 5919 post
1064 5848 1309 5930 deductas
1337 5857 1563 5930 epactas2

399 5920 427 5959 δ
461 5919 680 5978 Cotton.
709 5920 783 5978 ita
818 5939 831 5976 :
864 5918 1188 5987 remanserit,
1217 5919 1273 5975 id
1310 5928 1404 5988 est,
1431 5927 1501 5976 tot
1531 5918 1641 5975 dies
1671 5919 1862 5976 mensis
1894 5937 1926 5973 a

2018 4762 2159 4802 unus
2184 4743 2466 4801 accrescit.
2495 4740 2733 4796 Punctus
2761 4753 2893 4794 vero
2923 4753 3059 4792 unus
3083 4744 3275 4806 quarta
3306 4748 3430 4804 pars
3469 4733 3617 4788 hora:

2018 4844 2121 4894 est.
2139 4852 2192 4891 IV
2206 4850 2335 4892 vero
2357 4832 2542 4906 puncti
2563 4847 2724 4888 unam
2738 4831 2931 4886 horam
2946 4827 3151 4886 faciunt
3166 4847 3180 4895 ;
3197 4844 3273 4884 xu
3287 4841 3417 4882 vero
3432 4824 3619 4896 puncti

2019 4945 2080 4987 ιι
2100 4929 2264 4985 horas
2289 4927 2581 4997 explicant.
2607 4923 2750 4993 Ergo
2776 4924 2831 4978 in
2851 4939 2902 4978 1v
2924 4923 3080 4978 annis
3109 4930 3275 4977 terna:
3305 4919 3471 4982 horre,
3501 4932 3620 4988 qua

2025 5135 2127 5189 cal.
2180 5136 2405 5189 occurrit
2450 5134 2576 5188 luna
2627 5133 2887 5205 paschalis
2935 5147 3045 5187 xiv.
3078 5131 3142 5186 Si
3188 5129 3334 5205 enim
3377 5128 3620 5205 deductas

2023 5215 2233 5277 epactas
2261 5222 2370 5277 xxx
2402 5215 2600 5259 tantum
2627 5199 3010 5267 remanserint,
3060 5200 3197 5277 quod
3240 5199 3397 5277 seniel
3530 5216 3619 5254 xlv

2024 5269 2178 5332 annis
2209 5276 2443 5332 accidere
2472 5278 2802 5348 manifestum
2831 5283 2926 5338 est,
2955 5269 3081 5327 xxx'
3103 5273 3186 5325 die
3209 5289 3238 5324 a
3263 5269 3494 5324 calendis
3524 5272 3623 5325 erit

2021 5350 2304 5420 paschalis.

2101 5419 2116 5457 ί
2154 5420 2260 5474 Αιιι
2287 5419 2369 5474 hae
2397 5419 2685 5474 duzevoces
2716 5413 3036 5482 redundant,
3056 5423 3150 5469 aut
3178 5412 3379 5468 librarii
3412 5412 3620 5468 incuria

2027 5500 2152 5546 ante
2183 5491 2301 5546 illas
2329 5491 2528 5546 omissa
2558 5497 2640 5543 est
2669 5487 2871 5541 mentio
2902 5487 3056 5555 primi
3086 5485 3314 5550 solstitii,
3345 5484 3488 5554 quod
3523 5500 3622 5554 p0-

2025 5563 2221 5617 sterius
2263 5563 2436 5630 magis
2465 5559 2751 5630 verisimile
2792 5557 2880 5622 sit,
2915 5558 3039 5627 quia
3072 5558 3232 5628 paulo
3263 5564 3386 5626 post
3411 5571 3621 5611 memo-

2025 5642 2177 5687 ratur
2200 5629 2477 5688 solstitium
2507 5629 2806 5684 secundum.

2105 5703 2118 5753 ἱ
2159 5704 2216 5758 In
2243 5717 2344 5756 ms.
2379 5701 2666 5767 Digbaeano
2699 5700 2893 5767 legitur
2921 5717 3050 5767 xxx,
3100 5700 3385 5757 manifesto
3417 5695 3622 5752 librarii

2028 5789 2234 5900 ergone.
2265 5770 2374 5827 Sed
2397 5785 2571 5839 neque
2595 5770 2948 5828 succedentes
2971 5774 3181 5830 numeri
3209 5770 3406 5829 mendo
3435 5781 3622 5822 carere

2028 5860 2080 5900 vr
2121 5861 2187 5900 en
2218 5860 2298 5898 ur.

2026 5848 2298 5901 videntur.

2102 5914 2127 5955 ¹⁶
2162 5915 2219 5973 Id
2244 5921 2346 5984 est,
2376 5913 2616 5976 bissenis
2638 5915 2838 5974 diebus.
