4060 6364
1728 287 2084 345 DIUNYSIUS

2196 286 2446 347 ilGUUS.
2772 320 2793 333 κ
3684 282 3792 345 ωε

502 294 608 355 501
656 298 657 337 Ϊ

499 410 887 478 suntm,diem
906 406 1286 476 iaciimtl,qui
1304 404 1529 460 addatur
1549 401 1865 465 Februario,
1888 416 2011 456 cum
2031 416 2086 457 vr
2111 412 2160 470 Α
2193 400 2339 455 teni:
2385 398 2521 456 liunt
2557 398 2611 453 in
2652 397 2892 455 tricentis
2940 396 3129 455 diebus
3177 398 3326 454 hora:
3351 413 3408 454 tu
3450 412 3537 454 nc.
3587 395 3791 457 lterum

497 504 600 560 cal.
633 502 790 557 Mart.
834 502 1099 567 habuerit,
1125 508 1185 554 nt
1211 500 1264 554 in
1298 497 1535 553 crastino
1556 496 1635 553 sic
1663 495 1882 550 haheat.
1929 492 2091 549 Verbi
2194 492 2354 550 facis:
2385 494 2565 549 decies
2593 494 2837 565 sexageni
2868 508 2957 560 nc,
2997 500 3055 547 et
3078 491 3160 547 bis
3185 492 3597 561 sexagenicxx.
3626 482 3793 547 Fiunt
3836 492 3841 497 “

496 612 681 667 causa,
705 598 750 653 si
771 596 929 652 hodie
952 612 1002 651 Vl
1022 596 1127 650 cal.
1145 594 1302 649 Mart.
1324 592 1539 647 additur
1554 591 1643 647 ille
1661 590 1777 647 dies
1799 591 1852 644 in
1874 604 1927 645 ιν
1948 604 2091 644 anno
2138 648 2145 653 ,
2193 602 2322 658 ergo
2344 589 2396 644 in
2424 588 2707 659 sexagenis
2731 586 2923 641 diebus
2943 584 3093 642 horae
3113 600 3273 640 ncxx.
3293 582 3491 640 Iterum
3506 582 3641 640 facis
3661 602 3678 639 :
3698 584 3796 638 de-

497 690 714 761 expleto
740 707 755 757 ;
787 688 1138 744 nihilominus
1166 696 1222 743 et
1264 685 1501 741 crastino
1545 699 1598 741 v1
1626 683 1732 740 cal.
1780 682 1956 739 Martii
1988 682 2089 738 ha-
2191 682 2303 738 cies
2324 682 2467 754 quini
2486 698 2537 749 ι,
2558 690 2613 737 et
2638 681 2719 737 bis
2742 678 2960 751 quinix.
2988 676 3125 734 Ecce
3144 678 3312 733 habes
3334 678 3387 733 in
3413 676 3655 748 quinque
3679 676 3794 731 die-

496 779 705 835 beatur.
745 777 814 834 Et
854 778 975 834 ideo
1020 778 1291 835 bissextus
1335 776 1552 844 dicitur,
1580 775 1707 846 quia
1758 774 1842 832 bis
1883 790 1937 830 vi
1985 773 2088 830 cal.

495 869 673 925 Martii
694 869 857 927 habet
884 869 1227 925 Februarius.

565 960 676 1018 Sex
703 961 892 1017 diebus
909 961 1037 1019 fecit
1059 962 1202 1018 Deus
1229 960 1512 1028 mundum,
1544 960 1775 1031 septimo
1804 958 2087 1030 requievit.
2136 1006 2139 1009 ,

500 1051 568 1109 Ut
596 1067 726 1125 ergo
745 1055 957 1126 plenius
984 1056 1331 1125 intelligatur,
1362 1062 1618 1125 computa
1646 1062 1782 1125 quot
1805 1054 1970 1111 horas
1993 1054 2094 1109 ha-

495 1148 621 1204 beat
649 1161 791 1203 unus
814 1148 932 1205 dies
954 1156 1003 1218 ⁸,
1028 1157 1084 1205 et
1111 1148 1320 1206 divides
1340 1149 1459 1204 illas
1478 1149 1534 1204 in
1558 1148 1588 1203 7
1613 1156 1816 1219 partes,
1845 1156 1901 1204 et
1918 1164 2093 1219 quan-

497 1247 584 1295 tus
611 1248 880 1310 remanet,
909 1241 1108 1298 exinde
1137 1242 1211 1297 sit
1250 1242 1539 1297 bissextus.
1564 1239 1804 1297 Primum
1835 1248 2090 1310 computa

497 1334 617 1392 dies
636 1336 663 1376 ι)
683 1350 801 1406 ccc,
824 1337 1097 1407 quomodo
1119 1338 1282 1394 horas
1310 1339 1528 1404 habent,
1560 1336 1743 1393 decies
1770 1336 2037 1391 tricenteni
2062 1346 2086 1376 ο

496 1437 624 1485 sunt
643 1430 747 1485 tria
774 1431 959 1487 millia.
993 1430 1193 1488 lterum
1221 1429 1356 1487 facis
1385 1448 1398 1485 :
1428 1431 1511 1486 bis
1530 1429 1841 1497 tricenteni,
1867 1444 2089 1486 sexcen-

567 1616 592 1644 η
622 1606 801 1677 Digb.,
826 1616 1069 1682 computa
1109 1617 1329 1682 quantas
1359 1611 1514 1665 horas
1556 1608 1709 1663 habet
1753 1624 1887 1663 unus
1935 1609 2083 1674 dies;

494 1675 738 1747 Cotton},
760 1689 880 1749 quot
903 1675 1059 1735 horas
1087 1675 1296 1749 habent,
1330 1690 1379 1735 et
1410 1683 1512 1736 div.

2198 778 2297 834 bus
2312 778 2472 834 horas
2484 794 2571 833 LX.
2586 776 2748 832 Fiunt
2759 774 2918 831 simul
2936 771 3146 843 integro
3162 788 3307 827 anno
3319 772 3373 826 in
3388 770 3575 826 diebus
3587 786 3793 826 cccuv

2198 870 2346 927 hora:
2369 886 2448 928 nn
2472 885 2735 935 ccccxxx,
2755 874 2810 924 et
2834 867 2967 922 alias
2987 873 3164 921 tantas
3184 865 3240 920 in
3267 871 3444 930 nocte,
3473 861 3611 918 ﬁunt
3632 860 3796 917 simul

2198 964 2408 1020 dierum
2432 974 2486 1021 et
2507 965 2746 1020 noctium
2774 960 2939 1017 totius
2960 960 3197 1015 annivm
3212 974 3384 1016 nccnx
3405 956 3576 1012 horna.
3603 953 3798 1011 Dii-ide

2199 1056 2252 1112 in
2273 1056 2391 1113 illas
2405 1074 2477 1113 vn
2494 1064 2697 1128 partes.
2714 1052 2953 1110 Primum
2978 1040 3109 1109 lacis
3126 1052 3353 1123 :septies
3373 1049 3576 1106 milleni
3598 1066 3697 1115 vn,
3718 1065 3796 1103 reo

2198 1159 2447 1206 manenti
2461 1164 2648 1205 pecu.
2662 1147 2794 1203 Item
2818 1145 2979 1202 facis:
2995 1146 3196 1217 septies
3211 1143 3449 1211 ducenti,
3467 1140 3599 1197 ﬁunt
3612 1160 3627 1197 ι
3638 1157 3796 1209 cccc,

2196 1252 2479 1302 remanent
2498 1258 2687 1300 cccnx.
2708 1240 2842 1298 item
2862 1241 2994 1298 lacis
3015 1259 3027 1295 :
3050 1239 3252 1311 septies
3275 1237 3637 1308 quinquageni
3658 1234 3799 1291 liunt

2197 1352 2347 1403 eccs,
2378 1343 2658 1391 remanent
2686 1351 2740 1390 x.
2778 1333 2915 1390 Item
2951 1331 3120 1389 lacis:
3152 1332 3351 1405 septies
3387 1345 3447 1385 as
3474 1346 3567 1394 vn,
3608 1344 3796 1385 rema-

2196 1439 2326 1485 nent
2348 1444 2427 1485 ιιι.
2469 1426 2590 1483 ista:
2618 1436 2729 1483 tres
2748 1426 2896 1484 hora:
2915 1423 3123 1482 faciunt
3140 1424 3197 1481 in
3224 1440 3280 1482 ιγ
3308 1423 3465 1480 annis
3493 1421 3655 1481 diem.

2258 1605 2287 1644 ι’
2310 1602 2553 1671 Cotton.,
2587 1603 2784 1661 diebus.

2269 1686 2290 1715 ο
2314 1675 2529 1731 Cotton.
2543 1719 2558 1744 ,
2601 1675 2801 1732 triceni.

498 1816 3788 1843 MM

610 1928 1115 2028 PROTERII,
1173 1926 1628 2010 EPISCOPI
1688 1922 2404 2041 ALEXANDPJNI,
2480 1918 2975 2005 EPISTOLA
3054 1918 3189 2001 AD
3274 1920 3692 2004 LEONEM

1929 2052 2265 2134 PAPAM
2334 2104 2358 2127 .

562 2184 793 2250 Domino
834 2204 959 2248 meo
997 2189 1353 2247 dilectissimo
1389 2187 1543 2245 fratri
1592 2197 1649 2247 et
1702 2188 2082 2247 consacerdoti
2110 2192 2160 2253 Β
2187 2194 2491 2259 plurarum,
2525 2186 2579 2243 in
2606 2186 2825 2258 negotio
2848 2194 2960 2243 tam
2981 2202 3179 2260 magno
3207 2202 3269 2244 ac
3292 2189 3630 2269 necessario,
3654 2204 3792 2261 prrs-

499 2286 670 2344 Leoni
693 2285 967 2342 Proterius
993 2286 1047 2341 in
1078 2286 1308 2342 Domino
1339 2286 1589 2342 salutem.

562 2378 838 2435 Piissimus
865 2386 921 2435 et
948 2374 1289 2435 ﬁdelissimus
1328 2379 1626 2448 imperator
1652 2387 1841 2434 noster
1867 2375 2090 2434 Marcia-

491 2486 591 2529 nus
612 2472 807 2527 litteris
828 2466 1001 2542 nuper
1028 2471 1097 2528 ad
1122 2486 1224 2527 nos
1243 2471 1643 2527 venerabilihus
1674 2486 1804 2527 usus
1826 2480 1929 2539 est,
1962 2472 2086 2540 qui-

491 2563 593 2618 bus
618 2563 848 2619 asseruit
872 2564 1144 2619 aestimare
1169 2562 1434 2634 quosdam
1463 2578 1572 2619 non
1604 2562 1891 2633 diligenter
1919 2562 2087 2618 ascri-

490 2666 637 2730 ptam
670 2655 809 2711 diem
837 2656 960 2712 festi
988 2656 1278 2726 paschalis,
1300 2658 1421 2726 Quae
1440 2671 1542 2727 per
1559 2664 1807 2713 octavam
1836 2656 2089 2713 indictio-

491 2760 615 2803 nem
667 2746 918 2815 futuram,
971 2748 1201 2805 Domino
1241 2754 1551 2820 praestante,
1600 2748 1923 2806 celebranda
1978 2757 2120 2825 est,

490 2828 875 2895 Verumtamen
925 2852 1033 2897 non
1060 2837 1207 2896 velut
1233 2856 1265 2896 a
1292 2856 1353 2897 se
1380 2846 1687 2898 comminus
1724 2842 1829 2899 hoc
1879 2841 2088 2899 indica-

488 2933 585 2996 vit,
634 2931 732 2987 sed
776 2932 903 3003 quia
946 2932 1145 3007 scripta
1193 2936 1300 2989 tuae
1337 2935 1644 2992 sanctitatis
1688 2936 1975 3007 acceperit.
2020 2935 2091 2994 Et

487 3021 837 3094 praecipiebat
872 3024 1127 3094 oportere
1155 3038 1257 3079 nos
1294 3040 1516 3083 causam
1562 3026 1850 3096 diligenter
1901 3027 2084 3098 inqui-

488 3127 631 3182 rere,
677 3116 921 3174 adhibita
976 3117 1137 3173 nimis
1189 3118 1505 3175 tenuissima
1548 3122 1915 3190 scrutatione,
1964 3136 2103 3192 quae,

488 3210 717 3267 multum
753 3209 1133 3267 sollicitudinis
1160 3225 1226 3266 ac
1268 3210 1434 3267 studii
1470 3212 1793 3269 contineret.
1841 3213 2087 3285 Quapro-

490 3312 613 3378 pter
649 3306 1028 3379 negligendum
1064 3303 1338 3374 nonfuit,
1381 3308 1672 3376 quominus
1706 3308 1888 3364 statim
1920 3322 2087 3378 nego-

489 3399 624 3455 tium
654 3399 1002 3467 ventilarem;
1044 3400 1266 3470 quando
1307 3414 1375 3455 ex
1417 3398 1512 3456 illo
1535 3398 1650 3470 jam
1696 3409 1942 3471 tempore
1976 3416 2086 3472 quo

489 3494 965 3550 commonitorium
1008 3502 1119 3551 tua}
1148 3495 1514 3552 venerationis
1550 3496 1760 3567 accepi,
1799 3497 2085 3568 plurimam

2190 2285 2442 2343 termisso
2471 2284 2761 2354 diligentiae
2791 2284 2997 2353 labore,
3042 2286 3284 2356 potuisse
3312 2285 3649 2356 delinquere.
3688 2285 3797 2342 Sed

2188 2376 2349 2441 forte,
2365 2378 2604 2432 sicuttua
2616 2377 2872 2434 sanctitas
2884 2377 3072 2434 scribit
3086 2388 3132 2443 ο,
3146 2378 3390 2434 mendosi
3402 2376 3635 2443 codicis,
3652 2387 3746 2433 aut
3767 2378 3793 2415 ά

2190 2468 2395 2527 librarii
2416 2488 2568 2528 error
2596 2480 2711 2539 est;
2744 2481 2801 2530 et
2841 2483 3129 2547 propterea
3158 2489 3257 2530 nos
3296 2481 3575 2544 oporteret
3602 2482 3628 2510 °
3654 2472 3795 2527 diem

2188 2578 2389 2624 sanctae
2418 2568 2559 2624 illius
2587 2566 2893 2624 festivitatis
2920 2568 3239 2636 transferre,
3270 2567 3417 2638 quod
3448 2568 3587 2624 absit
3614 2564 3661 2621 ι.
3691 2566 3795 2622 Ce-

2189 2660 2427 2717 lebretur
2457 2670 2483 2709 κ
2515 2668 2697 2715 autem
2726 2660 2798 2714 ita
2826 2661 3027 2731 potius,
3061 2668 3119 2714 ut
3148 2658 3492 2715 centenarius
3523 2672 3794 2712 annorum

2189 2768 2377 2810 cursus
2404 2751 2650 2823 ejusdem
2676 2752 2977 2808 beatissimi
3004 2750 3180 2807 Patris
3211 2750 3379 2807 nostri
3404 2742 3460 2805 et
3480 2747 3797 2820 coepiscopi

2189 2844 2474 2916 Theophili
2504 2845 2777 2913 continet;
2807 2845 2897 2917 qui
2946 2846 3291 2916 antiquorum
3319 2830 3529 2915 paginis
3569 2843 3797 2900 omnino

2188 2938 2507 3009 concordat,
2532 2938 2583 2995 id
2612 2947 2712 3005 est,
2744 2938 2831 2995 die
2861 2940 3060 2994 mensis
3090 2934 3423 3003 Pharmothi,
3436 2937 3596 3007 juxta
3619 2936 3794 3007 Egy-

2189 3033 2350 3104 ptios,
2381 3033 2475 3104 qui
2523 3041 2608 3089 est
2646 3048 2740 3089 vin
2788 3020 2892 3089 cal.
2936 3032 3059 3087 Mai.
3096 3030 3159 3085 Et
3213 3047 3313 3087 nos
3356 3032 3520 3098 enim,
3574 3038 3632 3086 et
3683 3039 3799 3087 tota

2189 3125 2448 3199 Aigyptia
2478 3126 2651 3196 regio,
2690 3133 2854 3196 atque
2896 3122 3087 3180 Oriens
3126 3122 3438 3187 universus,
3487 3120 3569 3179 sic
3616 3121 3798 3194 ipsum

2188 3218 2334 3276 diem
2363 3218 2689 3276 celebraturi
2716 3234 2902 3275 sumus
2929 3218 2977 3285 ιι,
3004 3218 3116 3273 Deo
3144 3225 3456 3291 praestante.

2262 3311 2333 3368 Ut
2362 3319 2544 3368 autem
2573 3327 2682 3368 non
2704 3312 3031 3368 arbitremur
3060 3296 3339 3379 abSolute,
3371 3322 3491 3381 quae
3518 3309 3680 3366 nobis
3710 3306 3823 3364 vi-'

2189 3406 2405 3475 dentur,
2436 3406 2672 3463 scribere
2704 3422 2802 3462 seu
2829 3405 2969 3462 velle
3000 3404 3241 3471 ﬁrmare,
3271 3390 3599 3461 inseruimus
3626 3402 3795 3459 etiam

2190 3514 2379 3558 causas
2406 3497 2529 3554 huic
2550 3497 2814 3569 epistolze,
2836 3497 3031 3568 quibus
3062 3505 3153 3551 tua
3181 3497 3443 3552 sanctitas
3472 3493 3613 3551 forte
3640 3494 3793 3549 acsti-

491 3601 681 3643 curam
710 3588 788 3644 rei
818 3589 977 3659 hujus
1006 3591 1317 3660 habuerim;
1349 3608 1496 3650 nunc
1516 3592 1715 3664 legales
1738 3594 1905 3651 libros
1925 3594 2086 3666 inspi-
2114 3603 2162 3669 ρ
2192 3600 2327 3662 met,
2349 3608 2458 3647 non
2486 3590 2759 3647 sedebere
2781 3590 3180 3661 reprehendere
3201 3589 3581 3663 Egyptiorum
3602 3587 3791 3645 Eccle-

490 3679 661 3745 eiens,
696 3696 838 3738 nunc
866 3684 1210 3754 antiquorum
1243 3685 1524 3741 doctorum
1574 3685 1816 3741 instituta
1869 3688 2084 3744 contin-

490 3787 625 3846 gens
650 3774 710 3844 ὃς
741 3791 809 3833 ex
834 3774 1027 3849 quibus
1054 3778 1308 3850 possibile
1337 3787 1421 3837 est
1439 3780 1746 3851 hujusmodi
1774 3788 2095 3853 computum

491 3862 819 3939 investigare
852 3872 1124 3928 solertiae.
1174 3872 1407 3930 Sumens
1448 3875 1613 3930 etiam
1655 3882 1711 3929 et
1748 3874 2095 3931 centenalem.

490 3974 713 4047 cursum
755 3961 995 4033 Pascbze,
1042 3963 1370 4038 descriptum
1408 3982 1440 4021 a
1476 3967 1788 4024 beatissimo
1829 3966 1991 4023 Patre
2031 3972 2093 4023 et

490 4053 817 4125 coepiscopo
843 4058 1029 4112 nostro
1055 4055 1378 4130 TheOphilo,
1409 4070 1735 4130 onmemque
1768 4058 2093 4129 decurrens,

487 4146 567 4203 ita
595 4148 770 4219 reperi
792 4148 1076 4222 diligenter
1102 4152 1418 4223 integreque
1440 4155 1823 4225 compositum,
1852 4162 1930 4222 ut,
1961 4155 2084 4224 qui-

488 4254 703 4312 cunque
728 4242 820 4299 ille
836 4244 933 4310 sit,
963 4246 1343 4302 auctoritatem
1363 4246 1641 4315 scripturae
1660 4244 1818 4314 hujus
1843 4245 2084 4314 quolibet

485 4333 652 4389 modo
678 4335 1081 4405 reprehendere
1116 4352 1183 4393 ac
1209 4338 1516 4409 vituperare
1560 4354 1671 4393 non
1722 4338 1909 4408 possit.
1954 4338 2084 4394 Erat

484 4421 633 4478 enim
679 4424 1073 4495 inconsequens
1119 4428 1296 4484 virum
1361 4428 1435 4483 ita
1493 4427 1801 4496 vigilantem
1863 4427 2085 4500 Deoque

414 4592 424 4610 ὓ
486 4512 886 4582 charissimam,
919 4516 1223 4574 divinarum
1250 4518 1415 4575 etiam
1444 4517 1671 4574 ditatum
1693 4519 1920 4577 scientia
1945 4520 2083 4578 Scri-

410 4702 420 4713 ε
500 4744 507 4746 Α
567 4676 593 4706 ⁸
619 4668 697 4725 De
724 4671 962 4746 epistola;
992 4672 1231 4746 Dionysii
1263 4673 1327 4729 ad
1351 4672 1655 4731 Proterium
1678 4684 1994 4746 argumento
2019 4692 2082 4733 ac

486 4744 735 4817 tempore
758 4744 875 4812 lege
898 4744 989 4817 lib.
1016 4758 1053 4799 ιι
1074 4744 1312 4813 deDoct.
1336 4756 1507 4817 temp.
1530 4762 1649 4816 cap.
1668 4744 1836 4817 64η).
1859 4746 1980 4800 222.
2006 4747 2081 4803 De

487 4807 755 4892 faschate
785 4807 910 4868 anni
941 4807 1288 4892 Diocletianei
1310 4817 1406 4871 l7l
1434 4807 1679 4892 {Christi
1707 4807 1831 4881 453,
1852 4819 2081 4892 rhmsitae

486 4885 566 4958 tio
594 4885 818 4940 suborla
868 4896 1003 4952 erat,
1054 4887 1121 4958 de
1172 4904 1277 4958 qua
1324 4889 1608 4947 consultus
1650 4890 1926 4945 Proterius
1958 4906 1989 4945 a
2020 4890 2078 4953 ὃ.

484 4948 693 5031 ξέθοηθ⁸
724 4948 1372 5031 respondet._Pn.Avws.
1417 4990 1489 5003 ——-
1537 4959 1790 5031 Epistula:
1840 4961 1997 5029 hujus
2044 4948 2073 5015 ti

485 5005 1810 5101 resistaaetsggéii[itaéi‘g'baonysfsiisiis
1824 5005 2073 5096 sane:
2102 5005 2156 5066 1)

484 5093 563 5175 ita
592 5098 839 5175 meminit
865 5093 1190 5175 Sigebertus’
1208 5101 1261 5175 i_n
1283 5102 1457 5157 Calai.
1626 5104 1791 5175 eccl.,_
1816 5118 1936 5173 cap.
1959 5102 2030 5175 Δ27

486 5160 777 5245 Transtulit
804 5169 868 5224 de
895 5160 1080 5245 Cra-co
1108 5173 1161 5245 in
1188 5169 1446 5245 _Latinum
1478 5160 2071 5245 ProteriiA'lemtindi-ini

484 5240 776 5314 epistolam,
802 5242 1052 5314 scriptam
1077 5243 1147 5296 ad
1176 5241 1403 5299 Leonem
1425 5261 1618 5314 papam
1638 5286 1659 5314 ,η
1678 5243 1739 5298 de
1759 5241 2069 5313 celebrando

484 5302 695 5360 Pascha
720 5302 773 5362 in
814 5302 953 5367 anno
994 5312 1208 5367 Domini
1253 5302 1469 5370 cecatv.
1496 5302 1657 5381 ’ρυοὰ
1687 5330 1814 5368 vero
1846 5306 2072 5369 translaJ

484 5381 625 5458 tam.
645 5381 798 5458 cyclo
849 5399 971 5458 suo_
995 5386 1236 5458 paschali
1272 5386 1581 5458 subjecerit,
1639 5385 1754 5454 ipse
1782 5382 1880 5439 sub
1911 5382 2071 5458 ﬁnem

484 5444 815 5526 pnel'ationis
845 5454 911 5508 ad
941 5444 1251 5512 Petronium
1279 5444 1820 5511 his'verbis'tes'tatur
1852 5451 2070 5526 {Quam

486 5515 814 5638 Sepistolam)
871 5534 990 5578 ante
1034 5526 1128 5582 Iros
1181 5544 1345 5582 annos
1394 5527 1765 5595 transferentes
1804 5542 1837 5579 a
1868 5515 2072 5594 erco,

504 5604 604 5638 nuc
655 5592 799 5638 oneri
847 5594 1218 5638 adnpntpnrlnm
1269 5615 1379 5638 οιςρ
1426 5596 1800 5638 "magnam.an
1854 5595 2000 5638 Illam
2039 5613 2068 5638 Δ

504 5587 604 5665 iuit:
655 5587 806 5665 operi
839 5594 1221 5665 Aadnectendam
1269 5615 1379 5653 esse
1421 5587 1807 5665 prospeximus.
1851 5595 2001 5665 Illam
2038 5587 2070 5652 ά
2110 5605 2125 5620 ⁸

483 5656 711 5737 ξειᾳνὶή
735 5662 790 5737 in
820 5663 955 5737 App.
985 5684 1076 5737 op.
1096 5669 1166 5725 de
1193 5669 1375 5725 Doctr.
1409 5656 1596 5737 templ,
1622 5684 1673 5735 p.
1708 5665 1833 5732 871,
1864 5676 1918 5722 et
1941 5664 2063 5735 zEg.

483 5682 709 5715 retavm
735 5682 789 5717 tn
820 5682 864 5717 Δ
904 5682 955 5735 p.
985 5684 1076 5737 op.
1096 5682 1166 5725 oe
1193 5682 1375 5725 Doctr.
1409 5682 1596 5736 temp.,
1622 5684 1673 5735 p.
1708 5682 1833 5732 δη,
1864 5682 1918 5722 et
1941 5682 2063 5735 Aug.

481 5727 831 5816 Buelierioin
858 5682 1158 5794 gemment.
1207 5735 1759 5816 adVictociiganon.
1800 5740 2065 5816 pa_s_chal.,

527 5843 541 5884 ε
566 5801 655 5886 82,
683 5806 883 5892 editam
904 5824 1051 5892 unos
1073 5825 1195 5863 cum
1214 5808 1430 5892 aliquot
1445 5801 1611 5892 codd.
1636 5826 1762 5868 mss.
1793 5801 2065 5892 collatam,

580 5892 609 5938 c
635 5876 761 5938 inde
782 5878 1148 5953 supplevimus
1175 5887 1233 5942 et
1267 5876 1709 5959 emendavitnus,
1747 5876 2067 5946 nouunatiui

2190 3687 2284 3742 site
2312 3686 2618 3753 veritatem,
2648 3699 2767 3755 qua:
2795 3692 2968 3738 mater
2996 3682 3302 3753 bujusmodi
3330 3682 3533 3737 laboris
3557 3680 3788 3746 exstitit,

2189 3781 2581 3850 diligenterque
2607 3779 2947 3850 conscripsit.
2991 3776 3129 3833 Olim
3154 3776 3371 3847 quidem
3399 3775 3657 3833 Dominus
3690 3790 3789 3845 per

2189 3874 2410 3946 Moysen
2440 3884 2655 3944 tempus
2681 3874 2939 3945 paschale
2968 3872 3310 3943 signiﬁcavit,
3334 3870 3547 3926 dicens:
3573 3868 3786 3923 Custodi

2190 3984 2416 4024 mensem
2456 3985 2722 4035 novorum,
2769 3952 3001 4040 primum
3049 3967 3193 4021 hunc
3232 3980 3353 4021 esse
3398 3952 3803 4035 pronuntians:

2188 4059 2330 4118 sicut
2359 4060 2554 4116 iterum
2576 4044 2707 4115 dicit
2736 4078 2748 4113 :
2777 4058 2972 4113 Mensis
2998 4060 3094 4113 iste
3114 4056 3253 4113 vobis
3274 4056 3480 4110 initium
3510 4055 3784 4121 mensium,

2187 4154 2384 4224 primus
2411 4154 2510 4208 erit
2534 4153 2589 4207 in
2614 4151 2867 4207 mensibus
2892 4152 3047 4215 anni;
3079 4159 3128 4204 et
3152 4148 3314 4222 facies
3336 4147 3531 4219 pascha
3561 4136 3797 4201 Domino

2186 4243 2298 4300 Deo
2330 4256 2412 4300 tuo
2434 4262 2522 4301 xxv
2541 4245 2627 4299 die
2647 4245 2833 4300 mensis
2854 4244 3027 4314 primi.
3057 4240 3164 4297 Sed
3192 4240 3283 4311 qui
3314 4240 3428 4294 haec
3448 4254 3545 4311 per
3564 4238 3797 4309 Moysen.

2186 4336 2399 4394 locutus
2421 4345 2503 4394 est
2529 4337 2807 4404 Dominus,
2832 4334 3109 4406 plenitudo
3138 4332 3268 4403 legis
3289 4332 3544 4398 existens,
3567 4328 3784 4401 quando

2185 4428 2434 4499 dignatus
2460 4436 2545 4485 est
2566 4429 2729 4483 homo
2758 4426 2895 4495 ﬁeri,
2919 4427 3108 4499 quinta
3130 4424 3479 4481 sabbatorqu
3508 4424 3552 4491 ί,
3578 4424 3783 4480 decima

2186 4533 2377 4594 quarta
2406 4524 2531 4579 luna
2561 4523 2761 4579 mensis
2789 4522 2970 4595 primi,
3000 4522 3057 4577 in
3078 4520 3359 4578 ctenaculo
3389 4534 3514 4575 cum
3543 4518 3795 4591 discipu-V

2186 4700 2307 4753 cum
2338 4684 2522 4741 codice
2552 4683 2842 4741 Bodleiano
2874 4681 2933 4753 Ε.
2960 4681 3005 4738 Ν
3059 4681 3120 4736 Ε.
3153 4678 3219 4753 5,
3253 4678 3318 4747 5;
3350 4679 3695 4753 Cottoniano,
3729 4677 3783 4734 in

2186 4750 2384 4811 Si‘l'lnlO
2415 4755 2667 4823 Caligulae
2720 4756 2785 4809 A.
2841 4751 2929 4818 15,
2986 4760 3043 4809 et
3085 4748 3376 4821 Digbaeano
3406 4751 3476 4805 65
3507 4769 3519 4805 :
3550 4754 3785 4823 quorum

2186 4828 2334 4883 illum
2365 4843 2459 4899 per
2511 4821 2571 4893 Β,
2623 4828 2783 4881 istum
2836 4836 2934 4896 per
2960 4823 3025 4890 C',
3077 4825 3223 4879 hunc
3276 4837 3375 4895 per
3431 4824 3499 4893 ι),
3544 4821 3784 4892 signabi-

2186 4915 2329 4955 nius.

2256 4970 2282 5007 ι’
2314 4970 2372 5035 C,
2408 4970 2544 5023 dicta
2570 4971 2807 5023 instituta
2837 4970 3121 5023 continens.

2258 5053 2279 5080 ε
2311 5042 2349 5094 C
2378 5051 2434 5097 et
2457 5041 2518 5107 D,
2549 5040 2777 5109 scripsit.

2248 5111 2276 5150 ά
2304 5112 2421 5169 Vox
2455 5106 2745 5181 seriptoris,
2799 5126 2919 5180 qua:
2961 5111 3017 5165 in
3052 5116 3281 5179 utraque
3318 5107 3562 5165 editione
3581 5108 3671 5164 hic
3702 5106 3782 5164 in-

2177 5184 2476 5245 terseritur,
2510 5180 2565 5236 in
2584 5180 2713 5236 mss.
2744 5182 2916 5237 abest.

2250 5264 2272 5292 ε
2303 5252 2345 5308 C
2376 5261 2431 5309 et
2463 5252 2524 5318 D,
2556 5261 2777 5323 oportet.
3476 5306 3483 5313 ,
3580 5298 3587 5307 .

2253 5324 2271 5361 τ
2307 5323 2414 5379 Has
2459 5325 2591 5379 duas
2635 5340 2816 5391 voces,
2852 5334 2921 5379 ex
2975 5323 3214 5377 omnium
3270 5336 3399 5377 mss.
3450 5330 3777 5391 nostrorum
3852 5338 3857 5345 '

2176 5410 2461 5459 consensu,
2490 5395 2914 5519 bsubstituimus,
2948 5409 3047 5466 pro
3070 5395 3137 5449 iis
3165 5408 3285 5464 quae
3314 5392 3367 5447 in
3399 5390 3559 5450 editis
3586 5393 3775 5462 legun-

2176 5477 2284 5519 tur.
2314 5482 2428 5519 oua:
2455 5485 2485 5519 a
2525 5475 2606 5519 ut.

2176 5477 2287 5532 tur,
2314 5482 2428 5532 qua:
2455 5468 2606 5522 abiit.

2213 5482 2627 5664 :i‘_m:$"c
2658 5538 2885 5607 legimus
2906 5578 2921 5605 ,
2955 5554 3053 5610 pro
3084 5536 3400 5604 celebratur,
3433 5534 3582 5608 quod
3609 5542 3696 5591 est
3724 5535 3779 5591 in

2248 5619 2355 5664 llis.

2177 5611 2355 5665 editis.

2247 5678 2274 5717 δ
2306 5681 2368 5746 Ι),
2399 5681 2471 5734 sic
2524 5681 2687 5751 ipsius
2715 5680 2816 5735 diei
2850 5682 3156 5737 celebraturi
3184 5683 3547 5738 auctoritatem
3569 5694 3771 5734 sumus.

2254 5751 2266 5789 ί
2296 5752 2373 5807 Ita
2401 5767 2593 5825 omnes
2624 5762 2731 5825 tres
2750 5752 2971 5825 codices
3000 5755 3171 5812 nostri
3212 5754 3433 5823 habent,
3463 5768 3565 5825 pro
3586 5751 3775 5824 quinta

2174 5826 2327 5897 feria,
2360 5833 2418 5881 ut
2448 5831 2530 5882 est
2559 5824 2616 5882 in
2631 5823 2812 5883 editis.
3440 5826 3443 5829 ’
