4060 6364
378 392 486 457 309
524 374 541 381 ’

1323 376 1658 450 EPISTULA
1697 387 2017 446 PROTERII
2046 388 2135 443 AD
2167 387 2443 444 LEONEM
2485 387 2739 443 PAPAM.

3560 382 3679 467 5107

380 490 445 574 lis
474 498 676 588 pascha
702 512 1055 577 manducans,
1088 511 1249 582 paulo
1293 516 1417 580 post
1452 524 1484 563 a
1514 508 1648 564 Juda
1698 506 1971 563 traditur:
2003 511 2054 572 Α
2081 518 2226 559 nono
2255 512 2311 557 et
2336 504 2687 572 nonagesimo
2730 503 2888 558 tertio
2918 516 3063 557 anno
3103 516 3133 556 a
3176 498 3491 556 Diocletiani
3535 480 3681 575 pro-7‘

381 618 433 666 et
474 608 722 680 sequenti
750 608 866 678 die,
919 623 989 661 xv
1029 606 1154 660 luna
1190 602 1549 673 cruciﬁgitur,
1597 601 1648 656 id
1692 608 1774 656 est
1816 607 1981 656 sexta.

378 699 544 777 feria;
596 706 652 756 et
680 697 749 754 ad
794 697 996 753 inferos
1036 695 1389 763 descendens,
1436 694 1505 748 ad
1547 693 1973 764 dispensationes

382 792 565 851 salutis
594 800 793 849 nostra)
820 789 1127 862 perﬁciens,
1149 804 1376 860 vespere
1402 788 1634 873 sabbati,
1665 787 1973 843 lucescente

381 888 674 954 dominico,
702 888 1001 944 resurrexit
1055 902 1086 941 a
1133 885 1396 951 mortuis;
1424 883 1476 938 in
1506 898 1615 953 quo
1658 881 1747 938 die
1788 882 1981 939 lunam

379 983 537 1057 primi
566 982 768 1039 mensis
788 981 943 1051 juxta
991 979 1267 1046 Hebraeos,
1311 977 1582 1034 exstitisse
1627 973 1971 1030 manifestum

381 1085 481 1133 est.
522 1076 632 1133 Nos
671 1088 801 1145 ergo
845 1073 1157 1142 Christiani,
1203 1087 1313 1129 non
1335 1071 1509 1127 solum
1555 1084 1646 1124 xiv
1687 1067 1871 1122 lunam
1916 1066 1973 1122 in

380 1164 591 1223 Pascha
614 1164 939 1239 requirimus
969 1164 1096 1226 (hoc
1134 1164 1278 1220 enim
1306 1160 1475 1220 Judaei
1522 1159 1805 1226 facientes,
1854 1148 1975 1214 sine

381 1254 671 1314 festivitate
696 1256 875 1328 sunt);
905 1256 1001 1312 sed
1042 1256 1205 1312 etiam
1246 1253 1661 1310 resurrectionis
1690 1250 1833 1307 diem
1864 1248 1972 1305 Re-

381 1344 675 1422 demptoris
720 1348 914 1419 nostri,
961 1348 1054 1418 qui
1101 1355 1184 1403 est
1226 1362 1336 1402 xvn
1378 1346 1505 1401 luna
1552 1342 1756 1415 praefati
1810 1342 1971 1412 primi

380 1432 581 1500 mensis
628 1457 914 1509 novorum,
946 1436 1231 1498 sollicitius
1274 1440 1643 1496 observamus.
1683 1434 1840 1503 Quod
1863 1442 1889 1471 ἰ
1924 1432 1972 1490 si

380 1536 573 1594 eodem
594 1535 758 1593 modo
777 1534 1131 1607 plenilunium
1153 1547 1367 1603 semper
1387 1526 1757 1595 occurreretb,
1782 1527 1972 1597 quinta

380 1628 753 1697 sabbatorum,
779 1608 996 1698 quando
1025 1623 1274 1681 Salvator
1296 1622 1496 1694 pascha
1537 1635 1658 1677 cum
1697 1618 1972 1690 discipulis

382 1720 746 1788 manducavit,
778 1734 939 1775 omne
976 1718 1256 1774 tolleretur
1299 1716 1631 1784 ambiguum.
1658 1712 1794 1780 Quia
1840 1726 1971 1768 vero

380 1808 520 1870 luna:
533 1813 767 1871 circulus
784 1813 850 1869 ad
866 1812 995 1869 solis
1011 1827 1229 1868 cursum
1252 1809 1532 1881 inaequalis
1549 1817 1649 1875 est,
1667 1814 1721 1864 et
1736 1822 1825 1863 xrv
1840 1806 1971 1861 luna

2074 596 2232 652 batur
2274 595 2519 666 imperio.
2558 594 2649 651 Sic
2683 595 2828 669 enim
2878 604 2932 651 et
2978 604 3106 650 tunc
3144 593 3437 650 beatissimi
3478 590 3670 648 Patres

2074 691 2245 747 nostri
2272 690 2462 747 fecisse
2490 689 2829 761 declarantur
2850 690 3022 761 (Anno
3044 689 3233 744 Christi
3258 687 3406 759 5⁸15).
3430 686 3489 741 In
3513 694 3673 744 octo-

2073 785 2285 856 gesimo
2309 799 2453 839 nono
2478 791 2501 820 ο
2532 766 2751 851 quidem
2776 798 2919 847 anno
2964 781 3032 836 ab
3058 781 3287 851 imperio
3326 776 3681 845 Diocletiani,

2076 875 2364 946 superstite
2392 874 2565 929 beata:
2592 872 2866 928 memorias
2910 870 3070 928 Patre
3098 881 3286 928 nostro
3318 878 3375 927 et
3410 870 3681 940 episcopo

2076 966 2373 1023 Athanasio
2409 965 2455 1033 τ,
2487 981 2610 1022 cum
2640 981 2727 1020 xxv
2758 964 2881 1019 luna
2909 964 3174 1035 paschalis
3195 978 3366 1020 xxvm
3390 961 3478 1018 die
3514 976 3683 1017 mene

2075 1060 2147 1118 sis
2177 1059 2541 1128 Phamenoth,
2586 1057 2639 1115 id
2667 1064 2774 1127 est,
2806 1071 2951 1113 nono
2988 1056 3203 1113 calend.
3246 1055 3508 1127 Aprilium
3555 1054 3685 1123 die,

2075 1152 2431 1223 provenisset,
2462 1150 2548 1206 die
2569 1149 2869 1227 dominico;
2904 1149 2960 1204 in
2986 1148 3405 1220 subsequean
3434 1148 3668 1225 titansla—

2076 1252 2189 1300 tum
2212 1254 2295 1299 est
2321 1236 2745 1310 hebdomadem;
2774 1243 2847 1298 ita
2870 1251 2929 1298 ut
2947 1242 3134 1314 quinta
3163 1242 3251 1298 die
3278 1241 3481 1305 mensis
3500 1240 3673 1299 Phan-

2074 1339 2268 1406 motbi,
2298 1339 2404 1395 hoc
2433 1346 2537 1408 est,
2582 1338 2755 1410 pridie
2801 1337 3151 1394 calendarum
3197 1335 3478 1406 Aprilium,
3525 1336 3679 1393 celo--

2079 1432 2327 1489 braretur
2359 1432 2565 1489 Pascha
2595 1430 2945 1497 dominicum.
2986 1428 3047 1485 In
3092 1428 3443 1498 nonagesimo
3486 1434 3679 1487 autem

2078 1523 2240 1579 tertio
2262 1533 2286 1571 8
2309 1539 2451 1579 anno
2474 1524 2541 1579 ab
2562 1524 2787 1594 imperio
2809 1521 3047 1592 ejusdem
3067 1520 3406 1588 Diocletiani,
3422 1534 3560 1590 _cum
3580 1528 3686 1577 xxv;

2074 1616 2202 1672 luna
2227 1617 2499 1689 paschalis
2527 1634 2616 1673 XIV
2651 1617 2740 1674 die
2774 1616 2976 1683 mensis
3005 1615 3339 1683 Pharmothi,
3374 1614 3468 1685 qui
3510 1621 3597 1671 est
3634 1627 3685 1671 Vi

2076 1708 2195 1769 idus
2212 1709 2426 1781 Aprilis,
2472 1710 2561 1766 die
2596 1710 2868 1771 dominico
2896 1710 3241 1779 contigisset,
3270 1710 3329 1767 in
3351 1716 3673 1780 sequentem

2075 1802 2205 1859 item
2235 1804 2592 1874 septimanam
2618 1804 2809 1860 dilatio
2837 1804 2980 1859 facta
3006 1811 3093 1861 est
3118 1821 3131 1858 :
3155 1803 3233 1859 ita
3257 1811 3320 1859 ut
3337 1801 3673 1860 dominicum

380 1904 651 1976 paschalis
672 1904 727 1959 in
756 1902 844 1959 die
868 1903 1143 1959 dominico
1173 1916 1314 1972 saepe
1338 1899 1619 1973 contingit,
1647 1915 1755 1955 non
1776 1907 1861 1954 est
1879 1913 1971 1954 au-
2000 1896 2051 1973 B‘
2076 1894 2275 1965 pascha
2300 1911 2393 1950 xxi
2421 1895 2507 1950 die
2536 1895 2737 1961 mensis
2762 1894 3097 1962 Pharmothi,
3121 1896 3213 1966 qui
3236 1901 3322 1951 est
3346 1908 3436 1950 va
3455 1891 3673 1949 calend.

383 1990 492 2053 tem
520 1996 777 2068 possibile
806 2004 936 2051 tunc
962 1996 1157 2051 festum
1184 1994 1487 2061 celebrare;
1518 1992 1613 2050 sed
1637 2007 1742 2049 nec
1773 1992 1967 2063 pridie,

379 2090 625 2155 sabbato,
644 2089 769 2145 luna
786 2105 879 2145 xm
891 2088 1151 2160 jejunium
1167 2089 1409 2155 solvere;
1435 2088 1491 2143 in
1510 2087 1865 2158 septimanam
1884 2100 1972 2142 se-

378 2180 636 2252 quentem
683 2178 1035 2236 ditl'erendum
1082 2189 1196 2247 est;
1228 2180 1461 2235 maxime
1508 2194 1630 2235 cum
1677 2178 1973 2235 habeamus

381 2272 521 2329 intra
544 2287 661 2328 eam
683 2289 752 2328 xv
777 2273 976 2339 lunam,
1003 2270 1234 2342 quando,
1259 2272 1399 2329 sicut
1419 2271 1633 2341 scripsit
1657 2271 1972 2341 Apostolus,

378 2358 576 2435 pascha
597 2370 828 2418 nostrum
850 2363 1144 2419 immolatus
1167 2371 1243 2418 est
1263 2361 1518 2417 Christus.
1542 2360 1759 2417 Decima
1781 2369 1974 2433 quarta

382 2458 614 2525 namque
643 2455 767 2510 luna
800 2457 957 2528 primi
987 2458 1183 2512 mensis
1206 2455 1360 2527 juxta
1390 2454 1678 2525 Hebrzeos,
1706 2464 1768 2512 ut
1811 2471 1973 2525 supe-

382 2544 495 2601 rius
523 2547 722 2601 dictum
753 2554 854 2613 est,
880 2545 1037 2602 Jesus
1072 2547 1273 2617 pascha
1318 2547 1553 2619 typicum
1586 2548 1971 2616 manducavit;

383 2638 627 2708 sequenti
648 2652 780 2695 vero
812 2648 998 2695 csexta
1022 2638 1171 2705 feria,
1193 2656 1261 2695 xv
1286 2640 1431 2709 luna,
1459 2647 1517 2696 ut
1544 2641 1660 2697 ovis
1689 2642 1976 2698 occisionis

384 2727 532 2783 truci
560 2743 661 2798 pro
683 2722 843 2786 nobis
864 2727 1056 2784 aflixus
1084 2737 1197 2797 est;
1224 2738 1278 2785 et
1303 2745 1532 2801 veSpere
1568 2730 1797 2799 sabbati,
1828 2730 1977 2788 luce-

384 2816 569 2876 scente
596 2818 887 2888 dominico,
922 2818 1031 2876 xvu
1066 2820 1210 2889 luna,
1238 2822 1531 2877 resurrexit
1560 2837 1591 2875 a
1619 2822 1866 2877 mortuis.

457 2912 596 2980 Quia
624 2926 754 2985 ergo
784 2914 838 2969 in
866 2913 1207 2970 solemnitate
1248 2914 1425 2969 futura
1471 2914 1728 2984 paschali,
1762 2930 1859 2986 per
1885 2931 1980 2973 vnt

385 3004 757 3071 lndictionem,
772 3000 1022 3061 χχιιᾱίθά
1038 3002 1356 3061 Pharmothi
1373 3006 1572 3064 mensis
1588 3022 1874 3077 novorum,
1886 3007 1981 3078 qui

384 3100 471 3153 est
495 3111 567 3151 xv
605 3096 709 3152 cal.
756 3086 899 3163 Maii,
933 3095 1173 3151 occurrit
1198 3112 1290 3152 x1v
1318 3095 1445 3152 luna
1474 3097 1562 3152 die
1587 3097 1882 3165 dominico,
1924 3098 1980 3155 in

384 3188 742 3260 septimanam
769 3184 983 3245 diﬂ’erre
1011 3190 1263 3246 convenit
1299 3189 1737 3260 subsequentem.
1767 3186 1982 3247 Haben-

2075 1983 2222 2054 Maii,
2251 1985 2566 2042 solenmiter
2593 1994 2861 2056 ageretur.
2893 1986 2952 2044 in
2971 1985 3270 2042 centesimo
3303 1992 3521 2056 queque
3554 1990 3671 2039 ter-

2074 2080 2153 2136 tio
2182 2095 2324 2136 anno
2350 2081 2417 2136 ab
2440 2080 2668 2152 imperio
2693 2080 2901 2151 praefati
2929 2077 3249 2136 Diocletiani
3278 2076 3450 2150 (Anno
3478 2075 3679 2133 Christi

2075 2170 2228 2243 387),
2252 2188 2375 2229 cum
2402 2173 2529 2228 luna
2570 2172 2837 2244 paschalis
2864 2170 3076 2229 decima
3121 2179 3312 2241 quarta
3355 2168 3674 2227 Pharmothi

2076 2281 2211 2321 nm
2231 2265 2339 2332 die,
2364 2266 2458 2337 qui
2483 2274 2567 2322 est
2594 2282 2681 2322 xiv
2704 2264 2913 2321 calend.
2942 2264 3091 2335 Maii,
3117 2273 3262 2321 esset
3286 2263 3377 2320 die
3398 2263 3675 2320 dominico

2076 2366 2499 2429 superventura;
2530 2358 2726 2414 iterum
2754 2360 3054 2429 septimana
3095 2357 3318 2427 quaesita
3353 2363 3463 2422 est,
3492 2363 3547 2413 et
3574 2355 3675 2412 do-

2076 2452 2334 2507 minicum
2378 2452 2582 2523 pascha
2613 2450 2702 2507 die
2749 2451 2952 2506 mensis
2994 2451 3161 2521 ipsius
3190 2448 3525 2513 Pharmothi,
3577 2450 3672 2519 qui

2078 2553 2161 2599 est
2188 2561 2260 2600 vn
2286 2544 2495 2601 calend.
2522 2544 2670 2612 Maii,
2691 2551 2906 2600 constat
2926 2557 3047 2600 esse
3076 2543 3431 2608 celebratum,
3452 2548 3674 2613 propter

2079 2632 2381 2706 angustiam
2405 2637 2666 2707 temporis
2686 2636 3074 2692 imminentem.
3102 2634 3235 2690 Item
3256 2650 3379 2690 cum
3402 2636 3455 2690 in
3486 2642 3675 2690 cente-

2079 2731 2215 2805 simo
2244 2731 2581 2799 sexagesimo
2606 2728 2634 2767 ιι
2666 2746 2809 2787 anno
2837 2730 3009 2799 (Anno
3039 2728 3230 2784 Christi
3257 2727 3385 2799 444)
3407 2743 3438 2782 a
3460 2726 3687 2782 Dioclem

2080 2823 2213 2880 tiani
2243 2823 2493 2894 imperio,
2519 2822 2586 2876 14
2616 2823 2740 2879 luna
2772 2822 3041 2893 paschalis
3063 2820 3381 2876 Pharmothi
3400 2833 3535 2874 xxur
3564 2817 3676 2886 die,

2085 2917 2178 2986 qui
2208 2924 2291 2971 est
2329 2931 2418 2970 xiv
2455 2914 2669 2989 calend.
2712 2913 2858 2978 Maii,
2904 2913 3205 2969 occurrerit
3238 2910 3285 2980 ί,
3342 2911 3501 2966 tertia
3544 2908 3677 2966 feria

2080 3009 2416 3078 septimanae,
2445 3014 2501 3062 et
2528 3005 2857 3062 dominicum
2888 3004 3095 3059 Pascha
3139 3018 3310 3059 xxvm
3347 3001 3436 3059 die
3474 3001 3679 3057 mensis

2083 3102 2250 3173 ipsius
2272 3100 2609 3165 Pharmothi,
2641 3098 2734 3170 qui
2773 3108 2859 3155 est
2897 3112 3044 3154 nono
3085 3095 3336 3154 calendas
3376 3095 3537 3165 Maii,
3577 3109 3693 3152 nos.

2084 3194 2391 3251 celebrasse
2418 3191 2781 3259 meminimus.
3389 3218 3394 3223 τ
3686 3212 3693 3249 ;

388 3290 473 3337 tes
498 3280 640 3336 enim
666 3272 811 3335 intra
830 3295 949 3337 eam
978 3280 1285 3370 triduanum
1311 3282 1647 3354 mysterium,
1673 3282 1779 3340 hoc
1807 3291 1890 3339 est
1910 3301 1980 3340 xv
2006 3292 2053 3370 ο
2156 3287 2386 3343 Necesse
2433 3293 2514 3342 est
2559 3285 2741 3355 igitur,
2790 3286 2845 3341 in
2895 3300 3029 3342 ccev
3063 3285 3075 3336 i
3114 3300 3258 3341 anno
3281 3300 3314 3342 a
3360 3284 3695 3343 Diocletiani,

387 3372 587 3439 lunam,
611 3372 826 3443 quando
846 3371 1134 3431 crucifixus
1161 3383 1243 3430 est
1262 3362 1524 3441 Christus,
1546 3374 1979 3446 quartadecima:

384 3467 780 3535 cohaerentem;
812 3482 917 3524 nec
935 3484 1048 3524 non
1075 3476 1133 3525 et
1159 3476 1325 3526 xvret
1349 3478 1670 3541 sequentem
1711 3471 1979 3528 decimam

383 3558 703 3629 septimam;
724 3559 987 3629 vigesimo
1013 3559 1230 3630 quidem
1257 3569 1451 3617 octavo
1479 3561 1567 3616 die
1588 3563 1791 3620 mensis
1812 3562 1982 3619 Phar-

383 3650 580 3717 mothi,
611 3650 704 3722 qui
722 3661 806 3707 est
831 3668 887 3709 rx
911 3652 1012 3707 cal.
1046 3652 1188 3721 Maii,
1216 3653 1421 3725 jejunia
1439 3656 1733 3739 7solvemus
1752 3648 1991 3729 vespere}

382 3742 758 3799 sabbatorum.
809 3743 1069 3816 Sequenti
1134 3760 1267 3803 vero
1326 3748 1636 3805 lucescente
1684 3750 1997 3821 dominico,»

386 3850 515 3911 xxix
541 3835 627 3891 die
654 3839 856 3893 mensis
886 3839 1055 3908 ipsius
1096 3837 1434 3908 Pharmothi,
1465 3844 1558 3911 qui
1608 3850 1693 3899 est
1736 3858 1830 3899 vnn
1871 3846 1975 3900 cal.

387 3910 535 3994 Maii,
562 3926 913 3986 festivitatem
942 3931 1305 3989 sincerissime
1330 3910 1742 3991 celebrabimus.

456 4021 589 4076 Nam
617 4031 675 4078 et
700 4023 892 4094 priscis
940 4026 1290 4096 temporibus,
1331 4028 1377 4082 si
1415 4028 1632 4097 quando
1677 4028 1767 4084 die
1806 4028 1983 4085 domi-

386 4112 532 4180 nico,
564 4113 771 4170 decima
792 4123 987 4185 quarta
1015 4117 1146 4173 luna
1187 4127 1401 4189 reperta
1422 4129 1526 4188 est,
1570 4120 1625 4175 in
1661 4129 1981 4191 sequentem

384 4210 741 4280 septimanam
765 4217 852 4268 est
877 4210 1044 4267 dilata
1071 4210 1356 4269 festivitas.
1389 4211 1542 4270 Sicut
1569 4214 1626 4268 in
1646 4215 1978 4285 octogesimo

456 4417 484 4447 ιι
502 4407 561 4490 in
590 4406 796 4490 Petavii
825 4410 956 4467 edit.
983 4410 1183 4481 legitur
1202 4426 1335 4490 quur,
1358 4411 1476 4469 sine
1495 4424 1675 4482 sensu,
1701 4421 1757 4471 et
1785 4418 1973 4471 contra

382 4482 625 4536 omnium
652 4482 897 4538 codicum
924 4482 1238 4541 nostrorum
1261 4484 1443 4541 ﬁdem.
1482 4540 1485 4543 ,

452 4548 589 4629 ιξιῑςι
626 4551 879 4629 B_uc_herii
926 4553 1091 4629 editio
1139 4564 1195 4611 et
1239 4556 1416 4629 codex
1469 4556 1533 4625 D,
1585 4557 1785 4629 rectius
1811 4572 1974 4629 quam

380 4618 587 4697 Petavii
618 4623 951 4697 editio,7qu:c
970 4626 1061 4682 hic
1087 4640 1303 4697 sensum
1324 4627 1484 4697 plane
1513 4618 1714 4683 turbat.

457 4703 481 4731 ο
516 4693 944 4770 _Voculam_hanc
970 4693 1341 4770 irestituinius;
1383 4707 1438 4754 et
1481 4716 1578 4770 per
1602 4715 1727 4755 eam"
1750 4714 1966 4757 sensum

382 4761 683 4833 planiorem
710 4766 998 4831 reddimus,
1032 4766 1296 4824 beneficio
1326 4761 1548 4825 codd.'C
1578 4780 1633 4825 et
1662 4771 1723 4825 D.

457 4830 484 4870 ἀ
511 4833 655 4888 Editi
706 4835 797 4892 hic
835 4839 1161 4894 interserunt
1215 4854 1403 4895 vocem
1452 4842 1738 4895 dominico.
1771 4843 1927 4895 unici

1522 4858 1710 4898 mtmco
1723 4882 1738 4898 .
1771 4858 1861 4898 (Illi

457 4858 484 4870 -
511 4858 655 4888 nuru
706 4858 797 4892 mc
835 4858 1161 4894 mterserunt
1215 4858 1403 4895 vocem
1452 4858 1738 4910 aomimco,
1771 4858 1970 4913 quaem

383 4899 428 4958 C
451 4903 578 4985 ct_l_)
608 4904 785 4985 abest,
816 4916 873 4985 et
896 4909 1107 4985 videtur
1130 4925 1256 4985 esse
1271 4911 1559 4985 glossema.
1622 4984 1625 4985 7
1767 4983 1775 4985 7
1864 4984 1871 4985 7

462 4982 489 5057 ᾖ
512 4971 755 5057 Meminit
766 4971 1047 5057 utriusque
1059 4980 1115 5036 S.
1141 4971 1466 5057 Ambrosius
1477 4984 1530 5037 in
1546 4984 1707 5057 epist.
1729 4983 1970 5057 ejusdem

383 5046 787 5128 argumentiad
829 5046 1112 5173 episcopos
1156 5049 1407 5108 Emilizc.
1439 5046 1623 5109 Annus
1653 5046 1970 5110 Diocletiani

383 5131 587 5172 Lxxxrx
634 5126 754 5172 mut
798 5134 828 5172 a
902 5121 1030 5173 hoth
1064 5122 1171 5173 tixo
1201 5126 1323 5173 anni
1381 5125 1579 5173 Christi
1630 5125 1754 5173 372.
1804 5125 1970 5173 luitur

382 5131 587 5172 Lxxxrx
634 5121 754 5172 iniit
792 5121 1030 5193 7a.'l7‘hoth
1064 5122 1171 5177 tixo
1201 5126 1323 5178 anni
1381 5125 1581 5180 Christi
1630 5125 1754 5180 572.
1802 5125 1971 5193 Igitur

381 5201 527 5269 anno
556 5191 803 5269 sequenti
832 5188 1031 5269 Christi
1053 5193 1193 5269 ὄπ),-
1211 5194 1428 5251 labente
1456 5195 1650 5269 eodem
1676 5212 1819 5252 anno
1832 5188 1969 5269 'Dio-

378 5258 616 5339 cletiani,
667 5267 791 5339 orta
815 5270 897 5317 est
950 5262 1233 5339 altercatio
1266 5281 1445 5339 _super
1486 5266 1767 5333 Paschate,
1815 5266 1967 5339 cyclo

376 5328 518 5403 lunae
547 5345 660 5403 xm,
690 5332 841 5403 7sohs
866 5348 994 5389 mn
1018 5376 1033 5401 ,
1064 5334 1242 5388 littera
1266 5334 1307 5389 F
1327 5328 1654 5403 [neomenia
1702 5328 1968 5403 paschalis

379 5397 466 5480 die
488 5415 527 5453 ιι
546 5399 722 5480 martii
738 5442 754 5468 ,
778 5403 913 5458 feria
934 5420 998 5480 ιι,
1011 5397 1441 5480 decimaquarta
1455 5407 1549 5480 die
1568 5408 1639 5460 24
1666 5397 1861 5471 Martii,
1886 5408 1967 5480 fe-

376 5470 459 5524 ria
474 5486 569 5527 vn.
594 5470 723 5542 7Ideo
742 5470 989 5529 nonnulli
1008 5477 1062 5530 in
1088 5470 1316 5531 termino
1336 5477 1698 5542 celebrarunt;
1718 5470 1967 5534 catholici

379 5549 562 5595 autem
592 5541 766 5598 Martii
791 5546 1014 5601 ultimo.
1034 5544 1269 5601 Praeerat
1290 5556 1417 5602 tunc
1439 5541 1696 5604 Romanae
1713 5548 1966 5605 Ecclesia:

376 5607 669 5696 Damasus;
718 5615 1110 5696 Alexandrinae
1173 5618 1444 5696 legitimus
1508 5620 1793 5690 episcopus
1846 5630 1965 5696 erat

376 5679 617 5760 Petrus,_
633 5684 740 5760 _qui_
783 5687 1079 5744 Athanasio
1125 5679 1380 5745 suffectus
1422 5679 1560 5757 erat;
1608 5679 1826 5746 mortuo
1850 5691 1963 5760 jam

376 5758 522 5833 anno
551 5753 675 5833 5311
722 5754 909 5828 Itaque
949 5760 1297 5833 divinandum
1321 5768 1407 5833 est
1445 5753 1572 5831 quid
1601 5753 1962 5833 S.7Proterius

376 5822 488 5914 sibi
503 5825 665 5914 velit,
684 5843 806 5914 cum
820 5822 1190 5914 'supers’titeni
1212 5832 1292 5914 ait
1310 5822 1477 5914 fuisse
1507 5842 1635 5914 tunc
1662 5829 1879 5914 Patrem
1907 5842 1964 5914 et

377 5898 692 5974 episcopum
720 5898 1080 5974 Anastasimii.
1132 5904 1215 5958 An
1264 5904 1614 5961 Athanasium
1639 5904 1878 5974 scripsit,
1906 5912 1964 5961 et

454 5968 717 6037 ucinatus,
747 5969 975 6037 Credidit
1000 5987 1123 6035 eum
1141 6013 1159 6042 ι
1190 5976 1283 6042 qui
1319 5976 1536 6043 biennio
1557 5983 1690 6060 ante
1714 5968 1962 6039 decem.

2088 3380 2338 3459 imperio,
2374 3378 2429 3434 in
2459 3378 2639 3433 futuro
2668 3377 2905 3448 paschali
2928 3378 3070 3433 festo
3098 3377 3407 3434 indictionis
3454 3386 3697 3448 octavam:

2086 3474 2345 3544 vigesimo
2366 3473 2604 3529 secundo
2625 3472 2713 3529 die
2742 3470 3074 3539 Pharmothi,
3103 3472 3197 3541 qui
3230 3482 3314 3530 est
3352 3487 3424 3531 xv
3466 3473 3695 3530 calend;

2090 3566 2217 3623 Maii
2245 3568 2372 3624 luna
2401 3567 2612 3623 decima
2655 3576 2868 3637 quarta,
2898 3573 3221 3622 occurrente
3258 3565 3349 3622 die
3386 3565 3680 3633 dominico,

2084 3662 2142 3718 in
2186 3662 2489 3734 proximam
2529 3660 2903 3731 septimanam,
2932 3658 3088 3727 juxta
3134 3657 3529 3729 praecedentem
3574 3656 3679 3712 for.

2084 3756 2641 3823 mam,convenienter
2656 3752 2895 3818 extendi,
2908 3759 2967 3807 ut
2978 3767 3106 3807 xxix
3117 3750 3412 3808 diemensis
3422 3749 3659 3805 Pharmo

2083 3848 2183 3913 thi,
2215 3849 2307 3920 qui
2335 3856 2417 3903 est
2444 3862 2535 3903 vnt
2563 3845 2775 3902 calend.
2807 3843 2962 3909 Maii,
2995 3842 3324 3899 dominicum
3348 3841 3683 3898 celebremus

2086 3939 2314 4006 Pascha,
2345 3945 2569 4010 propter
2593 3936 3093 4008 apprehendentem
3121 3949 3307 3993 rursus
3347 3933 3699 4004 angustiam;

2085 4033 2224 4089 sicut
2252 4030 2442 4087 Patres
2470 4031 2644 4087 nostri
2685 4029 2951 4094 fecerunt,
2981 4028 3217 4083 decimas
3261 4033 3483 4096 quartas
3526 4025 3697 4083 lunas.

2084 4132 2430 4177 occurrentes
2448 4121 2535 4175 die
2556 4116 2850 4185 dominico,
2874 4116 3202 4173 differentes.
3232 4116 3365 4171 Nam
3388 4116 3435 4171 si
3456 4130 3568 4172 χιιι
3588 4114 3681 4177 die

2086 4214 2287 4271 mensis
2318 4213 2654 4281 Pharmothi,
2674 4211 2768 4282 qui
2787 4216 2871 4266 est
2892 4224 2962 4265 xv
2985 4208 3237 4265 calendas
3257 4207 3404 4277 Maii,
3427 4208 3553 4267 luna
3567 4220 3683 4276 xrv,

2082 4422 2187 4488 rat,
2218 4416 2397 4488 adhuc
2422 4416 2514 4472 illo
2545 4424 2788 4488 tempore
2815 4415 3055 4472 vixisse?
3095 4412 3385 4488 Pennus.

2159 4486 2178 4525 ί
2212 4487 2417 4543 Nomen
2466 4486 2743 4545 Athanasii
2788 4488 3122 4543 restituimus
3147 4501 3213 4542 ex
3260 4487 3384 4542 cod.

2081 4574 2181 4630 pro
2211 4560 2508 4630 Anastasio,
2560 4559 2703 4630 quod
2732 4568 2813 4614 est
2839 4559 2892 4614 in
2923 4568 3151 4630 utraQue
3179 4556 3674 4630 editione._Vitium
3700 4626 3703 4627 7

3432 4484 3483 4539 Β-
3526 4491 3581 4541 et
3609 4446 3675 4552 D,

1999 4643 2061 4706 1)
2080 4627 2170 4706 hic
2198 4631 2366 4706 latere
2416 4629 2541 4701 Eg.
2578 4627 2895 4706 :Bucherius
2942 4627 3343 4706 animadvertit,
3379 4628 3527 4697 cujus
3559 4627 3674 4683 haec

2077 4694 2356 4760 adnotatio
2399 4694 2538 4759 est':
2568 4701 2705 4765 Lege
2749 4703 3079 4765 ATHANASIO,
3140 4708 3191 4755 et
3246 4700 3387 4753 disce
3423 4694 3539 4753 eam
3567 4706 3706 4754 non-

2075 4783 2196 4829 ante
2243 4775 2375 4829 hunc
2404 4791 2598 4829 annum
2629 4770 2821 4830 Christi
2851 4774 2958 4828 575
2986 4773 3121 4831 mori
3165 4772 3391 4842 potuisse
3413 4811 3429 4835 ,
3462 4771 3497 4825 ἓ
3516 4770 3669 4834 Maii,

2073 4862 2162 4916 seu
2188 4889 2203 4913 ,
2227 4846 2293 4916 _ul
2322 4845 2747 4916 chronographus
2793 4845 3150 4899 innomiuatus
3179 4843 3331 4916 apud
3359 4842 3559 4916 Scalig.
3616 4843 3672 4896 iu

2072 4910 2265 4971 Euseb.
2292 4932 2360 4970 vn
2396 4910 2629 4970 Pachon.
2657 4916 2789 4970 Vide
2817 4924 2999 4971 notam
3031 4912 3264 4985 prteced.
3296 4910 3523 4985 Petavii;

2146 4997 2171 5035 ες
2196 4987 2397 5041 Christi
2418 4987 2543 5049 577,
2575 4988 2727 5056 cyclo
2758 4988 2898 5042 lunae
2923 4982 3051 5051 xm,
3084 4986 3215 5042 solis
3230 4997 3374 5056 xm,
3396 4982 3575 5056 littera
3596 4983 3665 5056 _A.

2072 5055 2357 5128 Terminus
2400 5051 2675 5128 paschalis
2698 5057 2784 5111 die
2813 5058 2846 5111 9
2872 5056 3044 5126 April.
3097 5055 3388 5128 dominica.
3420 5051 3548 5106 Ideo
3578 5053 3667 5110 die

2074 5128 2142 5182 16
2174 5123 2414 5191 ejusdeni
2435 5128 2634 5185 mensis
2662 5129 2764 5182 rite
2785 5123 3240 5184 celebratnmest.
3271 5123 3565 5179 Psnvws.

2146 5198 2174 5235 ιι
2194 5197 2394 5254 Christi
2420 5196 2544 5254 444.
2574 5196 2696 5255 Vid.
2727 5199 2822 5256 lib'.
2846 5214 2885 5256 ιι
2932 5197 2998 5254 de
3022 5196 3176 5252 Doct.
3213 5207 3379 5263 temp.
3405 5233 3420 5258 ,
3452 5208 3507 5263 p.
3538 5192 3663 5252 221.

2071 5266 2357 5327 Ριετλνιυς.

2150 5341 2166 5380 ι
2194 5338 2235 5394 Β
2266 5349 2319 5395 ct
2341 5341 2402 5406 D,
2432 5343 2675 5398 occurrit.

2136 5413 2162 5464 il
2197 5411 2275 5467 lta
2307 5396 2501 5483 legitur
2544 5396 2596 5469 in
2627 5411 2949 5469 editionibus
2979 5406 3187 5483 Petavii
3215 5414 3269 5462 et
3307 5396 3594 5483 Eucherii,
3630 5426 3662 5466 a

2070 5484 2264 5553 quibus
2284 5479 2445 5553 mss,
2479 5500 2585 5540 non
2617 5484 2792 5540 minus
2820 5497 2979 5551 quam
3011 5482 3153 5553 inter
3199 5494 3277 5543 se,
3297 5550 3304 5553 7
3326 5479 3659 5549 discrepant.

2069 5550 2202 5609 Nam
2256 5554 2296 5608 Β
2326 5550 2489 5610 habet
2516 5574 2528 5608 :
2561 5557 2615 5609 in
2656 5571 2793 5610 ccxv
2817 5550 2988 5617 anno;
3016 5551 3061 5606 D
3114 5566 3265 5616 vero,
3291 5550 3343 5606 in
3363 5566 3537 5607 ccuxv
3564 5568 3665 5605 an-

2068 5642 2251 5681 norum
2274 5642 2306 5678 a
2342 5625 2536 5692 Diocl.,
2581 5634 2684 5681 etc.
2717 5625 2825 5681 Sed
2865 5625 2915 5678 in
2939 5623 3141 5679 nullum
3174 5623 3363 5677 horum
3392 5637 3661 5692 annorum

2069 5697 2410 5752 characteres
2458 5713 2485 5749 a
2521 5695 2768 5751 Proterio
2798 5694 3081 5750 memorati
3121 5692 3469 5750 conveniunt.
3519 5691 3655 5746 llinc

2069 5765 2193 5836 Eg.
2249 5767 2542 5823 Buclicrius
2574 5769 2627 5821 in
2658 5767 2899 5835 margine
2928 5766 3075 5821 addit
3110 5784 3122 5819 :
3155 5763 3296 5835 Lege
3338 5764 3654 5836 cL57xt,,_qui

2067 5832 2343 5908 est'annus
2368 5837 2566 5892 Christi
2606 5832 2839 5908 Vulgaris
2885 5835 3010 5905 455,
3040 5832 3370 5892 ἱηάίειᾙνιιι.
3394 5832 3653 5903 Similiter

2067 5906 2319 5989 Petavius
2347 5910 2402 5989 i_n
2426 5910 2571 5969 notis
2596 5929 2608 5971 ;
2632 5906 2835 5983 Sciibe,
2857 5909 3051 5985 inquit,
3076 5909 3132 5966 in
3159 5908 3436 5966 cenmimo
3451 5914 3653 5981 septua-

2063 5982 2259 6049 gesimo
2289 5982 2475 6060 ntimo.
