  <div class='ocr_page' id='page_1' title='image "/cluster/home/n/w/nwhite01/storage/ocr_20150623/67/hvd.32044015547185/261.png"; bbox 0 0 4060 6364; ppageno 0'>
   <div class='ocr_carea' id='block_1_1' title="bbox 475 297 571 356">
    <p class='ocr_par' dir='ltr' id='par_1_1' title="bbox 475 297 571 356">
     <span class='ocr_line' id='line_1_1' title="bbox 475 297 571 356; baseline -0.021 -1"><span class='ocrx_word' id='word_1_1' title='bbox 475 297 571 356; x_wconf 78' lang='lat' dir='ltr'><strong>5H</strong></span> 
     </span>
    </p>
   </div>
   <div class='ocr_carea' id='block_1_2' title="bbox 1039 274 3242 385">
    <p class='ocr_par' dir='ltr' id='par_1_2' title="bbox 1039 274 3242 385">
     <span class='ocr_line' id='line_1_2' title="bbox 1039 274 3242 385; baseline 0.006 -32"><span class='ocrx_word' id='word_1_2' title='bbox 1039 295 1398 355; x_wconf 72' lang='lat' dir='ltr'><strong>DIONYSIUS</strong></span> <span class='ocrx_word' id='word_1_3' title='bbox 1424 274 1749 385; x_wconf 60' lang='lat' dir='ltr'><strong>EXIGQUS.</strong></span> <span class='ocrx_word' id='word_1_4' title='bbox 1792 296 2129 356; x_wconf 84' lang='lat' dir='ltr'><strong>EPlSTOLA</strong></span> <span class='ocrx_word' id='word_1_5' title='bbox 2156 296 2477 357; x_wconf 82' lang='lat' dir='ltr'><strong>PROTERII</strong></span> <span class='ocrx_word' id='word_1_6' title='bbox 2515 300 2608 357; x_wconf 80' lang='lat' dir='ltr'><strong>AD</strong></span> <span class='ocrx_word' id='word_1_7' title='bbox 2645 300 2925 362; x_wconf 81' lang='lat' dir='ltr'><strong>LEONEM</strong></span> <span class='ocrx_word' id='word_1_8' title='bbox 2965 306 3242 367; x_wconf 81' lang='lat' dir='ltr'><strong>PAPAM.</strong></span> 
     </span>
    </p>
   </div>
   <div class='ocr_carea' id='block_1_3' title="bbox 3702 320 3794 379">
    <p class='ocr_par' dir='ltr' id='par_1_3' title="bbox 3702 320 3794 379">
     <span class='ocr_line' id='line_1_3' title="bbox 3702 320 3794 379; baseline 0.043 -4"><span class='ocrx_word' id='word_1_9' title='bbox 3702 320 3794 379; x_wconf 61' lang='lat' dir='ltr'><strong>5i!</strong></span> 
     </span>
    </p>
   </div>
   <div class='ocr_carea' id='block_1_4' title="bbox 473 400 3795 500">
    <p class='ocr_par' dir='ltr' id='par_1_4' title="bbox 473 400 3795 500">
     <span class='ocr_line' id='line_1_4' title="bbox 473 400 3795 500; baseline 0.003 -32"><span class='ocrx_word' id='word_1_10' title='bbox 473 410 606 471; x_wconf 65' lang='lat' dir='ltr'><strong>sicut</strong></span> <span class='ocrx_word' id='word_1_11' title='bbox 646 407 776 476; x_wconf 83' lang='lat' dir='ltr'>dixi,</span> <span class='ocrx_word' id='word_1_12' title='bbox 806 408 1001 480; x_wconf 71' lang='lat' dir='ltr'><strong>smpius</strong></span> <span class='ocrx_word' id='word_1_13' title='bbox 1033 419 1356 467; x_wconf 90' lang='lat' dir='ltr'><strong>occurrente</strong></span> <span class='ocrx_word' id='word_1_14' title='bbox 1394 411 1668 468; x_wconf 88' lang='lat' dir='ltr'><strong>dominico</strong></span> <span class='ocrx_word' id='word_1_15' title='bbox 1712 412 1821 481; x_wconf 90' lang='lat' dir='ltr'><strong>die,</strong></span> <span class='ocrx_word' id='word_1_16' title='bbox 1867 411 2077 470; x_wconf 89' lang='lat' dir='ltr'><strong>Pascha</strong></span> <span class='ocrx_word' id='word_1_17' title='bbox 2107 414 2158 473; x_wconf 78' lang='grc' dir='ltr'><strong>Α.</strong></span> <span class='ocrx_word' id='word_1_18' title='bbox 2180 413 2383 470; x_wconf 83' lang='lat' dir='ltr'><strong>mensis</strong></span> <span class='ocrx_word' id='word_1_19' title='bbox 2405 412 2767 485; x_wconf 89' lang='lat' dir='ltr'><strong>Phamenoth,</strong></span> <span class='ocrx_word' id='word_1_20' title='bbox 2793 417 2886 489; x_wconf 91' lang='lat' dir='ltr'><strong>qui</strong></span> <span class='ocrx_word' id='word_1_21' title='bbox 2914 428 2999 474; x_wconf 88' lang='lat' dir='ltr'><strong>est</strong></span> <span class='ocrx_word' id='word_1_22' title='bbox 3020 435 3093 476; x_wconf 90' lang='lat' dir='ltr'><strong>xu</strong></span> <span class='ocrx_word' id='word_1_23' title='bbox 3142 400 3264 478; x_wconf 62' lang='lat' dir='ltr'><strong>cal:</strong></span> <span class='ocrx_word' id='word_1_24' title='bbox 3312 418 3546 495; x_wconf 80' lang='lat' dir='ltr'><strong>Aprilis,</strong></span> <span class='ocrx_word' id='word_1_25' title='bbox 3571 429 3795 500; x_wconf 63' lang='lat' dir='ltr'><strong>equino.</strong></span> 
     </span>
    </p>
   </div>
   <div class='ocr_carea' id='block_1_5' title="bbox 472 501 2075 573">
    <p class='ocr_par' dir='ltr' id='par_1_5' title="bbox 472 501 2075 573">
     <span class='ocr_line' id='line_1_5' title="bbox 472 501 2075 573; baseline 0.002 -13"><span class='ocrx_word' id='word_1_26' title='bbox 472 502 831 567; x_wconf 82' lang='lat' dir='ltr'><strong>celebremus,</strong></span> <span class='ocrx_word' id='word_1_27' title='bbox 871 501 1209 558; x_wconf 87' lang='lat' dir='ltr'><strong>inveniemus</strong></span> <span class='ocrx_word' id='word_1_28' title='bbox 1239 502 1433 573; x_wconf 87' lang='lat' dir='ltr'><strong>pridie,</strong></span> <span class='ocrx_word' id='word_1_29' title='bbox 1465 504 1521 559; x_wconf 89' lang='lat' dir='ltr'><strong>id</strong></span> <span class='ocrx_word' id='word_1_30' title='bbox 1563 512 1648 559; x_wconf 89' lang='lat' dir='ltr'><strong>est</strong></span> <span class='ocrx_word' id='word_1_31' title='bbox 1689 504 1939 573; x_wconf 90' lang='lat' dir='ltr'><strong>sabbato,</strong></span> <span class='ocrx_word' id='word_1_32' title='bbox 1981 523 2075 564; x_wconf 85' lang='grc' dir='ltr'><strong>χχι</strong></span> 
     </span>
    </p>
   </div>
   <div class='ocr_carea' id='block_1_6' title="bbox 473 591 2074 665">
    <p class='ocr_par' dir='ltr' id='par_1_6' title="bbox 473 591 2074 665">
     <span class='ocr_line' id='line_1_6' title="bbox 473 591 2074 665; baseline 0.004 -16"><span class='ocrx_word' id='word_1_33' title='bbox 473 593 558 650; x_wconf 84' lang='lat' dir='ltr'><strong>die</strong></span> <span class='ocrx_word' id='word_1_34' title='bbox 585 593 787 648; x_wconf 87' lang='lat' dir='ltr'><strong>mensis</strong></span> <span class='ocrx_word' id='word_1_35' title='bbox 816 591 1079 663; x_wconf 87' lang='lat' dir='ltr'><strong>ejusdem,</strong></span> <span class='ocrx_word' id='word_1_36' title='bbox 1110 592 1203 663; x_wconf 90' lang='lat' dir='ltr'><strong>qui</strong></span> <span class='ocrx_word' id='word_1_37' title='bbox 1226 600 1311 649; x_wconf 89' lang='lat' dir='ltr'><strong>est</strong></span> <span class='ocrx_word' id='word_1_38' title='bbox 1358 608 1451 649; x_wconf 82' lang='lat' dir='ltr'><strong>xvi</strong></span> <span class='ocrx_word' id='word_1_39' title='bbox 1499 594 1755 651; x_wconf 87' lang='lat' dir='ltr'><strong>calendas</strong></span> <span class='ocrx_word' id='word_1_40' title='bbox 1801 596 1947 665; x_wconf 86' lang='lat' dir='ltr'><strong>Maii,</strong></span> <span class='ocrx_word' id='word_1_41' title='bbox 1979 615 2074 655; x_wconf 81' lang='lat' dir='ltr'><strong>xui</strong></span> 
     </span>
    </p>
   </div>
   <div class='ocr_carea' id='block_1_7' title="bbox 472 683 2076 757">
    <p class='ocr_par' dir='ltr' id='par_1_7' title="bbox 472 683 2076 757">
     <span class='ocr_line' id='line_1_7' title="bbox 472 683 2076 757; baseline 0.005 -18"><span class='ocrx_word' id='word_1_42' title='bbox 472 683 596 745; x_wconf 78' lang='lat' dir='ltr'><strong>luna</strong></span> <span class='ocrx_word' id='word_1_43' title='bbox 634 693 764 740; x_wconf 92' lang='lat' dir='ltr'><strong>tunc</strong></span> <span class='ocrx_word' id='word_1_44' title='bbox 800 685 1085 751; x_wconf 71' lang='lat' dir='ltr'><strong>existente,</strong></span> <span class='ocrx_word' id='word_1_45' title='bbox 1136 701 1248 741; x_wconf 89' lang='lat' dir='ltr'><strong>non</strong></span> <span class='ocrx_word' id='word_1_46' title='bbox 1289 685 1396 741; x_wconf 89' lang='lat' dir='ltr'><strong>rite</strong></span> <span class='ocrx_word' id='word_1_47' title='bbox 1436 685 1644 757; x_wconf 89' lang='lat' dir='ltr'><strong>jejunia</strong></span> <span class='ocrx_word' id='word_1_48' title='bbox 1685 687 1916 743; x_wconf 89' lang='lat' dir='ltr'><strong>solvere.</strong></span> <span class='ocrx_word' id='word_1_49' title='bbox 1964 688 2076 747; x_wconf 85' lang='lat' dir='ltr'><strong>Nec</strong></span> 
     </span>
    </p>
   </div>
   <div class='ocr_carea' id='block_1_8' title="bbox 473 774 2075 849">
    <p class='ocr_par' dir='ltr' id='par_1_8' title="bbox 473 774 2075 849">
     <span class='ocr_line' id='line_1_8' title="bbox 473 774 2075 849; baseline 0.005 -19"><span class='ocrx_word' id='word_1_50' title='bbox 473 774 618 831; x_wconf 90' lang='lat' dir='ltr'><strong>enim</strong></span> <span class='ocrx_word' id='word_1_51' title='bbox 648 776 699 830; x_wconf 93' lang='lat' dir='ltr'><strong>in</strong></span> <span class='ocrx_word' id='word_1_52' title='bbox 724 774 932 831; x_wconf 90' lang='lat' dir='ltr'><strong>decima</strong></span> <span class='ocrx_word' id='word_1_53' title='bbox 962 776 1122 831; x_wconf 89' lang='lat' dir='ltr'><strong>tertia</strong></span> <span class='ocrx_word' id='word_1_54' title='bbox 1160 775 1287 831; x_wconf 90' lang='lat' dir='ltr'><strong>luna</strong></span> <span class='ocrx_word' id='word_1_55' title='bbox 1328 776 1633 835; x_wconf 89' lang='lat' dir='ltr'><strong>comeditur</strong></span> <span class='ocrx_word' id='word_1_56' title='bbox 1660 779 1884 849; x_wconf 84' lang='lat' dir='ltr'><strong>pascha.</strong></span> <span class='ocrx_word' id='word_1_57' title='bbox 1920 776 2075 838; x_wconf 90' lang='lat' dir='ltr'><strong>Unde</strong></span> 
     </span>
    </p>
   </div>
   <div class='ocr_carea' id='block_1_9' title="bbox 472 865 2075 943">
    <p class='ocr_par' dir='ltr' id='par_1_9' title="bbox 472 865 2075 943">
     <span class='ocr_line' id='line_1_9' title="bbox 472 865 2075 943; baseline 0.005 -23"><span class='ocrx_word' id='word_1_58' title='bbox 472 865 595 937; x_wconf 82' lang='lat' dir='ltr'><strong>quia</strong></span> <span class='ocrx_word' id='word_1_59' title='bbox 624 881 737 921; x_wconf 81' lang='grc' dir='ltr'>χχιι</span> <span class='ocrx_word' id='word_1_60' title='bbox 760 865 846 922; x_wconf 88' lang='lat' dir='ltr'><strong>die</strong></span> <span class='ocrx_word' id='word_1_61' title='bbox 873 867 1073 923; x_wconf 88' lang='lat' dir='ltr'><strong>mensis</strong></span> <span class='ocrx_word' id='word_1_62' title='bbox 1087 866 1633 941; x_wconf 89' lang='lat' dir='ltr'><strong>Pharmothi,quiest</strong></span> <span class='ocrx_word' id='word_1_63' title='bbox 1654 870 1866 928; x_wconf 90' lang='lat' dir='ltr'><strong>decimo</strong></span> <span class='ocrx_word' id='word_1_64' title='bbox 1887 873 2075 943; x_wconf 91' lang='lat' dir='ltr'><strong>quinto</strong></span> 
     </span>
    </p>
   </div>
   <div class='ocr_carea' id='block_1_10' title="bbox 474 958 2074 1037">
    <p class='ocr_par' dir='ltr' id='par_1_10' title="bbox 474 958 2074 1037">
     <span class='ocr_line' id='line_1_10' title="bbox 474 958 2074 1037; baseline 0.006 -23"><span class='ocrx_word' id='word_1_65' title='bbox 474 958 731 1016; x_wconf 83' lang='lat' dir='ltr'><strong>calendas</strong></span> <span class='ocrx_word' id='word_1_66' title='bbox 767 958 916 1031; x_wconf 88' lang='lat' dir='ltr'><strong>Maii,</strong></span> <span class='ocrx_word' id='word_1_67' title='bbox 965 960 1240 1018; x_wconf 91' lang='lat' dir='ltr'><strong>dominico</strong></span> <span class='ocrx_word' id='word_1_68' title='bbox 1285 962 1403 1029; x_wconf 90' lang='lat' dir='ltr'><strong>die,</strong></span> <span class='ocrx_word' id='word_1_69' title='bbox 1452 964 1664 1020; x_wconf 89' lang='lat' dir='ltr'><strong>decima</strong></span> <span class='ocrx_word' id='word_1_70' title='bbox 1704 973 1897 1037; x_wconf 83' lang='lat' dir='ltr'><strong>quarta</strong></span> <span class='ocrx_word' id='word_1_71' title='bbox 1949 967 2074 1023; x_wconf 91' lang='lat' dir='ltr'><strong>luna</strong></span> 
     </span>
    </p>
   </div>
   <div class='ocr_carea' id='block_1_11' title="bbox 471 1051 2075 1129">
    <p class='ocr_par' dir='ltr' id='par_1_11' title="bbox 471 1051 2075 1129">
     <span class='ocr_line' id='line_1_11' title="bbox 471 1051 2075 1129; baseline 0.004 -21"><span class='ocrx_word' id='word_1_72' title='bbox 471 1051 767 1122; x_wconf 80' lang='lat' dir='ltr'><strong>contingit;</strong></span> <span class='ocrx_word' id='word_1_73' title='bbox 800 1067 911 1108; x_wconf 92' lang='lat' dir='ltr'><strong>non</strong></span> <span class='ocrx_word' id='word_1_74' title='bbox 956 1060 1140 1109; x_wconf 89' lang='lat' dir='ltr'><strong>autem</strong></span> <span class='ocrx_word' id='word_1_75' title='bbox 1194 1055 1451 1111; x_wconf 77' lang='lat' dir='ltr'><strong>convenit</strong></span> <span class='ocrx_word' id='word_1_76' title='bbox 1486 1055 1576 1113; x_wconf 92' lang='lat' dir='ltr'><strong>die</strong></span> <span class='ocrx_word' id='word_1_77' title='bbox 1613 1056 1889 1114; x_wconf 90' lang='lat' dir='ltr'><strong>dominico</strong></span> <span class='ocrx_word' id='word_1_78' title='bbox 1931 1058 2075 1129; x_wconf 88' lang='lat' dir='ltr'><strong>jeju-</strong></span> 
     </span>
    </p>
   </div>
   <div class='ocr_carea' id='block_1_12' title="bbox 470 1146 2078 1223">
    <p class='ocr_par' dir='ltr' id='par_1_12' title="bbox 470 1146 2078 1223">
     <span class='ocr_line' id='line_1_12' title="bbox 470 1146 2078 1223; baseline 0.004 -20"><span class='ocrx_word' id='word_1_79' title='bbox 470 1155 619 1213; x_wconf 80' lang='lat' dir='ltr'><strong>uare,</strong></span> <span class='ocrx_word' id='word_1_80' title='bbox 653 1146 782 1217; x_wconf 85' lang='lat' dir='ltr'><strong>quia</strong></span> <span class='ocrx_word' id='word_1_81' title='bbox 825 1147 932 1203; x_wconf 91' lang='lat' dir='ltr'><strong>hoc</strong></span> <span class='ocrx_word' id='word_1_82' title='bbox 970 1147 1392 1207; x_wconf 74' lang='lat' dir='ltr'><strong>Manichzeorum</strong></span> <span class='ocrx_word' id='word_1_83' title='bbox 1418 1160 1503 1208; x_wconf 86' lang='lat' dir='ltr'><strong>est</strong></span> <span class='ocrx_word' id='word_1_84' title='bbox 1527 1152 1849 1223; x_wconf 90' lang='lat' dir='ltr'><strong>proprium:</strong></span> <span class='ocrx_word' id='word_1_85' title='bbox 1882 1168 2078 1210; x_wconf 89' lang='lat' dir='ltr'><strong>conse-</strong></span> 
     </span>
    </p>
   </div>
   <div class='ocr_carea' id='block_1_13' title="bbox 470 1236 2073 1315">
    <p class='ocr_par' dir='ltr' id='par_1_13' title="bbox 470 1236 2073 1315">
     <span class='ocr_line' id='line_1_13' title="bbox 470 1236 2073 1315; baseline 0.009 -26"><span class='ocrx_word' id='word_1_86' title='bbox 470 1247 646 1305; x_wconf 89' lang='lat' dir='ltr'><strong>quens</strong></span> <span class='ocrx_word' id='word_1_87' title='bbox 679 1244 764 1292; x_wconf 89' lang='lat' dir='ltr'><strong>est</strong></span> <span class='ocrx_word' id='word_1_88' title='bbox 800 1236 857 1292; x_wconf 92' lang='lat' dir='ltr'><strong>in</strong></span> <span class='ocrx_word' id='word_1_89' title='bbox 896 1239 1201 1309; x_wconf 76' lang='lat' dir='ltr'><strong>proximam</strong></span> <span class='ocrx_word' id='word_1_90' title='bbox 1232 1241 1457 1298; x_wconf 85' lang='lat' dir='ltr'><strong>tendere</strong></span> <span class='ocrx_word' id='word_1_91' title='bbox 1501 1244 1882 1315; x_wconf 86' lang='lat' dir='ltr'><strong>septimanam,</strong></span> <span class='ocrx_word' id='word_1_92' title='bbox 1932 1247 2073 1304; x_wconf 91' lang='lat' dir='ltr'><strong>intra</strong></span> 
     </span>
    </p>
   </div>
   <div class='ocr_carea' id='block_1_14' title="bbox 470 1328 2073 1407">
    <p class='ocr_par' dir='ltr' id='par_1_14' title="bbox 470 1328 2073 1407">
     <span class='ocr_line' id='line_1_14' title="bbox 470 1328 2073 1407; baseline 0.009 -26"><span class='ocrx_word' id='word_1_93' title='bbox 470 1339 657 1397; x_wconf 90' lang='lat' dir='ltr'><strong>quam,</strong></span> <span class='ocrx_word' id='word_1_94' title='bbox 708 1336 769 1384; x_wconf 87' lang='lat' dir='ltr'><strong>ut</strong></span> <span class='ocrx_word' id='word_1_95' title='bbox 809 1328 1062 1399; x_wconf 80' lang='lat' dir='ltr'><strong>diximus,</strong></span> <span class='ocrx_word' id='word_1_96' title='bbox 1112 1331 1373 1390; x_wconf 87' lang='lat' dir='ltr'><strong>habemus</strong></span> <span class='ocrx_word' id='word_1_97' title='bbox 1418 1341 1475 1390; x_wconf 89' lang='lat' dir='ltr'><strong>et</strong></span> <span class='ocrx_word' id='word_1_98' title='bbox 1509 1350 1581 1392; x_wconf 88' lang='lat' dir='ltr'><strong>xv</strong></span> <span class='ocrx_word' id='word_1_99' title='bbox 1610 1337 1812 1405; x_wconf 91' lang='lat' dir='ltr'><strong>lunam,</strong></span> <span class='ocrx_word' id='word_1_100' title='bbox 1855 1339 2073 1407; x_wconf 87' lang='lat' dir='ltr'><strong>quando</strong></span> 
     </span>
    </p>
   </div>
   <div class='ocr_carea' id='block_1_15' title="bbox 470 1419 2076 1497">
    <p class='ocr_par' dir='ltr' id='par_1_15' title="bbox 470 1419 2076 1497">
     <span class='ocr_line' id='line_1_15' title="bbox 470 1419 2076 1497; baseline 0.01 -25"><span class='ocrx_word' id='word_1_101' title='bbox 470 1419 760 1475; x_wconf 77' lang='lat' dir='ltr'><strong>crucifixus</strong></span> <span class='ocrx_word' id='word_1_102' title='bbox 786 1428 870 1477; x_wconf 88' lang='lat' dir='ltr'><strong>est</strong></span> <span class='ocrx_word' id='word_1_103' title='bbox 897 1422 1178 1493; x_wconf 85' lang='lat' dir='ltr'><strong>Dominus,</strong></span> <span class='ocrx_word' id='word_1_104' title='bbox 1210 1432 1264 1481; x_wconf 93' lang='lat' dir='ltr'><strong>et</strong></span> <span class='ocrx_word' id='word_1_105' title='bbox 1302 1441 1393 1481; x_wconf 81' lang='lat' dir='ltr'><strong>xvi</strong></span> <span class='ocrx_word' id='word_1_106' title='bbox 1426 1425 1633 1497; x_wconf 90' lang='lat' dir='ltr'><strong>lunam,</strong></span> <span class='ocrx_word' id='word_1_107' title='bbox 1665 1429 1824 1485; x_wconf 87' lang='lat' dir='ltr'><strong>simul</strong></span> <span class='ocrx_word' id='word_1_108' title='bbox 1870 1438 1927 1486; x_wconf 92' lang='lat' dir='ltr'><strong>et</strong></span> <span class='ocrx_word' id='word_1_109' title='bbox 1966 1448 2076 1488; x_wconf 88' lang='lat' dir='ltr'><strong>xvu</strong></span> 
     </span>
    </p>
   </div>
   <div class='ocr_carea' id='block_1_16' title="bbox 472 1507 2075 1581">
    <p class='ocr_par' dir='ltr' id='par_1_16' title="bbox 472 1507 2075 1581">
     <span class='ocr_line' id='line_1_16' title="bbox 472 1507 2075 1581; baseline 0.012 -19"><span class='ocrx_word' id='word_1_110' title='bbox 472 1507 676 1575; x_wconf 67' lang='lat' dir='ltr'><strong>lunam,</strong></span> <span class='ocrx_word' id='word_1_111' title='bbox 709 1512 926 1581; x_wconf 90' lang='lat' dir='ltr'><strong>quando</strong></span> <span class='ocrx_word' id='word_1_112' title='bbox 955 1515 1253 1572; x_wconf 82' lang='lat' dir='ltr'><strong>resurrexit</strong></span> <span class='ocrx_word' id='word_1_113' title='bbox 1286 1532 1317 1571; x_wconf 91' lang='lat' dir='ltr'><strong>a</strong></span> <span class='ocrx_word' id='word_1_114' title='bbox 1340 1520 1588 1576; x_wconf 88' lang='lat' dir='ltr'><strong>mortuis.</strong></span> <span class='ocrx_word' id='word_1_115' title='bbox 1614 1520 1691 1575; x_wconf 86' lang='lat' dir='ltr'><strong>lta</strong></span> <span class='ocrx_word' id='word_1_116' title='bbox 1714 1530 1775 1577; x_wconf 93' lang='lat' dir='ltr'><strong>ut</strong></span> <span class='ocrx_word' id='word_1_117' title='bbox 1794 1539 1962 1580; x_wconf 84' lang='lat' dir='ltr'><strong>xxvm</strong></span> <span class='ocrx_word' id='word_1_118' title='bbox 1986 1525 2075 1581; x_wconf 90' lang='lat' dir='ltr'><strong>die</strong></span> 
     </span>
    </p>
   </div>
   <div class='ocr_carea' id='block_1_17' title="bbox 472 1602 2077 1689">
    <p class='ocr_par' dir='ltr' id='par_1_17' title="bbox 472 1602 2077 1689">
     <span class='ocr_line' id='line_1_17' title="bbox 472 1602 2077 1689; baseline 0.011 -31"><span class='ocrx_word' id='word_1_119' title='bbox 472 1604 675 1659; x_wconf 87' lang='lat' dir='ltr'><strong>mensis</strong></span> <span class='ocrx_word' id='word_1_120' title='bbox 717 1602 1051 1676; x_wconf 88' lang='lat' dir='ltr'><strong>Pharmothi,</strong></span> <span class='ocrx_word' id='word_1_121' title='bbox 1079 1609 1172 1678; x_wconf 91' lang='lat' dir='ltr'><strong>qui</strong></span> <span class='ocrx_word' id='word_1_122' title='bbox 1199 1618 1285 1666; x_wconf 88' lang='lat' dir='ltr'><strong>est</strong></span> <span class='ocrx_word' id='word_1_123' title='bbox 1320 1626 1376 1666; x_wconf 81' lang='lat' dir='ltr'><strong>ix</strong></span> <span class='ocrx_word' id='word_1_124' title='bbox 1403 1612 1615 1669; x_wconf 89' lang='lat' dir='ltr'><strong>calend.</strong></span> <span class='ocrx_word' id='word_1_125' title='bbox 1655 1613 1800 1683; x_wconf 85' lang='lat' dir='ltr'><strong>Maii,</strong></span> <span class='ocrx_word' id='word_1_126' title='bbox 1847 1632 2077 1689; x_wconf 86' lang='lat' dir='ltr'><strong>vespere</strong></span> 
     </span>
    </p>
   </div>
   <div class='ocr_carea' id='block_1_18' title="bbox 468 1681 2071 1778">
    <p class='ocr_par' dir='ltr' id='par_1_18' title="bbox 468 1681 2071 1778">
     <span class='ocr_line' id='line_1_18' title="bbox 468 1681 2071 1778; baseline 0.009 -25"><span class='ocrx_word' id='word_1_127' title='bbox 468 1681 678 1753; x_wconf 57' lang='lat' dir='ltr'><strong>habbati</strong></span> <span class='ocrx_word' id='word_1_128' title='bbox 702 1697 910 1769; x_wconf 91' lang='lat' dir='ltr'><strong>jejunia</strong></span> <span class='ocrx_word' id='word_1_129' title='bbox 940 1716 1041 1771; x_wconf 93' lang='lat' dir='ltr'><strong>pro</strong></span> <span class='ocrx_word' id='word_1_130' title='bbox 1064 1716 1218 1758; x_wconf 92' lang='lat' dir='ltr'><strong>more</strong></span> <span class='ocrx_word' id='word_1_131' title='bbox 1248 1704 1545 1775; x_wconf 82' lang='lat' dir='ltr'><strong>solvamus,</strong></span> <span class='ocrx_word' id='word_1_132' title='bbox 1591 1715 1647 1762; x_wconf 91' lang='lat' dir='ltr'><strong>et</strong></span> <span class='ocrx_word' id='word_1_133' title='bbox 1691 1710 1937 1778; x_wconf 86' lang='lat' dir='ltr'><strong>sequenti</strong></span> <span class='ocrx_word' id='word_1_134' title='bbox 1970 1710 2071 1766; x_wconf 90' lang='lat' dir='ltr'><strong>do-</strong></span> 
     </span>
    </p>
   </div>
   <div class='ocr_carea' id='block_1_19' title="bbox 2180 507 3796 587">
    <p class='ocr_par' dir='ltr' id='par_1_19' title="bbox 2180 507 3796 587">
     <span class='ocr_line' id='line_1_19' title="bbox 2180 507 3796 587; baseline 0.011 -22"><span class='ocrx_word' id='word_1_135' title='bbox 2180 507 2349 565; x_wconf 88' lang='lat' dir='ltr'><strong>ctium</strong></span> <span class='ocrx_word' id='word_1_136' title='bbox 2383 523 2504 565; x_wconf 87' lang='lat' dir='ltr'><strong>esse</strong></span> <span class='ocrx_word' id='word_1_137' title='bbox 2550 511 2917 580; x_wconf 81' lang='lat' dir='ltr'><strong>cognoscitur.</strong></span> <span class='ocrx_word' id='word_1_138' title='bbox 2968 511 3073 569; x_wconf 91' lang='lat' dir='ltr'><strong>Sed</strong></span> <span class='ocrx_word' id='word_1_139' title='bbox 3123 530 3251 570; x_wconf 86' lang='lat' dir='ltr'><strong>non</strong></span> <span class='ocrx_word' id='word_1_140' title='bbox 3306 526 3538 587; x_wconf 84' lang='lat' dir='ltr'><strong>oportet</strong></span> <span class='ocrx_word' id='word_1_141' title='bbox 3595 522 3661 577; x_wconf 88' lang='lat' dir='ltr'><strong>ab</strong></span> <span class='ocrx_word' id='word_1_142' title='bbox 3706 525 3796 584; x_wconf 89' lang='lat' dir='ltr'><strong>hoc</strong></span> 
     </span>
    </p>
   </div>
   <div class='ocr_carea' id='block_1_20' title="bbox 2175 602 3797 682">
    <p class='ocr_par' dir='ltr' id='par_1_20' title="bbox 2175 602 3797 682">
     <span class='ocr_line' id='line_1_20' title="bbox 2175 602 3797 682; baseline 0.01 -24"><span class='ocrx_word' id='word_1_143' title='bbox 2175 602 2503 673; x_wconf 65' lang='lat' dir='ltr'><strong>atquinoctio</strong></span> <span class='ocrx_word' id='word_1_144' title='bbox 2546 604 2706 675; x_wconf 89' lang='lat' dir='ltr'><strong>primi</strong></span> <span class='ocrx_word' id='word_1_145' title='bbox 2751 606 2957 663; x_wconf 91' lang='lat' dir='ltr'><strong>mensis</strong></span> <span class='ocrx_word' id='word_1_146' title='bbox 3016 609 3345 673; x_wconf 87' lang='lat' dir='ltr'><strong>exordium,</strong></span> <span class='ocrx_word' id='word_1_147' title='bbox 3395 610 3559 682; x_wconf 86' lang='lat' dir='ltr'><strong>juxta</strong></span> <span class='ocrx_word' id='word_1_148' title='bbox 3605 630 3797 678; x_wconf 86' lang='lat' dir='ltr'><strong>cursum</strong></span> 
     </span>
    </p>
   </div>
   <div class='ocr_carea' id='block_1_21' title="bbox 2173 694 3797 774">
    <p class='ocr_par' dir='ltr' id='par_1_21' title="bbox 2173 694 3797 774">
     <span class='ocr_line' id='line_1_21' title="bbox 2173 694 3797 774; baseline 0.01 -23"><span class='ocrx_word' id='word_1_149' title='bbox 2173 694 2336 761; x_wconf 66' lang='lat' dir='ltr'><strong>lunae,</strong></span> <span class='ocrx_word' id='word_1_150' title='bbox 2366 712 2588 767; x_wconf 85' lang='lat' dir='ltr'><strong>prorsus</strong></span> <span class='ocrx_word' id='word_1_151' title='bbox 2616 696 2853 768; x_wconf 84' lang='lat' dir='ltr'><strong>afﬁgere.</strong></span> <span class='ocrx_word' id='word_1_152' title='bbox 2888 700 3143 770; x_wconf 85' lang='lat' dir='ltr'><strong>Alioquin</strong></span> <span class='ocrx_word' id='word_1_153' title='bbox 3178 718 3291 774; x_wconf 87' lang='lat' dir='ltr'><strong>per</strong></span> <span class='ocrx_word' id='word_1_154' title='bbox 3321 706 3517 761; x_wconf 86' lang='lat' dir='ltr'><strong>omnia</strong></span> <span class='ocrx_word' id='word_1_155' title='bbox 3550 709 3676 765; x_wconf 89' lang='lat' dir='ltr'><strong>solis</strong></span> <span class='ocrx_word' id='word_1_156' title='bbox 3709 714 3797 768; x_wconf 82' lang='lat' dir='ltr'><strong>cir-</strong></span> 
     </span>
    </p>
   </div>
   <div class='ocr_carea' id='block_1_22' title="bbox 2176 788 3797 875">
    <p class='ocr_par' dir='ltr' id='par_1_22' title="bbox 2176 788 3797 875">
     <span class='ocr_line' id='line_1_22' title="bbox 2176 788 3797 875; baseline 0.01 -30"><span class='ocrx_word' id='word_1_157' title='bbox 2176 788 2298 845; x_wconf 92' lang='lat' dir='ltr'><strong>culo</strong></span> <span class='ocrx_word' id='word_1_158' title='bbox 2319 790 2461 845; x_wconf 64' lang='lat' dir='ltr'><strong>luuas</strong></span> <span class='ocrx_word' id='word_1_159' title='bbox 2482 790 2757 848; x_wconf 86' lang='lat' dir='ltr'><strong>discursus</strong></span> <span class='ocrx_word' id='word_1_160' title='bbox 2776 792 3106 851; x_wconf 90' lang='lat' dir='ltr'><strong>concordare</strong></span> <span class='ocrx_word' id='word_1_161' title='bbox 3133 795 3451 852; x_wconf 85' lang='lat' dir='ltr'><strong>debuerat.</strong></span> <span class='ocrx_word' id='word_1_162' title='bbox 3477 795 3673 856; x_wconf 82' lang='lat' dir='ltr'><strong>Verum</strong></span> <span class='ocrx_word' id='word_1_163' title='bbox 3691 806 3797 875; x_wconf 85' lang='lat' dir='ltr'><strong>quia</strong></span> 
     </span>
    </p>
   </div>
   <div class='ocr_carea' id='block_1_23' title="bbox 2176 882 3797 961">
    <p class='ocr_par' dir='ltr' id='par_1_23' title="bbox 2176 882 3797 961">
     <span class='ocr_line' id='line_1_23' title="bbox 2176 882 3797 961; baseline 0.01 -25"><span class='ocrx_word' id='word_1_164' title='bbox 2176 882 2385 939; x_wconf 88' lang='lat' dir='ltr'><strong>cunctis</strong></span> <span class='ocrx_word' id='word_1_165' title='bbox 2407 882 2730 941; x_wconf 85' lang='lat' dir='ltr'><strong>habentibus</strong></span> <span class='ocrx_word' id='word_1_166' title='bbox 2757 884 3091 942; x_wconf 88' lang='lat' dir='ltr'><strong>intellectum</strong></span> <span class='ocrx_word' id='word_1_167' title='bbox 3118 897 3351 944; x_wconf 87' lang='lat' dir='ltr'><strong>certum</strong></span> <span class='ocrx_word' id='word_1_168' title='bbox 3384 899 3477 946; x_wconf 88' lang='lat' dir='ltr'><strong>est</strong></span> <span class='ocrx_word' id='word_1_169' title='bbox 3498 894 3641 961; x_wconf 90' lang='lat' dir='ltr'><strong>quod</strong></span> <span class='ocrx_word' id='word_1_170' title='bbox 3665 896 3797 952; x_wconf 89' lang='lat' dir='ltr'><strong>velo-</strong></span> 
     </span>
    </p>
   </div>
   <div class='ocr_carea' id='block_1_24' title="bbox 2176 976 3797 1045">
    <p class='ocr_par' dir='ltr' id='par_1_24' title="bbox 2176 976 3797 1045">
     <span class='ocr_line' id='line_1_24' title="bbox 2176 976 3797 1045; baseline 0.008 -13"><span class='ocrx_word' id='word_1_171' title='bbox 2176 976 2451 1033; x_wconf 89' lang='lat' dir='ltr'><strong>cissimum</strong></span> <span class='ocrx_word' id='word_1_172' title='bbox 2491 978 2631 1035; x_wconf 84' lang='lat' dir='ltr'><strong>lunae</strong></span> <span class='ocrx_word' id='word_1_173' title='bbox 2673 988 2881 1037; x_wconf 89' lang='lat' dir='ltr'><strong>motum</strong></span> <span class='ocrx_word' id='word_1_174' title='bbox 2912 996 3102 1038; x_wconf 91' lang='lat' dir='ltr'><strong>cursus</strong></span> <span class='ocrx_word' id='word_1_175' title='bbox 3148 982 3299 1039; x_wconf 90' lang='lat' dir='ltr'><strong>solis</strong></span> <span class='ocrx_word' id='word_1_176' title='bbox 3353 984 3588 1041; x_wconf 89' lang='lat' dir='ltr'><strong>minime</strong></span> <span class='ocrx_word' id='word_1_177' title='bbox 3626 1002 3797 1045; x_wconf 82' lang='lat' dir='ltr'><strong>conse-</strong></span> 
     </span>
    </p>
   </div>
   <div class='ocr_carea' id='block_1_25' title="bbox 2175 1068 3797 1148">
    <p class='ocr_par' dir='ltr' id='par_1_25' title="bbox 2175 1068 3797 1148">
     <span class='ocr_line' id='line_1_25' title="bbox 2175 1068 3797 1148; baseline 0.01 -27"><span class='ocrx_word' id='word_1_178' title='bbox 2175 1075 2408 1136; x_wconf 88' lang='lat' dir='ltr'><strong>quatur,</strong></span> <span class='ocrx_word' id='word_1_179' title='bbox 2434 1082 2533 1139; x_wconf 90' lang='lat' dir='ltr'><strong>age</strong></span> <span class='ocrx_word' id='word_1_180' title='bbox 2556 1068 2669 1139; x_wconf 90' lang='lat' dir='ltr'><strong>jam</strong></span> <span class='ocrx_word' id='word_1_181' title='bbox 2717 1086 2862 1126; x_wconf 91' lang='lat' dir='ltr'><strong>nunc</strong></span> <span class='ocrx_word' id='word_1_182' title='bbox 2895 1072 3149 1141; x_wconf 85' lang='lat' dir='ltr'><strong>breviter,</strong></span> <span class='ocrx_word' id='word_1_183' title='bbox 3189 1074 3320 1131; x_wconf 89' lang='lat' dir='ltr'><strong>Deo</strong></span> <span class='ocrx_word' id='word_1_184' title='bbox 3366 1085 3685 1148; x_wconf 71' lang='lat' dir='ltr'><strong>praestante,</strong></span> <span class='ocrx_word' id='word_1_185' title='bbox 3715 1083 3797 1137; x_wconf 84' lang='lat' dir='ltr'><strong>du-</strong></span> 
     </span>
    </p>
   </div>
   <div class='ocr_carea' id='block_1_26' title="bbox 2174 1157 3795 1234">
    <p class='ocr_par' dir='ltr' id='par_1_26' title="bbox 2174 1157 3795 1234">
     <span class='ocr_line' id='line_1_26' title="bbox 2174 1157 3795 1234; baseline 0.009 -19"><span class='ocrx_word' id='word_1_186' title='bbox 2174 1157 2297 1216; x_wconf 90' lang='lat' dir='ltr'><strong>bios</strong></span> <span class='ocrx_word' id='word_1_187' title='bbox 2339 1160 2690 1231; x_wconf 90' lang='lat' dir='ltr'><strong>instruamus,</strong></span> <span class='ocrx_word' id='word_1_188' title='bbox 2712 1163 2858 1233; x_wconf 90' lang='lat' dir='ltr'><strong>quod</strong></span> <span class='ocrx_word' id='word_1_189' title='bbox 2896 1165 2952 1220; x_wconf 89' lang='lat' dir='ltr'><strong>in</strong></span> <span class='ocrx_word' id='word_1_190' title='bbox 2996 1168 3311 1223; x_wconf 87' lang='lat' dir='ltr'><strong>secundum</strong></span> <span class='ocrx_word' id='word_1_191' title='bbox 3357 1185 3616 1226; x_wconf 88' lang='lat' dir='ltr'><strong>mensem</strong></span> <span class='ocrx_word' id='word_1_192' title='bbox 3664 1175 3795 1234; x_wconf 87' lang='lat' dir='ltr'><strong>nullo</strong></span> 
     </span>
    </p>
   </div>
   <div class='ocr_carea' id='block_1_27' title="bbox 2174 1250 3794 1334">
    <p class='ocr_par' dir='ltr' id='par_1_27' title="bbox 2174 1250 3794 1334">
     <span class='ocr_line' id='line_1_27' title="bbox 2174 1250 3794 1334; baseline 0.011 -28"><span class='ocrx_word' id='word_1_193' title='bbox 2174 1250 2340 1307; x_wconf 88' lang='lat' dir='ltr'><strong>modo</strong></span> <span class='ocrx_word' id='word_1_194' title='bbox 2366 1254 2636 1323; x_wconf 89' lang='lat' dir='ltr'><strong>possimus</strong></span> <span class='ocrx_word' id='word_1_195' title='bbox 2660 1255 2944 1312; x_wconf 89' lang='lat' dir='ltr'><strong>excedere.</strong></span> <span class='ocrx_word' id='word_1_196' title='bbox 2974 1256 3032 1313; x_wconf 93' lang='lat' dir='ltr'><strong>Si</strong></span> <span class='ocrx_word' id='word_1_197' title='bbox 3060 1260 3209 1315; x_wconf 90' lang='lat' dir='ltr'><strong>enim</strong></span> <span class='ocrx_word' id='word_1_198' title='bbox 3253 1260 3315 1315; x_wconf 89' lang='lat' dir='ltr'><strong>iu</strong></span> <span class='ocrx_word' id='word_1_199' title='bbox 3354 1263 3707 1334; x_wconf 62' lang='lat' dir='ltr'><strong>aequinoctio,</strong></span> <span class='ocrx_word' id='word_1_200' title='bbox 3746 1269 3794 1325; x_wconf 92' lang='lat' dir='ltr'><strong>id</strong></span> 
     </span>
    </p>
   </div>
   <div class='ocr_carea' id='block_1_28' title="bbox 2175 1346 3791 1430">
    <p class='ocr_par' dir='ltr' id='par_1_28' title="bbox 2175 1346 3791 1430">
     <span class='ocr_line' id='line_1_28' title="bbox 2175 1346 3791 1430; baseline 0.011 -31"><span class='ocrx_word' id='word_1_201' title='bbox 2175 1352 2261 1400; x_wconf 89' lang='lat' dir='ltr'><strong>est</strong></span> <span class='ocrx_word' id='word_1_202' title='bbox 2290 1361 2395 1401; x_wconf 88' lang='lat' dir='ltr'><strong>xxv</strong></span> <span class='ocrx_word' id='word_1_203' title='bbox 2427 1346 2516 1402; x_wconf 92' lang='lat' dir='ltr'><strong>die</strong></span> <span class='ocrx_word' id='word_1_204' title='bbox 2542 1348 2743 1405; x_wconf 90' lang='lat' dir='ltr'><strong>mensis</strong></span> <span class='ocrx_word' id='word_1_205' title='bbox 2765 1346 3125 1419; x_wconf 88' lang='lat' dir='ltr'><strong>Phamenoth,</strong></span> <span class='ocrx_word' id='word_1_206' title='bbox 3152 1354 3256 1425; x_wconf 92' lang='lat' dir='ltr'><strong>qui</strong></span> <span class='ocrx_word' id='word_1_207' title='bbox 3285 1363 3379 1410; x_wconf 88' lang='lat' dir='ltr'><strong>est</strong></span> <span class='ocrx_word' id='word_1_208' title='bbox 3411 1371 3491 1411; x_wconf 98' lang='lat' dir='ltr'><strong>xu</strong></span> <span class='ocrx_word' id='word_1_209' title='bbox 3523 1358 3627 1412; x_wconf 89' lang='lat' dir='ltr'><strong>cal.</strong></span> <span class='ocrx_word' id='word_1_210' title='bbox 3651 1357 3791 1430; x_wconf 81' lang='lat' dir='ltr'><strong>Apri-</strong></span> 
     </span>
    </p>
   </div>
   <div class='ocr_carea' id='block_1_29' title="bbox 2176 1434 3793 1523">
    <p class='ocr_par' dir='ltr' id='par_1_29' title="bbox 2176 1434 3793 1523">
     <span class='ocr_line' id='line_1_29' title="bbox 2176 1434 3793 1523; baseline 0.01 -33"><span class='ocrx_word' id='word_1_211' title='bbox 2176 1434 2261 1504; x_wconf 88' lang='lat' dir='ltr'><strong>lis,</strong></span> <span class='ocrx_word' id='word_1_212' title='bbox 2282 1436 2437 1507; x_wconf 86' lang='lat' dir='ltr'><strong>juxta</strong></span> <span class='ocrx_word' id='word_1_213' title='bbox 2459 1453 2676 1494; x_wconf 90' lang='lat' dir='ltr'><strong>cursum</strong></span> <span class='ocrx_word' id='word_1_214' title='bbox 2700 1440 2862 1510; x_wconf 74' lang='lat' dir='ltr'><strong>lunze,</strong></span> <span class='ocrx_word' id='word_1_215' title='bbox 2890 1444 3092 1500; x_wconf 87' lang='lat' dir='ltr'><strong>mensis</strong></span> <span class='ocrx_word' id='word_1_216' title='bbox 3112 1446 3793 1523; x_wconf 87' lang='lat' dir='ltr'><strong>constituereturinitium,</strong></span> 
     </span>
    </p>
   </div>
   <div class='ocr_carea' id='block_1_30' title="bbox 2176 1528 3791 1603">
    <p class='ocr_par' dir='ltr' id='par_1_30' title="bbox 2176 1528 3791 1603">
     <span class='ocr_line' id='line_1_30' title="bbox 2176 1528 3791 1603; baseline 0.011 -19"><span class='ocrx_word' id='word_1_217' title='bbox 2176 1528 2402 1586; x_wconf 85' lang='lat' dir='ltr'><strong>rationis</strong></span> <span class='ocrx_word' id='word_1_218' title='bbox 2422 1539 2566 1586; x_wconf 88' lang='lat' dir='ltr'><strong>esset</strong></span> <span class='ocrx_word' id='word_1_219' title='bbox 2592 1533 2803 1602; x_wconf 92' lang='lat' dir='ltr'><strong>opinari</strong></span> <span class='ocrx_word' id='word_1_220' title='bbox 2826 1536 3135 1603; x_wconf 90' lang='lat' dir='ltr'><strong>nonnullos,</strong></span> <span class='ocrx_word' id='word_1_221' title='bbox 3154 1537 3210 1594; x_wconf 93' lang='lat' dir='ltr'><strong>iu</strong></span> <span class='ocrx_word' id='word_1_222' title='bbox 3230 1540 3556 1596; x_wconf 90' lang='lat' dir='ltr'><strong>secundum</strong></span> <span class='ocrx_word' id='word_1_223' title='bbox 3576 1558 3791 1601; x_wconf 88' lang='lat' dir='ltr'><strong>mensem</strong></span> 
     </span>
    </p>
   </div>
   <div class='ocr_carea' id='block_1_31' title="bbox 2176 1625 3789 1707">
    <p class='ocr_par' dir='ltr' id='par_1_31' title="bbox 2176 1625 3789 1707">
     <span class='ocr_line' id='line_1_31' title="bbox 2176 1625 3789 1707; baseline 0.01 -31"><span class='ocrx_word' id='word_1_224' title='bbox 2176 1636 2278 1677; x_wconf 88' lang='lat' dir='ltr'><strong>nos</strong></span> <span class='ocrx_word' id='word_1_225' title='bbox 2304 1638 2464 1693; x_wconf 86' lang='lat' dir='ltr'><strong>posse</strong></span> <span class='ocrx_word' id='word_1_226' title='bbox 2484 1625 2759 1683; x_wconf 89' lang='lat' dir='ltr'><strong>recedere.</strong></span> <span class='ocrx_word' id='word_1_227' title='bbox 2785 1626 2937 1685; x_wconf 86' lang='lat' dir='ltr'><strong>Nunc</strong></span> <span class='ocrx_word' id='word_1_228' title='bbox 2961 1638 3159 1699; x_wconf 91' lang='lat' dir='ltr'><strong>autem,</strong></span> <span class='ocrx_word' id='word_1_229' title='bbox 3194 1633 3335 1703; x_wconf 86' lang='lat' dir='ltr'><strong>quia</strong></span> <span class='ocrx_word' id='word_1_230' title='bbox 3368 1650 3463 1689; x_wconf 80' lang='lat' dir='ltr'><strong>xiv</strong></span> <span class='ocrx_word' id='word_1_231' title='bbox 3495 1634 3622 1690; x_wconf 88' lang='lat' dir='ltr'><strong>luna</strong></span> <span class='ocrx_word' id='word_1_232' title='bbox 3652 1637 3789 1707; x_wconf 88' lang='lat' dir='ltr'><strong>primi</strong></span> 
     </span>
    </p>
   </div>
   <div class='ocr_carea' id='block_1_32' title="bbox 2178 1718 3790 1801">
    <p class='ocr_par' dir='ltr' id='par_1_32' title="bbox 2178 1718 3790 1801">
     <span class='ocr_line' id='line_1_32' title="bbox 2178 1718 3790 1801; baseline 0.012 -30"><span class='ocrx_word' id='word_1_233' title='bbox 2178 1718 2377 1774; x_wconf 89' lang='lat' dir='ltr'><strong>mensis</strong></span> <span class='ocrx_word' id='word_1_234' title='bbox 2395 1734 2495 1789; x_wconf 91' lang='lat' dir='ltr'><strong>per</strong></span> <span class='ocrx_word' id='word_1_235' title='bbox 2510 1731 2756 1778; x_wconf 86' lang='lat' dir='ltr'><strong>octavam</strong></span> <span class='ocrx_word' id='word_1_236' title='bbox 2781 1724 3151 1796; x_wconf 91' lang='lat' dir='ltr'><strong>iudictionem,</strong></span> <span class='ocrx_word' id='word_1_237' title='bbox 3176 1746 3310 1801; x_wconf 65' lang='lat' dir='ltr'><strong>quae</strong></span> <span class='ocrx_word' id='word_1_238' title='bbox 3334 1741 3580 1787; x_wconf 89' lang='lat' dir='ltr'><strong>ventura</strong></span> <span class='ocrx_word' id='word_1_239' title='bbox 3603 1742 3681 1789; x_wconf 90' lang='lat' dir='ltr'><strong>est</strong></span> <span class='ocrx_word' id='word_1_240' title='bbox 3700 1751 3790 1797; x_wconf 71' lang='grc' dir='ltr'>χιιι</span> 
     </span>
    </p>
   </div>
   <div class='ocr_carea' id='block_1_33' title="bbox 468 1786 3786 1894">
    <p class='ocr_par' dir='ltr' id='par_1_33' title="bbox 468 1786 3786 1894">
     <span class='ocr_line' id='line_1_33' title="bbox 468 1786 3786 1894; baseline 0.012 -53"><span class='ocrx_word' id='word_1_241' title='bbox 468 1786 687 1855; x_wconf 87' lang='lat' dir='ltr'><strong>minico,</strong></span> <span class='ocrx_word' id='word_1_242' title='bbox 719 1805 850 1845; x_wconf 81' lang='lat' dir='ltr'><strong>xxix</strong></span> <span class='ocrx_word' id='word_1_243' title='bbox 878 1791 968 1847; x_wconf 91' lang='lat' dir='ltr'><strong>die</strong></span> <span class='ocrx_word' id='word_1_244' title='bbox 989 1795 1194 1850; x_wconf 89' lang='lat' dir='ltr'><strong>mensis</strong></span> <span class='ocrx_word' id='word_1_245' title='bbox 1242 1795 1429 1894; x_wconf 71' lang='lat' dir='ltr'><strong>ipsius,</strong></span> <span class='ocrx_word' id='word_1_246' title='bbox 1481 1797 1573 1867; x_wconf 93' lang='lat' dir='ltr'><strong>qui</strong></span> <span class='ocrx_word' id='word_1_247' title='bbox 1621 1806 1706 1855; x_wconf 90' lang='lat' dir='ltr'><strong>est</strong></span> <span class='ocrx_word' id='word_1_248' title='bbox 1741 1815 1832 1856; x_wconf 81' lang='lat' dir='ltr'><strong>viu</strong></span> <span class='ocrx_word' id='word_1_249' title='bbox 1860 1802 2070 1859; x_wconf 89' lang='lat' dir='ltr'><strong>calend.</strong></span> <span class='ocrx_word' id='word_1_250' title='bbox 2102 1828 2154 1893; x_wconf 77' lang='grc' dir='ltr'>Β</span> <span class='ocrx_word' id='word_1_251' title='bbox 2178 1809 2265 1866; x_wconf 90' lang='lat' dir='ltr'><strong>die</strong></span> <span class='ocrx_word' id='word_1_252' title='bbox 2284 1813 2483 1870; x_wconf 89' lang='lat' dir='ltr'><strong>mensis</strong></span> <span class='ocrx_word' id='word_1_253' title='bbox 2501 1813 2848 1888; x_wconf 88' lang='lat' dir='ltr'><strong>Pharmothi,</strong></span> <span class='ocrx_word' id='word_1_254' title='bbox 2873 1821 2963 1890; x_wconf 92' lang='lat' dir='ltr'><strong>qui</strong></span> <span class='ocrx_word' id='word_1_255' title='bbox 2986 1830 3069 1878; x_wconf 90' lang='lat' dir='ltr'><strong>est</strong></span> <span class='ocrx_word' id='word_1_256' title='bbox 3090 1839 3159 1877; x_wconf 88' lang='lat' dir='ltr'><strong>xv</strong></span> <span class='ocrx_word' id='word_1_257' title='bbox 3192 1824 3307 1878; x_wconf 89' lang='lat' dir='ltr'><strong>cal.</strong></span> <span class='ocrx_word' id='word_1_258' title='bbox 3336 1824 3493 1891; x_wconf 88' lang='lat' dir='ltr'><strong>Maii,</strong></span> <span class='ocrx_word' id='word_1_259' title='bbox 3520 1826 3786 1894; x_wconf 86' lang='lat' dir='ltr'><strong>invenitur,</strong></span> 
     </span>
    </p>
   </div>
   <div class='ocr_carea' id='block_1_34' title="bbox 466 1873 1518 1953">
    <p class='ocr_par' dir='ltr' id='par_1_34' title="bbox 466 1873 1518 1953">
     <span class='ocr_line' id='line_1_34' title="bbox 466 1873 1518 1953; baseline 0.01 -21"><span class='ocrx_word' id='word_1_260' title='bbox 466 1876 617 1948; x_wconf 71' lang='lat' dir='ltr'><strong>Maii,</strong></span> <span class='ocrx_word' id='word_1_261' title='bbox 650 1880 848 1936; x_wconf 91' lang='lat' dir='ltr'><strong>festum</strong></span> <span class='ocrx_word' id='word_1_262' title='bbox 877 1884 1137 1953; x_wconf 90' lang='lat' dir='ltr'><strong>paschale</strong></span> <span class='ocrx_word' id='word_1_263' title='bbox 1157 1873 1518 1946; x_wconf 64' lang='lat' dir='ltr'><strong>celebremus.</strong></span> 
     </span>
    </p>
   </div>
   <div class='ocr_carea' id='block_1_35' title="bbox 541 1969 2075 2056">
    <p class='ocr_par' dir='ltr' id='par_1_35' title="bbox 541 1969 2075 2056">
     <span class='ocr_line' id='line_1_35' title="bbox 541 1969 2075 2056; baseline 0.014 -33"><span class='ocrx_word' id='word_1_264' title='bbox 541 1969 678 2025; x_wconf 87' lang='lat' dir='ltr'><strong>illud</strong></span> <span class='ocrx_word' id='word_1_265' title='bbox 700 1972 864 2027; x_wconf 90' lang='lat' dir='ltr'><strong>etiam</strong></span> <span class='ocrx_word' id='word_1_266' title='bbox 888 1976 1194 2033; x_wconf 87' lang='lat' dir='ltr'><strong>necessario</strong></span> <span class='ocrx_word' id='word_1_267' title='bbox 1224 1979 1380 2036; x_wconf 89' lang='lat' dir='ltr'><strong>vobis</strong></span> <span class='ocrx_word' id='word_1_268' title='bbox 1410 1980 1823 2052; x_wconf 90' lang='lat' dir='ltr'><strong>innotescimus,</strong></span> <span class='ocrx_word' id='word_1_269' title='bbox 1848 1988 1995 2056; x_wconf 91' lang='lat' dir='ltr'><strong>quod</strong></span> <span class='ocrx_word' id='word_1_270' title='bbox 2019 1988 2075 2044; x_wconf 91' lang='lat' dir='ltr'><strong>iu</strong></span> 
     </span>
    </p>
   </div>
   <div class='ocr_carea' id='block_1_36' title="bbox 468 2063 2073 2145">
    <p class='ocr_par' dir='ltr' id='par_1_36' title="bbox 468 2063 2073 2145">
     <span class='ocr_line' id='line_1_36' title="bbox 468 2063 2073 2145; baseline 0.013 -26"><span class='ocrx_word' id='word_1_271' title='bbox 468 2063 648 2119; x_wconf 82' lang='lat' dir='ltr'><strong>futuro</strong></span> <span class='ocrx_word' id='word_1_272' title='bbox 663 2074 686 2100; x_wconf 70' lang='grc'><strong><em>⁸</em></strong></span> <span class='ocrx_word' id='word_1_273' title='bbox 702 2080 843 2121; x_wconf 89' lang='lat' dir='ltr'><strong>anno</strong></span> <span class='ocrx_word' id='word_1_274' title='bbox 858 2082 1027 2124; x_wconf 69' lang='lat' dir='ltr'><strong>ccnxv</strong></span> <span class='ocrx_word' id='word_1_275' title='bbox 1039 2070 1106 2126; x_wconf 90' lang='lat' dir='ltr'><strong>ab</strong></span> <span class='ocrx_word' id='word_1_276' title='bbox 1121 2071 1350 2143; x_wconf 90' lang='lat' dir='ltr'><strong>imperio</strong></span> <span class='ocrx_word' id='word_1_277' title='bbox 1362 2073 1704 2145; x_wconf 89' lang='lat' dir='ltr'><strong>Diocletiani,</strong></span> <span class='ocrx_word' id='word_1_278' title='bbox 1721 2096 1812 2136; x_wconf 80' lang='lat' dir='ltr'><strong>xiv</strong></span> <span class='ocrx_word' id='word_1_279' title='bbox 1825 2080 1951 2137; x_wconf 90' lang='lat' dir='ltr'><strong>luna</strong></span> <span class='ocrx_word' id='word_1_280' title='bbox 1967 2100 2073 2139; x_wconf 89' lang='lat' dir='ltr'><strong>rur-</strong></span> 
     </span>
    </p>
   </div>
   <div class='ocr_carea' id='block_1_37' title="bbox 468 2163 2076 2244">
    <p class='ocr_par' dir='ltr' id='par_1_37' title="bbox 468 2163 2076 2244">
     <span class='ocr_line' id='line_1_37' title="bbox 468 2163 2076 2244; baseline 0.013 -32"><span class='ocrx_word' id='word_1_281' title='bbox 468 2169 561 2212; x_wconf 80' lang='lat' dir='ltr'><strong>sus</strong></span> <span class='ocrx_word' id='word_1_282' title='bbox 582 2168 924 2227; x_wconf 88' lang='lat' dir='ltr'><strong>occurrente,</strong></span> <span class='ocrx_word' id='word_1_283' title='bbox 938 2176 1066 2219; x_wconf 83' lang='lat' dir='ltr'><strong>xvui</strong></span> <span class='ocrx_word' id='word_1_284' title='bbox 1086 2163 1173 2219; x_wconf 91' lang='lat' dir='ltr'><strong>die</strong></span> <span class='ocrx_word' id='word_1_285' title='bbox 1198 2168 1397 2223; x_wconf 89' lang='lat' dir='ltr'><strong>mensis</strong></span> <span class='ocrx_word' id='word_1_286' title='bbox 1418 2165 1758 2240; x_wconf 88' lang='lat' dir='ltr'><strong>Pharmothi,</strong></span> <span class='ocrx_word' id='word_1_287' title='bbox 1772 2175 1864 2244; x_wconf 91' lang='lat' dir='ltr'><strong>qui</strong></span> <span class='ocrx_word' id='word_1_288' title='bbox 1882 2184 1964 2231; x_wconf 92' lang='lat' dir='ltr'><strong>est</strong></span> <span class='ocrx_word' id='word_1_289' title='bbox 1987 2194 2076 2234; x_wconf 80' lang='lat' dir='ltr'><strong>xw</strong></span> 
     </span>
    </p>
   </div>
   <div class='ocr_carea' id='block_1_38' title="bbox 468 2249 2074 2347">
    <p class='ocr_par' dir='ltr' id='par_1_38' title="bbox 468 2249 2074 2347">
     <span class='ocr_line' id='line_1_38' title="bbox 468 2249 2074 2347; baseline 0.016 -40"><span class='ocrx_word' id='word_1_290' title='bbox 468 2249 681 2309; x_wconf 86' lang='lat' dir='ltr'><strong>calend.</strong></span> <span class='ocrx_word' id='word_1_291' title='bbox 698 2252 847 2325; x_wconf 88' lang='lat' dir='ltr'><strong>Maii,</strong></span> <span class='ocrx_word' id='word_1_292' title='bbox 866 2254 1191 2318; x_wconf 87' lang='lat' dir='ltr'><strong>dominicum</strong></span> <span class='ocrx_word' id='word_1_293' title='bbox 1209 2258 1420 2322; x_wconf 84' lang='lat' dir='ltr'><strong>Pascha</strong></span> <span class='ocrx_word' id='word_1_294' title='bbox 1434 2280 1466 2323; x_wconf 73' lang='grc' dir='ltr'><strong>χ</strong></span> <span class='ocrx_word' id='word_1_295' title='bbox 1476 2281 1604 2324; x_wconf 82' lang='lat' dir='ltr'><strong>xvut</strong></span> <span class='ocrx_word' id='word_1_296' title='bbox 1616 2264 1644 2304; x_wconf 73' lang='grc' dir='ltr'>δ</span> <span class='ocrx_word' id='word_1_297' title='bbox 1657 2266 1745 2327; x_wconf 86' lang='lat' dir='ltr'><strong>die</strong></span> <span class='ocrx_word' id='word_1_298' title='bbox 1767 2271 2074 2347; x_wconf 72' lang='lat' dir='ltr'><strong>mensisjp—</strong></span> 
     </span>
    </p>
   </div>
   <div class='ocr_carea' id='block_1_39' title="bbox 469 2341 2072 2429">
    <p class='ocr_par' dir='ltr' id='par_1_39' title="bbox 469 2341 2072 2429">
     <span class='ocr_line' id='line_1_39' title="bbox 469 2341 2072 2429; baseline 0.016 -30"><span class='ocrx_word' id='word_1_299' title='bbox 469 2341 602 2410; x_wconf 74' lang='lat' dir='ltr'><strong>sius,</strong></span> <span class='ocrx_word' id='word_1_300' title='bbox 626 2346 719 2416; x_wconf 93' lang='lat' dir='ltr'><strong>qui</strong></span> <span class='ocrx_word' id='word_1_301' title='bbox 743 2357 827 2403; x_wconf 92' lang='lat' dir='ltr'><strong>est</strong></span> <span class='ocrx_word' id='word_1_302' title='bbox 847 2365 919 2404; x_wconf 90' lang='lat' dir='ltr'><strong>vu</strong></span> <span class='ocrx_word' id='word_1_303' title='bbox 946 2351 1048 2407; x_wconf 90' lang='lat' dir='ltr'><strong>cal.</strong></span> <span class='ocrx_word' id='word_1_304' title='bbox 1080 2352 1230 2424; x_wconf 85' lang='lat' dir='ltr'><strong>Maii,</strong></span> <span class='ocrx_word' id='word_1_305' title='bbox 1254 2356 1366 2414; x_wconf 88' lang='lat' dir='ltr'><strong>Deo</strong></span> <span class='ocrx_word' id='word_1_306' title='bbox 1388 2371 1676 2429; x_wconf 75' lang='lat' dir='ltr'><strong>praestante</strong></span> <span class='ocrx_word' id='word_1_307' title='bbox 1692 2341 2072 2425; x_wconf 75' lang='lat' dir='ltr'><strong>celebrabitur.</strong></span> 
     </span>
    </p>
   </div>
   <div class='ocr_carea' id='block_1_40' title="bbox 545 2436 2074 2531">
    <p class='ocr_par' dir='ltr' id='par_1_40' title="bbox 545 2436 2074 2531">
     <span class='ocr_line' id='line_1_40' title="bbox 545 2436 2074 2531; baseline 0.018 -38"><span class='ocrx_word' id='word_1_308' title='bbox 545 2436 652 2495; x_wconf 85' lang='lat' dir='ltr'><strong>Sed</strong></span> <span class='ocrx_word' id='word_1_309' title='bbox 681 2443 924 2499; x_wconf 89' lang='lat' dir='ltr'><strong>nonnulli</strong></span> <span class='ocrx_word' id='word_1_310' title='bbox 953 2446 1307 2507; x_wconf 86' lang='lat' dir='ltr'><strong>subtilitatem</strong></span> <span class='ocrx_word' id='word_1_311' title='bbox 1342 2456 1615 2523; x_wconf 89' lang='lat' dir='ltr'><strong>paschalis</strong></span> <span class='ocrx_word' id='word_1_312' title='bbox 1642 2464 1883 2531; x_wconf 88' lang='lat' dir='ltr'><strong>computi</strong></span> <span class='ocrx_word' id='word_1_313' title='bbox 1912 2462 2074 2521; x_wconf 82' lang='lat' dir='ltr'><strong>forsi—</strong></span> 
     </span>
    </p>
   </div>
   <div class='ocr_carea' id='block_1_41' title="bbox 469 2530 2075 2622">
    <p class='ocr_par' dir='ltr' id='par_1_41' title="bbox 469 2530 2075 2622">
     <span class='ocr_line' id='line_1_41' title="bbox 469 2530 2075 2622; baseline 0.019 -37"><span class='ocrx_word' id='word_1_314' title='bbox 469 2530 561 2586; x_wconf 79' lang='lat' dir='ltr'><strong>tan</strong></span> <span class='ocrx_word' id='word_1_315' title='bbox 590 2532 921 2605; x_wconf 79' lang='lat' dir='ltr'><strong>ignorantes,</strong></span> <span class='ocrx_word' id='word_1_316' title='bbox 960 2538 1200 2599; x_wconf 81' lang='lat' dir='ltr'><strong>Judaicis</strong></span> <span class='ocrx_word' id='word_1_317' title='bbox 1236 2545 1444 2603; x_wconf 90' lang='lat' dir='ltr'><strong>seducti</strong></span> <span class='ocrx_word' id='word_1_318' title='bbox 1485 2548 1701 2622; x_wconf 90' lang='lat' dir='ltr'><strong>fabulis,</strong></span> <span class='ocrx_word' id='word_1_319' title='bbox 1729 2530 2075 2615; x_wconf 66' lang='lat' dir='ltr'><strong>aestimabunt</strong></span> 
     </span>
    </p>
   </div>
   <div class='ocr_carea' id='block_1_42' title="bbox 471 2626 2071 2713">
    <p class='ocr_par' dir='ltr' id='par_1_42' title="bbox 471 2626 2071 2713">
     <span class='ocr_line' id='line_1_42' title="bbox 471 2626 2071 2713; baseline 0.019 -34"><span class='ocrx_word' id='word_1_320' title='bbox 471 2638 573 2681; x_wconf 85' lang='lat' dir='ltr'><strong>nos</strong></span> <span class='ocrx_word' id='word_1_321' title='bbox 613 2626 667 2681; x_wconf 92' lang='lat' dir='ltr'><strong>in</strong></span> <span class='ocrx_word' id='word_1_322' title='bbox 711 2632 1008 2689; x_wconf 91' lang='lat' dir='ltr'><strong>secundum</strong></span> <span class='ocrx_word' id='word_1_323' title='bbox 1038 2650 1279 2694; x_wconf 90' lang='lat' dir='ltr'><strong>mensem</strong></span> <span class='ocrx_word' id='word_1_324' title='bbox 1308 2642 1587 2713; x_wconf 90' lang='lat' dir='ltr'><strong>recedere,</strong></span> <span class='ocrx_word' id='word_1_325' title='bbox 1628 2646 1673 2702; x_wconf 91' lang='lat' dir='ltr'><strong>si</strong></span> <span class='ocrx_word' id='word_1_326' title='bbox 1722 2645 2071 2709; x_wconf 80' lang='lat' dir='ltr'><strong>festivitatem</strong></span> 
     </span>
    </p>
   </div>
   <div class='ocr_carea' id='block_1_43' title="bbox 477 2724 2073 2804">
    <p class='ocr_par' dir='ltr' id='par_1_43' title="bbox 477 2724 2073 2804">
     <span class='ocr_line' id='line_1_43' title="bbox 477 2724 2073 2804; baseline 0.018 -31"><span class='ocrx_word' id='word_1_327' title='bbox 477 2727 704 2777; x_wconf 84' lang='lat' dir='ltr'><strong>eatenus</strong></span> <span class='ocrx_word' id='word_1_328' title='bbox 734 2724 1032 2797; x_wconf 86' lang='lat' dir='ltr'><strong>exigamus,</strong></span> <span class='ocrx_word' id='word_1_329' title='bbox 1062 2731 1248 2788; x_wconf 91' lang='lat' dir='ltr'><strong>nescio</strong></span> <span class='ocrx_word' id='word_1_330' title='bbox 1276 2748 1499 2804; x_wconf 90' lang='lat' dir='ltr'><strong>prorsus</strong></span> <span class='ocrx_word' id='word_1_331' title='bbox 1525 2738 1666 2794; x_wconf 92' lang='lat' dir='ltr'><strong>unde</strong></span> <span class='ocrx_word' id='word_1_332' title='bbox 1695 2740 1802 2796; x_wconf 91' lang='lat' dir='ltr'><strong>hoc</strong></span> <span class='ocrx_word' id='word_1_333' title='bbox 1826 2758 2073 2801; x_wconf 88' lang='lat' dir='ltr'><strong>asseren-</strong></span> 
     </span>
    </p>
   </div>
   <div class='ocr_carea' id='block_1_44' title="bbox 472 2810 2073 2894">
    <p class='ocr_par' dir='ltr' id='par_1_44' title="bbox 472 2810 2073 2894">
     <span class='ocr_line' id='line_1_44' title="bbox 472 2810 2073 2894; baseline 0.019 -31"><span class='ocrx_word' id='word_1_334' title='bbox 472 2816 575 2865; x_wconf 88' lang='lat' dir='ltr'><strong>tes.</strong></span> <span class='ocrx_word' id='word_1_335' title='bbox 602 2810 737 2868; x_wconf 83' lang='lat' dir='ltr'><strong>Nam</strong></span> <span class='ocrx_word' id='word_1_336' title='bbox 761 2830 851 2870; x_wconf 80' lang='lat' dir='ltr'><strong>xiv</strong></span> <span class='ocrx_word' id='word_1_337' title='bbox 878 2817 1005 2873; x_wconf 92' lang='lat' dir='ltr'><strong>luna</strong></span> <span class='ocrx_word' id='word_1_338' title='bbox 1035 2820 1202 2891; x_wconf 91' lang='lat' dir='ltr'><strong>ipsius</strong></span> <span class='ocrx_word' id='word_1_339' title='bbox 1234 2826 1436 2882; x_wconf 81' lang='lat' dir='ltr'><strong>mensis</strong></span> <span class='ocrx_word' id='word_1_340' title='bbox 1476 2840 1795 2887; x_wconf 91' lang='lat' dir='ltr'><strong>occurrente</strong></span> <span class='ocrx_word' id='word_1_341' title='bbox 1837 2850 1947 2891; x_wconf 82' lang='grc' dir='ltr'>χχιι</span> <span class='ocrx_word' id='word_1_342' title='bbox 1985 2838 2073 2894; x_wconf 91' lang='lat' dir='ltr'><strong>die</strong></span> 
     </span>
    </p>
   </div>
   <div class='ocr_carea' id='block_1_45' title="bbox 469 2903 2069 2993">
    <p class='ocr_par' dir='ltr' id='par_1_45' title="bbox 469 2903 2069 2993">
     <span class='ocr_line' id='line_1_45' title="bbox 469 2903 2069 2993; baseline 0.018 -39"><span class='ocrx_word' id='word_1_343' title='bbox 469 2903 668 2957; x_wconf 83' lang='lat' dir='ltr'><strong>mensis</strong></span> <span class='ocrx_word' id='word_1_344' title='bbox 715 2903 1051 2977; x_wconf 89' lang='lat' dir='ltr'><strong>Pharmothi,</strong></span> <span class='ocrx_word' id='word_1_345' title='bbox 1082 2912 1174 2982; x_wconf 92' lang='lat' dir='ltr'><strong>qui</strong></span> <span class='ocrx_word' id='word_1_346' title='bbox 1216 2922 1299 2969; x_wconf 91' lang='lat' dir='ltr'><strong>est</strong></span> <span class='ocrx_word' id='word_1_347' title='bbox 1338 2932 1409 2971; x_wconf 91' lang='lat' dir='ltr'><strong>xv</strong></span> <span class='ocrx_word' id='word_1_348' title='bbox 1455 2918 1559 2974; x_wconf 87' lang='lat' dir='ltr'><strong>cal.</strong></span> <span class='ocrx_word' id='word_1_349' title='bbox 1600 2919 1749 2992; x_wconf 83' lang='lat' dir='ltr'><strong>Maii,</strong></span> <span class='ocrx_word' id='word_1_350' title='bbox 1792 2927 2069 2993; x_wconf 90' lang='lat' dir='ltr'><strong>quomodo</strong></span> 
     </span>
    </p>
   </div>
   <div class='ocr_carea' id='block_1_46' title="bbox 468 2994 2071 3079">
    <p class='ocr_par' dir='ltr' id='par_1_46' title="bbox 468 2994 2071 3079">
     <span class='ocr_line' id='line_1_46' title="bbox 468 2994 2071 3079; baseline 0.017 -31"><span class='ocrx_word' id='word_1_351' title='bbox 468 2994 744 3062; x_wconf 78' lang='lat' dir='ltr'><strong>querelam</strong></span> <span class='ocrx_word' id='word_1_352' title='bbox 795 2999 1211 3070; x_wconf 87' lang='lat' dir='ltr'><strong>sustinebimus,</strong></span> <span class='ocrx_word' id='word_1_353' title='bbox 1277 3008 1424 3079; x_wconf 93' lang='lat' dir='ltr'><strong>quod</strong></span> <span class='ocrx_word' id='word_1_354' title='bbox 1472 3010 1528 3066; x_wconf 92' lang='lat' dir='ltr'><strong>in</strong></span> <span class='ocrx_word' id='word_1_355' title='bbox 1586 3013 1826 3071; x_wconf 89' lang='lat' dir='ltr'><strong>secundo</strong></span> <span class='ocrx_word' id='word_1_356' title='bbox 1884 3034 2071 3075; x_wconf 88' lang='lat' dir='ltr'><strong>mense</strong></span> 
     </span>
    </p>
   </div>
   <div class='ocr_carea' id='block_1_47' title="bbox 468 3080 2069 3174">
    <p class='ocr_par' dir='ltr' id='par_1_47' title="bbox 468 3080 2069 3174">
     <span class='ocr_line' id='line_1_47' title="bbox 468 3080 2069 3174; baseline 0.019 -36"><span class='ocrx_word' id='word_1_357' title='bbox 468 3080 677 3141; x_wconf 85' lang='lat' dir='ltr'><strong>Pascha</strong></span> <span class='ocrx_word' id='word_1_358' title='bbox 715 3089 1090 3149; x_wconf 86' lang='lat' dir='ltr'><strong>celebremus?</strong></span> <span class='ocrx_word' id='word_1_359' title='bbox 1119 3094 1289 3154; x_wconf 63' lang='lat' dir='ltr'><strong>Judaei</strong></span> <span class='ocrx_word' id='word_1_360' title='bbox 1328 3116 1563 3172; x_wconf 92' lang='lat' dir='ltr'><strong>namque</strong></span> <span class='ocrx_word' id='word_1_361' title='bbox 1608 3105 1921 3174; x_wconf 85' lang='lat' dir='ltr'><strong>ignorantes</strong></span> <span class='ocrx_word' id='word_1_362' title='bbox 1962 3112 2069 3168; x_wconf 87' lang='lat' dir='ltr'><strong>Do-</strong></span> 
     </span>
    </p>
   </div>
   <div class='ocr_carea' id='block_1_48' title="bbox 466 3178 2878 3290">
    <p class='ocr_par' dir='ltr' id='par_1_48' title="bbox 466 3178 2878 3290">
     <span class='ocr_line' id='line_1_48' title="bbox 466 3178 2878 3290; baseline 0.019 -56"><span class='ocrx_word' id='word_1_363' title='bbox 466 3178 691 3247; x_wconf 77' lang='lat' dir='ltr'><strong>minum,</strong></span> <span class='ocrx_word' id='word_1_364' title='bbox 726 3190 936 3254; x_wconf 90' lang='lat' dir='ltr'><strong>tempus</strong></span> <span class='ocrx_word' id='word_1_365' title='bbox 977 3202 1195 3261; x_wconf 89' lang='lat' dir='ltr'><strong>quoque</strong></span> <span class='ocrx_word' id='word_1_366' title='bbox 1219 3189 1437 3249; x_wconf 66' lang='lat' dir='ltr'><strong>Pascha:</strong></span> <span class='ocrx_word' id='word_1_367' title='bbox 1465 3195 1735 3266; x_wconf 85' lang='lat' dir='ltr'><strong>ignorant.</strong></span> <span class='ocrx_word' id='word_1_368' title='bbox 1771 3199 1922 3258; x_wconf 86' lang='lat' dir='ltr'><strong>Unde</strong></span> <span class='ocrx_word' id='word_1_369' title='bbox 1962 3220 2064 3259; x_wconf 59' lang='grc' dir='ltr'><strong>ὅτε·</strong></span> <span class='ocrx_word' id='word_1_370' title='bbox 2094 3222 2141 3289; x_wconf 78' lang='lat' dir='ltr'>c</span> <span class='ocrx_word' id='word_1_371' title='bbox 2172 3213 2477 3270; x_wconf 86' lang='lat' dir='ltr'><strong>nullatenus</strong></span> <span class='ocrx_word' id='word_1_372' title='bbox 2507 3233 2878 3290; x_wconf 90' lang='lat' dir='ltr'><strong>excurramus,</strong></span> 
     </span>
    </p>
   </div>
   <div class='ocr_carea' id='block_1_49' title="bbox 465 3275 2066 3353">
    <p class='ocr_par' dir='ltr' id='par_1_49' title="bbox 465 3275 2066 3353">
     <span class='ocr_line' id='line_1_49' title="bbox 465 3275 2066 3353; baseline 0.016 -26"><span class='ocrx_word' id='word_1_373' title='bbox 465 3276 588 3342; x_wconf 86' lang='lat' dir='ltr'><strong>plus</strong></span> <span class='ocrx_word' id='word_1_374' title='bbox 616 3290 648 3329; x_wconf 88' lang='lat' dir='ltr'><strong>a</strong></span> <span class='ocrx_word' id='word_1_375' title='bbox 672 3275 848 3345; x_wconf 90' lang='lat' dir='ltr'><strong>primo</strong></span> <span class='ocrx_word' id='word_1_376' title='bbox 871 3294 1058 3337; x_wconf 92' lang='lat' dir='ltr'><strong>mense</strong></span> <span class='ocrx_word' id='word_1_377' title='bbox 1086 3284 1366 3353; x_wconf 88' lang='lat' dir='ltr'><strong>recedunt,</strong></span> <span class='ocrx_word' id='word_1_378' title='bbox 1402 3294 1458 3343; x_wconf 89' lang='lat' dir='ltr'><strong>et</strong></span> <span class='ocrx_word' id='word_1_379' title='bbox 1482 3288 1537 3344; x_wconf 91' lang='lat' dir='ltr'><strong>in</strong></span> <span class='ocrx_word' id='word_1_380' title='bbox 1562 3307 1635 3346; x_wconf 90' lang='lat' dir='ltr'><strong>xu</strong></span> <span class='ocrx_word' id='word_1_381' title='bbox 1656 3307 1842 3351; x_wconf 91' lang='lat' dir='ltr'><strong>mense</strong></span> <span class='ocrx_word' id='word_1_382' title='bbox 1858 3294 2066 3353; x_wconf 87' lang='lat' dir='ltr'><strong>Pascha</strong></span> 
     </span>
    </p>
   </div>
   <div class='ocr_carea' id='block_1_50' title="bbox 467 3366 2067 3447">
    <p class='ocr_par' dir='ltr' id='par_1_50' title="bbox 467 3366 2067 3447">
     <span class='ocr_line' id='line_1_50' title="bbox 467 3366 2067 3447; baseline 0.016 -26"><span class='ocrx_word' id='word_1_383' title='bbox 467 3366 746 3425; x_wconf 87' lang='lat' dir='ltr'><strong>celebrare</strong></span> <span class='ocrx_word' id='word_1_384' title='bbox 773 3385 834 3427; x_wconf 87' lang='lat' dir='ltr'><strong>se</strong></span> <span class='ocrx_word' id='word_1_385' title='bbox 860 3383 882 3410; x_wconf 71' lang='grc' dir='ltr'><em>ε</em></span> <span class='ocrx_word' id='word_1_386' title='bbox 906 3374 1246 3444; x_wconf 88' lang='lat' dir='ltr'><strong>aliquatenus</strong></span> <span class='ocrx_word' id='word_1_387' title='bbox 1271 3380 1619 3439; x_wconf 90' lang='lat' dir='ltr'><strong>arbitrantur.</strong></span> <span class='ocrx_word' id='word_1_388' title='bbox 1644 3384 1750 3442; x_wconf 88' lang='lat' dir='ltr'><strong>Sed</strong></span> <span class='ocrx_word' id='word_1_389' title='bbox 1770 3387 2067 3447; x_wconf 83' lang='lat' dir='ltr'><strong>beatissimi</strong></span> 
     </span>
    </p>
   </div>
   <div class='ocr_carea' id='block_1_51' title="bbox 465 3461 2067 3536">
    <p class='ocr_par' dir='ltr' id='par_1_51' title="bbox 465 3461 2067 3536">
     <span class='ocr_line' id='line_1_51' title="bbox 465 3461 2067 3536; baseline 0.018 -27"><span class='ocrx_word' id='word_1_390' title='bbox 465 3464 649 3528; x_wconf 85' lang='lat' dir='ltr'><strong>patres</strong></span> <span class='ocrx_word' id='word_1_391' title='bbox 675 3461 848 3515; x_wconf 82' lang='lat' dir='ltr'><strong>nostri</strong></span> <span class='ocrx_word' id='word_1_392' title='bbox 876 3463 1084 3535; x_wconf 86' lang='lat' dir='ltr'><strong>cyclum</strong></span> <span class='ocrx_word' id='word_1_393' title='bbox 1113 3466 1666 3531; x_wconf 91' lang='lat' dir='ltr'><strong>decemnovennalem</strong></span> <span class='ocrx_word' id='word_1_394' title='bbox 1712 3479 1911 3535; x_wconf 91' lang='lat' dir='ltr'><strong>certius</strong></span> <span class='ocrx_word' id='word_1_395' title='bbox 1949 3481 2067 3536; x_wconf 80' lang='lat' dir='ltr'><strong>alli-</strong></span> 
     </span>
    </p>
   </div>
   <div class='ocr_carea' id='block_1_52' title="bbox 366 3553 2065 3643">
    <p class='ocr_par' dir='ltr' id='par_1_52' title="bbox 366 3553 2065 3643">
     <span class='ocr_line' id='line_1_52' title="bbox 366 3553 2065 3643; baseline 0.019 -45"><span class='ocrx_word' id='word_1_396' title='bbox 366 3576 369 3583; x_wconf 70' lang='grc' dir='ltr'><strong>ι</strong></span> <span class='ocrx_word' id='word_1_397' title='bbox 466 3553 676 3618; x_wconf 88' lang='lat' dir='ltr'><strong>gentes,</strong></span> <span class='ocrx_word' id='word_1_398' title='bbox 704 3564 867 3620; x_wconf 89' lang='lat' dir='ltr'><strong>quem</strong></span> <span class='ocrx_word' id='word_1_399' title='bbox 890 3554 1082 3610; x_wconf 90' lang='lat' dir='ltr'><strong>violari</strong></span> <span class='ocrx_word' id='word_1_400' title='bbox 1128 3557 1463 3630; x_wconf 87' lang='lat' dir='ltr'><strong>impossibile</strong></span> <span class='ocrx_word' id='word_1_401' title='bbox 1510 3574 1610 3633; x_wconf 91' lang='lat' dir='ltr'><strong>est,</strong></span> <span class='ocrx_word' id='word_1_402' title='bbox 1644 3568 1792 3624; x_wconf 88' lang='lat' dir='ltr'><strong>velut</strong></span> <span class='ocrx_word' id='word_1_403' title='bbox 1831 3573 2065 3643; x_wconf 85' lang='lat' dir='ltr'><strong>crepidi-</strong></span> 
     </span>
    </p>
   </div>
   <div class='ocr_carea' id='block_1_53' title="bbox 466 3638 2064 3725">
    <p class='ocr_par' dir='ltr' id='par_1_53' title="bbox 466 3638 2064 3725">
     <span class='ocr_line' id='line_1_53' title="bbox 466 3638 2064 3725; baseline 0.019 -33"><span class='ocrx_word' id='word_1_404' title='bbox 466 3646 592 3694; x_wconf 86' lang='lat' dir='ltr'><strong>nem</strong></span> <span class='ocrx_word' id='word_1_405' title='bbox 623 3654 688 3696; x_wconf 91' lang='lat' dir='ltr'><strong>ac</strong></span> <span class='ocrx_word' id='word_1_406' title='bbox 714 3638 1141 3715; x_wconf 87' lang='lat' dir='ltr'><strong>fundamentum,</strong></span> <span class='ocrx_word' id='word_1_407' title='bbox 1177 3658 1233 3705; x_wconf 91' lang='lat' dir='ltr'><strong>et</strong></span> <span class='ocrx_word' id='word_1_408' title='bbox 1268 3653 1529 3725; x_wconf 85' lang='lat' dir='ltr'><strong>regulam,</strong></span> <span class='ocrx_word' id='word_1_409' title='bbox 1579 3650 1727 3716; x_wconf 90' lang='lat' dir='ltr'><strong>hunc</strong></span> <span class='ocrx_word' id='word_1_410' title='bbox 1771 3662 2064 3721; x_wconf 90' lang='lat' dir='ltr'><strong>decemno-</strong></span> 
     </span>
    </p>
   </div>
   <div class='ocr_carea' id='block_1_54' title="bbox 466 3732 2066 3822">
    <p class='ocr_par' dir='ltr' id='par_1_54' title="bbox 466 3732 2066 3822">
     <span class='ocr_line' id='line_1_54' title="bbox 466 3732 2066 3822; baseline 0.018 -37"><span class='ocrx_word' id='word_1_411' title='bbox 466 3732 753 3792; x_wconf 70' lang='lat' dir='ltr'><strong>vennalem</strong></span> <span class='ocrx_word' id='word_1_412' title='bbox 795 3746 1106 3809; x_wconf 90' lang='lat' dir='ltr'><strong>computum</strong></span> <span class='ocrx_word' id='word_1_413' title='bbox 1140 3749 1486 3803; x_wconf 88' lang='lat' dir='ltr'><strong>statuerunt:</strong></span> <span class='ocrx_word' id='word_1_414' title='bbox 1516 3765 1624 3806; x_wconf 90' lang='lat' dir='ltr'><strong>non</strong></span> <span class='ocrx_word' id='word_1_415' title='bbox 1654 3751 1810 3822; x_wconf 86' lang='lat' dir='ltr'><strong>juxta</strong></span> <span class='ocrx_word' id='word_1_416' title='bbox 1852 3754 2066 3815; x_wconf 74' lang='grc' dir='ltr'><strong>1υάωο-</strong></span> 
     </span>
    </p>
   </div>
   <div class='ocr_carea' id='block_1_55' title="bbox 465 3826 2062 3920">
    <p class='ocr_par' dir='ltr' id='par_1_55' title="bbox 465 3826 2062 3920">
     <span class='ocr_line' id='line_1_55' title="bbox 465 3826 2062 3920; baseline 0.019 -44"><span class='ocrx_word' id='word_1_417' title='bbox 465 3834 583 3878; x_wconf 89' lang='lat' dir='ltr'><strong>rum</strong></span> <span class='ocrx_word' id='word_1_418' title='bbox 613 3826 1023 3887; x_wconf 90' lang='lat' dir='ltr'><strong>nuncindoctas</strong></span> <span class='ocrx_word' id='word_1_419' title='bbox 1069 3842 1231 3904; x_wconf 88' lang='lat' dir='ltr'><strong>atque</strong></span> <span class='ocrx_word' id='word_1_420' title='bbox 1270 3836 1482 3909; x_wconf 91' lang='lat' dir='ltr'><strong>ineptas</strong></span> <span class='ocrx_word' id='word_1_421' title='bbox 1522 3843 1763 3901; x_wconf 88' lang='lat' dir='ltr'><strong>actiones</strong></span> <span class='ocrx_word' id='word_1_422' title='bbox 1792 3845 1850 3915; x_wconf 76' lang='lat' dir='ltr'><strong>d;</strong></span> <span class='ocrx_word' id='word_1_423' title='bbox 1884 3864 2062 3920; x_wconf 89' lang='lat' dir='ltr'><strong>neque</strong></span> 
     </span>
    </p>
   </div>
   <div class='ocr_carea' id='block_1_56' title="bbox 466 3917 2061 4012">
    <p class='ocr_par' dir='ltr' id='par_1_56' title="bbox 466 3917 2061 4012">
     <span class='ocr_line' id='line_1_56' title="bbox 466 3917 2061 4012; baseline 0.019 -41"><span class='ocrx_word' id='word_1_424' title='bbox 466 3917 763 3974; x_wconf 73' lang='lat' dir='ltr'><strong>secundum</strong></span> <span class='ocrx_word' id='word_1_425' title='bbox 802 3930 1115 3982; x_wconf 86' lang='lat' dir='ltr'><strong>exterorum</strong></span> <span class='ocrx_word' id='word_1_426' title='bbox 1153 3930 1453 4000; x_wconf 89' lang='lat' dir='ltr'><strong>putativam</strong></span> <span class='ocrx_word' id='word_1_427' title='bbox 1498 3934 1785 4010; x_wconf 79' lang='lat' dir='ltr'><strong>fictamque</strong></span> <span class='ocrx_word' id='word_1_428' title='bbox 1825 3917 2061 4012; x_wconf 79' lang='lat' dir='ltr'><strong>pruden-</strong></span> 
     </span>
    </p>
   </div>
   <div class='ocr_carea' id='block_1_57' title="bbox 469 4015 2061 4114">
    <p class='ocr_par' dir='ltr' id='par_1_57' title="bbox 469 4015 2061 4114">
     <span class='ocr_line' id='line_1_57' title="bbox 469 4015 2061 4114; baseline 0.02 -45"><span class='ocrx_word' id='word_1_429' title='bbox 469 4015 615 4085; x_wconf 87' lang='lat' dir='ltr'><strong>liam,</strong></span> <span class='ocrx_word' id='word_1_430' title='bbox 645 4019 738 4075; x_wconf 91' lang='lat' dir='ltr'><strong>sed</strong></span> <span class='ocrx_word' id='word_1_431' title='bbox 765 4023 1060 4081; x_wconf 90' lang='lat' dir='ltr'><strong>secundum</strong></span> <span class='ocrx_word' id='word_1_432' title='bbox 1076 4037 1100 4066; x_wconf 73' lang='grc' dir='ltr'><strong>ο</strong></span> <span class='ocrx_word' id='word_1_433' title='bbox 1121 4031 1351 4100; x_wconf 88' lang='lat' dir='ltr'><strong>gratiam</strong></span> <span class='ocrx_word' id='word_1_434' title='bbox 1370 4033 1601 4106; x_wconf 91' lang='lat' dir='ltr'><strong>Spiritus</strong></span> <span class='ocrx_word' id='word_1_435' title='bbox 1616 4041 1786 4096; x_wconf 86' lang='lat' dir='ltr'><strong>sancti</strong></span> <span class='ocrx_word' id='word_1_436' title='bbox 1807 4041 2061 4114; x_wconf 84' lang='lat' dir='ltr'><strong>instituti,</strong></span> 
     </span>
    </p>
   </div>
   <div class='ocr_carea' id='block_1_58' title="bbox 462 4106 2059 4192">
    <p class='ocr_par' dir='ltr' id='par_1_58' title="bbox 462 4106 2059 4192">
     <span class='ocr_line' id='line_1_58' title="bbox 462 4106 2059 4192; baseline 0.018 -27"><span class='ocrx_word' id='word_1_437' title='bbox 462 4106 519 4165; x_wconf 80' lang='lat' dir='ltr'><strong>in</strong></span> <span class='ocrx_word' id='word_1_438' title='bbox 545 4112 884 4171; x_wconf 87' lang='lat' dir='ltr'><strong>revolutione</strong></span> <span class='ocrx_word' id='word_1_439' title='bbox 911 4132 1056 4190; x_wconf 72' lang='lat' dir='ltr'><strong>saepe</strong></span> <span class='ocrx_word' id='word_1_440' title='bbox 1089 4127 1374 4181; x_wconf 88' lang='lat' dir='ltr'><strong>memorati</strong></span> <span class='ocrx_word' id='word_1_441' title='bbox 1405 4127 1911 4191; x_wconf 87' lang='lat' dir='ltr'><strong>decemnovennalis</strong></span> <span class='ocrx_word' id='word_1_442' title='bbox 1951 4137 2059 4192; x_wconf 92' lang='lat' dir='ltr'><strong>cir-</strong></span> 
     </span>
    </p>
   </div>
   <div class='ocr_carea' id='block_1_59' title="bbox 461 4201 2062 4296">
    <p class='ocr_par' dir='ltr' id='par_1_59' title="bbox 461 4201 2062 4296">
     <span class='ocr_line' id='line_1_59' title="bbox 461 4201 2062 4296; baseline 0.018 -38"><span class='ocrx_word' id='word_1_443' title='bbox 461 4201 571 4258; x_wconf 88' lang='lat' dir='ltr'><strong>culi</strong></span> <span class='ocrx_word' id='word_1_444' title='bbox 599 4204 838 4264; x_wconf 91' lang='lat' dir='ltr'><strong>decimas</strong></span> <span class='ocrx_word' id='word_1_445' title='bbox 864 4219 1086 4281; x_wconf 88' lang='lat' dir='ltr'><strong>quartas</strong></span> <span class='ocrx_word' id='word_1_446' title='bbox 1123 4217 1405 4287; x_wconf 87' lang='lat' dir='ltr'><strong>paschales</strong></span> <span class='ocrx_word' id='word_1_447' title='bbox 1442 4220 1597 4280; x_wconf 89' lang='lat' dir='ltr'><strong>lunas</strong></span> <span class='ocrx_word' id='word_1_448' title='bbox 1627 4224 1933 4296; x_wconf 86' lang='lat' dir='ltr'><strong>diligentius</strong></span> <span class='ocrx_word' id='word_1_449' title='bbox 1963 4230 2062 4286; x_wconf 89' lang='lat' dir='ltr'><strong>ad-</strong></span> 
     </span>
    </p>
   </div>
   <div class='ocr_carea' id='block_1_60' title="bbox 460 4301 737 4354">
    <p class='ocr_par' dir='ltr' id='par_1_60' title="bbox 460 4301 737 4354">
     <span class='ocr_line' id='line_1_60' title="bbox 460 4301 737 4354; baseline 0.022 -6"><span class='ocrx_word' id='word_1_450' title='bbox 460 4301 737 4354; x_wconf 76' lang='lat' dir='ltr'><strong>tmtarunt.</strong></span> 
     </span>
    </p>
   </div>
   <div class='ocr_carea' id='block_1_61' title="bbox 533 4383 2057 4482">
    <p class='ocr_par' dir='ltr' id='par_1_61' title="bbox 533 4383 2057 4482">
     <span class='ocr_line' id='line_1_61' title="bbox 533 4383 2057 4482; baseline 0.022 -42"><span class='ocrx_word' id='word_1_451' title='bbox 533 4383 631 4442; x_wconf 85' lang='lat' dir='ltr'><strong>His</strong></span> <span class='ocrx_word' id='word_1_452' title='bbox 656 4388 839 4460; x_wconf 89' lang='lat' dir='ltr'><strong>itaque</strong></span> <span class='ocrx_word' id='word_1_453' title='bbox 863 4394 1149 4468; x_wconf 90' lang='lat' dir='ltr'><strong>confectis,</strong></span> <span class='ocrx_word' id='word_1_454' title='bbox 1171 4399 1304 4458; x_wconf 90' lang='lat' dir='ltr'><strong>illud</strong></span> <span class='ocrx_word' id='word_1_455' title='bbox 1329 4405 1492 4462; x_wconf 90' lang='lat' dir='ltr'><strong>etiam</strong></span> <span class='ocrx_word' id='word_1_456' title='bbox 1514 4417 1732 4479; x_wconf 88' lang='lat' dir='ltr'><strong>oportet</strong></span> <span class='ocrx_word' id='word_1_457' title='bbox 1756 4414 2057 4482; x_wconf 87' lang='lat' dir='ltr'><strong>attendere,</strong></span> 
     </span>
    </p>
   </div>
   <div class='ocr_carea' id='block_1_62' title="bbox 460 4476 2061 4565">
    <p class='ocr_par' dir='ltr' id='par_1_62' title="bbox 460 4476 2061 4565">
     <span class='ocr_line' id='line_1_62' title="bbox 460 4476 2061 4565; baseline 0.022 -36"><span class='ocrx_word' id='word_1_458' title='bbox 460 4476 605 4546; x_wconf 88' lang='lat' dir='ltr'><strong>quod</strong></span> <span class='ocrx_word' id='word_1_459' title='bbox 633 4490 818 4536; x_wconf 88' lang='lat' dir='ltr'><strong>errent</strong></span> <span class='ocrx_word' id='word_1_460' title='bbox 840 4484 1062 4541; x_wconf 90' lang='lat' dir='ltr'><strong>nimium</strong></span> <span class='ocrx_word' id='word_1_461' title='bbox 1089 4490 1180 4559; x_wconf 92' lang='lat' dir='ltr'><strong>qui</strong></span> <span class='ocrx_word' id='word_1_462' title='bbox 1202 4493 1359 4562; x_wconf 89' lang='lat' dir='ltr'><strong>primi</strong></span> <span class='ocrx_word' id='word_1_463' title='bbox 1386 4502 1587 4555; x_wconf 89' lang='lat' dir='ltr'><strong>mensis</strong></span> <span class='ocrx_word' id='word_1_464' title='bbox 1616 4501 1828 4558; x_wconf 91' lang='lat' dir='ltr'><strong>initium</strong></span> <span class='ocrx_word' id='word_1_465' title='bbox 1856 4506 2061 4565; x_wconf 90' lang='lat' dir='ltr'><strong>lunaris</strong></span> 
     </span>
    </p>
   </div>
   <div class='ocr_carea' id='block_1_63' title="bbox 460 4572 2057 4661">
    <p class='ocr_par' dir='ltr' id='par_1_63' title="bbox 460 4572 2057 4661">
     <span class='ocr_line' id='line_1_63' title="bbox 460 4572 2057 4661; baseline 0.021 -41"><span class='ocrx_word' id='word_1_466' title='bbox 460 4581 651 4624; x_wconf 78' lang='lat' dir='ltr'><strong>cursus</strong></span> <span class='ocrx_word' id='word_1_467' title='bbox 671 4584 702 4624; x_wconf 88' lang='lat' dir='ltr'><strong>a</strong></span> <span class='ocrx_word' id='word_1_468' title='bbox 718 4586 824 4626; x_wconf 88' lang='lat' dir='ltr'><strong>xxv</strong></span> <span class='ocrx_word' id='word_1_469' title='bbox 840 4572 927 4630; x_wconf 90' lang='lat' dir='ltr'><strong>die</strong></span> <span class='ocrx_word' id='word_1_470' title='bbox 948 4579 1149 4636; x_wconf 88' lang='lat' dir='ltr'><strong>mensis</strong></span> <span class='ocrx_word' id='word_1_471' title='bbox 1165 4579 1522 4657; x_wconf 89' lang='lat' dir='ltr'><strong>Phamenoth,</strong></span> <span class='ocrx_word' id='word_1_472' title='bbox 1537 4591 1630 4661; x_wconf 87' lang='lat' dir='ltr'><strong>qui</strong></span> <span class='ocrx_word' id='word_1_473' title='bbox 1646 4602 1728 4647; x_wconf 89' lang='lat' dir='ltr'><strong>est</strong></span> <span class='ocrx_word' id='word_1_474' title='bbox 1750 4610 1823 4649; x_wconf 89' lang='lat' dir='ltr'><strong>xu</strong></span> <span class='ocrx_word' id='word_1_475' title='bbox 1845 4596 2057 4653; x_wconf 88' lang='lat' dir='ltr'><strong>calend.</strong></span> 
     </span>
    </p>
   </div>
   <div class='ocr_carea' id='block_1_64' title="bbox 461 4657 2059 4753">
    <p class='ocr_par' dir='ltr' id='par_1_64' title="bbox 461 4657 2059 4753">
     <span class='ocr_line' id='line_1_64' title="bbox 461 4657 2059 4753; baseline 0.021 -40"><span class='ocrx_word' id='word_1_476' title='bbox 461 4657 682 4730; x_wconf 77' lang='lat' dir='ltr'><strong>Aprilis,</strong></span> <span class='ocrx_word' id='word_1_477' title='bbox 711 4667 933 4725; x_wconf 93' lang='lat' dir='ltr'><strong>omnino</strong></span> <span class='ocrx_word' id='word_1_478' title='bbox 958 4685 1078 4729; x_wconf 89' lang='lat' dir='ltr'><strong>esse</strong></span> <span class='ocrx_word' id='word_1_479' title='bbox 1102 4679 1475 4737; x_wconf 89' lang='lat' dir='ltr'><strong>constituunt:</strong></span> <span class='ocrx_word' id='word_1_480' title='bbox 1510 4697 1577 4738; x_wconf 92' lang='lat' dir='ltr'><strong>eo</strong></span> <span class='ocrx_word' id='word_1_481' title='bbox 1622 4686 1765 4753; x_wconf 90' lang='lat' dir='ltr'><strong>quod</strong></span> <span class='ocrx_word' id='word_1_482' title='bbox 1799 4695 1927 4745; x_wconf 92' lang='lat' dir='ltr'><strong>tunc</strong></span> <span class='ocrx_word' id='word_1_483' title='bbox 1955 4689 2059 4746; x_wconf 92' lang='lat' dir='ltr'><strong>ini-</strong></span> 
     </span>
    </p>
   </div>
   <div class='ocr_carea' id='block_1_65' title="bbox 462 4751 2055 4842">
    <p class='ocr_par' dir='ltr' id='par_1_65' title="bbox 462 4751 2055 4842">
     <span class='ocr_line' id='line_1_65' title="bbox 462 4751 2055 4842; baseline 0.021 -37"><span class='ocrx_word' id='word_1_484' title='bbox 462 4751 595 4808; x_wconf 91' lang='lat' dir='ltr'><strong>tium</strong></span> <span class='ocrx_word' id='word_1_485' title='bbox 622 4757 777 4814; x_wconf 89' lang='lat' dir='ltr'><strong>verni</strong></span> <span class='ocrx_word' id='word_1_486' title='bbox 807 4765 1083 4833; x_wconf 88' lang='lat' dir='ltr'><strong>temporis,</strong></span> <span class='ocrx_word' id='word_1_487' title='bbox 1117 4767 1185 4824; x_wconf 92' lang='lat' dir='ltr'><strong>ab</strong></span> <span class='ocrx_word' id='word_1_488' title='bbox 1208 4769 1291 4825; x_wconf 90' lang='lat' dir='ltr'><strong>his</strong></span> <span class='ocrx_word' id='word_1_489' title='bbox 1316 4772 1409 4842; x_wconf 94' lang='lat' dir='ltr'><strong>qui</strong></span> <span class='ocrx_word' id='word_1_490' title='bbox 1449 4772 1556 4828; x_wconf 92' lang='lat' dir='ltr'><strong>hoc</strong></span> <span class='ocrx_word' id='word_1_491' title='bbox 1594 4776 1838 4833; x_wconf 89' lang='lat' dir='ltr'><strong>invenire</strong></span> <span class='ocrx_word' id='word_1_492' title='bbox 1868 4780 2055 4839; x_wconf 82' lang='lat' dir='ltr'><strong>value-</strong></span> 
     </span>
    </p>
   </div>
   <div class='ocr_carea' id='block_1_66' title="bbox 459 4853 2059 4943">
    <p class='ocr_par' dir='ltr' id='par_1_66' title="bbox 459 4853 2059 4943">
     <span class='ocr_line' id='line_1_66' title="bbox 459 4853 2059 4943; baseline 0.021 -44"><span class='ocrx_word' id='word_1_493' title='bbox 459 4853 587 4901; x_wconf 91' lang='lat' dir='ltr'><strong>runt</strong></span> <span class='ocrx_word' id='word_1_494' title='bbox 611 4862 733 4905; x_wconf 90' lang='lat' dir='ltr'><strong>cum</strong></span> <span class='ocrx_word' id='word_1_495' title='bbox 763 4854 910 4909; x_wconf 90' lang='lat' dir='ltr'><strong>omni</strong></span> <span class='ocrx_word' id='word_1_496' title='bbox 934 4854 1206 4927; x_wconf 89' lang='lat' dir='ltr'><strong>diligentia</strong></span> <span class='ocrx_word' id='word_1_497' title='bbox 1244 4862 1522 4932; x_wconf 68' lang='lat' dir='ltr'><strong>praefixum</strong></span> <span class='ocrx_word' id='word_1_498' title='bbox 1552 4881 1670 4923; x_wconf 88' lang='lat' dir='ltr'><strong>esse</strong></span> <span class='ocrx_word' id='word_1_499' title='bbox 1712 4869 1975 4943; x_wconf 90' lang='lat' dir='ltr'><strong>videatur,</strong></span> <span class='ocrx_word' id='word_1_500' title='bbox 2003 4885 2059 4932; x_wconf 90' lang='lat' dir='ltr'><strong>et</strong></span> 
     </span>
    </p>
   </div>
   <div class='ocr_carea' id='block_1_67' title="bbox 458 4939 2054 5033">
    <p class='ocr_par' dir='ltr' id='par_1_67' title="bbox 458 4939 2054 5033">
     <span class='ocr_line' id='line_1_67' title="bbox 458 4939 2054 5033; baseline 0.02 -39"><span class='ocrx_word' id='word_1_501' title='bbox 458 4939 744 5000; x_wconf 78' lang='lat' dir='ltr'><strong>manifeste</strong></span> <span class='ocrx_word' id='word_1_502' title='bbox 772 4946 989 5018; x_wconf 90' lang='lat' dir='ltr'><strong>quidem</strong></span> <span class='ocrx_word' id='word_1_503' title='bbox 1016 4953 1313 5011; x_wconf 88' lang='lat' dir='ltr'><strong>secundum</strong></span> <span class='ocrx_word' id='word_1_504' title='bbox 1352 4971 1569 5013; x_wconf 87' lang='lat' dir='ltr'><strong>cursum</strong></span> <span class='ocrx_word' id='word_1_505' title='bbox 1608 4960 1762 5033; x_wconf 90' lang='lat' dir='ltr'><strong>solis,</strong></span> <span class='ocrx_word' id='word_1_506' title='bbox 1814 4981 1920 5023; x_wconf 87' lang='lat' dir='ltr'><strong>xxv</strong></span> <span class='ocrx_word' id='word_1_507' title='bbox 1966 4969 2054 5027; x_wconf 91' lang='lat' dir='ltr'><strong>die</strong></span> 
     </span>
    </p>
   </div>
   <div class='ocr_carea' id='block_1_68' title="bbox 493 5122 2041 5230">
    <p class='ocr_par' dir='ltr' id='par_1_68' title="bbox 493 5122 2041 5230">
     <span class='ocr_line' id='line_1_68' title="bbox 493 5122 2041 5230; baseline 0.016 -44"><span class='ocrx_word' id='word_1_508' title='bbox 493 5192 505 5203; x_wconf 40' lang='grc' dir='ltr'><strong>ο</strong></span> <span class='ocrx_word' id='word_1_509' title='bbox 530 5130 557 5160; x_wconf 80' lang='grc'><strong><em>⁸</em></strong></span> <span class='ocrx_word' id='word_1_510' title='bbox 589 5122 630 5177; x_wconf 89' lang='grc' dir='ltr'><strong>Β</strong></span> <span class='ocrx_word' id='word_1_511' title='bbox 675 5128 1051 5230; x_wconf 53' lang='grc' dir='ltr'>ςοιτίεείξιμιιηι</span> <span class='ocrx_word' id='word_1_512' title='bbox 1080 5152 1092 5188; x_wconf 93' lang='lat'><strong>:</strong></span> <span class='ocrx_word' id='word_1_513' title='bbox 1109 5146 1173 5230; x_wconf 42' lang='lat' dir='ltr'><strong>rei:</strong></span> <span class='ocrx_word' id='word_1_514' title='bbox 1206 5139 1259 5221; x_wconf 66' lang='lat' dir='ltr'><strong>in</strong></span> <span class='ocrx_word' id='word_1_515' title='bbox 1290 5142 1478 5224; x_wconf 73' lang='lat' dir='ltr'><strong>futuro</strong></span> <span class='ocrx_word' id='word_1_516' title='bbox 1498 5151 1776 5207; x_wconf 82' lang='lat' dir='ltr'><strong>centesimo</strong></span> <span class='ocrx_word' id='word_1_517' title='bbox 1808 5170 2041 5230; x_wconf 70' lang='lat' dir='ltr'><strong>nonage-</strong></span> 
     </span>
     <span class='ocr_line' id='line_1_69' title="bbox 493 5208 1611 5230; baseline 0 0"><span class='ocrx_word' id='word_1_518' title='bbox 493 5208 588 5230; x_wconf 77' lang='grc' dir='ltr'><strong>Ιηιη</strong></span> <span class='ocrx_word' id='word_1_519' title='bbox 618 5212 676 5230; x_wconf 68' lang='grc' dir='ltr'><strong>Δρ</strong></span> <span class='ocrx_word' id='word_1_520' title='bbox 704 5215 794 5230; x_wconf 70' lang='lat' dir='ltr'><strong>nun</strong></span> <span class='ocrx_word' id='word_1_521' title='bbox 922 5218 967 5230; x_wconf 75' lang='grc' dir='ltr'>ιη</span> <span class='ocrx_word' id='word_1_522' title='bbox 999 5215 1077 5230; x_wconf 69' lang='grc' dir='ltr'><strong>ΛΑ.</strong></span> <span class='ocrx_word' id='word_1_523' title='bbox 1170 5221 1298 5230; x_wconf 57' lang='lat'><strong>__-_.,</strong></span> <span class='ocrx_word' id='word_1_524' title='bbox 1343 5212 1434 5230; x_wconf 57' lang='lat'><strong>10.1</strong></span> <span class='ocrx_word' id='word_1_525' title='bbox 1492 5217 1527 5230; x_wconf 68' lang='grc' dir='ltr'><em>η</em></span> <span class='ocrx_word' id='word_1_526' title='bbox 1600 5220 1611 5230; x_wconf 81' lang='grc'><strong>1</strong></span> 
     </span>
    </p>
   </div>
   <div class='ocr_carea' id='block_1_69' title="bbox 458 5200 2042 5289">
    <p class='ocr_par' dir='ltr' id='par_1_69' title="bbox 458 5200 2042 5289">
     <span class='ocr_line' id='line_1_70' title="bbox 458 5200 2042 5289; baseline 0.025 -45"><span class='ocrx_word' id='word_1_527' title='bbox 458 5200 588 5289; x_wconf 54' lang='lat' dir='ltr'><strong>fimo</strong></span> <span class='ocrx_word' id='word_1_528' title='bbox 618 5204 815 5289; x_wconf 57' lang='lat' dir='ltr'><strong>o&#39;ctavo.</strong></span> <span class='ocrx_word' id='word_1_529' title='bbox 834 5200 968 5289; x_wconf 40' lang='lat' dir='ltr'><strong>“llic</strong></span> <span class='ocrx_word' id='word_1_530' title='bbox 996 5215 1080 5289; x_wconf 60' lang='lat' dir='ltr'><strong>est</strong></span> <span class='ocrx_word' id='word_1_531' title='bbox 1106 5200 1454 5289; x_wconf 59' lang='lat' dir='ltr'><strong>pliristi&#39;482.</strong></span> <span class='ocrx_word' id='word_1_532' title='bbox 1488 5200 2042 5289; x_wconf 29' lang='lat' dir='ltr'><strong>Cycluismera&#39;twluti’i‘m</strong></span> 
     </span>
    </p>
   </div>
   <div class='ocr_carea' id='block_1_70' title="bbox 458 5266 2045 5360">
    <p class='ocr_par' dir='ltr' id='par_1_70' title="bbox 458 5266 2045 5360">
     <span class='ocr_line' id='line_1_71' title="bbox 458 5266 2045 5360; baseline 0.025 -45"><span class='ocrx_word' id='word_1_533' title='bbox 458 5266 1008 5360; x_wconf 41' lang='lat' dir='ltr'><strong>viAIILsolgs‘xv,_liittera</strong></span> <span class='ocrx_word' id='word_1_534' title='bbox 1022 5274 1083 5359; x_wconf 41' lang='grc' dir='ltr'><strong>Οἳ</strong></span> <span class='ocrx_word' id='word_1_535' title='bbox 1106 5276 1274 5360; x_wconf 78' lang='lat' dir='ltr'><strong>igitur</strong></span> <span class='ocrx_word' id='word_1_536' title='bbox 1289 5266 1569 5360; x_wconf 54' lang='lat' dir='ltr'><strong>nequieniJa</strong></span> <span class='ocrx_word' id='word_1_537' title='bbox 1593 5294 1857 5360; x_wconf 85' lang='lat' dir='ltr'><strong>paschalis</strong></span> <span class='ocrx_word' id='word_1_538' title='bbox 1873 5266 2045 5353; x_wconf 37' lang='lat' dir='ltr'><strong>Nile;</strong></span> 
     </span>
    </p>
   </div>
   <div class='ocr_carea' id='block_1_71' title="bbox 457 5332 2038 5429">
    <p class='ocr_par' dir='ltr' id='par_1_71' title="bbox 457 5332 2038 5429">
     <span class='ocr_line' id='line_1_72' title="bbox 806 5332 2038 5351; baseline 0.024 -27"><span class='ocrx_word' id='word_1_539' title='bbox 806 5332 813 5334; x_wconf 10' lang='grc' dir='ltr'><em>ἡ</em></span> <span class='ocrx_word' id='word_1_540' title='bbox 1133 5332 1161 5349; x_wconf 61' lang='grc' dir='ltr'>ν</span> <span class='ocrx_word' id='word_1_541' title='bbox 1194 5332 1262 5335; x_wconf 62' lang='lat'><strong>,__</strong></span> <span class='ocrx_word' id='word_1_542' title='bbox 1289 5332 1569 5345; x_wconf 61' lang='grc' dir='ltr'><strong>.--ν.-.ν.....</strong></span> <span class='ocrx_word' id='word_1_543' title='bbox 1630 5332 1827 5348; x_wconf 56' lang='lat' dir='ltr'><strong>ww&quot;...</strong></span> <span class='ocrx_word' id='word_1_544' title='bbox 1873 5332 1935 5351; x_wconf 66' lang='grc' dir='ltr'>μ.</span> <span class='ocrx_word' id='word_1_545' title='bbox 2006 5332 2038 5340; x_wconf 74' lang='lat'><strong>~-</strong></span> 
     </span>
     <span class='ocr_line' id='line_1_73' title="bbox 457 5332 2038 5429; baseline 0.023 -44"><span class='ocrx_word' id='word_1_546' title='bbox 457 5347 537 5429; x_wconf 61' lang='lat' dir='ltr'><strong>ua</strong></span> <span class='ocrx_word' id='word_1_547' title='bbox 547 5332 916 5429; x_wconf 23' lang='lat' dir='ltr'><strong>dije‘bm‘épril,</strong></span> <span class='ocrx_word' id='word_1_548' title='bbox 926 5349 1186 5429; x_wconf 75' lang='lat' dir='ltr'><strong>terminus</strong></span> <span class='ocrx_word' id='word_1_549' title='bbox 1211 5352 1398 5429; x_wconf 3' lang='lat' dir='ltr'><strong>diepl8</strong></span> <span class='ocrx_word' id='word_1_550' title='bbox 1423 5332 1624 5429; x_wconf 60' lang='lat' dir='ltr'><strong>Aprili;</strong></span> <span class='ocrx_word' id='word_1_551' title='bbox 1642 5403 1655 5426; x_wconf 94' lang='lat'><strong>,</strong></span> <span class='ocrx_word' id='word_1_552' title='bbox 1683 5362 1795 5418; x_wconf 88' lang='lat' dir='ltr'><strong>sive</strong></span> <span class='ocrx_word' id='word_1_553' title='bbox 1817 5332 1908 5421; x_wconf 50' lang='lat' dir='ltr'><strong>xiv</strong></span> 
     </span>
    </p>
   </div>
   <div class='ocr_carea' id='block_1_72' title="bbox 457 5401 2045 5495">
    <p class='ocr_par' dir='ltr' id='par_1_72' title="bbox 457 5401 2045 5495">
     <span class='ocr_line' id='line_1_74' title="bbox 457 5401 2045 5495; baseline 0.021 -32"><span class='ocrx_word' id='word_1_554' title='bbox 457 5401 990 5495; x_wconf 27' lang='lat' dir='ltr'><strong>Apadpminlicadie.</strong></span> <span class='ocrx_word' id='word_1_555' title='bbox 1017 5401 1201 5495; x_wconf 50' lang='lat' dir='ltr'><strong>uagas</strong></span> <span class='ocrx_word' id='word_1_556' title='bbox 1216 5401 1620 5486; x_wconf 50' lang='lat' dir='ltr'><strong>Ei’ih&#39;dlidé‘rldiiﬁi</strong></span> <span class='ocrx_word' id='word_1_557' title='bbox 1641 5401 2045 5495; x_wconf 53' lang='grc' dir='ltr'><strong>ᾖέςζοῖιέΐυίῗίῖὶ</strong></span> 
     </span>
    </p>
   </div>
   <div class='ocr_carea' id='block_1_73' title="bbox 456 5477 2046 5566">
    <p class='ocr_par' dir='ltr' id='par_1_73' title="bbox 456 5477 2046 5566">
     <span class='ocr_line' id='line_1_75' title="bbox 456 5477 2046 5566; baseline 0.025 -39"><span class='ocrx_word' id='word_1_558' title='bbox 456 5489 527 5566; x_wconf 46' lang='lat' dir='ltr'><strong>vix</strong></span> <span class='ocrx_word' id='word_1_559' title='bbox 552 5477 679 5566; x_wconf 5' lang='lat' dir='ltr'><strong>&#39;ciaqln</strong></span> <span class='ocrx_word' id='word_1_560' title='bbox 800 5492 883 5536; x_wconf 91' lang='lat' dir='ltr'><strong>est</strong></span> <span class='ocrx_word' id='word_1_561' title='bbox 922 5477 1129 5566; x_wconf 50' lang='lat' dir='ltr'><strong>dieﬂs&#39;</strong></span> <span class='ocrx_word' id='word_1_562' title='bbox 1147 5477 1369 5566; x_wconf 51' lang='lat' dir='ltr'><strong>Aprilis.</strong></span> <span class='ocrx_word' id='word_1_563' title='bbox 1392 5498 1675 5557; x_wconf 73' lang='lat' dir='ltr'><strong>Pennus.</strong></span> <span class='ocrx_word' id='word_1_564' title='bbox 1707 5534 1779 5545; x_wconf 92' lang='lat'><strong>-—</strong></span> <span class='ocrx_word' id='word_1_565' title='bbox 1804 5477 2046 5566; x_wconf 50' lang='lat' dir='ltr'><strong>Censet-i—</strong></span> 
     </span>
    </p>
   </div>
   <div class='ocr_carea' id='block_1_74' title="bbox 459 5545 2047 5651">
    <p class='ocr_par' dir='ltr' id='par_1_74' title="bbox 459 5545 2047 5651">
     <span class='ocr_line' id='line_1_76' title="bbox 459 5545 2047 5651; baseline 0.022 -48"><span class='ocrx_word' id='word_1_566' title='bbox 459 5545 1102 5651; x_wconf 40' lang='lat' dir='ltr'><strong>gt’ljuﬁlleriuimgode‘x</strong></span> <span class='ocrx_word' id='word_1_567' title='bbox 1146 5545 1472 5627; x_wconf 64' lang='lat' dir='ltr'><strong>Bodleianus</strong></span> <span class='ocrx_word' id='word_1_568' title='bbox 1517 5574 1680 5628; x_wconf 84' lang='lat' dir='ltr'><strong>habet</strong></span> <span class='ocrx_word' id='word_1_569' title='bbox 1715 5593 1727 5629; x_wconf 89' lang='lat'><strong>:</strong></span> <span class='ocrx_word' id='word_1_570' title='bbox 1760 5577 1815 5630; x_wconf 80' lang='lat' dir='ltr'><strong>in</strong></span> <span class='ocrx_word' id='word_1_571' title='bbox 1873 5545 2047 5651; x_wconf 39' lang='lat' dir='ltr'><strong>[milito</strong></span> 
     </span>
    </p>
   </div>
   <div class='ocr_carea' id='block_1_75' title="bbox 455 5616 1145 5689">
    <p class='ocr_par' dir='ltr' id='par_1_75' title="bbox 455 5616 1145 5689">
     <span class='ocr_line' id='line_1_77' title="bbox 455 5616 1145 5689; baseline 0.032 -20"><span class='ocrx_word' id='word_1_572' title='bbox 455 5616 799 5689; x_wconf 64' lang='lat' dir='ltr'><strong>ducentesimo</strong></span> <span class='ocrx_word' id='word_1_573' title='bbox 820 5635 959 5677; x_wconf 74' lang='grc' dir='ltr'>ιχωο</span> <span class='ocrx_word' id='word_1_574' title='bbox 982 5616 1145 5689; x_wconf 65' lang='lat' dir='ltr'><strong>vum.</strong></span> 
     </span>
    </p>
   </div>
   <div class='ocr_carea' id='block_1_76' title="bbox 517 5686 1169 5771">
    <p class='ocr_par' dir='ltr' id='par_1_76' title="bbox 517 5686 1169 5771">
     <span class='ocr_line' id='line_1_78' title="bbox 517 5686 1169 5771; baseline 0.041 -35"><span class='ocrx_word' id='word_1_575' title='bbox 517 5686 554 5771; x_wconf 48' lang='grc' dir='ltr'>ἰτ</span> <span class='ocrx_word' id='word_1_576' title='bbox 579 5688 874 5771; x_wconf 53' lang='lat' dir='ltr'><strong>Eucherius</strong></span> <span class='ocrx_word' id='word_1_577' title='bbox 900 5713 912 5749; x_wconf 89' lang='lat'><strong>:</strong></span> <span class='ocrx_word' id='word_1_578' title='bbox 945 5686 1053 5771; x_wconf 68' lang='lat' dir='ltr'><strong>lege</strong></span> <span class='ocrx_word' id='word_1_579' title='bbox 1083 5686 1169 5763; x_wconf 72' lang='lat'><strong>30.</strong></span> 
     </span>
    </p>
   </div>
   <div class='ocr_carea' id='block_1_77' title="bbox 529 5760 1339 5835">
    <p class='ocr_par' dir='ltr' id='par_1_77' title="bbox 529 5760 1339 5835">
     <span class='ocr_line' id='line_1_79' title="bbox 529 5760 1339 5835; baseline 0.028 -21"><span class='ocrx_word' id='word_1_580' title='bbox 529 5769 549 5835; x_wconf 56' lang='grc' dir='ltr'><em>ἢ</em></span> <span class='ocrx_word' id='word_1_581' title='bbox 584 5760 781 5835; x_wconf 65' lang='grc' dir='ltr'><strong>Υοοθιη</strong></span> <span class='ocrx_word' id='word_1_582' title='bbox 810 5781 866 5819; x_wconf 74' lang='lat' dir='ltr'><strong>se</strong></span> <span class='ocrx_word' id='word_1_583' title='bbox 896 5760 1096 5829; x_wconf 55' lang='lat' dir='ltr'><strong>add&#39;unt</strong></span> <span class='ocrx_word' id='word_1_584' title='bbox 1125 5760 1168 5831; x_wconf 62' lang='lat' dir='ltr'><strong>ll</strong></span> <span class='ocrx_word' id='word_1_585' title='bbox 1195 5789 1251 5835; x_wconf 89' lang='lat' dir='ltr'><strong>et</strong></span> <span class='ocrx_word' id='word_1_586' title='bbox 1278 5782 1339 5835; x_wconf 88' lang='lat' dir='ltr'><strong>D.</strong></span> 
     </span>
    </p>
   </div>
   <div class='ocr_carea' id='block_1_78' title="bbox 526 5827 1363 5913">
    <p class='ocr_par' dir='ltr' id='par_1_78' title="bbox 526 5827 1363 5913">
     <span class='ocr_line' id='line_1_80' title="bbox 526 5827 1363 5913; baseline 0.036 -29"><span class='ocrx_word' id='word_1_587' title='bbox 526 5827 549 5866; x_wconf 71' lang='grc' dir='ltr'>ἀ</span> <span class='ocrx_word' id='word_1_588' title='bbox 581 5828 743 5891; x_wconf 81' lang='lat' dir='ltr'><strong>Forte</strong></span> <span class='ocrx_word' id='word_1_589' title='bbox 766 5840 1014 5900; x_wconf 80' lang='lat' dir='ltr'><strong>rationes.</strong></span> <span class='ocrx_word' id='word_1_590' title='bbox 1046 5827 1363 5913; x_wconf 45' lang='lat' dir='ltr'><strong>Baduuiuuus.</strong></span> 
     </span>
    </p>
   </div>
   <div class='ocr_carea' id='block_1_79' title="bbox 2179 1907 3786 1988">
    <p class='ocr_par' dir='ltr' id='par_1_79' title="bbox 2179 1907 3786 1988">
     <span class='ocr_line' id='line_1_81' title="bbox 2179 1907 3786 1988; baseline 0.011 -31"><span class='ocrx_word' id='word_1_591' title='bbox 2179 1911 2387 1959; x_wconf 91' lang='lat' dir='ltr'><strong>certum</strong></span> <span class='ocrx_word' id='word_1_592' title='bbox 2412 1915 2496 1962; x_wconf 92' lang='lat' dir='ltr'><strong>est</strong></span> <span class='ocrx_word' id='word_1_593' title='bbox 2523 1907 2667 1978; x_wconf 93' lang='lat' dir='ltr'><strong>quod</strong></span> <span class='ocrx_word' id='word_1_594' title='bbox 2696 1909 2907 1965; x_wconf 88' lang='lat' dir='ltr'><strong>initium</strong></span> <span class='ocrx_word' id='word_1_595' title='bbox 2937 1913 3177 1982; x_wconf 88' lang='lat' dir='ltr'><strong>ejusdem</strong></span> <span class='ocrx_word' id='word_1_596' title='bbox 3222 1918 3446 1973; x_wconf 84' lang='lat' dir='ltr'><strong>mensis</strong></span> <span class='ocrx_word' id='word_1_597' title='bbox 3472 1918 3633 1988; x_wconf 87' lang='lat' dir='ltr'><strong>primi</strong></span> <span class='ocrx_word' id='word_1_598' title='bbox 3658 1918 3786 1988; x_wconf 82' lang='lat' dir='ltr'><strong>juxta</strong></span> 
     </span>
    </p>
   </div>
   <div class='ocr_carea' id='block_1_80' title="bbox 2176 1996 3783 2084">
    <p class='ocr_par' dir='ltr' id='par_1_80' title="bbox 2176 1996 3783 2084">
     <span class='ocr_line' id='line_1_82' title="bbox 2176 1996 3783 2084; baseline 0.011 -32"><span class='ocrx_word' id='word_1_599' title='bbox 2176 1996 2317 2053; x_wconf 74' lang='lat' dir='ltr'><strong>luna:</strong></span> <span class='ocrx_word' id='word_1_600' title='bbox 2363 2015 2580 2056; x_wconf 89' lang='lat' dir='ltr'><strong>cursum</strong></span> <span class='ocrx_word' id='word_1_601' title='bbox 2626 2017 2772 2060; x_wconf 89' lang='lat' dir='ltr'><strong>nono</strong></span> <span class='ocrx_word' id='word_1_602' title='bbox 2818 2004 2906 2061; x_wconf 93' lang='lat' dir='ltr'><strong>die</strong></span> <span class='ocrx_word' id='word_1_603' title='bbox 2956 2005 3304 2078; x_wconf 86' lang='lat' dir='ltr'><strong>Pharmothi,</strong></span> <span class='ocrx_word' id='word_1_604' title='bbox 3355 2012 3456 2083; x_wconf 89' lang='lat' dir='ltr'><strong>qui</strong></span> <span class='ocrx_word' id='word_1_605' title='bbox 3510 2023 3595 2068; x_wconf 88' lang='lat' dir='ltr'><strong>est</strong></span> <span class='ocrx_word' id='word_1_606' title='bbox 3636 2015 3783 2084; x_wconf 86' lang='lat' dir='ltr'><strong>pridie</strong></span> 
     </span>
    </p>
   </div>
   <div class='ocr_carea' id='block_1_81' title="bbox 2177 2093 3782 2178">
    <p class='ocr_par' dir='ltr' id='par_1_81' title="bbox 2177 2093 3782 2178">
     <span class='ocr_line' id='line_1_83' title="bbox 2177 2093 3782 2178; baseline 0.013 -35"><span class='ocrx_word' id='word_1_607' title='bbox 2177 2104 2350 2146; x_wconf 89' lang='lat' dir='ltr'><strong>nonas</strong></span> <span class='ocrx_word' id='word_1_608' title='bbox 2396 2093 2593 2163; x_wconf 84' lang='lat' dir='ltr'><strong>Aprilis</strong></span> <span class='ocrx_word' id='word_1_609' title='bbox 2639 2106 2909 2152; x_wconf 85' lang='lat' dir='ltr'><strong>occurrat.</strong></span> <span class='ocrx_word' id='word_1_610' title='bbox 2960 2099 3097 2155; x_wconf 85' lang='lat' dir='ltr'><strong>Cum</strong></span> <span class='ocrx_word' id='word_1_611' title='bbox 3144 2118 3281 2174; x_wconf 89' lang='lat' dir='ltr'><strong>ergo</strong></span> <span class='ocrx_word' id='word_1_612' title='bbox 3336 2104 3561 2161; x_wconf 89' lang='lat' dir='ltr'><strong>decima</strong></span> <span class='ocrx_word' id='word_1_613' title='bbox 3616 2117 3782 2178; x_wconf 85' lang='lat' dir='ltr'><strong>quarta</strong></span> 
     </span>
    </p>
   </div>
   <div class='ocr_carea' id='block_1_82' title="bbox 2176 2183 3781 2275">
    <p class='ocr_par' dir='ltr' id='par_1_82' title="bbox 2176 2183 3781 2275">
     <span class='ocr_line' id='line_1_84' title="bbox 2176 2183 3781 2275; baseline 0.014 -36"><span class='ocrx_word' id='word_1_614' title='bbox 2176 2183 2329 2255; x_wconf 88' lang='lat' dir='ltr'><strong>luna,</strong></span> <span class='ocrx_word' id='word_1_615' title='bbox 2361 2204 2473 2243; x_wconf 77' lang='grc' dir='ltr'>χχιι</span> <span class='ocrx_word' id='word_1_616' title='bbox 2512 2188 2600 2245; x_wconf 92' lang='lat' dir='ltr'><strong>die</strong></span> <span class='ocrx_word' id='word_1_617' title='bbox 2640 2194 2841 2249; x_wconf 87' lang='lat' dir='ltr'><strong>mensis</strong></span> <span class='ocrx_word' id='word_1_618' title='bbox 2870 2194 3182 2254; x_wconf 87' lang='lat' dir='ltr'><strong>Pharmothi</strong></span> <span class='ocrx_word' id='word_1_619' title='bbox 3214 2199 3568 2274; x_wconf 87' lang='lat' dir='ltr'><strong>inveniatur,</strong></span> <span class='ocrx_word' id='word_1_620' title='bbox 3594 2205 3683 2275; x_wconf 87' lang='lat' dir='ltr'><strong>qui</strong></span> <span class='ocrx_word' id='word_1_621' title='bbox 3715 2212 3781 2261; x_wconf 86' lang='lat' dir='ltr'><strong>est</strong></span> 
     </span>
    </p>
   </div>
   <div class='ocr_carea' id='block_1_83' title="bbox 2176 2279 3780 2368">
    <p class='ocr_par' dir='ltr' id='par_1_83' title="bbox 2176 2279 3780 2368">
     <span class='ocr_line' id='line_1_85' title="bbox 2176 2279 3780 2368; baseline 0.015 -33"><span class='ocrx_word' id='word_1_622' title='bbox 2176 2291 2249 2337; x_wconf 83' lang='lat' dir='ltr'><strong>xv</strong></span> <span class='ocrx_word' id='word_1_623' title='bbox 2276 2279 2528 2341; x_wconf 77' lang='lat' dir='ltr'><strong>calendas</strong></span> <span class='ocrx_word' id='word_1_624' title='bbox 2574 2280 2719 2356; x_wconf 84' lang='lat' dir='ltr'><strong>Maii,</strong></span> <span class='ocrx_word' id='word_1_625' title='bbox 2758 2285 3084 2351; x_wconf 77' lang='lat' dir='ltr'><strong>dominicum</strong></span> <span class='ocrx_word' id='word_1_626' title='bbox 3114 2293 3325 2368; x_wconf 85' lang='lat' dir='ltr'><strong>pascha</strong></span> <span class='ocrx_word' id='word_1_627' title='bbox 3355 2311 3497 2356; x_wconf 79' lang='lat' dir='ltr'><strong>xxix</strong></span> <span class='ocrx_word' id='word_1_628' title='bbox 3527 2294 3616 2357; x_wconf 84' lang='lat' dir='ltr'><strong>die</strong></span> <span class='ocrx_word' id='word_1_629' title='bbox 3648 2311 3780 2357; x_wconf 87' lang='lat' dir='ltr'><strong>men-</strong></span> 
     </span>
    </p>
   </div>
   <div class='ocr_carea' id='block_1_84' title="bbox 2178 2373 3776 2459">
    <p class='ocr_par' dir='ltr' id='par_1_84' title="bbox 2178 2373 3776 2459">
     <span class='ocr_line' id='line_1_86' title="bbox 2178 2373 3776 2459; baseline 0.016 -32"><span class='ocrx_word' id='word_1_630' title='bbox 2178 2373 2253 2429; x_wconf 88' lang='lat' dir='ltr'><strong>sis</strong></span> <span class='ocrx_word' id='word_1_631' title='bbox 2284 2375 2454 2445; x_wconf 89' lang='lat' dir='ltr'><strong>ipsius</strong></span> <span class='ocrx_word' id='word_1_632' title='bbox 2482 2375 2818 2448; x_wconf 88' lang='lat' dir='ltr'><strong>Pharmothi,</strong></span> <span class='ocrx_word' id='word_1_633' title='bbox 2850 2386 2942 2454; x_wconf 92' lang='lat' dir='ltr'><strong>qui</strong></span> <span class='ocrx_word' id='word_1_634' title='bbox 2968 2397 3051 2442; x_wconf 86' lang='lat' dir='ltr'><strong>est</strong></span> <span class='ocrx_word' id='word_1_635' title='bbox 3079 2404 3172 2444; x_wconf 80' lang='lat' dir='ltr'><strong>vui</strong></span> <span class='ocrx_word' id='word_1_636' title='bbox 3202 2392 3314 2446; x_wconf 86' lang='lat' dir='ltr'><strong>cal.</strong></span> <span class='ocrx_word' id='word_1_637' title='bbox 3342 2391 3496 2459; x_wconf 81' lang='lat' dir='ltr'><strong>Maii,</strong></span> <span class='ocrx_word' id='word_1_638' title='bbox 3530 2393 3776 2451; x_wconf 31' lang='lat' dir='ltr'><strong>celebrans</strong></span> 
     </span>
    </p>
   </div>
   <div class='ocr_carea' id='block_1_85' title="bbox 2179 2467 3776 2555">
    <p class='ocr_par' dir='ltr' id='par_1_85' title="bbox 2179 2467 3776 2555">
     <span class='ocr_line' id='line_1_87' title="bbox 2179 2467 3776 2555; baseline 0.016 -36"><span class='ocrx_word' id='word_1_639' title='bbox 2179 2472 2283 2534; x_wconf 86' lang='lat' dir='ltr'><strong>tes,</strong></span> <span class='ocrx_word' id='word_1_640' title='bbox 2315 2467 2369 2521; x_wconf 91' lang='lat' dir='ltr'><strong>in</strong></span> <span class='ocrx_word' id='word_1_641' title='bbox 2401 2472 2701 2527; x_wconf 89' lang='lat' dir='ltr'><strong>secundum</strong></span> <span class='ocrx_word' id='word_1_642' title='bbox 2728 2490 2971 2533; x_wconf 91' lang='lat' dir='ltr'><strong>mensem</strong></span> <span class='ocrx_word' id='word_1_643' title='bbox 3014 2480 3237 2539; x_wconf 88' lang='lat' dir='ltr'><strong>minime</strong></span> <span class='ocrx_word' id='word_1_644' title='bbox 3282 2484 3632 2555; x_wconf 87' lang='lat' dir='ltr'><strong>recedimus,</strong></span> <span class='ocrx_word' id='word_1_645' title='bbox 3671 2503 3776 2543; x_wconf 81' lang='lat' dir='ltr'><strong>eum</strong></span> 
     </span>
    </p>
   </div>
   <div class='ocr_carea' id='block_1_86' title="bbox 2176 2558 3774 2653">
    <p class='ocr_par' dir='ltr' id='par_1_86' title="bbox 2176 2558 3774 2653">
     <span class='ocr_line' id='line_1_88' title="bbox 2176 2558 3774 2653; baseline 0.015 -39"><span class='ocrx_word' id='word_1_646' title='bbox 2176 2558 2361 2616; x_wconf 91' lang='lat' dir='ltr'><strong>lunam</strong></span> <span class='ocrx_word' id='word_1_647' title='bbox 2390 2570 2516 2620; x_wconf 91' lang='lat' dir='ltr'><strong>tunc</strong></span> <span class='ocrx_word' id='word_1_648' title='bbox 2535 2582 2627 2622; x_wconf 79' lang='lat' dir='ltr'><strong>xxi</strong></span> <span class='ocrx_word' id='word_1_649' title='bbox 2644 2567 2941 2628; x_wconf 90' lang='lat' dir='ltr'><strong>indubitate</strong></span> <span class='ocrx_word' id='word_1_650' title='bbox 2965 2572 3285 2634; x_wconf 89' lang='lat' dir='ltr'><strong>habeamus.</strong></span> <span class='ocrx_word' id='word_1_651' title='bbox 3321 2576 3618 2647; x_wconf 86' lang='lat' dir='ltr'><strong>Quomodo</strong></span> <span class='ocrx_word' id='word_1_652' title='bbox 3638 2581 3774 2653; x_wconf 85' lang='lat' dir='ltr'><strong>igitur</strong></span> 
     </span>
    </p>
   </div>
   <div class='ocr_carea' id='block_1_87' title="bbox 2175 2661 3773 2745">
    <p class='ocr_par' dir='ltr' id='par_1_87' title="bbox 2175 2661 3773 2745">
     <span class='ocr_line' id='line_1_89' title="bbox 2175 2661 3773 2745; baseline 0.013 -34"><span class='ocrx_word' id='word_1_653' title='bbox 2175 2669 2526 2714; x_wconf 80' lang='lat' dir='ltr'><strong>excurremus</strong></span> <span class='ocrx_word' id='word_1_654' title='bbox 2572 2661 2628 2716; x_wconf 92' lang='lat' dir='ltr'><strong>in</strong></span> <span class='ocrx_word' id='word_1_655' title='bbox 2682 2678 2925 2722; x_wconf 88' lang='lat' dir='ltr'><strong>mensem</strong></span> <span class='ocrx_word' id='word_1_656' title='bbox 2976 2669 3297 2741; x_wconf 88' lang='lat' dir='ltr'><strong>secundum,</strong></span> <span class='ocrx_word' id='word_1_657' title='bbox 3351 2674 3773 2745; x_wconf 86' lang='lat' dir='ltr'><strong>quandoquidem</strong></span> 
     </span>
    </p>
   </div>
   <div class='ocr_carea' id='block_1_88' title="bbox 2176 2749 3771 2842">
    <p class='ocr_par' dir='ltr' id='par_1_88' title="bbox 2176 2749 3771 2842">
     <span class='ocr_line' id='line_1_90' title="bbox 2176 2749 3771 2842; baseline 0.014 -37"><span class='ocrx_word' id='word_1_658' title='bbox 2176 2749 2391 2808; x_wconf 88' lang='lat' dir='ltr'><strong>initium</strong></span> <span class='ocrx_word' id='word_1_659' title='bbox 2420 2753 2580 2821; x_wconf 89' lang='lat' dir='ltr'><strong>primi</strong></span> <span class='ocrx_word' id='word_1_660' title='bbox 2602 2758 2801 2814; x_wconf 90' lang='lat' dir='ltr'><strong>mensis</strong></span> <span class='ocrx_word' id='word_1_661' title='bbox 2825 2758 2981 2829; x_wconf 90' lang='lat' dir='ltr'><strong>juxta</strong></span> <span class='ocrx_word' id='word_1_662' title='bbox 3008 2761 3150 2820; x_wconf 64' lang='lat' dir='ltr'><strong>luna:</strong></span> <span class='ocrx_word' id='word_1_663' title='bbox 3176 2781 3428 2836; x_wconf 89' lang='lat' dir='ltr'><strong>cursum,</strong></span> <span class='ocrx_word' id='word_1_664' title='bbox 3460 2770 3603 2827; x_wconf 89' lang='lat' dir='ltr'><strong>sicut</strong></span> <span class='ocrx_word' id='word_1_665' title='bbox 3633 2770 3771 2842; x_wconf 89' lang='lat' dir='ltr'><strong>paulo</strong></span> 
     </span>
    </p>
   </div>
   <div class='ocr_carea' id='block_1_89' title="bbox 2176 2845 3771 2933">
    <p class='ocr_par' dir='ltr' id='par_1_89' title="bbox 2176 2845 3771 2933">
     <span class='ocr_line' id='line_1_91' title="bbox 2176 2845 3771 2933; baseline 0.014 -37"><span class='ocrx_word' id='word_1_666' title='bbox 2176 2851 2304 2900; x_wconf 92' lang='lat' dir='ltr'><strong>ante</strong></span> <span class='ocrx_word' id='word_1_667' title='bbox 2329 2845 2528 2902; x_wconf 90' lang='lat' dir='ltr'><strong>dictum</strong></span> <span class='ocrx_word' id='word_1_668' title='bbox 2576 2856 2677 2917; x_wconf 87' lang='lat' dir='ltr'><strong>est,</strong></span> <span class='ocrx_word' id='word_1_669' title='bbox 2726 2867 2783 2906; x_wconf 84' lang='lat' dir='ltr'><strong>ix</strong></span> <span class='ocrx_word' id='word_1_670' title='bbox 2827 2851 2915 2909; x_wconf 91' lang='lat' dir='ltr'><strong>die</strong></span> <span class='ocrx_word' id='word_1_671' title='bbox 2961 2858 3164 2914; x_wconf 90' lang='lat' dir='ltr'><strong>mensis</strong></span> <span class='ocrx_word' id='word_1_672' title='bbox 3202 2856 3565 2929; x_wconf 89' lang='lat' dir='ltr'><strong>Pharmothi,</strong></span> <span class='ocrx_word' id='word_1_673' title='bbox 3598 2864 3771 2933; x_wconf 80' lang='lat' dir='ltr'><strong>quiest</strong></span> 
     </span>
    </p>
   </div>
   <div class='ocr_carea' id='block_1_90' title="bbox 2174 2934 3768 3020">
    <p class='ocr_par' dir='ltr' id='par_1_90' title="bbox 2174 2934 3768 3020">
     <span class='ocr_line' id='line_1_92' title="bbox 2174 2934 3768 3020; baseline 0.015 -31"><span class='ocrx_word' id='word_1_674' title='bbox 2174 2935 2349 3006; x_wconf 91' lang='lat' dir='ltr'><strong>pridie</strong></span> <span class='ocrx_word' id='word_1_675' title='bbox 2377 2953 2505 2994; x_wconf 91' lang='lat' dir='ltr'><strong>non.</strong></span> <span class='ocrx_word' id='word_1_676' title='bbox 2536 2940 2755 3012; x_wconf 83' lang='lat' dir='ltr'><strong>Aprilis,</strong></span> <span class='ocrx_word' id='word_1_677' title='bbox 2784 2945 3005 3016; x_wconf 87' lang='lat' dir='ltr'><strong>existat,</strong></span> <span class='ocrx_word' id='word_1_678' title='bbox 3029 2959 3085 3004; x_wconf 92' lang='lat' dir='ltr'><strong>et</strong></span> <span class='ocrx_word' id='word_1_679' title='bbox 3104 2934 3373 3020; x_wconf 33' lang='lat' dir='ltr'><strong>xiv&#39;luna,</strong></span> <span class='ocrx_word' id='word_1_680' title='bbox 3399 2971 3516 3011; x_wconf 81' lang='grc' dir='ltr'>χχιι</span> <span class='ocrx_word' id='word_1_681' title='bbox 3532 2940 3618 3013; x_wconf 87' lang='lat' dir='ltr'><strong>die</strong></span> <span class='ocrx_word' id='word_1_682' title='bbox 3639 2972 3768 3012; x_wconf 88' lang='lat' dir='ltr'><strong>men-</strong></span> 
     </span>
    </p>
   </div>
   <div class='ocr_carea' id='block_1_91' title="bbox 2174 3025 3766 3112">
    <p class='ocr_par' dir='ltr' id='par_1_91' title="bbox 2174 3025 3766 3112">
     <span class='ocr_line' id='line_1_93' title="bbox 2174 3025 3766 3112; baseline 0.013 -31"><span class='ocrx_word' id='word_1_683' title='bbox 2174 3025 2249 3082; x_wconf 88' lang='lat' dir='ltr'><strong>sis</strong></span> <span class='ocrx_word' id='word_1_684' title='bbox 2273 3028 2457 3099; x_wconf 90' lang='lat' dir='ltr'><strong>ipsius,</strong></span> <span class='ocrx_word' id='word_1_685' title='bbox 2493 3031 2544 3086; x_wconf 89' lang='lat' dir='ltr'><strong>id</strong></span> <span class='ocrx_word' id='word_1_686' title='bbox 2574 3041 2658 3088; x_wconf 90' lang='lat' dir='ltr'><strong>est</strong></span> <span class='ocrx_word' id='word_1_687' title='bbox 2686 3050 2757 3088; x_wconf 92' lang='lat' dir='ltr'><strong>xv</strong></span> <span class='ocrx_word' id='word_1_688' title='bbox 2783 3036 2887 3090; x_wconf 88' lang='lat' dir='ltr'><strong>cal.</strong></span> <span class='ocrx_word' id='word_1_689' title='bbox 2920 3036 3048 3097; x_wconf 86' lang='lat' dir='ltr'><strong>Maii</strong></span> <span class='ocrx_word' id='word_1_690' title='bbox 3077 3044 3405 3112; x_wconf 89' lang='lat' dir='ltr'><strong>proveniat?</strong></span> <span class='ocrx_word' id='word_1_691' title='bbox 3447 3045 3568 3103; x_wconf 88' lang='lat' dir='ltr'><strong>Hoc</strong></span> <span class='ocrx_word' id='word_1_692' title='bbox 3610 3056 3766 3104; x_wconf 85' lang='lat' dir='ltr'><strong>autem</strong></span> 
     </span>
    </p>
   </div>
   <div class='ocr_carea' id='block_1_92' title="bbox 2174 3118 3765 3201">
    <p class='ocr_par' dir='ltr' id='par_1_92' title="bbox 2174 3118 3765 3201">
     <span class='ocr_line' id='line_1_94' title="bbox 2174 3118 3765 3201; baseline 0.015 -29"><span class='ocrx_word' id='word_1_693' title='bbox 2174 3118 2252 3174; x_wconf 87' lang='lat' dir='ltr'><strong>ita</strong></span> <span class='ocrx_word' id='word_1_694' title='bbox 2274 3120 2571 3191; x_wconf 90' lang='lat' dir='ltr'><strong>declarato,</strong></span> <span class='ocrx_word' id='word_1_695' title='bbox 2601 3138 2807 3182; x_wconf 87' lang='lat' dir='ltr'><strong>certum</strong></span> <span class='ocrx_word' id='word_1_696' title='bbox 2833 3138 2918 3186; x_wconf 92' lang='lat' dir='ltr'><strong>est</strong></span> <span class='ocrx_word' id='word_1_697' title='bbox 2938 3132 3088 3201; x_wconf 90' lang='lat' dir='ltr'><strong>quod</strong></span> <span class='ocrx_word' id='word_1_698' title='bbox 3116 3134 3171 3189; x_wconf 90' lang='lat' dir='ltr'><strong>in</strong></span> <span class='ocrx_word' id='word_1_699' title='bbox 3198 3139 3508 3195; x_wconf 89' lang='lat' dir='ltr'><strong>secundum</strong></span> <span class='ocrx_word' id='word_1_700' title='bbox 3548 3154 3765 3197; x_wconf 83' lang='lat' dir='ltr'><strong>mensem</strong></span> 
     </span>
    </p>
   </div>
   <div class='ocr_carea' id='block_1_93' title="bbox 2911 3228 3769 3303">
    <p class='ocr_par' dir='ltr' id='par_1_93' title="bbox 2911 3228 3769 3303">
     <span class='ocr_line' id='line_1_95' title="bbox 2911 3228 3769 3303; baseline 0.013 -24"><span class='ocrx_word' id='word_1_701' title='bbox 2911 3240 3040 3281; x_wconf 82' lang='lat' dir='ltr'><strong>xxix</strong></span> <span class='ocrx_word' id='word_1_702' title='bbox 3069 3228 3156 3285; x_wconf 92' lang='lat' dir='ltr'><strong>die</strong></span> <span class='ocrx_word' id='word_1_703' title='bbox 3191 3235 3407 3291; x_wconf 88' lang='lat' dir='ltr'><strong>mensis</strong></span> <span class='ocrx_word' id='word_1_704' title='bbox 3439 3234 3769 3303; x_wconf 88' lang='lat' dir='ltr'><strong>Pharmothi,</strong></span> 
     </span>
    </p>
   </div>
   <div class='ocr_carea' id='block_1_94' title="bbox 2172 3295 3766 3394">
    <p class='ocr_par' dir='ltr' id='par_1_94' title="bbox 2172 3295 3766 3394">
     <span class='ocr_line' id='line_1_96' title="bbox 2172 3295 3766 3394; baseline 0.016 -36"><span class='ocrx_word' id='word_1_705' title='bbox 2172 3305 2265 3375; x_wconf 90' lang='lat' dir='ltr'><strong>qui</strong></span> <span class='ocrx_word' id='word_1_706' title='bbox 2292 3314 2373 3362; x_wconf 88' lang='lat' dir='ltr'><strong>est</strong></span> <span class='ocrx_word' id='word_1_707' title='bbox 2399 3322 2490 3362; x_wconf 83' lang='lat' dir='ltr'><strong>viu</strong></span> <span class='ocrx_word' id='word_1_708' title='bbox 2517 3310 2621 3365; x_wconf 88' lang='lat' dir='ltr'><strong>cal.</strong></span> <span class='ocrx_word' id='word_1_709' title='bbox 2663 3295 2815 3383; x_wconf 32' lang='lat' dir='ltr'><strong>Maii,</strong></span> <span class='ocrx_word' id='word_1_710' title='bbox 2839 3316 3168 3379; x_wconf 90' lang='lat' dir='ltr'><strong>dominicum</strong></span> <span class='ocrx_word' id='word_1_711' title='bbox 3192 3327 3408 3394; x_wconf 87' lang='lat' dir='ltr'><strong>pascha</strong></span> <span class='ocrx_word' id='word_1_712' title='bbox 3428 3328 3766 3386; x_wconf 88' lang='lat' dir='ltr'><strong>celebrantes.</strong></span> 
     </span>
    </p>
   </div>
   <div class='ocr_carea' id='block_1_95' title="bbox 2244 3440 3764 3537">
    <p class='ocr_par' dir='ltr' id='par_1_95' title="bbox 2244 3440 3764 3537">
     <span class='ocr_line' id='line_1_97' title="bbox 2244 3440 3764 3537; baseline 0.017 -40"><span class='ocrx_word' id='word_1_713' title='bbox 2244 3440 2584 3512; x_wconf 77' lang='lat' dir='ltr'><strong>Cognoscant</strong></span> <span class='ocrx_word' id='word_1_714' title='bbox 2628 3449 2812 3521; x_wconf 91' lang='lat' dir='ltr'><strong>itaque</strong></span> <span class='ocrx_word' id='word_1_715' title='bbox 2853 3469 2953 3525; x_wconf 93' lang='lat' dir='ltr'><strong>per</strong></span> <span class='ocrx_word' id='word_1_716' title='bbox 2994 3464 3142 3514; x_wconf 88' lang='lat' dir='ltr'><strong>tuam</strong></span> <span class='ocrx_word' id='word_1_717' title='bbox 3184 3464 3565 3535; x_wconf 85' lang='lat' dir='ltr'><strong>sanctitatem,</strong></span> <span class='ocrx_word' id='word_1_718' title='bbox 3603 3468 3687 3537; x_wconf 92' lang='lat' dir='ltr'><strong>qui</strong></span> <span class='ocrx_word' id='word_1_719' title='bbox 3719 3467 3764 3522; x_wconf 91' lang='lat' dir='ltr'><strong>in</strong></span> 
     </span>
    </p>
   </div>
   <div class='ocr_carea' id='block_1_96' title="bbox 2169 3528 3762 3630">
    <p class='ocr_par' dir='ltr' id='par_1_96' title="bbox 2169 3528 3762 3630">
     <span class='ocr_line' id='line_1_98' title="bbox 2169 3528 3762 3630; baseline 0.019 -46"><span class='ocrx_word' id='word_1_720' title='bbox 2169 3528 2276 3630; x_wconf 73' lang='lat' dir='ltr'><strong>illis</strong></span> <span class='ocrx_word' id='word_1_721' title='bbox 2322 3536 2901 3630; x_wconf 23' lang='lat' dir='ltr'><strong>partibusAambigunt,</strong></span> <span class='ocrx_word' id='word_1_722' title='bbox 2936 3550 3083 3617; x_wconf 92' lang='lat' dir='ltr'><strong>quod</strong></span> <span class='ocrx_word' id='word_1_723' title='bbox 3121 3552 3367 3623; x_wconf 86' lang='lat' dir='ltr'><strong>legitime</strong></span> <span class='ocrx_word' id='word_1_724' title='bbox 3403 3575 3506 3630; x_wconf 92' lang='lat' dir='ltr'><strong>per</strong></span> <span class='ocrx_word' id='word_1_725' title='bbox 3537 3528 3762 3617; x_wconf 66' lang='lat' dir='ltr'><strong>octavam</strong></span> 
     </span>
    </p>
   </div>
   <div class='ocr_carea' id='block_1_97' title="bbox 2168 3620 3761 3722">
    <p class='ocr_par' dir='ltr' id='par_1_97' title="bbox 2168 3620 3761 3722">
     <span class='ocr_line' id='line_1_99' title="bbox 2168 3620 3761 3722; baseline 0.019 -45"><span class='ocrx_word' id='word_1_726' title='bbox 2168 3620 2517 3685; x_wconf 89' lang='lat' dir='ltr'><strong>indictiouem</strong></span> <span class='ocrx_word' id='word_1_727' title='bbox 2573 3628 2777 3689; x_wconf 90' lang='lat' dir='ltr'><strong>Pascha</strong></span> <span class='ocrx_word' id='word_1_728' title='bbox 2830 3641 3137 3710; x_wconf 82' lang='lat' dir='ltr'><strong>peragimus</strong></span> <span class='ocrx_word' id='word_1_729' title='bbox 3179 3620 3235 3698; x_wconf 33' lang='lat' dir='ltr'><strong>vf.</strong></span> <span class='ocrx_word' id='word_1_730' title='bbox 3285 3620 3592 3722; x_wconf 73' lang='lat' dir='ltr'><strong>Propterea</strong></span> <span class='ocrx_word' id='word_1_731' title='bbox 3637 3652 3761 3707; x_wconf 90' lang='lat' dir='ltr'><strong>enim</strong></span> 
     </span>
    </p>
   </div>
   <div class='ocr_carea' id='block_1_98' title="bbox 2167 3714 3759 3800">
    <p class='ocr_par' dir='ltr' id='par_1_98' title="bbox 2167 3714 3759 3800">
     <span class='ocr_line' id='line_1_100' title="bbox 2167 3714 3759 3800; baseline 0.019 -31"><span class='ocrx_word' id='word_1_732' title='bbox 2167 3714 2361 3786; x_wconf 88' lang='lat' dir='ltr'><strong>scripsi</strong></span> <span class='ocrx_word' id='word_1_733' title='bbox 2402 3729 2447 3787; x_wconf 76' lang='grc' dir='ltr'><strong>ϐ,</strong></span> <span class='ocrx_word' id='word_1_734' title='bbox 2482 3719 2703 3779; x_wconf 86' lang='lat' dir='ltr'><strong>Patrum</strong></span> <span class='ocrx_word' id='word_1_735' title='bbox 2747 3734 2803 3781; x_wconf 92' lang='lat' dir='ltr'><strong>et</strong></span> <span class='ocrx_word' id='word_1_736' title='bbox 2838 3727 2895 3783; x_wconf 91' lang='lat' dir='ltr'><strong>in</strong></span> <span class='ocrx_word' id='word_1_737' title='bbox 2934 3729 3039 3787; x_wconf 92' lang='lat' dir='ltr'><strong>hoc</strong></span> <span class='ocrx_word' id='word_1_738' title='bbox 3076 3736 3481 3798; x_wconf 88' lang='lat' dir='ltr'><strong>ecclesiasticas</strong></span> <span class='ocrx_word' id='word_1_739' title='bbox 3524 3741 3759 3800; x_wconf 83' lang='lat' dir='ltr'><strong>formulas</strong></span> 
     </span>
    </p>
   </div>
   <div class='ocr_carea' id='block_1_99' title="bbox 2167 3808 3755 3905">
    <p class='ocr_par' dir='ltr' id='par_1_99' title="bbox 2167 3808 3755 3905">
     <span class='ocr_line' id='line_1_101' title="bbox 2167 3808 3755 3905; baseline 0.023 -42"><span class='ocrx_word' id='word_1_740' title='bbox 2167 3808 2522 3881; x_wconf 88' lang='lat' dir='ltr'><strong>subsequens,</strong></span> <span class='ocrx_word' id='word_1_741' title='bbox 2548 3823 2603 3870; x_wconf 92' lang='lat' dir='ltr'><strong>et</strong></span> <span class='ocrx_word' id='word_1_742' title='bbox 2624 3818 2821 3876; x_wconf 91' lang='lat' dir='ltr'><strong>exinde</strong></span> <span class='ocrx_word' id='word_1_743' title='bbox 2850 3826 3163 3884; x_wconf 89' lang='lat' dir='ltr'><strong>occasiones</strong></span> <span class='ocrx_word' id='word_1_744' title='bbox 3184 3830 3263 3887; x_wconf 88' lang='lat' dir='ltr'><strong>rei</strong></span> <span class='ocrx_word' id='word_1_745' title='bbox 3289 3816 3457 3905; x_wconf 82' lang='lat' dir='ltr'><strong>hujus</strong></span> <span class='ocrx_word' id='word_1_746' title='bbox 3479 3851 3755 3899; x_wconf 72' lang='lat' dir='ltr'><strong>assumens-</strong></span> 
     </span>
    </p>
   </div>
   <div class='ocr_carea' id='block_1_100' title="bbox 2167 3898 3755 3998">
    <p class='ocr_par' dir='ltr' id='par_1_100' title="bbox 2167 3898 3755 3998">
     <span class='ocr_line' id='line_1_102' title="bbox 2167 3898 3755 3998; baseline 0.018 -43"><span class='ocrx_word' id='word_1_747' title='bbox 2167 3898 2257 3957; x_wconf 91' lang='lat' dir='ltr'><strong>Sic</strong></span> <span class='ocrx_word' id='word_1_748' title='bbox 2293 3918 2528 3977; x_wconf 92' lang='lat' dir='ltr'><strong>namque</strong></span> <span class='ocrx_word' id='word_1_749' title='bbox 2561 3917 2617 3964; x_wconf 90' lang='lat' dir='ltr'><strong>et</strong></span> <span class='ocrx_word' id='word_1_750' title='bbox 2652 3926 3008 3982; x_wconf 62' lang='lat' dir='ltr'><strong>praecessores</strong></span> <span class='ocrx_word' id='word_1_751' title='bbox 3051 3917 3079 3956; x_wconf 70' lang='grc' dir='ltr'>δ</span> <span class='ocrx_word' id='word_1_752' title='bbox 3106 3925 3299 3995; x_wconf 88' lang='lat' dir='ltr'><strong>nostri,</strong></span> <span class='ocrx_word' id='word_1_753' title='bbox 3332 3928 3383 3981; x_wconf 89' lang='lat' dir='ltr'><strong>si</strong></span> <span class='ocrx_word' id='word_1_754' title='bbox 3424 3930 3635 3998; x_wconf 88' lang='lat' dir='ltr'><strong>quando</strong></span> <span class='ocrx_word' id='word_1_755' title='bbox 3669 3928 3755 3984; x_wconf 83' lang='lat' dir='ltr'><strong>du-</strong></span> 
     </span>
    </p>
   </div>
   <div class='ocr_carea' id='block_1_101' title="bbox 2165 3993 3755 4093">
    <p class='ocr_par' dir='ltr' id='par_1_101' title="bbox 2165 3993 3755 4093">
     <span class='ocr_line' id='line_1_103' title="bbox 2165 3993 3755 4093; baseline 0.016 -42"><span class='ocrx_word' id='word_1_756' title='bbox 2165 3993 2339 4053; x_wconf 90' lang='lat' dir='ltr'><strong>bietas</strong></span> <span class='ocrx_word' id='word_1_757' title='bbox 2365 4006 2483 4054; x_wconf 91' lang='lat' dir='ltr'><strong>orta</strong></span> <span class='ocrx_word' id='word_1_758' title='bbox 2506 4008 2608 4069; x_wconf 90' lang='lat' dir='ltr'><strong>est,</strong></span> <span class='ocrx_word' id='word_1_759' title='bbox 2640 4004 2938 4074; x_wconf 83' lang='lat' dir='ltr'><strong>praedicere</strong></span> <span class='ocrx_word' id='word_1_760' title='bbox 2966 3993 3309 4086; x_wconf 77' lang='lat' dir='ltr'><strong>festinabant,</strong></span> <span class='ocrx_word' id='word_1_761' title='bbox 3335 4030 3400 4077; x_wconf 85' lang='lat' dir='ltr'><strong>ut</strong></span> <span class='ocrx_word' id='word_1_762' title='bbox 3423 3993 3619 4093; x_wconf 77' lang='lat' dir='ltr'><strong>ubique</strong></span> <span class='ocrx_word' id='word_1_763' title='bbox 3642 4037 3755 4078; x_wconf 77' lang='lat' dir='ltr'><strong>con-</strong></span> 
     </span>
    </p>
   </div>
   <div class='ocr_carea' id='block_1_102' title="bbox 2164 4102 3752 4180">
    <p class='ocr_par' dir='ltr' id='par_1_102' title="bbox 2164 4102 3752 4180">
     <span class='ocr_line' id='line_1_104' title="bbox 2164 4102 3752 4180; baseline 0.016 -35"><span class='ocrx_word' id='word_1_764' title='bbox 2164 4102 2426 4150; x_wconf 86' lang='lat' dir='ltr'><strong>sonanter</strong></span> <span class='ocrx_word' id='word_1_765' title='bbox 2454 4107 2707 4166; x_wconf 88' lang='lat' dir='ltr'><strong>ageretur</strong></span> <span class='ocrx_word' id='word_1_766' title='bbox 2733 4112 2921 4160; x_wconf 91' lang='lat' dir='ltr'><strong>sancta</strong></span> <span class='ocrx_word' id='word_1_767' title='bbox 2947 4103 3231 4166; x_wconf 88' lang='lat' dir='ltr'><strong>festivitas.</strong></span> <span class='ocrx_word' id='word_1_768' title='bbox 3257 4111 3418 4180; x_wconf 85' lang='lat' dir='ltr'><strong>Quod</strong></span> <span class='ocrx_word' id='word_1_769' title='bbox 3442 4117 3601 4173; x_wconf 86' lang='lat' dir='ltr'><strong>etiam</strong></span> <span class='ocrx_word' id='word_1_770' title='bbox 3627 4130 3752 4171; x_wconf 89' lang='lat' dir='ltr'><strong>nunc</strong></span> 
     </span>
    </p>
   </div>
   <div class='ocr_carea' id='block_1_103' title="bbox 2161 4182 3751 4267">
    <p class='ocr_par' dir='ltr' id='par_1_103' title="bbox 2161 4182 3751 4267">
     <span class='ocr_line' id='line_1_105' title="bbox 2161 4182 3751 4267; baseline 0.016 -29"><span class='ocrx_word' id='word_1_771' title='bbox 2161 4182 2315 4254; x_wconf 90' lang='lat' dir='ltr'><strong>juxta</strong></span> <span class='ocrx_word' id='word_1_772' title='bbox 2351 4188 2586 4258; x_wconf 92' lang='lat' dir='ltr'><strong>priscam</strong></span> <span class='ocrx_word' id='word_1_773' title='bbox 2626 4197 3077 4257; x_wconf 90' lang='lat' dir='ltr'><strong>consuetudinem</strong></span> <span class='ocrx_word' id='word_1_774' title='bbox 3124 4205 3397 4265; x_wconf 88' lang='lat' dir='ltr'><strong>credimus</strong></span> <span class='ocrx_word' id='word_1_775' title='bbox 3442 4210 3495 4265; x_wconf 90' lang='lat' dir='ltr'><strong>in</strong></span> <span class='ocrx_word' id='word_1_776' title='bbox 3539 4211 3751 4267; x_wconf 86' lang='lat' dir='ltr'><strong>Domino</strong></span> 
     </span>
    </p>
   </div>
   <div class='ocr_carea' id='block_1_104' title="bbox 2164 4276 3746 4371">
    <p class='ocr_par' dir='ltr' id='par_1_104' title="bbox 2164 4276 3746 4371">
     <span class='ocr_line' id='line_1_106' title="bbox 2164 4276 3746 4371; baseline 0.021 -43"><span class='ocrx_word' id='word_1_777' title='bbox 2164 4276 2453 4345; x_wconf 66' lang='lat' dir='ltr'><strong>praedicari</strong></span> <span class='ocrx_word' id='word_1_778' title='bbox 2481 4281 2539 4336; x_wconf 90' lang='lat' dir='ltr'><strong>in</strong></span> <span class='ocrx_word' id='word_1_779' title='bbox 2579 4286 2824 4343; x_wconf 88' lang='lat' dir='ltr'><strong>ecclesiis</strong></span> <span class='ocrx_word' id='word_1_780' title='bbox 2865 4304 3028 4345; x_wconf 90' lang='lat' dir='ltr'><strong>unam</strong></span> <span class='ocrx_word' id='word_1_781' title='bbox 3072 4292 3251 4364; x_wconf 82' lang='lat' dir='ltr'><strong>fidem,</strong></span> <span class='ocrx_word' id='word_1_782' title='bbox 3285 4313 3451 4355; x_wconf 90' lang='lat' dir='ltr'><strong>unum</strong></span> <span class='ocrx_word' id='word_1_783' title='bbox 3480 4301 3746 4371; x_wconf 73' lang='lat' dir='ltr'><strong>baptisma.</strong></span> 
     </span>
    </p>
   </div>
   <div class='ocr_carea' id='block_1_105' title="bbox 2165 4375 3747 4463">
    <p class='ocr_par' dir='ltr' id='par_1_105' title="bbox 2165 4375 3747 4463">
     <span class='ocr_line' id='line_1_107' title="bbox 2165 4375 3747 4463; baseline 0.013 -39"><span class='ocrx_word' id='word_1_784' title='bbox 2165 4376 2222 4423; x_wconf 87' lang='lat' dir='ltr'><strong>et</strong></span> <span class='ocrx_word' id='word_1_785' title='bbox 2260 4385 2424 4428; x_wconf 90' lang='lat' dir='ltr'><strong>unam</strong></span> <span class='ocrx_word' id='word_1_786' title='bbox 2472 4375 2870 4434; x_wconf 89' lang='lat' dir='ltr'><strong>solemnitatem</strong></span> <span class='ocrx_word' id='word_1_787' title='bbox 2919 4387 3335 4444; x_wconf 89' lang='lat' dir='ltr'><strong>sacratissimam</strong></span> <span class='ocrx_word' id='word_1_788' title='bbox 3364 4394 3664 4463; x_wconf 88' lang='lat' dir='ltr'><strong>paschalem</strong></span> <span class='ocrx_word' id='word_1_789' title='bbox 3689 4391 3747 4445; x_wconf 88' lang='lat' dir='ltr'><strong>ab</strong></span> 
     </span>
    </p>
   </div>
   <div class='ocr_carea' id='block_1_106' title="bbox 2165 4465 3744 4547">
    <p class='ocr_par' dir='ltr' id='par_1_106' title="bbox 2165 4465 3744 4547">
     <span class='ocr_line' id='line_1_108' title="bbox 2165 4465 3744 4547; baseline 0.015 -29"><span class='ocrx_word' id='word_1_790' title='bbox 2165 4465 2416 4522; x_wconf 90' lang='lat' dir='ltr'><strong>omnibus</strong></span> <span class='ocrx_word' id='word_1_791' title='bbox 2442 4467 2764 4529; x_wconf 87' lang='lat' dir='ltr'><strong>Christianis</strong></span> <span class='ocrx_word' id='word_1_792' title='bbox 2790 4474 2989 4547; x_wconf 92' lang='lat' dir='ltr'><strong>ubique</strong></span> <span class='ocrx_word' id='word_1_793' title='bbox 3017 4479 3280 4537; x_wconf 88' lang='lat' dir='ltr'><strong>celebrari</strong></span> <span class='ocrx_word' id='word_1_794' title='bbox 3308 4484 3362 4539; x_wconf 91' lang='lat' dir='ltr'><strong>in</strong></span> <span class='ocrx_word' id='word_1_795' title='bbox 3392 4486 3604 4543; x_wconf 88' lang='lat' dir='ltr'><strong>Christo</strong></span> <span class='ocrx_word' id='word_1_796' title='bbox 3632 4485 3744 4541; x_wconf 82' lang='lat' dir='ltr'><strong>Jesu</strong></span> 
     </span>
    </p>
   </div>
   <div class='ocr_carea' id='block_1_107' title="bbox 2165 4552 3741 4645">
    <p class='ocr_par' dir='ltr' id='par_1_107' title="bbox 2165 4552 3741 4645">
     <span class='ocr_line' id='line_1_109' title="bbox 2165 4552 3741 4645; baseline 0.015 -36"><span class='ocrx_word' id='word_1_797' title='bbox 2165 4552 2397 4613; x_wconf 91' lang='lat' dir='ltr'><strong>Domino</strong></span> <span class='ocrx_word' id='word_1_798' title='bbox 2427 4568 2649 4630; x_wconf 89' lang='lat' dir='ltr'><strong>nostro;</strong></span> <span class='ocrx_word' id='word_1_799' title='bbox 2680 4565 2807 4625; x_wconf 80' lang='lat' dir='ltr'><strong>quia</strong></span> <span class='ocrx_word' id='word_1_800' title='bbox 2853 4567 2907 4623; x_wconf 93' lang='lat' dir='ltr'><strong>iu</strong></span> <span class='ocrx_word' id='word_1_801' title='bbox 2946 4568 3065 4630; x_wconf 77' lang='lat' dir='ltr'><strong>ipso</strong></span> <span class='ocrx_word' id='word_1_802' title='bbox 3106 4574 3351 4645; x_wconf 90' lang='lat' dir='ltr'><strong>vivimus,</strong></span> <span class='ocrx_word' id='word_1_803' title='bbox 3382 4588 3440 4636; x_wconf 91' lang='lat' dir='ltr'><strong>et</strong></span> <span class='ocrx_word' id='word_1_804' title='bbox 3463 4592 3741 4643; x_wconf 89' lang='lat' dir='ltr'><strong>movemur,</strong></span> 
     </span>
    </p>
   </div>
   <div class='ocr_carea' id='block_1_108' title="bbox 2086 4628 2450 4707">
    <p class='ocr_par' dir='ltr' id='par_1_108' title="bbox 2086 4628 2450 4707">
     <span class='ocr_line' id='line_1_110' title="bbox 2086 4628 2450 4707; baseline 0.011 -7"><span class='ocrx_word' id='word_1_805' title='bbox 2086 4628 2141 4691; x_wconf 83' lang='grc' dir='ltr'><strong>Ι)</strong></span> <span class='ocrx_word' id='word_1_806' title='bbox 2167 4654 2222 4702; x_wconf 88' lang='lat' dir='ltr'><strong>et</strong></span> <span class='ocrx_word' id='word_1_807' title='bbox 2243 4663 2450 4707; x_wconf 89' lang='lat' dir='ltr'><strong>sumus.</strong></span> 
     </span>
    </p>
   </div>
   <div class='ocr_carea' id='block_1_109' title="bbox 2237 4788 3739 4875">
    <p class='ocr_par' dir='ltr' id='par_1_109' title="bbox 2237 4788 3739 4875">
     <span class='ocr_line' id='line_1_111' title="bbox 2237 4788 3739 4875; baseline 0.017 -32"><span class='ocrx_word' id='word_1_808' title='bbox 2237 4788 2553 4851; x_wconf 87' lang='lat' dir='ltr'><strong>Transferre</strong></span> <span class='ocrx_word' id='word_1_809' title='bbox 2592 4811 2722 4855; x_wconf 90' lang='lat' dir='ltr'><strong>vero</strong></span> <span class='ocrx_word' id='word_1_810' title='bbox 2760 4800 2900 4857; x_wconf 88' lang='lat' dir='ltr'><strong>hanc</strong></span> <span class='ocrx_word' id='word_1_811' title='bbox 2940 4804 3224 4875; x_wconf 88' lang='lat' dir='ltr'><strong>epistolam</strong></span> <span class='ocrx_word' id='word_1_812' title='bbox 3270 4812 3326 4867; x_wconf 91' lang='lat' dir='ltr'><strong>in</strong></span> <span class='ocrx_word' id='word_1_813' title='bbox 3369 4814 3572 4870; x_wconf 69' lang='lat' dir='ltr'><strong>Latincc</strong></span> <span class='ocrx_word' id='word_1_814' title='bbox 3607 4811 3739 4870; x_wconf 85' lang='lat' dir='ltr'><strong>vocis</strong></span> 
     </span>
    </p>
   </div>
   <div class='ocr_carea' id='block_1_110' title="bbox 2165 4881 3737 4975">
    <p class='ocr_par' dir='ltr' id='par_1_110' title="bbox 2165 4881 3737 4975">
     <span class='ocr_line' id='line_1_112' title="bbox 2165 4881 3737 4975; baseline 0.013 -39"><span class='ocrx_word' id='word_1_815' title='bbox 2165 4881 2459 4955; x_wconf 90' lang='lat' dir='ltr'><strong>eloquium,</strong></span> <span class='ocrx_word' id='word_1_816' title='bbox 2492 4903 2603 4944; x_wconf 89' lang='lat' dir='ltr'><strong>nou</strong></span> <span class='ocrx_word' id='word_1_817' title='bbox 2632 4892 2764 4947; x_wconf 90' lang='lat' dir='ltr'><strong>satis</strong></span> <span class='ocrx_word' id='word_1_818' title='bbox 2790 4904 2998 4951; x_wconf 87' lang='lat' dir='ltr'><strong>certum</strong></span> <span class='ocrx_word' id='word_1_819' title='bbox 3026 4914 3145 4957; x_wconf 87' lang='lat' dir='ltr'><strong>esse</strong></span> <span class='ocrx_word' id='word_1_820' title='bbox 3168 4904 3505 4975; x_wconf 87' lang='lat' dir='ltr'><strong>putavimus;</strong></span> <span class='ocrx_word' id='word_1_821' title='bbox 3530 4922 3594 4962; x_wconf 89' lang='lat' dir='ltr'><strong>ne</strong></span> <span class='ocrx_word' id='word_1_822' title='bbox 3614 4904 3737 4961; x_wconf 85' lang='lat' dir='ltr'><strong>forte</strong></span> 
     </span>
    </p>
   </div>
   <div class='ocr_carea' id='block_1_111' title="bbox 2162 4978 3737 5075">
    <p class='ocr_par' dir='ltr' id='par_1_111' title="bbox 2162 4978 3737 5075">
     <span class='ocr_line' id='line_1_113' title="bbox 2162 4978 3737 5075; baseline 0.012 -43"><span class='ocrx_word' id='word_1_823' title='bbox 2162 4978 2535 5046; x_wconf 80' lang='lat' dir='ltr'><strong>graecissantes</strong></span> <span class='ocrx_word' id='word_1_824' title='bbox 2574 4984 2756 5054; x_wconf 91' lang='lat' dir='ltr'><strong>potius</strong></span> <span class='ocrx_word' id='word_1_825' title='bbox 2782 4988 2925 5058; x_wconf 90' lang='lat' dir='ltr'><strong>apud</strong></span> <span class='ocrx_word' id='word_1_826' title='bbox 2955 5006 3064 5075; x_wconf 27' lang='lat' dir='ltr'><strong>nos.</strong></span> <span class='ocrx_word' id='word_1_827' title='bbox 3091 4990 3133 5062; x_wconf 77' lang='grc' dir='ltr'><strong>ί,</strong></span> <span class='ocrx_word' id='word_1_828' title='bbox 3173 5010 3276 5052; x_wconf 91' lang='lat' dir='ltr'><strong>uec</strong></span> <span class='ocrx_word' id='word_1_829' title='bbox 3308 4999 3322 5049; x_wconf 82' lang='lat' dir='ltr'><strong>l</strong></span> <span class='ocrx_word' id='word_1_830' title='bbox 3357 4996 3471 5069; x_wconf 89' lang='lat' dir='ltr'><strong>jam</strong></span> <span class='ocrx_word' id='word_1_831' title='bbox 3515 4998 3737 5056; x_wconf 78' lang='lat' dir='ltr'><strong>valentes</strong></span> 
     </span>
    </p>
   </div>
   <div class='ocr_carea' id='block_1_112' title="bbox 2225 5164 2929 5241">
    <p class='ocr_par' dir='ltr' id='par_1_112' title="bbox 2225 5164 2929 5241">
     <span class='ocr_line' id='line_1_114' title="bbox 2225 5164 2929 5241; baseline 0.017 -23"><span class='ocrx_word' id='word_1_832' title='bbox 2225 5173 2248 5241; x_wconf 65' lang='grc' dir='ltr'>ξ</span> <span class='ocrx_word' id='word_1_833' title='bbox 2370 5169 2464 5221; x_wconf 79' lang='lat' dir='ltr'><strong>sed</strong></span> <span class='ocrx_word' id='word_1_834' title='bbox 2490 5172 2663 5240; x_wconf 84' lang='lat' dir='ltr'><strong>gratia</strong></span> <span class='ocrx_word' id='word_1_835' title='bbox 2689 5170 2834 5241; x_wconf 84' lang='lat' dir='ltr'><strong>Spir.</strong></span> <span class='ocrx_word' id='word_1_836' title='bbox 2866 5173 2929 5230; x_wconf 90' lang='lat' dir='ltr'><strong>S.</strong></span> 
     </span>
    </p>
   </div>
   <div class='ocr_carea' id='block_1_113' title="bbox 2228 5233 2692 5309">
    <p class='ocr_par' dir='ltr' id='par_1_113' title="bbox 2228 5233 2692 5309">
     <span class='ocr_line' id='line_1_115' title="bbox 2228 5233 2692 5309; baseline 0.017 -21"><span class='ocrx_word' id='word_1_837' title='bbox 2228 5233 2248 5271; x_wconf 70' lang='grc' dir='ltr'>ί</span> <span class='ocrx_word' id='word_1_838' title='bbox 2278 5234 2340 5309; x_wconf 78' lang='lat' dir='ltr'><strong>p,</strong></span> <span class='ocrx_word' id='word_1_839' title='bbox 2367 5233 2692 5309; x_wconf 58' lang='lat' dir='ltr'><strong>peragamus.</strong></span> 
     </span>
    </p>
   </div>
   <div class='ocr_carea' id='block_1_114' title="bbox 2227 5306 2578 5381">
    <p class='ocr_par' dir='ltr' id='par_1_114' title="bbox 2227 5306 2578 5381">
     <span class='ocr_line' id='line_1_116' title="bbox 2227 5306 2578 5381; baseline 0.017 -22"><span class='ocrx_word' id='word_1_840' title='bbox 2227 5314 2251 5381; x_wconf 69' lang='grc' dir='ltr'>ξό</span> <span class='ocrx_word' id='word_1_841' title='bbox 2276 5306 2338 5381; x_wconf 82' lang='lat' dir='ltr'><strong>l_),</strong></span> <span class='ocrx_word' id='word_1_842' title='bbox 2364 5306 2578 5381; x_wconf 47' lang='lat' dir='ltr'><strong>scrip—ta.</strong></span> 
     </span>
    </p>
   </div>
   <div class='ocr_carea' id='block_1_115' title="bbox 2226 5372 3721 5467">
    <p class='ocr_par' dir='ltr' id='par_1_115' title="bbox 2226 5372 3721 5467">
     <span class='ocr_line' id='line_1_117' title="bbox 2226 5372 3721 5467; baseline 0.015 -36"><span class='ocrx_word' id='word_1_843' title='bbox 2226 5372 2255 5412; x_wconf 70' lang='lat' dir='ltr'><strong>h</strong></span> <span class='ocrx_word' id='word_1_844' title='bbox 2277 5372 2354 5467; x_wconf 75' lang='lat' dir='ltr'><strong>ita</strong></span> <span class='ocrx_word' id='word_1_845' title='bbox 2379 5379 2421 5433; x_wconf 87' lang='grc' dir='ltr'><strong>Β</strong></span> <span class='ocrx_word' id='word_1_846' title='bbox 2461 5372 2517 5465; x_wconf 76' lang='lat' dir='ltr'><strong>et</strong></span> <span class='ocrx_word' id='word_1_847' title='bbox 2544 5382 2607 5467; x_wconf 79' lang='lat' dir='ltr'><strong>l_),</strong></span> <span class='ocrx_word' id='word_1_848' title='bbox 2660 5398 2890 5467; x_wconf 45' lang='lat' dir='ltr'><strong>quorum</strong></span> <span class='ocrx_word' id='word_1_849' title='bbox 2914 5390 3065 5467; x_wconf 80' lang='lat' dir='ltr'><strong>prior</strong></span> <span class='ocrx_word' id='word_1_850' title='bbox 3085 5408 3185 5467; x_wconf 60' lang='lat' dir='ltr'><strong>pro</strong></span> <span class='ocrx_word' id='word_1_851' title='bbox 3215 5399 3380 5452; x_wconf 75' lang='lat' dir='ltr'><strong>nostri</strong></span> <span class='ocrx_word' id='word_1_852' title='bbox 3420 5398 3577 5455; x_wconf 81' lang='lat' dir='ltr'><strong>habet</strong></span> <span class='ocrx_word' id='word_1_853' title='bbox 3600 5409 3721 5467; x_wconf 73' lang='lat' dir='ltr'><strong>pra:-</strong></span> 
     </span>
    </p>
   </div>
   <div class='ocr_carea' id='block_1_116' title="bbox 2153 5454 3721 5540">
    <p class='ocr_par' dir='ltr' id='par_1_116' title="bbox 2153 5454 3721 5540">
     <span class='ocr_line' id='line_1_118' title="bbox 2153 5454 3721 5540; baseline 0.018 -42"><span class='ocrx_word' id='word_1_854' title='bbox 2153 5462 2379 5505; x_wconf 79' lang='lat' dir='ltr'><strong>cessores</strong></span> <span class='ocrx_word' id='word_1_855' title='bbox 2403 5454 2517 5507; x_wconf 81' lang='lat' dir='ltr'><strong>mei.</strong></span> <span class='ocrx_word' id='word_1_856' title='bbox 2556 5455 2612 5539; x_wconf 76' lang='lat' dir='ltr'><strong>lu</strong></span> <span class='ocrx_word' id='word_1_857' title='bbox 2643 5456 2773 5512; x_wconf 89' lang='lat' dir='ltr'><strong>edit.</strong></span> <span class='ocrx_word' id='word_1_858' title='bbox 2816 5454 3027 5518; x_wconf 73' lang='lat' dir='ltr'><strong>Petavii</strong></span> <span class='ocrx_word' id='word_1_859' title='bbox 3055 5454 3110 5519; x_wconf 66' lang='lat' dir='ltr'><strong>et</strong></span> <span class='ocrx_word' id='word_1_860' title='bbox 3138 5464 3308 5522; x_wconf 89' lang='lat' dir='ltr'><strong>Buch.</strong></span> <span class='ocrx_word' id='word_1_861' title='bbox 3342 5454 3563 5540; x_wconf 85' lang='lat' dir='ltr'><strong>legitur,</strong></span> <span class='ocrx_word' id='word_1_862' title='bbox 3592 5454 3721 5538; x_wconf 51' lang='lat' dir='ltr'><strong>pra.“</strong></span> 
     </span>
    </p>
   </div>
   <div class='ocr_carea' id='block_1_117' title="bbox 2155 5535 2601 5581">
    <p class='ocr_par' dir='ltr' id='par_1_117' title="bbox 2155 5535 2601 5581">
     <span class='ocr_line' id='line_1_119' title="bbox 2155 5535 2601 5581; baseline 0.025 -11"><span class='ocrx_word' id='word_1_863' title='bbox 2155 5535 2389 5576; x_wconf 79' lang='lat' dir='ltr'><strong>cursores</strong></span> <span class='ocrx_word' id='word_1_864' title='bbox 2418 5535 2601 5581; x_wconf 72' lang='grc' dir='ltr'><strong>ηοδινὶ.</strong></span> 
     </span>
    </p>
   </div>
   <div class='ocr_carea' id='block_1_118' title="bbox 2234 5588 3718 5684">
    <p class='ocr_par' dir='ltr' id='par_1_118' title="bbox 2234 5588 3718 5684">
     <span class='ocr_line' id='line_1_120' title="bbox 2234 5588 3718 5684; baseline 0.016 -41"><span class='ocrx_word' id='word_1_865' title='bbox 2234 5588 2247 5627; x_wconf 85' lang='grc' dir='ltr'><strong>ί</strong></span> <span class='ocrx_word' id='word_1_866' title='bbox 2284 5591 2363 5673; x_wconf 72' lang='lat' dir='ltr'><strong>ita</strong></span> <span class='ocrx_word' id='word_1_867' title='bbox 2384 5592 2674 5684; x_wconf 70' lang='lat' dir='ltr'><strong>Petaviana</strong></span> <span class='ocrx_word' id='word_1_868' title='bbox 2705 5600 2886 5668; x_wconf 87' lang='lat' dir='ltr'><strong>editio,</strong></span> <span class='ocrx_word' id='word_1_869' title='bbox 2906 5612 2966 5684; x_wconf 61' lang='lat' dir='ltr'><strong>et</strong></span> <span class='ocrx_word' id='word_1_870' title='bbox 2992 5621 3129 5684; x_wconf 68' lang='lat' dir='ltr'><strong>mss.</strong></span> <span class='ocrx_word' id='word_1_871' title='bbox 3147 5610 3332 5679; x_wconf 87' lang='lat' dir='ltr'><strong>codd.,</strong></span> <span class='ocrx_word' id='word_1_872' title='bbox 3356 5628 3491 5683; x_wconf 91' lang='lat' dir='ltr'><strong>quos</strong></span> <span class='ocrx_word' id='word_1_873' title='bbox 3514 5607 3718 5684; x_wconf 76' lang='lat' dir='ltr'><strong>proinde</strong></span> 
     </span>
    </p>
   </div>
   <div class='ocr_carea' id='block_1_119' title="bbox 2154 5663 3714 5753">
    <p class='ocr_par' dir='ltr' id='par_1_119' title="bbox 2154 5663 3714 5753">
     <span class='ocr_line' id='line_1_121' title="bbox 2154 5663 3714 5753; baseline 0.008 -36"><span class='ocrx_word' id='word_1_874' title='bbox 2154 5663 2307 5731; x_wconf 88' lang='lat' dir='ltr'><strong>sequi</strong></span> <span class='ocrx_word' id='word_1_875' title='bbox 2357 5667 2644 5727; x_wconf 87' lang='lat' dir='ltr'><strong>maluimus</strong></span> <span class='ocrx_word' id='word_1_876' title='bbox 2667 5711 2682 5737; x_wconf 93' lang='lat'><strong>,</strong></span> <span class='ocrx_word' id='word_1_877' title='bbox 2713 5663 2882 5740; x_wconf 28' lang='lat' dir='ltr'><strong>quam,</strong></span> <span class='ocrx_word' id='word_1_878' title='bbox 2903 5663 3231 5735; x_wconf 73' lang='lat' dir='ltr'><strong>Eucherium</strong></span> <span class='ocrx_word' id='word_1_879' title='bbox 3249 5663 3654 5753; x_wconf 53' lang='grc' dir='ltr'><strong>,ἶίυῖᾞῖεηέέὶι</strong></span> <span class='ocrx_word' id='word_1_880' title='bbox 3702 5692 3714 5729; x_wconf 90' lang='lat'><strong>:</strong></span> 
     </span>
    </p>
   </div>
   <div class='ocr_carea' id='block_1_120' title="bbox 2147 5748 2258 5788">
    <p class='ocr_par' dir='ltr' id='par_1_120' title="bbox 2147 5748 2258 5788">
     <span class='ocr_line' id='line_1_122' title="bbox 2147 5748 2258 5788; baseline 0.009 -1"><span class='ocrx_word' id='word_1_881' title='bbox 2147 5748 2258 5788; x_wconf 82' lang='lat' dir='ltr'><strong>vos.</strong></span> 
     </span>
    </p>
   </div>
   <div class='ocr_carea' id='block_1_121' title="bbox 2221 5804 3712 5895">
    <p class='ocr_par' dir='ltr' id='par_1_121' title="bbox 2221 5804 3712 5895">
     <span class='ocr_line' id='line_1_123' title="bbox 2221 5804 3712 5895; baseline 0.013 -38"><span class='ocrx_word' id='word_1_882' title='bbox 2221 5807 2235 5855; x_wconf 82' lang='lat' dir='ltr'><strong>t‘</strong></span> <span class='ocrx_word' id='word_1_883' title='bbox 2275 5804 2333 5860; x_wconf 86' lang='lat' dir='ltr'><strong>In</strong></span> <span class='ocrx_word' id='word_1_884' title='bbox 2357 5808 2498 5889; x_wconf 74' lang='lat' dir='ltr'><strong>edit.</strong></span> <span class='ocrx_word' id='word_1_885' title='bbox 2528 5810 2716 5895; x_wconf 71' lang='lat' dir='ltr'><strong>Petav.</strong></span> <span class='ocrx_word' id='word_1_886' title='bbox 2748 5823 2803 5868; x_wconf 92' lang='lat' dir='ltr'><strong>et</strong></span> <span class='ocrx_word' id='word_1_887' title='bbox 2827 5815 2994 5895; x_wconf 56' lang='lat' dir='ltr'><strong>Buch,</strong></span> <span class='ocrx_word' id='word_1_888' title='bbox 3029 5836 3314 5895; x_wconf 81' lang='lat' dir='ltr'><strong>perperam</strong></span> <span class='ocrx_word' id='word_1_889' title='bbox 3343 5826 3431 5882; x_wconf 86' lang='lat' dir='ltr'><strong>hic</strong></span> <span class='ocrx_word' id='word_1_890' title='bbox 3459 5819 3712 5882; x_wconf 83' lang='lat' dir='ltr'><strong>interseri-</strong></span> 
     </span>
    </p>
   </div>
   <div class='ocr_carea' id='block_1_122' title="bbox 2144 5880 3616 5955">
    <p class='ocr_par' dir='ltr' id='par_1_122' title="bbox 2144 5880 3616 5955">
     <span class='ocr_line' id='line_1_124' title="bbox 2144 5880 3616 5955; baseline 0.013 -25"><span class='ocrx_word' id='word_1_891' title='bbox 2144 5883 2251 5944; x_wconf 88' lang='lat' dir='ltr'><strong>tur,</strong></span> <span class='ocrx_word' id='word_1_892' title='bbox 2281 5880 2441 5947; x_wconf 77' lang='lat' dir='ltr'><strong>enim,</strong></span> <span class='ocrx_word' id='word_1_893' title='bbox 2468 5883 2612 5953; x_wconf 82' lang='lat' dir='ltr'><strong>quod</strong></span> <span class='ocrx_word' id='word_1_894' title='bbox 2641 5898 2858 5942; x_wconf 88' lang='lat' dir='ltr'><strong>sensum</strong></span> <span class='ocrx_word' id='word_1_895' title='bbox 2892 5880 3095 5954; x_wconf 77' lang='lat' dir='ltr'><strong>turbat.</strong></span> <span class='ocrx_word' id='word_1_896' title='bbox 3125 5880 3183 5955; x_wconf 66' lang='grc' dir='ltr'>δι</span> <span class='ocrx_word' id='word_1_897' title='bbox 3202 5895 3258 5952; x_wconf 86' lang='lat' dir='ltr'><strong>in</strong></span> <span class='ocrx_word' id='word_1_898' title='bbox 3289 5880 3424 5954; x_wconf 67' lang='lat' dir='ltr'><strong>mss.</strong></span> <span class='ocrx_word' id='word_1_899' title='bbox 3453 5880 3616 5954; x_wconf 80' lang='lat' dir='ltr'><strong>deest.</strong></span> 
     </span>
    </p>
   </div>
  </div>
