4060 6364
335 309 451 373 513

1127 307 1414 368 DIONYSII
1452 308 1694 368 EXIGUI
1730 307 2064 374 EPISTULA
2093 312 2182 371 DE
2222 311 2521 371 RATIONE
2561 313 2875 371 PASCHIE.

3530 315 3638 376 5M-

335 443 459 484 naec
487 424 768 495 diligenter
809 425 1131 497 exprimere,
1163 427 1420 483 laederent
1459 428 1766 499 veritatem,
1807 445 1935 500 pro—
1962 438 2015 498 Α
2038 430 2450 488 fraternitatem.
2484 431 2580 496 Te,
2610 447 2728 502 quae
2760 430 3040 488 nobiscum
3067 438 3170 498 est,
3200 428 3401 490 salutat
3436 430 3490 489 in
3528 435 3638 490 Do-

336 533 464 595 pter
491 521 777 577 informem
818 537 1122 577 sermonem
1153 530 1314 592 atque
1345 523 1726 593 incongruum,
1759 532 1814 580 et
1842 525 1936 594 qui

337 612 484 670 forte
509 630 618 669 non
645 615 718 668 ita
758 616 928 684 possit
969 616 1218 670 ardenter
1257 615 1596 686 scienterque
1634 615 1935 686 transferri,

335 709 484 763 sicut
521 723 684 764 causa
726 710 1003 779 poscebat.
1053 707 1237 764 Saluta
1278 725 1418 780 eam,
1459 725 1579 780 quae
1624 719 1802 768 tecum
1834 720 1936 779 est,

2042 525 2208 581 mino.
2237 524 2308 579 Et
2336 527 2444 580 alia
2469 543 2625 581 manu
2654 545 2666 580 :
2697 526 2891 582 Valere
2921 534 2976 582 te
3015 534 3070 583 et
3109 527 3281 583 nostri
3306 527 3636 594 meminisse,

2043 621 2277 688 domine,
2307 635 2522 691 precor,
2558 621 2908 679 dilectissime
2949 629 3006 680 et
3039 621 3492 680 desideratissime
3529 620 3640 676 fra-

2044 721 2128 769 ter
2162 723 2208 769 a.

415 853 441 882 ⁸
475 844 729 900 Ultimam
749 845 890 901 hanc
913 862 1122 912 vocem,
1147 861 1265 916 quae
1291 847 1505 902 additur
1528 849 1582 903 in
1606 864 1758 916 mss.,
1794 847 2045 904 Petavius
2072 857 2126 904 et
2150 849 2446 905 Bueherius
2475 848 2796 906 omiserunt.

824 1061 1374 1142 "EPISTOLA
1447 1059 1905 1140 DIONYSII
1985 1057 2118 1135 DE
2184 1056 2632 1138 RATIONE
2714 1055 3150 1160 PASCH/E,

1407 1212 1621 1253 semen
1662 1211 1797 1252 anno
1827 1193 2036 1249 cnmsri
2063 1209 2290 1249 VULGABI
2322 1210 2480 1250 nxxvr
2512 1205 2558 1248 τι.

415 1356 654 1413 Dominis
678 1372 710 1412 a
733 1371 820 1413 me
847 1355 1134 1428 plurimum
1154 1356 1496 1422 venerandis,
1522 1355 1797 1414 Bonifacio
1828 1359 1940 1429 pri-

340 1450 568 1504 micerio
594 1449 952 1515 notariorum,
984 1457 1038 1505 et
1064 1447 1214 1505 Bono
1241 1447 1630 1516 secundicerio,
1654 1447 1939 1521 Dionysius

340 1540 578 1611 Exiguus
605 1542 832 1600 salutem
857 1542 905 1596 ιν.

415 1631 782 1687 Observantiaz
832 1644 853 1672 ε
898 1633 1167 1704 paschalis
1208 1633 1471 1703 regulam,
1513 1633 1607 1690 diu
1649 1641 1838 1691 sancto
1877 1651 1943 1694 ac

340 1722 641 1779 venerabili
685 1723 942 1780 Petronio
985 1725 1241 1796 episcopo
1288 1735 1686 1794 commonente,
1721 1727 1940 1784 tandem

341 1816 484 1889 stylo
511 1817 891 1873 commendare
919 1819 1244 1890 compulsus,
1279 1835 1495 1874 omnem
1533 1821 1790 1891 deinceps
1821 1836 1939 1876 am-

341 1907 661 1976 biguitatem
683 1908 1027 1977 diversitatis,
1053 1910 1586 1981 oppugnantiamque
1617 1909 1643 1949 ά
1674 1912 1941 1970 sublatam

344 1997 465 2055 fore
512 2001 844 2056 credideram
877 2019 889 2055 :
920 2002 1156 2059 maxime
1193 2003 1338 2074 quod
1386 2012 1696 2060 sanctorum
1727 2013 1942 2062 trecen-

349 2097 530 2146 torum
559 2095 861 2150 octodecim
909 2095 1209 2150 antistitum
1243 2096 1334 2165 qui
1363 2095 1503 2165 apud
1533 2095 1766 2152 Nicaeam
1812 2113 1944 2154 con-

344 2193 608 2240 venerant
637 2186 1011 2242 auctoritatem
1052 2188 1180 2242 totis
1224 2186 1429 2244 nisibus
1473 2187 1746 2244 insinuare
1789 2203 1944 2245 cura-

343 2291 544 2344 veram,
577 2279 669 2348 qui
697 2279 753 2332 in
782 2278 874 2335 illo
906 2289 928 2316 ⁶
955 2279 1184 2334 concilio
1212 2279 1520 2335 venerando
1547 2279 1943 2336 decemnoven-

343 2367 519 2423 nalem
550 2369 757 2438 cyclum
789 2369 1107 2438 regulariter
1136 2369 1435 2440 aﬂigentes,
1459 2378 1677 2440 quartas
1704 2371 1944 2429 decimas

344 2455 498 2514 lunas
538 2460 802 2529 paschalis
833 2461 1188 2517 observantiae
1217 2477 1315 2532 per
1342 2463 1521 2518 omnia
1552 2472 1794 2534 tempora
1826 2466 1944 2536 lege

344 2565 454 2606 sua:
506 2549 524 2589 π
578 2554 927 2610 revolutionis
992 2555 1295 2612 immobiles
1357 2557 1773 2613 adnotaverunt.
1834 2558 1945 2616 Sed

344 2643 600 2713 quoniam
645 2647 904 2701 sanctitas
941 2656 1143 2716 vestra,
1175 2656 1294 2703 orta
1325 2649 1402 2703 rei
1432 2649 1591 2717 hujus
1620 2651 1940 2718 quaestione,

343 2735 410 2790 de
437 2737 660 2793 archivo
684 2737 943 2794 Romamn
967 2739 1241 2806 Ecclesiae,
1270 2739 1597 2809 Paschasini,
1622 2744 1946 2800 venerabilis

347 2827 607 2899 episcopi,
639 2831 857 2900 scripta,
887 2846 1047 2901 quem
1095 2840 1326 2899 constat,
1360 2849 1457 2902 pro
1485 2848 1715 2903 persona
1745 2836 1947 2891 beatis-

345 2918 464 2974 simi
494 2935 646 2992 papa}
685 2921 899 2992 Leonis,
932 2933 1120 2980 sancto
1159 2925 1582 2982 Chalcedonensi
1625 2929 1945 2998 praesedisse

344 3013 598 3083 concilio,
622 3015 690 3070 ad
709 3017 959 3074 eumdem
987 3034 1182 3089 papam
1213 3019 1480 3090 per.idem
1504 3029 1714 3091 tempus
1737 3021 1943 3077 directa

346 3121 488 3164 nunc
519 3110 761 3180 protulit,
792 3127 912 3182 qua:
939 3113 1139 3168 sanctis
1178 3111 1426 3168 Patribus
1465 3114 1702 3170 evidenti
1731 3116 1944 3171 ratione

345 3203 711 3272 consentiunt,
761 3204 877 3260 haec
923 3215 946 3251 Β
1001 3206 1250 3275 praesenti
1303 3206 1588 3262 indidimus
1637 3208 1788 3278 operi
1830 3227 1842 3261 :
1885 3216 1945 3263 ut

346 3292 506 3364 hujus
534 3295 695 3350 etiam
725 3297 828 3351 viri
859 3298 1166 3353 testimonio
1196 3299 1510 3365 niteremur,
1536 3300 1627 3369 qui
1653 3299 1941 3356 manifesto

345 3383 607 3441 miraculo
657 3388 1041 3443 venerabilium
1082 3389 1395 3460 pontificum
1425 3391 1697 3461 paschalia
1725 3390 1942 3448 decreta

345 3473 648 3530 conﬁrmat.
681 3477 816 3544 Quia
839 3495 968 3535 vero
997 3479 1052 3534 in
1084 3480 1300 3550 scriptis
1327 3480 1494 3548 ipsius
1524 3479 1546 3516 ι’
1575 3481 1942 3537 communium

344 3582 608 3625 annorum
655 3580 713 3627 et
757 3573 1196 3630 embolismorum
1241 3576 1445 3631 mentio
1491 3573 1632 3630 facta
1673 3582 1774 3640 est,
1815 3581 1870 3628 et
1911 3589 1944 3630 a

343 3662 614 3718 nonnullis
642 3664 759 3721 hanc
786 3667 947 3737 ratio,
984 3682 1102 3738 quae
1146 3683 1215 3724 ex
1261 3667 1630 3734 Hebraeorum,
1664 3675 1722 3721 ut
1750 3666 1942 3736 fertur,

343 3753 633 3810 traditione
661 3756 957 3824 descendit,
991 3772 1318 3829 magnopere
1347 3759 1624 3830 quaeritur,
1668 3757 1808 3813 scire
1840 3773 1941 3814 vo-

344 3840 578 3901 lentibus
608 3855 786 3903 utrum
832 3848 956 3906 huic
991 3860 1220 3922 paterna
1258 3851 1444 3921 regula
1481 3849 1496 3885 ί
1533 3863 1832 3905 consonare
1860 3848 1943 3903 vi-

345 3932 554 4000 deatur,
586 3939 952 3994 necessarium
997 3938 1248 3993 duximus
1295 3946 1350 3994 et
1389 3939 1532 3992 hanc
1569 3938 1837 4001 notitiam,
1873 3953 1943 3994 ne

347 4027 602 4096 probetur
641 4030 698 4086 in
739 4031 918 4103 aliquo
957 4031 1238 4100 dissidere,
1268 4039 1458 4087 coacta
1497 4030 1762 4087 brevitate
1789 4030 1941 4101 dige-

345 4130 486 4174 rere.

413 4210 734 4270 Noverimus
779 4214 963 4284 itaque
989 4215 1114 4284 quia
1145 4213 1288 4269 idem
1316 4213 1822 4270 decemnovennalis
1851 4228 1942 4284 cy-

347 4303 503 4359 clusi
545 4321 644 4377 per
672 4306 972 4376 ogdoadem
1019 4315 1073 4363 et
1116 4306 1481 4362 hendecadem
1527 4321 1740 4376 semper
1783 4306 1836 4360 in
1881 4320 1942 4361 se

2047 1358 2149 1414 hac
2170 1357 2380 1412 ratione
2402 1355 2678 1428 peragitur
2705 1373 2717 1410 :
2742 1363 2800 1411 ut
2821 1371 2991 1413 annos
3013 1356 3246 1426 primum
3274 1364 3329 1414 et
3349 1355 3644 1418 secundum

2044 1465 2381 1517 communes,
2412 1449 2465 1504 id
2511 1457 2595 1505 est
2629 1448 2868 1504 minores
2896 1449 3125 1517 habeat;
3157 1450 3374 1505 tertium
3417 1451 3643 1506 emboli-

1970 1579 2020 1641 B
2047 1557 2243 1608 smum,
2268 1542 2321 1596 id
2351 1548 2434 1598 est
2462 1540 2753 1610 majorem;
2786 1556 2983 1596 annum
3023 1549 3274 1611 quartum
3315 1550 3371 1598 et
3397 1542 3645 1613 quintum

2047 1634 2177 1690 item
2234 1648 2576 1700 communes,
2632 1642 2843 1688 sextum
2899 1633 3302 1700 embolismum,
3359 1632 3646 1704 septimum

2046 1742 2412 1790 communem,
2443 1735 2694 1784 octavum
2722 1726 3119 1782 embolismum.
3154 1726 3232 1781 Ac
3272 1741 3369 1797 per
3409 1726 3513 1781 hoc
3552 1738 3646 1795 og-

2046 1819 2237 1876 doadis
2285 1835 2600 1876 communes
2637 1818 2763 1873 anni
2812 1819 3053 1890 quinque
3099 1827 3155 1874 et
3192 1827 3302 1874 tres
3340 1817 3647 1876 embolismi

2043 1909 2246 1979 jugiter
2275 1909 2634 1964 ascribuntur.
2666 1907 2976 1964 Communis
3005 1916 3185 1964 autem
3223 1924 3397 1965 annus
3438 1908 3648 1964 duode-

2047 2001 2154 2056 cim
2179 2000 2396 2057 lunares
2424 2017 2637 2057 menses
2665 2000 2891 2070 colligit,
2922 2001 3014 2070 qui
3042 2001 3155 2057 dies
3184 2009 3458 2058 trecentos
3486 2000 3647 2069 quin-

2046 2093 2301 2163 quaginta
2330 2101 2563 2163 quatuor
2589 2091 2848 2148 efliciunt.
2878 2092 3238 2148 Embolismus
3267 2099 3445 2147 autem
3476 2105 3649 2148 annus

2047 2191 2103 2239 et
2125 2185 2279 2240 lunas
2299 2184 2582 2253 tredecim,
2605 2193 2658 2239 et
2684 2185 2798 2239 dies
2827 2192 3097 2240 trecentos
3119 2184 3392 2252 octoginta
3416 2193 3650 2255 quatuor

2045 2275 2248 2331 habere
2296 2283 2648 2331 monstratur.
2701 2275 2832 2331 Item
2871 2275 3141 2331 hendecas
3174 2275 3276 2330 hac
3306 2275 3424 2344 lege
3452 2275 3650 2330 decur»

2046 2367 2121 2422 rit
2151 2365 2196 2420 ιτ.
2232 2367 2420 2437 incipit
2451 2383 2481 2421 a
2513 2383 2658 2422 nono
2689 2367 2702 2404 1
2736 2368 2892 2438 cyelo
2923 2367 3418 2434 decemnovennali,
3451 2367 3542 2437 qui
3568 2374 3650 2425 est

2048 2457 2255 2514 lunaris
2285 2467 2503 2526 sextus;
2529 2458 2680 2528 cujus
2706 2459 2911 2528 primus
2940 2467 2995 2513 et
3023 2460 3286 2515 secundus
3308 2473 3480 2513 annus
3499 2474 3650 2514 com-

2048 2550 2227 2604 munis
2266 2557 2369 2617 est,
2423 2550 2611 2605 tertius
2662 2549 3029 2617 embolismus,
3078 2560 3298 2621 quartus
3336 2558 3392 2606 et
3431 2550 3650 2620 quintus

2049 2642 2368 2709 communis,
2409 2650 2596 2696 sextus
2636 2641 3008 2711 embolismus,
3038 2642 3297 2713 septimus
3336 2650 3391 2698 et
3426 2651 3650 2699 octavus

2051 2748 2387 2800 communes,
2433 2749 2606 2789 nonus
2654 2735 3024 2802 embolismus,
3056 2734 3293 2790 decimus
3327 2735 3650 2804 communis,

2050 2826 2366 2882 undecimus
2395 2826 2744 2882 embolismus
2774 2844 2787 2880 :
2818 2828 3000 2896 sicque
3028 2827 3298 2882 hendecas
3341 2825 3644 2883 communio

2049 2917 2151 2974 bus
2200 2919 2354 2974 annis
2399 2927 2627 2989 septem,
2661 2918 2992 2974 embolismis
3030 2926 3260 2987 quatuor
3307 2919 3646 2974 terminatur.

1973 2996 2019 3062 C
2050 3010 2504 3068 Embolismorum
2550 3022 2731 3068 autem
2773 3013 2876 3068 ista
2919 3012 3060 3068 ratio
3102 3012 3365 3083 probatur
3391 3012 3647 3080 existere,

2051 3103 2176 3174 quia
2215 3117 2482 3160 annorum
2510 3105 2879 3160 communium
2905 3104 3116 3160 videtur
3142 3105 3338 3160 damna
3373 3104 3646 3176 supplere,

2049 3204 2317 3265 quatenus
2340 3196 2405 3251 ad
2433 3197 2610 3252 solare
2636 3204 2848 3268 tempus
2886 3195 3090 3252 lunaris
3118 3205 3430 3267 exaequetur
3457 3212 3650 3252 excur-

2048 3289 2150 3346 sio.
2183 3289 2436 3357 Quamvis
2461 3292 2602 3347 enim
2631 3290 2758 3346 anni
2787 3290 2979 3346 solaris
2999 3290 3259 3346 circulum
3279 3301 3318 3327 ηι
3342 3305 3440 3361 per
3469 3291 3650 3360 singu-

2049 3381 2133 3438 los
2161 3397 2374 3438 menses
2403 3383 2528 3438 luna
2555 3384 2874 3451 circumeat,
2905 3391 3086 3438 tamen
3117 3381 3232 3451 ejus
3260 3381 3649 3452 perfectionem

2048 3472 2335 3530 duodecim
2372 3475 2482 3530 suis
2522 3475 2797 3531 mensibus
2827 3474 3052 3545 implere
3081 3491 3188 3531 non
3218 3474 3364 3530 valet
3393 3483 3440 3527 ιι.
3488 3475 3650 3530 Deni-

2049 3581 2155 3638 que
2195 3567 2250 3623 in
2290 3569 2444 3625 annis
2487 3568 2862 3626 communibus
2889 3568 2956 3622 ad
2985 3568 3252 3624 rationem
3290 3567 3483 3624 solaris
3522 3567 3652 3625 anni

2047 3659 2301 3716 undecim
2329 3660 2445 3716 dies
2472 3660 2612 3714 luna:
2640 3660 2832 3716 deesse
2860 3667 3176 3717 cernuntur.
3220 3658 3279 3713 In
3318 3659 3650 3716 embolismis

2049 3768 2181 3809 vero
2209 3754 2582 3810 novemdecim
2613 3753 2804 3813 diebus
2827 3753 3079 3809 eumdem
3107 3769 3308 3809 annum
3331 3753 3540 3809 videtur
3567 3767 3651 3808 so-

2048 3844 2218 3900 larem
2250 3854 2273 3881 °
2306 3846 2431 3901 luna
2472 3846 2872 3902 transcendere.
2915 3847 3254 3917 Quapropter
3293 3846 3552 3915 ogdoadis
3591 3854 3650 3902 et

2013 3978 2016 3981 .
2049 3924 2378 3994 hendecadis
2415 3952 2607 4007 annos,
2641 3938 2796 4009 juxta
2831 3938 3040 4008 pmfati
3070 3937 3256 3992 circuli
3299 3937 3562 4004 ordinem,
3593 3937 3649 3993 in

2048 4030 2288 4087 medium
2318 4030 2681 4102 proferamus,
2715 4040 2769 4086 et
2796 4030 2999 4101 liquido
3023 4031 3370 4101 probabimus
3400 4044 3498 4102 per
3522 4039 3649 4087 octo

2050 4137 2222 4178 annos
2245 4131 2301 4178 et
2328 4122 2574 4178 undecim
2596 4121 2736 4178 lunae
2763 4138 2977 4178 cursum
3002 4137 3126 4177 cum
3147 4122 3260 4177 sole
3283 4121 3611 4178 contendere
3627 4162 3647 4190 ,

2048 4213 2266 4284 quando
2289 4221 2368 4269 tot
2389 4215 2503 4268 dies
2524 4214 2612 4267 illa
2641 4213 2859 4282 colligat
2884 4221 3016 4284 quot
3044 4214 3135 4268 ille
3161 4214 3476 4270 cucurrerit.

2120 4307 2178 4362 In
2202 4307 2444 4376 ogdoade
2465 4306 2697 4362 diximus
2717 4307 2956 4378 quinque
2980 4323 3151 4362 annos
3171 4323 3290 4364 esse
3312 4323 3647 4376 communes,

347 4398 655 4454 revolvitur.
700 4398 835 4456 Octo
880 4415 1112 4470 namque
1149 4409 1205 4456 et
1241 4398 1490 4454 undecim
1529 4400 1644 4469 ipse
1691 4414 1946 4455 numerus
1975 4395 2032 4458 D
2058 4406 2167 4455 tres
2211 4398 2576 4455 embolismos.
2612 4399 2909 4468 Quinquies
2953 4411 3080 4467 ergo
3110 4409 3137 4447 ρ
3170 4399 3462 4454 trecenteni
3492 4401 3649 4470 quin-

346 4489 663 4558 explicatur.
688 4492 900 4562 Ogdoas
929 4506 1082 4562 ergo,
1108 4507 1227 4563 quae
1257 4491 1441 4562 incipit
1471 4506 1500 4544 a
1531 4490 1705 4561 primo
1726 4491 1942 4547 decem-

347 4583 632 4638 novennali
669 4584 844 4655 cyclo,
875 4585 968 4654 qui
1004 4593 1087 4640 est
1133 4584 1334 4639 lunaris
1374 4582 1615 4638 decimus
1659 4582 1940 4653 scptimus,

423 4727 449 4753 ει
480 4717 596 4773 Hoc
619 4732 760 4798 anno
792 4717 1048 4798 scriptam
1071 4732 1190 4773 esse
1211 4717 1352 4798 hanc
1370 4717 1675 4798 epistolam,
1705 4717 1942 4798 probant
2002 4703 2014 4709 ’

354 4787 695 4859 characteres
744 4789 912 4859 ipsius
935 4787 1046 4856 jam
1075 4803 1240 4859 supra
1268 4787 1439 4844 notati
1463 4831 1492 4859 ,ί
1515 4798 1571 4859 et
1595 4791 1942 4843 consentiunt

350 4855 647 4929 Eucherius
691 4855 781 4914 de_
802 4855 1056 4914 Doctrina
1104 4855 1292 4929 témp.,
1336 4875 1390 4929 p.
1436 4857 1570 4929 489;
1627 4859 1803 4914 Noris.
1871 4859 1943 4915 de

352 4924 520 5000 chlo
543 4929 697 5000 Rav”
725 4945 778 5000 p.
813 4929 935 4995 200,
956 4939 1062 4985 etc.
1087 4929 1196 4985 Nos
1217 4924 1386 4994 illam,
1419 4946 1448 4984 a
1482 4928 1702 4984 Petavio
1733 4929 1858 4985 licet
1887 4938 1943 4985 et

352 4985 620 5069 Bueherio
646 4985 756 5067 jam
783 4985 1002 5069 editam,
1024 5016 1143 5056 cum
1176 4985 1385 5069 duplici,
1406 5000 1593 5056 codice
1619 5016 1719 5054 ms.
1751 5000 1942 5056 Cotto-

353 5067 536 5140 niano,
569 5068 747 5124 Tiber.
775 5068 834 5140 Ε.
861 5070 915 5137 4,
947 5080 1000 5126 et
1018 5070 1187 5140 Calig.
1220 5067 1285 5124 AI
1317 5069 1411 5137 15,
1445 5070 1734 5138 Digbazano
1763 5070 1854 5138 63,
1883 5079 1942 5125 et

353 5136 645 5210 Bodleiano
673 5140 733 5195 F.
756 5139 801 5195 N
838 5136 906 5195 E.
935 5142 988 5207 5,
1008 5140 1060 5206 5,
1073 5136 1417 5199 contulimus.
1443 5136 1682 5208 Quorum
1704 5136 1942 5210 primum

349 5209 677 5336 ggrzlabinlius
706 5227 803 5282 per
843 5211 888 5336 ἓ
942 5215 996 5281 1,
1036 5212 1265 5267 alterum
1295 5229 1391 5282 per
1411 5212 1452 5268 C
1483 5212 1517 5266 2
1536 5251 1552 5278 ,
1583 5209 1796 5268 tertium
1841 5227 1943 5283 per

401 5321 418 5336 .
486 5298 581 5336 uar
607 5299 696 5336 um
718 5298 815 5336 ner
890 5323 904 5336 .
1667 5320 1672 5324 -

486 5298 696 5336 uartum
718 5298 815 5338 ner
843 5298 904 5337 ὕ.
1667 5320 1672 5324 -

401 5321 418 5347 ,
448 5296 696 5350 quartum
718 5298 815 5352 per
843 5296 904 5337 ts.

422 5350 450 5390 δ
480 5352 598 5424 Vox
627 5353 742 5408 haec
770 5355 824 5408 in
853 5361 1086 5424 utroque
1111 5351 1439 5408 Cottoniano
1479 5356 1650 5410 deest.

427 5433 449 5461 ε
481 5422 604 5488 Alii,
629 5425 963 5480 reverentia:
996 5422 1103 5479 non
1129 5425 1288 5480 bene.
1324 5424 1650 5481 Bucunaws.
1673 5459 1744 5470 —
1769 5427 1860 5485 Sic
1889 5435 1945 5484 et

353 5499 581 5552 uterque
610 5495 784 5550 codex
812 5494 1032 5552 Cotton.

384 5561 557 5648 “dita
586 5563 627 5620 C
652 5565 690 5619 2
718 5573 774 5620 et
894 5599 967 5610 —
993 5565 1051 5621 In
1080 5565 1240 5624 editis
1263 5567 1460 5638 legitur
1484 5586 1496 5623 :
1523 5585 1728 5626 omnem
1775 5571 1944 5628 diuer-

350 5637 533 5708 u'tatir
546 5638 1002 5708 appugrtationem.

430 5717 454 5746 ο
481 5705 638 5763 SicC
659 5705 700 5760 ἱ
715 5724 815 5779 pro
841 5709 974 5780 ipso,
999 5710 1143 5779 quod
1171 5719 1255 5767 est
1282 5712 1336 5766 in
1356 5711 1529 5768 editis.

417 5821 892 5896 noscerevelis
920 5838 1065 5896 quam
1088 5828 1150 5877 ob
1187 5841 1378 5896 causam
1415 5829 1538 5896 hanc
1575 5830 1828 5894 epistolam
1849 5830 1949 5896 iam

358 5882 451 5938 col.
472 5884 534 5935 23
558 5887 855 5949 exscriptam
875 5882 966 5942 hoc
987 5893 1166 5942 iterum
1199 5891 1306 5943 loco
1345 5882 1680 5959 posuerimus,
1702 5897 1814 5950 vide
1836 5882 1950 5962 qua—3

2052 4493 2284 4564 quageni
2309 4491 2577 4562 quaterni,
2603 4491 2735 4545 ﬁunt
2763 4492 2910 4546 mille
2938 4492 3261 4562 septingenti
3289 4492 3648 4562 septuaginta;

2052 4593 2109 4640 et
2149 4591 2231 4640 ter
2279 4583 2578 4638 trecenteni
2616 4583 2866 4652 octogeni
2911 4583 3190 4654 quaterni,
3239 4582 3387 4638 mille
3433 4591 3652 4641 centum

2127 4717 2154 4802 ἦ
2178 4719 2269 4776 Sic
2294 4727 2522 4791 uterque
2573 4717 2636 4776 C.
2682 4720 2966 4790 Petavius,
3000 4721 3126 4795 legis
3153 4739 3292 4791 sure;
3320 4722 3651 4794 Bueherius,

2051 4790 2258 4944 [egglnt‘a
2288 4862 2337 4944 Ii
2357 4869 2410 4944 et
2440 4861 3192 4944 D.nPetav._et;Buch.,_/mic.

2123 4933 2155 5006 ξι
2181 4933 2270 5006 Sic
2299 4934 2339 4987 Ο
2369 4934 2394 4986 1
2423 4942 2478 4989 et
2507 4934 2566 5000 Β,
2603 4951 2698 5004 pro
2729 4937 2874 5005 ipsis,
2907 4936 3053 5006 quod
3083 4946 3165 4992 est
3189 4937 3240 5006 in
3277 4937 3456 4993 editis.

2055 5072 2092 5126 2
2118 5001 2291 5129 ἑιιέη
2316 5012 2547 5074 paterna:
2588 5001 2802 5078 regulos.
2833 5001 3159 5065 Buénnntus.
3199 5005 3485 5064 Consentit
3521 5006 3562 5064 Ο
3596 5009 3647 5076 1,

2131 5145 2146 5195 i
2178 5145 2243 5210 Β,
2277 5147 2526 5202 circulus.

2128 5213 2254 5289 fita
2278 5216 2650 5289 Cpttonianus.
2665 5218 2823 5289 Editi,
2850 5222 3112 5276 discurrit.

2085 5359 2098 5370 .
2133 5285 2151 5325 ι
2189 5287 2278 5343 Sic
2297 5287 2562 5370 Pigb.__et
2593 5285 2826 5357 Bodlei.,
2845 5293 3153 5370 exquibus
3177 5291 3516 5350 correximus
3537 5292 3653 5350 leo-

2057 5359 2264 5435 tionem
2289 5359 2501 5435 Petavii
2528 5381 2540 5416 :
2575 5381 2712 5417 anno
2743 5365 2885 5435 cyclo
2915 5359 3029 5418 dcc.

2130 5441 2168 5509 ξπ
2209 5430 2250 5486 C
2281 5431 2344 5509 i_,
2377 5432 2516 5509 solis
2557 5430 2790 5509 annuum'
2842 5435 3058 5509 cyclum.
3117 5435 3402 5509 Consentit
3440 5437 3518 5509 B;
3550 5437 3593 5496 C
3619 5437 3656 5492 2

2059 5502 2222 5581 habet
2241 5503 2367 5581 solis
2389 5505 2738 5581 annis_(_fo_rte
2768 5502 3022 5581 annuum)
3054 5507 3276 5581 cyclum.

2131 5582 2160 5610 ιι
2187 5572 2262 5629 ita
2288 5574 2331 5627 B
2359 5583 2415 5629 et
2439 5575 2500 5630 C.
2526 5572 2687 5640 Editi,
2715 5579 2980 5642 pravalet.

2135 5653 2159 5680 ο
2191 5643 2317 5700 Haec
2344 5660 2448 5699 vox
2476 5646 2529 5699 in
2555 5646 2598 5698 ι)
2627 5647 2799 5704 deest.

2132 5726 2159 5766 Ρ
2190 5713 2231 5770 C
2263 5715 2289 5769 1
2325 5713 2474 5770 addit
2502 5717 2632 5772 dies.

2059 5833 2120 5881 ad
2145 5831 2399 5897 epistolam
2418 5831 2656 5886 Petronio
2689 5837 2925 5890 directam
2949 5845 3222 5896 notavimus
3245 5844 3340 5896 col.
3360 5844 3455 5897 485
3480 5856 3492 5892 :
3529 5839 3656 5897 idm

2059 5897 2192 5946 enim
2215 5896 2279 5946 de
2302 5900 2534 5959 praesenti
2556 5899 2760 5964 epistola
2779 5907 3112 5958 sentiendum.
3137 5907 3274 5961 Entr.
