4060 6364
292 288 410 353 517

1340 271 1671 333 EPISTULA
1709 269 1795 341 ne
1834 262 2136 349 RATIONE
2174 248 2493 326 PASCHzE.

3491 258 3601 322 5l8

298 407 593 462 volvuntur
623 407 671 467 η,
716 394 865 455 nulla
906 399 1095 470 epaeta
1144 393 1195 449 in
1246 392 1510 464 principio
1543 390 1727 461 'ipsius
1771 389 1907 460 cycli
1937 392 1987 449 Α
2084 380 2241 440 Anno
2283 383 2791 441 decemnovennalis
2842 378 3028 459 circuli
3084 379 3097 433 i
3154 378 3353 459 primo,
3401 377 3607 437 lunaris

299 496 544 572 ponitur,
568 492 835 549 seCUndus
858 496 1035 545 autem
1060 503 1231 543 anuus
1260 493 1480 557 cpactas
1510 483 1758 539 undecim
1785 497 1904 549 sus-

301 591 471 662 cipit:
521 593 577 643 et
613 586 758 651 ideo,
796 584 935 640 sicut
975 581 1223 646 diximus,
1255 594 1286 634 a
1313 579 1521 633 decima
1559 577 1744 647 quinta
1780 574 1906 657 luna

303 681 528 738 Pascha:
554 678 711 751 primi
739 676 902 749 cycli,
924 688 1097 744 usque
1126 673 1193 727 ad
1225 671 1385 727 ﬁnem
1414 669 1551 740 ejus,
1580 668 1634 724 in
1664 682 1908 733 commu-

302 775 463 830 nibus
500 780 554 828 et
583 768 915 826 embolismis
937 767 1092 822 annis
1123 762 1371 836 praeﬁxos
1398 763 1511 819 dies
1541 778 1640 817 nos
1668 760 1908 816 invenire

303 881 415 921 non
446 863 664 919 dubium
694 870 796 917 est.
839 859 995 928 Quod
1035 858 1080 915 si
1127 858 1282 913 aliter
1316 855 1603 926 aliquando
1630 852 1908 919 calculan-

304 957 440 1010 tium
473 954 739 1025 imperitia
766 951 927 1007 fuerit
954 950 1193 1006 fortassis
1223 949 1551 1019 expositum,
1584 948 1686 1003 hac
1724 946 1909 1002 obser—

302 1048 492 1103 vantia
521 1043 953 1103 ratiocinationis
983 1058 1171 1100 eorum
1199 1040 1405 1097 falsitas
1433 1047 1708 1110 arguetur.

381 1144 559 1212 Atque
588 1150 647 1197 ut
676 1141 779 1198 hoc
806 1139 1142 1200 manifestius
1168 1138 1339 1210 possit
1362 1137 1606 1206 intelligi,
1632 1133 1911 1206 praesentis

304 1235 433 1291 anni
463 1233 714 1305 exemplo
757 1241 1138 1289 monstremus.
1182 1229 1409 1286 lndictio
1436 1230 1635 1299 quippe
1664 1235 1859 1299 quarta
1880 1225 1909 1264 ιι

306 1338 412 1395 est,
443 1336 501 1384 et
528 1328 732 1383 lunaris
759 1326 993 1384 circulus
1032 1324 1374 1390 undecimus;
1406 1319 1912 1379 decemnovennalis

304 1420 492 1491 cyclus
530 1419 772 1476 decimus
813 1426 1036 1491 quartus
1086 1427 1133 1471 ο.
1182 1415 1247 1469 Et
1290 1417 1544 1487 quoniam
1586 1413 1913 1471 hendeeadis

308 1522 495 1570 sextus
525 1528 698 1569 annus
724 1521 826 1579 est,
858 1526 984 1567 cum
1013 1509 1389 1567 embolismum
1419 1523 1538 1566 esse
1567 1522 1789 1564 necesse
1808 1513 1910 1563 est.

308 1607 355 1663 A
386 1607 595 1662 decima
625 1606 810 1677 quinta
837 1605 1020 1674 itaque
1046 1603 1172 1659 luna
1208 1602 1468 1675 prmteriti
1498 1599 1619 1657 festi
1649 1614 1819 1671 usque
1846 1599 1915 1655 ad

310 1696 584 1753 decimam
615 1704 864 1767 quartam
893 1696 1194 1768 praesentis,
1224 1702 1357 1767 quot
1384 1702 1513 1750 sunt
1541 1694 1655 1749 dies
1683 1692 1913 1766 diligen—

2009 478 2229 551 decimo
2243 479 2494 548 septimo,
2521 493 2550 531 a
2571 477 2780 532 decimo
2807 476 2995 545 quinto
3016 471 3267 551 calendas
3286 470 3414 528 Maii
3436 487 3609 545 usque

2008 588 2179 629 nonas
2217 570 2435 643 Aprilis,
2466 571 2590 641 quia
2621 570 2922 627 communis
2951 585 3124 626 annus
3146 576 3248 643 est,
3274 566 3410 624 ﬁunt
3436 564 3465 607 ἰ
3493 564 3612 626 dies

2007 652 2237 722 trecenti
2267 663 2655 735 quinquaginta
2684 670 2939 735 quatuor.

2080 762 2238 817 Anno
2261 760 2629 829 decemnoven
2640 759 2773 813 nalis
2794 754 2981 813 circuli
3003 754 3265 825 secundo,
3295 752 3499 811 lunaris
3522 748 3613 810 de-

1990 850 2152 913 'cimo
2180 861 2399 922 octavo,
2422 852 2490 907 ab
2511 857 2705 907 octavo
2729 849 2846 905 idus
2869 848 3067 920 Aprilis
3089 862 3259 918 usque
3280 846 3333 901 in
3362 854 3613 921 octavum

2011 944 2263 1001 calendas
2289 942 2508 1013 Aprilis,
2540 941 2666 1011 quia
2693 939 2995 995 communis
3016 953 3188 994 annus
3216 944 3323 1007 est,
3343 935 3478 992 ﬁunt
3498 933 3615 991 dies

1990 1035 2245 1093 trecenti
2276 1033 2664 1105 quinquaginta
2694 1039 2947 1102 quatuor.

1997 1161 2013 1176 ι
2082 1129 2240 1183 Anno
2268 1125 2779 1183 decemnovennalis
2816 1121 3004 1178 circuli
3033 1121 3219 1190 tertio,
3248 1118 3451 1176 lunaris
3475 1117 3617 1175 deci-

2014 1236 2113 1281 mo
2138 1238 2304 1288 nono,
2336 1236 2367 1277 a
2396 1220 2627 1290 septimo
2665 1216 2916 1274 calendas
2958 1214 3154 1287 Aprilis
3193 1228 3364 1283 usque
3404 1212 3459 1268 in
3498 1211 3617 1267 idus

2014 1313 2231 1387 Aprilis,
2256 1313 2383 1385 quia
2405 1311 2756 1369 embolismus
2779 1318 2882 1378 est,
2912 1307 3048 1364 ﬁunt
3072 1307 3187 1363 dies
3215 1299 3446 1362 trecenti
3466 1310 3619 1360 octo-

2016 1406 2166 1481 ginta
2196 1418 2449 1479 quatuor.

2087 1502 2244 1559 Anno
2275 1499 2781 1558 decemnovennalis
2816 1496 3001 1554 circuli
3030 1500 3247 1577 quarto,
3276 1490 3482 1549 lunaris
3508 1487 3619 1563 pri-

1998 1590 2129 1664 'mo‘,
2154 1612 2185 1652 a
2213 1595 2422 1652 decimo
2445 1603 2638 1651 octavo
2662 1590 2916 1649 calendas
2944 1588 3069 1645 Maii
3093 1580 3265 1659 usque
3292 1586 3346 1642 in
3368 1591 3619 1671 quartum

2018 1705 2189 1747 nonas
2215 1688 2434 1761 Aprilis,
2464 1689 2592 1759 quia
2622 1685 2922 1745 communis
2951 1689 3052 1748 est,
3086 1681 3220 1737 ﬁunt
3249 1679 3364 1736 dies
3388 1675 3618 1736 trecenti

308 1794 418 1849 tius
448 1792 801 1862 inquiramus,
836 1798 891 1846 et
920 1790 1258 1846 inveniemus
1292 1788 1481 1861 procul
1510 1788 1672 1844 dubio
1698 1788 1918 1861 quando
1949 1784 1998 1861 Β
2025 1784 2416 1857 quinquaginta
2443 1791 2690 1852 quatuor.

309 1886 519 1941 Pascha
566 1884 843 1941 celebrare
884 1884 1195 1940 debeamus.
1239 1881 1537 1938 Transacto
1577 1896 1719 1937 anno
1750 1880 1777 1920 ά
1817 1898 1916 1954 per

309 1977 664 2051 indictionem
710 1976 928 2057 tertiam
969 1978 1049 2048 (in
1096 1970 1330 2057 Pascha)
1371 1985 1393 2013 θ
1433 1975 1619 2045 lunam
1649 1975 1916 2051 decimam

311 2079 565 2141 quartam
591 2086 738 2126 nono
762 2054 1113 2126 colendarum
1142 2054 1407 2140 Aprilium
1436 2068 1542 2136 die,
1574 2068 1629 2147 id
1655 2078 1736 2127 est
1764 2070 1915 2142 vige-

311 2178 455 2219 suno
499 2170 695 2233 quarto
730 2161 939 2217 mensis
977 2159 1156 2216 Martii
1196 2160 1384 2235 fuisse,
1416 2159 1539 2230 quis
1566 2160 1795 2227 dubitet,
1824 2163 1917 2235 qui

313 2267 505 2309 curam
533 2250 694 2323 hujus
735 2252 813 2308 rei
857 2251 1055 2307 habere
1080 2238 1615 2324 quantulumcunque
1636 2238 1916 2324 cognosci-

312 2348 439 2402 tur?
464 2344 527 2399 Et
557 2345 678 2402 ideo
705 2346 771 2402 ab
801 2353 997 2402 octavo
1025 2345 1375 2403 colendarum
1406 2346 1672 2417 Aprilium
1702 2348 1789 2405 die
1817 2366 1919 2417 nu-

312 2439 555 2497 merandi
602 2453 876 2495 sumamus
915 2438 1239 2495 exordium:
1274 2439 1541 2497 habemus
1580 2439 1759 2497 Martii
1802 2428 1919 2499 dies

312 2541 542 2603 septem,
572 2532 770 2603 Aprilis
803 2532 1040 2602 triginta,
1072 2531 1199 2601 Maii
1231 2532 1448 2605 triginta
1478 2542 1534 2589 et
1561 2549 1747 2603 unum,
1775 2533 1919 2617 Junii

310 2624 553 2694 triginta,
583 2622 709 2678 Julii
755 2624 972 2693 triginta
1012 2632 1068 2680 et
1103 2620 1289 2692 unum,
1332 2623 1557 2697 Augusti
1605 2626 1823 2703 triginta
1865 2636 1922 2687 et

312 2730 504 2783 nnmn,
521 2715 856 2787 Septembris
877 2716 1117 2786 triginta,
1141 2714 1391 2774 Octobris
1413 2716 1633 2788 triginta
1655 2726 1710 2774 et
1730 2734 1916 2785 unum,

311 2806 638 2863 Novembris
666 2807 902 2877 triginta,
935 2807 1246 2864 Decembris
1277 2807 1494 2879 triginta
1526 2815 1581 2864 et
1610 2824 1801 2878 unum,
1831 2794 1921 2871 Ja-

314 2900 492 2955 nuarii
524 2899 746 2970 triginta
774 2909 828 2955 et
854 2916 1043 2966 unum,
1074 2899 1355 2955 Februarii
1385 2899 1573 2970 viginti
1603 2908 1748 2965 octo,
1780 2898 1923 2955 Mar-

282 2984 285 2989 “
314 2991 380 3046 tii
410 2991 627 3069 triginta
652 2998 708 3047 et
731 3006 921 3059 unum,
952 2990 1151 3063 Aprilis
1180 2990 1465 3047 duodecim
1492 2992 1628 3059 dies,
1657 2990 1805 3062 quod
1836 2999 1923 3049 est

280 3072 491 3159 pridie
526 3083 651 3141 idus
690 3084 911 3157 Aprilis.
962 3083 1124 3139 Fiunt
1167 3082 1327 3139 simul
1373 3084 1603 3140 trecenti
1646 3084 1923 3154 octoginta

2090 1879 2248 1935 Anno
2278 1873 2783 1933 decemnovennalis
2824 1870 3012 1928 circuli
3052 1870 3264 1941 quinto,
3294 1866 3501 1924 lunaris
3530 1880 3618 1924 se-

2020 1973 2220 2047 cundo,
2253 1987 2285 2027 a
2315 1969 2479 2027 tertio
2509 1982 2682 2047 nonas
2720 1964 2918 2033 Aprilis
2957 1977 3127 2043 usque
3173 1961 3228 2045 in
3274 1958 3618 2019 undecimum

2018 2064 2274 2125 calendas
2304 2061 2520 2134 Aprilis,
2550 2060 2677 2131 quia
2719 2055 3019 2114 communis
3051 2061 3155 2123 est,
3187 2052 3323 2109 ﬁunt
3349 2051 3465 2110 dies
3507 2061 3618 2109 tre-

2019 2161 2163 2231 centi
2191 2157 2576 2231 quinquaginta
2605 2160 2858 2225 quatuor.
3502 2194 3503 2197 η

2028 2236 2035 2247 ³
2092 2256 2250 2310 Anno
2272 2248 2777 2325 decemnovennalis
2798 2246 2986 2329 circuli
3009 2251 3185 2313 sexto,
3209 2242 3415 2300 lunaris
3437 2244 3621 2324 tertio,

1996 2364 2055 2415 ,a
2095 2348 2307 2404 decimo
2338 2330 2603 2403 calendas
2647 2339 2844 2413 Aprilis
2896 2352 3068 2415 usque
3116 2336 3174 2393 in
3214 2342 3466 2406 quartum
3507 2335 3624 2395 idus

2021 2441 2242 2512 Aprilis,
2264 2440 2391 2511 quia
2418 2436 2767 2499 embolismus
2793 2439 2895 2501 est,
2920 2432 3053 2513 ﬁunt
3082 2429 3198 2501 dies
3224 2428 3455 2497 trecenti
3478 2435 3625 2513 octo.

2022 2533 2172 2605 ginta
2201 2541 2457 2604 quatuor.
3584 2576 3585 2579 η

2095 2626 2253 2686 Anno
2301 2606 2810 2701 decemnovennalis
2860 2617 3049 2676 circuli
3101 2615 3369 2699 septimo,
3422 2613 3626 2703 lunaris

1996 2694 1999 2699 ί
2024 2706 2240 2805 quarto,
2274 2731 2305 2771 a
2336 2716 2498 2783 tertio
2527 2696 2644 2779 idus
2689 2711 2890 2783 Aprilis
2915 2723 3085 2780 usque
3114 2698 3177 2763 in
3200 2708 3416 2763 tertium
3443 2694 3626 2805 calcul-

2025 2798 2122 2869 das
2149 2810 2370 2881 Aprilis,
2398 2808 2523 2881 quia
2571 2805 2873 2863 communis
2915 2811 3016 2883 est,
3058 2800 3194 2883 ﬁunt
3239 2801 3354 2857 dies
3398 2798 3626 2873 trecenti

2025 2904 2413 2979 quinquaginta
2444 2884 2698 2973 quatuOr.

2098 2997 2254 3053 Anno
2318 2990 2829 3055 decemnovennalis
2890 2986 3079 3044 circuli
3135 2991 3369 3056 octavo,
3425 2984 3629 3049 lunaris

2025 3089 2237 3162 quinto,
2266 3104 2300 3159 a
2335 3087 2508 3163 pridie
2548 3084 2800 3143 calendas
2844 3082 3041 3163 Aprilis
3082 3095 3251 3167 usque
3278 3066 3625 3149 iuidecimum

316 3186 572 3248 quatuor.
613 3176 770 3245 Quod
812 3177 880 3247 si,
922 3176 1079 3251 juxta
1124 3192 1312 3233 eorum
1350 3176 1719 3233 deﬁnitionem
1768 3175 1788 3215 τ
1829 3176 1923 3248 qui
1953 3196 2001 3262 ρ
2028 3191 2283 3254 quartum
2329 3180 2582 3259 calendas
2621 3177 2772 3243 Maii,
2800 3175 2929 3247 quia
2966 3173 3315 3259 embolismus
3355 3181 3457 3257 est,
3496 3171 3630 3245 ﬁunt

312 3267 508 3327 lunam
539 3270 693 3327 aliter
716 3286 882 3344 quam
910 3285 969 3327 se
998 3269 1195 3328 veritas
1226 3270 1390 3326 habet
1415 3278 1755 3341 computant,
1778 3268 1924 3351 deci-

314 3378 463 3421 mam
486 3372 753 3435 quartam,
778 3379 889 3421 non
916 3362 1090 3435 pridie
1115 3362 1296 3445 iduum
1328 3362 1614 3435 Aprilium,
1643 3362 1737 3420 sed
1761 3362 1925 3420 tertio

315 3455 506 3515 iduum
545 3456 733 3514 demus
764 3471 1073 3527 occurrere,
1110 3442 1340 3512 trecenti
1369 3456 1645 3527 octoginta
1672 3467 1780 3512 tres
1808 3456 1923 3514 dies

316 3549 604 3609 imminuto
624 3567 850 3609 numero
867 3552 1188 3622 colligentur
1210 3562 1266 3619 8;
1289 3550 1433 3624 quod
1455 3552 1603 3609 nullo
1628 3550 1740 3609 ﬁeri
1761 3562 1922 3623 pacto

317 3642 656 3699 conceditur.
699 3640 768 3697 Et
795 3643 871 3699 ita
898 3658 1113 3715 semper
1139 3645 1353 3714 quoties
1381 3643 1646 3701 dubitatio
1675 3646 1799 3702 talis
1830 3661 1923 3723 oc—

318 3735 570 3803 currerit,
599 3750 632 3790 a
663 3734 875 3792 decima
900 3737 1092 3806 quinta
1132 3738 1256 3792 luna
1287 3726 1570 3796 transactre
1595 3738 1922 3807 festivitatis,

320 3843 493 3903 usque
522 3828 577 3884 in
605 3828 871 3885 decimam
910 3838 1158 3901 quartam
1200 3828 1439 3896 Pascha},
1474 3827 1503 3867 ιι
1539 3830 1683 3903 quod
1729 3812 1927 3903 quieri-

322 3937 484 3990 mus,
538 3922 655 3979 dies
698 3923 929 3981 sollicite
973 3933 1366 3996 computemus.
1425 3925 1492 3981 Et
1528 3926 1572 3982 si
1626 3926 1927 3984 communis

323 4027 500 4069 annus
518 4023 622 4083 est,
640 4023 914 4071 trecentos
934 4015 1319 4087 quinquaginta
1341 4025 1574 4088 quatuor
1588 4016 1724 4083 dies;
1747 4019 1791 4074 si
1814 4033 1900 4103 em
1913 4049 1928 4061 -

264 4081 305 4121 θ
325 4104 586 4162 bolismus
600 4114 707 4176 est,
723 4116 994 4164 trecentos
1014 4108 1287 4179 octoginta
1309 4118 1542 4178 quatuor
1561 4094 1923 4171 inveniemus:
1998 4170 2003 4177 _

325 4212 431 4253 nec
463 4197 798 4269 inaequalitas
834 4198 851 4237 ί
886 4214 1110 4271 prorsus
1152 4200 1387 4267 eveniet,
1412 4201 1540 4271 quia
1576 4201 1763 4269 regula
1792 4201 1927 4274 cyeli

326 4287 486 4358 hujus
513 4289 613 4346 hac
638 4290 848 4346 ratione
886 4290 1147 4357 subsistit,
1179 4291 1332 4360 cujus
1359 4291 1695 4355 enucleatam
1722 4292 1928 4349 formu-

326 4379 434 4436 lam
460 4381 702 4452 subjecta
730 4383 1092 4454 descriptione
1120 4382 1438 4455 pandemus.
1622 4364 1627 4375 ’
1880 4368 1885 4375 ”

402 4529 427 4557 ﬂ
454 4520 517 4588 Β,
541 4522 779 4578 volvitur.
798 4520 862 4587 D,
888 4523 1232 4577 revolvuntur.

400 4591 427 4629 ι)
450 4591 608 4649 Hune
637 4593 813 4650 locum
845 4595 1190 4659 exposuimus
1223 4593 1314 4649 lib.
1366 4609 1460 4659 xu,
1492 4610 1545 4652 e.
1593 4594 1643 4659 '5,
1676 4594 1729 4648 in
1763 4592 1869 4657 ﬁne
1908 4613 1921 4650 :

328 4660 419 4722 ubi
475 4671 530 4722 et
558 4663 897 4737 ostendimus
918 4660 1202 4737 legendum
1252 4664 1415 4737 paulo
1446 4677 1598 4737 post,
1638 4676 1919 4737 transacto

331 4753 473 4791 anno
496 4778 510 4801 ,
555 4733 839 4791 indidimze
866 4733 922 4801 3,
954 4753 1057 4790 non
1102 4734 1157 4801 5,
1195 4733 1338 4806 quod
1365 4746 1421 4791 et
1446 4733 1508 4791 'in
1542 4736 1757 4807 Scriptis
1787 4746 1843 4792 et
1872 4738 1928 4793 in

334 4810 480 4877 gusis
525 4808 670 4876 apud
718 4808 918 4863 Bedam
954 4809 1241 4877 exstabat,
1290 4816 1347 4861 et
1374 4809 1529 4864 nobis
1568 4809 1923 4877 imposuerat.

571 4878 733 4949 igitur
760 4893 903 4949 anno
938 4876 1154 4941 luliano
1180 4879 1449 4947 posterior
1476 4875 1680 4949 scripta
1707 4890 1792 4936 est
1818 4895 1927 4949 quo
2004 4932 2007 4937 ,

337 4948 502 5019 ι)τίοῄ
515 4947 762 5019 epistola.
794 4948 1081 5006 Psnvrus.
1113 4980 1183 4994 --
1205 4949 1373 5019 [lecte
1392 4950 1467 5005 ita
1490 4947 1784 5019 legendum
1812 4947 1931 5013 cen-

336 5019 451 5074 suit
476 5017 728 5089 P_etavius
752 5061 767 5087 ,
797 5021 943 5089 quod
984 5020 1091 5076 n'on
1135 5020 1296 5075 modo
1327 5017 1838 5085 Marianusﬁcotus
1864 5021 1932 5075 ad

336 5105 427 5145 an.
462 5087 582 5164 526,
617 5088 707 5164 ubi
734 5087 897 5146 verba
915 5091 1156 5164 Qionysii
1177 5092 1327 5164 citat,
1348 5092 1442 5164 sed
1472 5100 1527 5147 et
1550 5107 1737 5164 omines
1767 5092 1925 5157 codd.

337 5158 512 5233 nostri
542 5160 886 5217 conﬁrmant.
918 5158 1324 5231 Sed‘quomodo
1357 5163 1484 5218 hinc
1509 5161 1705 5219 inferre
1735 5164 1928 5233 possit,
2004 5190 2009 5197 σ

336 5232 530 5291 eodem
584 5248 731 5289 anno
776 5233 992 5289 Juliano
1041 5235 1400 5303 posteriorem
1456 5236 1599 5292 hanc
1643 5232 1929 5304 epiStolam
2006 5265 2013 5271 -

335 5304 597 5379 scriptam
617 5318 755 5379 esse,
786 5320 895 5379 quo
943 5305 1179 5379 priorem
1201 5344 1218 5370 ,
1252 5313 1379 5379 puta
1409 5306 1619 5379 przefat.
1651 5305 1719 5369 ad
1744 5304 1933 5373 Petro-

339 5375 539 5458 nium,“
573 5378 703 5458 ἕρκη
748 5372 963 5458 papio."
989 5374 1145 5458 Eam
1176 5372 1559 5458 praefationem
1602 5381 1740 5449 hanc
1782 5372 1930 5458 anno

338 5444 542 5518 Christi
568 5444 674 5501 5‘25
698 5487 714 5513 ,
744 5444 961 5503 Iuliano
988 5445 1122 5512 570,
1176 5444 1432 5517 scriptam
1467 5462 1584 5503 esse
1605 5491 1618 5515 ,
1650 5444 1812 5518 supra
1853 5447 1937 5501 in-

336 5517 498 5572 victis
545 5521 878 5587 argume‘ntis
926 5519 1297 5585 ostendimus;
1348 5518 1579 5572 alteram
1626 5532 1760 5573 vero
1784 5518 1939 5573 illam

340 5587 628 5672 epistolam
656 5589 898 5672 Dignysii
926 5589 1360 5672 adﬁonifaeium
1388 5604 1531 5672 anno
1560 5588 1759 5672 Christi
1789 5606 1937 5672 com-

338 5654 489 5713 uiuni
522 5656 622 5713 526
651 5701 665 5725 ,
717 5654 932 5717 Juliano
965 5654 1061 5714 57-1
1107 5670 1383 5715 exaratam
1416 5668 1534 5716 esse
1557 5702 1573 5729 ,
1626 5661 1713 5717 vel
1757 5662 1941 5729 chara-

306 5754 311 5755 ί
339 5734 518 5786 cteres
546 5732 636 5797 hic
660 5732 852 5799 additi,
879 5733 1101 5789 indictio
1130 5732 1181 5799 4,
1207 5734 1391 5805 cyclus
1412 5733 1683 5799 deeemn.,
1708 5732 1825 5788 sive
1845 5748 1941 5787 au-

339 5813 756 5881 reus‘numerus
781 5822 894 5872 xiv,
923 5816 1056 5881 ete.,
1089 5804 1510 5881 luculentissima
1539 5806 1790 5877 produnt.
1862 5822 1865 5825 λ
1890 5830 1903 5861 2

421 5883 445 5921 ο
476 5873 540 5942 D,
572 5873 1052 5934 decemnovennalis
1083 5876 1258 5937 circuli
1291 5892 1426 5931 xnn.

2029 3275 2145 3335 dies
2171 3275 2402 3333 trecenti
2428 3272 2704 3353 octoginta
2733 3276 3007 3351 quatuor.

2103 3369 2259 3445 Anno
2288 3363 2800 3431 decemnovennalis
2820 3356 3009 3445 circuli
3032 3376 3200 3441 nono,
3220 3360 3430 3443 lunaris
3450 3367 3628 3437 sexto,

2030 3478 2063 3543 ᾳ
2086 3463 2299 3519 decimo
2324 3460 2484 3519 tertio
2505 3446 2759 3539 calendas
2779 3457 2906 3517 Maii
2926 3472 3099 3528 usqne
3119 3458 3174 3531 in
3199 3457 3489 3535 septimum
3511 3454 3632 3527 idus

2030 3555 2248 3626 Aprilis,
2278 3553 2407 3633 quia
2433 3550 2735 3631 communis
2763 3557 2868 3620 est,
2899 3547 3037 3606 ﬁunt
3061 3548 3176 3625 dies
3212 3547 3443 3629 trecenti
3470 3548 3630 3621 quin-

2000 3630 2007 3727 “
2027 3649 2289 3729 quaginta
2312 3630 2568 3718 quatuor.
2596 3716 2605 3725 ‘
3586 3684 3589 3687 ι

2101 3740 2259 3795 Anno
2285 3736 2798 3813 decemnovennalis
2822 3733 3278 3807 circulidecimo,
3310 3732 3516 3791 lunaris
3542 3745 3631 3799 se-

2029 3831 2227 3905 ptimo,
2255 3845 2287 3885 a
2316 3839 2471 3888 sexto
2499 3828 2620 3885 idus
2645 3827 2846 3899 Aprilis
2868 3841 3039 3897 usque
3064 3826 3116 3881 in
3137 3833 3349 3897 sextum
3381 3824 3631 3899 calendas

2032 3926 2249 4005 Aprilis,
2282 3924 2412 3995 quia
2446 3923 2749 3999 communis
2777 3930 2881 3993 est,
2906 3921 3043 3995 ﬁunt
3070 3919 3186 3995 dies
3224 3918 3453 3975 trecenti
3477 3918 3631 3991 quin-

2034 4020 2290 4095 quaginta
2319 4025 2572 4095 quatuor.
3592 4054 3595 4057 .

2107 4112 2265 4181 Anno
2311 4110 2819 4171 decemnovennalis
2861 4108 3050 4166 circuli
3095 4105 3400 4179 undecimo,
3434 4104 3635 4162 lunaris

2036 4213 2253 4277 octavo,
2286 4217 2318 4259 a
2344 4203 2535 4276 quinto
2564 4201 2818 4275 calendas
2853 4200 3053 4272 Aprilis
3082 4212 3253 4269 usque
3279 4198 3334 4253 in
3364 4198 3635 4267 decimum

2032 4295 2324 4371 septimum
2362 4293 2614 4367 calendas
2642 4292 2791 4361 Maii,
2822 4295 2949 4365 quia,
2985 4291 3334 4363 embolismus
3362 4298 3466 4367 est,
3499 4289 3635 4359 tiunt

2002 4452 2005 4455 _
2035 4368 2153 4471 dies
2183 4368 2411 4467 trecenti
2440 4388 2715 4459 octoginta
2742 4396 2996 4463 quatuor.

1953 4533 2012 4600 Ι)
2035 4598 2069 4607 η
2107 4523 2135 4607 fl
2160 4525 2317 4607 Anno
2347 4532 2475 4607 puta
2498 4521 2847 4607 Qhristin5‘25,
2893 4523 3048 4597 cyelo
3078 4523 3219 4605 lunae
3246 4522 3511 4581 Alexand.
3543 4522 3636 4607 15,

2034 4598 2215 4657 littera
2244 4598 2557 4655 dominicali
2587 4597 2649 4652 E.
2696 4597 3025 4653 Bucnsaws.

2046 4704 2049 4705 ν
2109 4668 2275 4741 eHaec
2298 4670 2353 4724 in
2383 4667 2619 4741 editione
2637 4667 2841 4741 Petavii
2872 4668 3084 4723 desunt.
3133 4665 3262 4741 l,n_D
3293 4667 3515 4741 legitur,
3548 4684 3638 4740 per

2033 4740 2368 4796 indictionem
2400 4757 2451 4794 1v
2478 4738 2724 4811 paschale
2750 4739 2873 4794 [una
2897 4756 3004 4807 xw,
3034 4736 3424 4811 etc/Fortasse
3454 4736 3638 4810 legen-

2037 4813 2213 4883 dumi:
2245 4811 2543 4883 pose/ralem
2572 4813 2768 4865 lunam.

2010 4944 2013 4949 ι
2072 4953 2075 4954 ν
2111 4882 2132 4922 f
2158 4882 2429 4954 Lunarem
2461 4882 2689 4937 Victorii
2711 4882 2925 4954 cyclum
2951 4897 2987 4937 v
3016 4882 3106 4940 hic
3127 4888 3281 4941 notat
3308 4900 3331 4954 ;V
3377 4882 3636 4954 quemad

2034 4953 2213 5021 Martii
2243 4952 2313 5007 29
2353 4955 2702 5026 apposuimus
2728 4950 2887 5026 {uno
2914 4962 3039 5009 ante
3065 4956 3276 5026 cyclum
3307 4950 3635 5026 Alexandri-

2014 5040 2226 5079 .norum
2258 5040 2347 5097 xiv
2378 5024 2464 5079 die
2492 5065 2508 5091 ,
2540 5034 2687 5088 recte
2731 5022 2800 5080 ad
2830 5023 3072 5098 Dionysii
3100 5022 3375 5082 mentem.
3425 5023 3632 5081 Bucul-

2035 5108 2174 5152 RIUS.
2356 5106 2365 5127 ῖ
2822 5106 2825 5111 ’
3208 5104 3213 5109 ’

2110 5176 2135 5215 ι
2164 5164 2243 5220 Ita
2274 5165 2317 5218 D
2348 5173 2403 5221 et
2432 5172 2660 5235 uterque
2683 5163 2745 5219 C.
2778 5164 2945 5235 Editi,
2974 5166 3293 5240 colligemus.

2112 5235 2141 5275 ιλ
2168 5237 2232 5290 D.
2254 5254 2430 5290 mani.
2570 5250 2591 5265 *

2217 5279 2232 5301 ,
2254 5254 2430 5306 quant.
2588 5264 2591 5265 ν

2117 5308 2132 5382 l
2166 5309 2313 5382 Alias
2333 5350 2348 5376 ,
2379 5309 2728 5382 ianualiter.
2756 5309 3024 5382 Boeben,
3056 5308 3098 5382 ᾳ
3122 5307 3177 5375 2,
3208 5322 3303 5382 ηις
3332 5306 3509 5364 aliter.
3592 5356 3597 5382 ξ

2116 5380 2131 5430 l
2172 5378 2426 5435 Petavius
2452 5377 2507 5435 et
2528 5379 2826 5452 Bucherius
2855 5378 2941 5434 hic
2964 5379 3168 5449 pariter
3194 5395 3257 5452 ac
3280 5377 3637 5452 insequenti-

2012 5460 2017 5491 ί
2043 5452 2147 5508 bus
2175 5454 2329 5508 annis
2359 5453 2544 5521 legunt
2567 5467 2703 5504 anno
2739 5448 3305 5505 decemnOrennaliI....
3347 5448 3638 5518 hmini"...

2012 5576 2017 5581 .
2046 5523 2143 5580 sed
2173 5538 2366 5580 omnes
2412 5538 2541 5579 mss.
2576 5522 2748 5593 nostri
2780 5521 2980 5593 ubique
3026 5538 3127 5593 pro
3156 5522 3393 5585 ablativo
3441 5524 3643 5580 habent

2083 5594 2363 5669 enitivum,
2412 5610 2574 5669 sensu
2616 5591 2957 5659 cvidentiori,
3008 5591 3065 5665 et
3109 5610 3232 5669 eum
3280 5595 3464 5669 tabula
3502 5594 3643 5669 φεριὶ

2013 5656 2570 5739 ‘Dionvsianimagis
2596 5656 2953 5739 congruente.
3036 5660 3039 5665 “
3308 5656 3319 5671 ’

2122 5736 2148 5775 ιε
2195 5733 2339 5791 Editi
2368 5736 2419 5790 in
2466 5733 2847 5808 ‘aunogpriino
2884 5743 2938 5790 et
2963 5738 3201 5795 secundo
3228 5739 3452 5808 habent,
3482 5746 3640 5801 sunt;

2016 5852 2019 5855 .
2047 5809 2107 5864 in
2124 5808 2345 5876 reliquis
2372 5808 2524 5879 ﬁunt.
2553 5805 2659 5862 Sed
2688 5821 2818 5865 mss.
2849 5810 3209 5879 posteriorem
3229 5806 3419 5870 vocem
3437 5805 3642 5881 ubique

2012 5946 2019 5953 .
2050 5888 2333 5953 mimant-
3418 5896 3421 5897 ν
3592 5908 3593 5911 η
3674 5896 3683 5905 .
