4060 6364
516 327 618 389 819

1261 306 1622 366 DIONYSIUS
1663 304 1984 364 EXIGUUS.
2030 303 2251 363 EPIST.
2291 302 2437 362 JANI
2476 303 2567 360 AD
2605 300 3100 360 HOFFMANNUM.

3725 299 3842 356 5‘20

595 438 749 492 Anno
777 427 1280 490 decemnovennalis
1309 427 1495 483 circuli
1524 417 1874 489 duodecimo,
1905 423 2108 480 lunaris
2136 425 2190 486 Α
2284 422 2441 477 Anno
2467 419 2974 476 decemnovennalis
2994 416 3181 474 circuli
3206 417 3420 474 decimo
3443 423 3629 486 sexto,
3657 417 3841 472 luna-

520 544 685 595 nono,
717 543 746 582 a
776 525 984 582 decimo
1024 529 1177 578 sexto
1207 519 1463 576 calendas
1496 518 1618 572 Maii
1642 533 1811 588 usque
1858 517 1912 573 in
1942 515 2113 588 pridie

522 635 690 676 nonas
712 617 928 688 Aprilis,
958 615 1083 684 quia
1116 612 1422 669 communis
1443 618 1544 675 est,
1573 609 1706 664 fiunt
1738 609 1855 665 dies
1884 608 2112 666 trecenti

521 709 901 784 quinquaginta
926 715 1178 777 quatuor.

465 817 471 831 ’
511 857 516 862 .
589 808 744 857 Anno
767 797 1275 856 decemnovennalis
1298 795 1484 853 circuli
1510 795 1720 851 decimo
1748 795 1928 861 tertio,
1953 793 2111 849 luna-

518 895 594 951 ris
619 895 852 964 decimo,
881 910 913 950 a
943 892 1100 949 nonis
1125 891 1325 962 Aprilis
1354 904 1522 960 usque
1553 889 1608 944 in
1637 904 1840 944 nonum
1862 886 2114 942 calendas

520 985 738 1058 Aprilis,
766 985 890 1056 quia
915 982 1217 1040 communis
1257 989 1360 1047 est,
1391 979 1525 1035 ﬁunt
1551 979 1666 1036 dies
1697 977 1921 1034 trecenti
1951 976 2112 1036 auin-

515 1077 777 1148 quaginta
814 1082 1073 1147 quatuor.

589 1168 746 1223 Anno
789 1163 1301 1222 decemnovennalis
1328 1162 1511 1218 circuli
1541 1160 1756 1216 decimo
1777 1166 1995 1230 quarto,
2027 1159 2110 1213 lu-

517 1261 661 1316 naris
688 1258 994 1322 undecimo,
1028 1257 1095 1311 ab
1124 1263 1317 1311 octavo
1353 1253 1608 1309 calendas
1635 1251 1833 1322 Aprilis
1864 1265 2034 1322 usque
2057 1249 2114 1305 in

526 1353 822 1410 secundum
877 1351 996 1406 idus
1018 1349 1233 1421 Aprilis,
1283 1348 1408 1420 quia
1451 1346 1798 1404 embolismus
1825 1352 1927 1411 est,
1976 1342 2116 1399 ﬁunt

518 1446 633 1502 dies
660 1443 890 1500 trecenti
918 1442 1192 1512 octoginta
1216 1449 1468 1512 quatuor.

589 1537 745 1592 Anno
775 1533 1280 1591 decemnovennalis
1309 1531 1496 1588 circuli
1524 1531 1738 1588 decimo
1764 1529 1954 1602 quinto
1977 1572 1994 1599 ,
2023 1531 2107 1586 lu-

521 1631 666 1685 naris
696 1629 1012 1686 duodecimo
1031 1674 1045 1699 ,
1075 1630 1142 1685 ab
1163 1627 1340 1684 idibus
1356 1627 1556 1698 Aprilis
1576 1642 1748 1698 usque
1778 1628 1833 1681 in
1862 1626 2117 1683 calendas

520 1723 734 1793 Aprilis,
767 1723 890 1793 quia
923 1724 1224 1780 communis
1253 1729 1353 1788 est,
1385 1721 1518 1778 ﬁunt
1559 1705 1674 1778 dies
1711 1720 1937 1777 trecenti
1965 1720 2117 1791 quin-

522 1817 778 1883 quaginta
806 1823 1056 1886 quatuor.

1001 1935 1310 1955 m

2216 512 2290 569 ris
2311 512 2522 568 decimo
2565 512 2729 566 tertio
2755 554 2771 580 ,
2830 526 2861 564 a
2912 519 3104 579 quarto
3135 525 3306 568 nonas
3335 509 3532 579 Aprilis
3567 524 3752 578 usque
3787 510 3842 565 in

2216 604 2596 662 duodecimum
2653 603 2904 660 calendas
2951 603 3172 673 Aprilis,
3222 604 3347 673 quia
3380 604 3691 659 communis
3727 613 3841 671 est,

2215 697 2352 754 ﬁunt
2378 697 2493 753 dies
2517 696 2744 752 trecenti
2779 693 3167 764 quinquaginta
3207 703 3460 764 quatuor.

2288 792 2444 849 Anno
2492 792 3004 848 decemnovennalis
3052 792 3242 847 circuli
3298 793 3512 848 decimo
3562 794 3842 862 septimo,

2215 885 2417 941 lunaris
2446 885 2654 940 decimo
2682 891 2896 956 quarto,
2928 883 2996 938 ab
3025 883 3315 939 undecimo
3344 883 3598 939 calendas
3628 884 3845 950 Aprilis

2216 991 2386 1046 usque
2417 978 2471 1032 in
2499 977 2746 1047 quintum
2775 976 2893 1030 idus
2919 975 3137 1046 Aprilis,
3182 976 3309 1045 quia
3339 977 3704 1032 embolismtts
3732 984 3839 1041 est,

2220 1071 2357 1127 ﬁunt
2387 1072 2501 1127 dies
2530 1070 2760 1126 trecenti
2790 1069 3066 1140 octoginta
3096 1077 3350 1140 quatuor.

2288 1165 2448 1221 Anno
2477 1161 2990 1221 decemnovennalis
3017 1161 3207 1216 circuli
3228 1160 3442 1216 decimo
3471 1169 3710 1228 octavo,
3751 1163 3838 1219 lu-

2217 1257 2364 1312 naris
2387 1257 2598 1313 decimo
2622 1256 2830 1326 quinto,
2874 1270 2903 1309 a
2945 1263 3139 1325 quarto
3172 1254 3291 1309 idus
3314 1254 3533 1325 Aprilis,
3568 1270 3753 1324 usque
3787 1256 3842 1310 in

2217 1359 2476 1421 quartum
2502 1348 2757 1405 calendas
2787 1347 3004 1418 Aprilis,
3033 1348 3160 1417 quia
3200 1347 3502 1404 communis
3525 1356 3644 1411 est,
3699 1346 3840 1403 ﬁunt

2219 1441 2336 1497 dies
2363 1441 2596 1497 trecenti
2619 1439 3008 1510 quinquaginta
3029 1447 3282 1510 quatuor.

2294 1535 2452 1589 Anno
2479 1532 2991 1590 decemnovennalis
3014 1531 3199 1588 circuli
3223 1532 3432 1588 decimo
3461 1549 3632 1598 nono,
3669 1532 3835 1588 luna-

2223 1627 2297 1682 ris
2324 1625 2535 1683 decimo
2576 1633 2763 1692 sexto,
2794 1639 2825 1678 a
2865 1624 3026 1680 tertio
3054 1623 3309 1678 calendas
3339 1623 3539 1694 Aprilis
3570 1639 3753 1692 usque
3782 1625 3834 1678 in

2221 1719 2493 1776 decimum
2539 1719 2786 1790 quintum
2818 1718 3074 1774 calendas
3125 1717 3269 1783 Maii,
3303 1717 3428 1787 quia
3476 1717 3840 1774 embolismus

2151 1827 2191 1884 ῃ
2223 1820 2323 1878 est,
2355 1811 2489 1867 fiunt
2529 1811 2642 1866 dies
2671 1810 2903 1866 trecenti
2934 1809 3208 1879 octoginta
3238 1817 3496 1879 quatuor.

861 1943 1288 2033 Ritussnio
1319 1943 1863 2042 ﬁnssmoouu
1902 1943 2065 2030 vino
2091 1943 2898 2029 EENJAMIKHJE‘MANNO
2937 1943 3507 2028 ﬁtATtSLAVtENsi

1826 2067 1937 2128 JO.
1989 2066 2203 2128 GUIL.
2250 2066 2514 2127 JANUS.

598 2171 835 2244 Dionysii
865 2168 1053 2240 Exigui
1079 2210 1094 2238 ,
1119 2171 1240 2238 viri,
1270 2178 1329 2226 ut
1353 2177 1478 2225 tunc
1508 2178 1750 2241 tempora
1780 2177 1952 2235 erant,
1986 2184 2114 2224 eru-

519 2263 708 2330 diti,et
732 2262 798 2318 de
819 2278 878 2318 re
904 2277 1060 2317 sacra
1092 2277 1156 2316 ac
1186 2261 1446 2316 litteraria
1475 2261 1614 2316 bene
1644 2261 1841 2326 meriti,
1873 2260 1984 2315 vita
2013 2276 2114 2330 pa-

519 2355 650 2410 riter
665 2369 727 2409 ac
749 2353 968 2424 scripta,
983 2353 1084 2408 etsi
1103 2360 1410 2424 temporum
1433 2351 1562 2407 vitio
1590 2367 1698 2407 non
1712 2351 1873 2422 plane
1895 2351 2116 2407 oblitte-

519 2448 627 2502 rari
650 2455 743 2502 aut
762 2447 816 2500 in
838 2445 1165 2501 oblivionem
1178 2444 1366 2500 deduci
1382 2453 1692 2515 potuerunt,
1718 2445 1895 2499 minus
1924 2451 2115 2500 tamen

519 2540 693 2602 adhuc
714 2555 876 2616 quam
897 2539 1524 2597 merebanturillustrata
1537 2547 1680 2597 sunt.
1710 2538 1857 2596 Inter
1880 2540 2116 2611 aequales

517 2641 665 2697 solus
688 2641 800 2697 fere
816 2641 1172 2698 Cassiodorus
1193 2635 1452 2696 virtutum
1471 2635 1616 2691 illius
1636 2635 1957 2691 memoriam
1983 2650 2117 2690 con-

520 2734 776 2802 servavit,
798 2751 959 2805 quem
1006 2750 1171 2790 unum
1194 2749 1385 2790 omnes
1425 2735 1517 2805 qui
1559 2728 1790 2790 hucdum
1821 2729 2020 2806 aliquid
2048 2726 2120 2789 de

520 2827 629 2883 vita
659 2827 896 2898 Dionysii
923 2827 1273 2896 tradiderunt,
1300 2837 1583 2883 auctorem
1613 2827 1784 2882 secuti
1806 2835 1950 2883 sunt.
1977 2820 2122 2881 Nihil

519 2926 669 2974 certe
690 2917 834 2971 aliud
853 2915 954 2973 ﬁde
979 2917 1198 2988 dignum
1223 2919 1290 2974 de
1305 2934 1371 2974 eo
1390 2918 1536 2988 apud
1561 2925 1774 2974 veteres
1796 2927 1850 2973 et
1874 2917 2122 2987 iuniores

519 3008 807 3077 scriptores
830 3007 1226 3065 ecclesiasticos
1243 3015 1298 3064 et
1319 3008 1611 3065 litterarios
1641 3009 1904 3064 invenias.
1935 3008 2117 3063 Abba-

519 3107 626 3156 tetn
658 3100 900 3170 plerique
934 3109 1162 3166 vocant,
1215 3114 1377 3169 quem
1405 3098 1762 3155 Cassiodorus
1790 3098 2121 3154 monachum

519 3189 675 3245 dixit.
705 3189 815 3244 Sed
844 3189 1234 3246 monasterium
1265 3190 1419 3259 cujus
1466 3189 1633 3245 abbas
1671 3189 1830 3245 fuerit
1858 3190 2118 3258 ignorari,

525 3283 713 3338 Patres
739 3280 1072 3338 Benedictini
1098 3324 1114 3351 ,
1141 3282 1234 3351 qui
1263 3282 1507 3336 ultimam
1535 3297 1760 3352 operum
1801 3280 2116 3338 Cassiodori

2226 2168 2588 2224 conciliarunt
2623 2187 2636 2222 :
2693 2169 2879 2226 Codex
2909 2183 3177 2225 canonum
3205 2184 3327 2225 cum
3353 2167 3588 2225 decretis
3618 2167 3838 2239 pontiﬁ-

2225 2278 2348 2320 cum
2395 2263 2766 2319 Romanorum
2796 2262 3029 2335 primum
3081 2263 3404 2333 conjunctus
3431 2305 3446 2329 ,
3495 2270 3553 2318 et
3599 2262 3747 2318 liber
3775 2263 3838 2319 de

2224 2351 2509 2410 Paschate.
2540 2354 2634 2428 Ille
2665 2362 2862 2426 printer
2889 2364 3160 2411 czeterosa
3183 2354 3579 2425 Christophoro
3610 2353 3839 2411 Justello

2223 2446 2404 2503 editus
2434 2462 2498 2503 ac
2528 2447 2859 2515 illustratus,
2893 2448 2946 2504 in
2975 2448 3253 2504 communi
3274 2448 3614 2504 eruditorum
3645 2449 3840 2505 notitia

2224 2554 2289 2596 ac
2335 2538 2652 2596 celebritate
2690 2549 2938 2597 versatur
2994 2559 3008 2594 :
3061 2542 3206 2597 hunc
3253 2549 3462 2597 tantum
3507 2558 3620 2596 non
3669 2542 3835 2612 plane

2225 2632 2483 2687 amissum
2505 2671 2520 2696 ,
2546 2631 2739 2688 saltem
2763 2631 3091 2687 doctissimis
3115 2631 3241 2688 viris
3270 2647 3369 2702 pro
3409 2631 3702 2701 deperdito
3748 2632 3838 2687 ha-

2223 2724 2420 2799 bitum,
2449 2740 2593 2786 nunc
2619 2739 2730 2785 sua:
2754 2767 2770 2799 ,
2801 2735 3061 2800 quantum
3092 2723 3259 2791 licuit,
3294 2724 3592 2794 integritati
3619 2724 3834 2779 restitu-

2230 2831 2344 2878 tum
2365 2825 2418 2878 in
2446 2825 2622 2880 lucem
2646 2823 2989 2895 proferimus.
3025 2816 3190 2878 Multo
3215 2819 3399 2878 torsan
3426 2816 3632 2877 diutius
3660 2816 3756 2871 ille
3786 2818 3836 2871 in

2230 2915 2443 2971 scriniis
2489 2916 2623 2970 meis
2650 2915 2913 2983 latuisset,
2961 2916 3063 2970 nisi
3095 2923 3207 2980 tua,
3235 2915 3319 2969 vir
3359 2913 3732 2977 nobilissime,
3761 2910 3838 2968 in-

2232 3008 2438 3064 dustria
2465 3024 2531 3064 ac
2561 3008 2814 3066 alacritas
2860 3009 3198 3065 accessisset.
3231 3005 3368 3062 Cum
3411 3007 3556 3062 enim
3608 3006 3839 3076 publica:

2232 3100 2613 3171 disputationis
2640 3111 3018 3172 argumentum
3069 3099 3398 3171 requireres,
3431 3108 3486 3156 et
3529 3100 3636 3156 hoc
3661 3102 3839 3169 ipsum

2229 3192 2328 3247 tibi
2355 3193 2598 3248 oblatum
2623 3209 2730 3248 non
2753 3193 3109 3264 improbares,
3135 3207 3222 3247 me
3243 3191 3490 3260 subinde,
3525 3191 3647 3245 aliis
3675 3205 3839 3245 occu-

2229 3283 2540 3355 pationibus
2572 3283 2891 3340 distractum
2914 3325 2929 3349 ,
2965 3283 3032 3338 ad
3058 3283 3188 3338 illud
3217 3283 3486 3339 revocasti
3511 3322 3527 3347 ,
3559 3296 3682 3351 qua:
3711 3281 3840 3336 hinc

525 3373 821 3429 editionem
861 3371 1357 3444 Rotbomagensem
1383 3383 1668 3441 curarunt,
1697 3383 1846 3431 recte
1875 3374 2121 3430 animad—
2150 3359 2196 3424 (ἶ
2227 3376 2355 3432 inde
2382 3375 2625 3447 dispersa
2651 3384 2839 3445 erant,
2863 3390 3079 3431 mecum
3106 3375 3159 3430 in
3191 3374 3436 3430 ordinem
3466 3372 3752 3444 redegisti,
3788 3379 3840 3427 et

520 3473 755 3520 vertunt.
787 3464 1055 3521 Antonius
1093 3464 1224 3535 Pagi
1250 3480 1379 3522 vero
1405 3507 1420 3531 ,
1451 3466 1760 3523 Cassiodori
1789 3469 2119 3524 auctoritate

522 3555 789 3621 inductus,
824 3555 1033 3611 abbatis
1054 3555 1372 3625 dignitatem
1403 3556 1659 3628 Dionysio
1681 3555 1842 3628 plane
1869 3557 2116 3627 derogat,

522 3647 680 3716 eique
709 3663 739 3702 a
768 3645 913 3702 Beda
958 3647 1195 3719 primum
1224 3647 1464 3703 aftictam
1510 3648 1676 3705 fuisse
1720 3649 2016 3707 contendit.
2050 3651 2121 3705 At

522 3740 665 3795 enim
691 3740 899 3811 integro
921 3741 1114 3797 saltem
1146 3749 1272 3797 ante
1301 3740 1503 3798 Bedam
1532 3743 1728 3799 szeculo
1752 3781 1770 3809 ,
1800 3743 1948 3798 illum
1971 3743 2120 3799 urbis

525 3831 713 3888 Romae
737 3833 988 3890 abbatem
1019 3833 1348 3904 appellatum
1379 3833 1564 3900 fuisse,
1611 3835 1913 3892 luculenter
1932 3845 2120 3891 osten-

521 3920 600 3979 dit
639 3922 901 3994 Prologus
940 3923 1138 3981 Felicis
1187 3926 1398 3981 abbatis
1453 3926 1714 3994 Gillitani,
1764 3942 1929 3997 quem
1974 3942 2121 3983 anno

523 4014 726 4071 Christi
757 4015 860 4071 616
909 4016 1074 4090 Cyclo
1106 4017 1372 4091 Dionysii,
1417 4034 1448 4073 a
1477 4035 1535 4075 se
1573 4019 1924 4086 continuato,
1980 4034 2119 4090 prae-

522 4109 686 4175 misit,
732 4111 785 4166 in
836 4109 1073 4166 Historia
1101 4110 1249 4183 Cycli
1294 4112 1637 4184 Dionysiani,
1689 4128 1758 4168 ex
1789 4113 1976 4169 codice
2001 4111 2126 4183 Dig-

523 4200 712 4256 bteano
735 4210 786 4258 et
818 4200 1111 4258 Rhemensi
1159 4202 1353 4260 editus.
1406 4202 1616 4260 Interea
1663 4204 1964 4259 communis
1998 4218 2125 4260 sen-

522 4296 691 4351 tentia
719 4311 841 4353 cum
869 4311 933 4353 ea
962 4312 1127 4368 quam
1160 4295 1355 4366 Pagius
1381 4337 1394 4363 ,
1427 4299 1582 4367 quasi
1610 4313 1838 4363 novam,
1860 4297 2122 4364 defendit,

520 4391 676 4447 facile
704 4390 1047 4458 conciliatur,
1095 4393 1142 4446 si
1171 4407 1517 4447 communem
1541 4392 1754 4446 abbatis
1769 4391 2123 4460 significatio-

521 4499 644 4539 nem
673 4499 704 4538 a
729 4485 947 4554 propria
973 4494 1029 4540 et
1053 4485 1310 4554 singulari
1340 4485 1655 4555 distinguas.
1683 4483 1818 4539 Nam
1845 4528 1860 4554 ,
1883 4494 1944 4540 ut
1971 4495 2123 4542 recte

522 4574 758 4645 Cangius
804 4576 1222 4642 animadvertit,
1257 4577 1479 4633 abbates
1508 4577 1638 4632 dicti
1667 4583 1793 4633 sunt
1838 4576 2040 4636 Latinis
2069 4586 2125 4635 et

522 4665 727 4723 Graecis
765 4668 1056 4725 universim
1086 4669 1338 4724 monachi
1365 4685 1553 4726 omnes
1577 4709 1593 4736 ,
1622 4671 1924 4740 prtesertim
1969 4672 2124 4728 senio

2222 3478 2470 3540 sumptus
2493 3469 2560 3525 ad
2607 3469 2873 3524 edendum
2904 3468 3049 3523 ultro
3102 3468 3365 3524 obtulisti.
3420 3466 3502 3528 Sit
3530 3467 3694 3535 igitur
3737 3465 3842 3521 hoc

2222 3558 2498 3630 publicum
2524 3559 2603 3614 tui
2629 3559 2683 3614 in
2707 3559 2879 3615 bonas
2899 3558 3111 3614 litteras
3140 3559 3360 3625 amoris,
3384 3559 3589 3629 pariter
3610 3573 3677 3613 ac
3698 3558 3838 3613 doc-

2222 3649 2379 3705 trina:
2409 3658 2466 3705 et
2493 3648 2786 3719 diligentiae
2811 3691 2828 3718 ,
2853 3649 3258 3716 documentum,
3290 3664 3452 3719 quam
3494 3649 3550 3704 in
3593 3649 3732 3704 meis
3784 3658 3840 3705 et

2224 3743 2455 3799 aliorum
2495 3743 2781 3800 doctorum
2841 3744 3274 3801 academicorum
3323 3744 3524 3800 scholis
3578 3743 3833 3814 quotidie

2223 3836 2445 3907 probas,
2476 3845 2530 3893 et
2557 3838 2800 3893 moribus
2821 3838 2889 3893 ad
2912 3854 3128 3894 omnem
3148 3839 3492 3894 honestatem
3523 3847 3688 3908 atque
3713 3854 3840 3894 mo-

2223 3931 2449 3988 destiam
2493 3933 2813 4003 compositis
2859 3948 3021 3989 ornas
3051 3942 3105 3990 et
3135 3933 3504 3989 commendas.
3537 3931 3655 3987 Hoc
3688 3933 3840 3988 enim

2222 4022 2394 4080 laudis
2417 4026 2780 4082 testimonium
2805 4026 2923 4094 tibi,
2948 4041 3085 4082 unas
3102 4041 3310 4082 mecum
3325 4026 3466 4081 mdes
3480 4025 3760 4080 inhabitari
3776 4025 3840 4093 ti,

2224 4114 2416 4171 etinde
2435 4117 2501 4171 ab
2514 4117 2720 4186 aliquot
2739 4117 2893 4172 annis
2922 4118 3147 4188 propius
3163 4133 3227 4174 ac
3257 4117 3573 4172 familiarius
3594 4117 3839 4186 cognito,

2223 4206 2366 4262 bona
2412 4205 2516 4264 ﬁde
2543 4208 2808 4279 impertiri
2839 4224 3079 4281 possum.
3110 4210 3251 4265 Deus
3292 4208 3612 4265 immortalis
3641 4208 3836 4263 lauda-

2225 4300 2461 4357 tissimos
2491 4311 2720 4358 conatus
2743 4310 2867 4357 tuos
2911 4317 3076 4372 porro
3120 4301 3404 4369 secundet,
3436 4310 3490 4357 et
3532 4302 3600 4356 ad
3629 4301 3838 4372 optima

2225 4406 2454 4462 qumque
2469 4393 2820 4449 contendenti
2841 4407 3124 4449 successus
3147 4395 3514 4465 optatissimos
3535 4393 3834 4462 largiatur;

2227 4491 2287 4538 ut
2333 4493 2620 4555 parentum
2664 4493 2721 4540 et
2763 4483 2977 4540 familiae
3006 4485 3402 4542 honestissimae
3440 4484 3694 4555 gaudium
3725 4484 3829 4538 im-

2226 4578 2398 4650 pleas,
2429 4577 2882 4648 amplissimorum
2911 4575 3307 4636 florentissimtc
3338 4579 3528 4649 patriae
3569 4587 3673 4633 tuae
3703 4593 3826 4648 pro-

2227 4685 2433 4738 cerum,
2478 4685 2710 4740 quorum
2741 4670 3035 4741 singularia
3065 4672 3120 4726 in
3144 4683 3198 4728 te
3226 4673 3488 4728 beneficia
3519 4671 3832 4740 gratissimo

522 4775 587 4818 ac
616 4761 738 4816 vitm
765 4762 1052 4818 sanctitate
1064 4761 1379 4830 venerandi,
1424 4777 1530 4832 qua
1561 4760 1910 4820 notione'nos
1932 4763 2120 4822 Patres
2147 4758 2202 4820 D
2226 4764 2409 4819 animo
2430 4763 2565 4820 colis
2586 4804 2603 4830 ,
2653 4763 3121 4835 exspectationem
3152 4766 3420 4822 sustineas
3441 4805 3457 4831 ,
3503 4772 3558 4819 et
3600 4779 3714 4818 rem
3745 4778 3832 4818 sa-

523 4854 745 4910 eosdem
774 4853 935 4925 vulgo
975 4853 1328 4925 appellamus.
1374 4852 1537 4919 Illud,
1565 4854 1742 4924 inquit
1771 4854 2122 4927 Augustinus,

523 4946 734 5000 honoris
750 4954 846 5014 est,
863 4953 919 4999 ut
940 4945 1167 5016 quotidie
1189 4944 1395 4999 senibus
1406 4943 1671 5000 dicamus:
1688 4943 1871 5000 Pater.
1888 4945 2124 5004 Lexicon

523 5035 768 5094 Graecum
789 5054 920 5094 mss.
951 5041 1158 5110 regium
1188 5038 1310 5094 cod.
1341 5036 1483 5092 2062
1526 5055 1539 5092 :
1568 5040 1734 5102 ἀϐϐἀς
1758 5081 1775 5109 ,
1819 5039 1845 5097 ὁ
1874 5044 2068 5118 γέρων,
2098 5040 2124 5098 ὁ

524 5137 716 5205 πατὴρ.
734 5129 812 5186 lta
825 5129 1116 5186 Cassianus
1135 5129 1319 5187 Mosen
1341 5139 1397 5186 et
1424 5129 1776 5202 Germanum,
1810 5147 2124 5191 commona-

525 5223 679 5291 chos,
711 5222 934 5279 abbates
964 5230 1159 5289 vocat;
1212 5229 1269 5278 et
1295 5221 1483 5291 regula
1525 5220 1585 5279 S.
1617 5220 1941 5280 Columbani
1981 5222 2125 5280 mitte

525 5317 732 5377 abbates
759 5321 852 5376 sub
893 5338 998 5377 uno
1040 5320 1455 5376 archimandrita
1490 5328 1777 5377 memorat.
1821 5318 1937 5375 Hoc
1963 5319 2126 5388 igitur

526 5426 687 5466 sensu
714 5413 878 5468 etiam
908 5412 1191 5485 Dionysius
1220 5423 1405 5471 noster
1428 5456 1444 5482 ,
1489 5414 1710 5470 honoris
1740 5412 1922 5484 potius
1955 5426 2120 5483 quam

528 5503 764 5559 muneris
787 5517 969 5568 causa,
997 5504 1161 5562 abbas
1182 5504 1358 5563 dictus
1382 5513 1485 5562 est.
1516 5503 1628 5560 Sed
1657 5502 1723 5559 de
1743 5501 2122 5573 vitapionysii

527 5595 783 5652 nonnulla
806 5635 822 5664 ,
879 5596 1228 5670 scriptoribus
1272 5595 1649 5657 ecclesiasticis
1711 5592 2074 5665 praetermissa
2100 5637 2118 5665 ,

528 5690 822 5748 adnotandi
850 5690 955 5747 alia
975 5691 1178 5762 forsan,
1199 5701 1255 5748 et
1273 5688 1610 5749 commodior
1635 5685 1857 5742 dabitur
1876 5687 2119 5756 occasio,

528 5799 672 5843 nunc
713 5787 884 5856 mgis
909 5786 978 5843 de
1005 5788 1260 5858 operibus
1307 5783 1426 5853 ejus
1474 5780 1729 5838 sollicita.
1777 5779 1984 5838 Horum
2010 5781 2122 5838 duo

532 5877 869 5956 potissimum
917 5880 1127 5936 auctori
1165 5893 1265 5936 suo
1313 5877 1514 5933 famam
1563 5881 1618 5934 et
1667 5873 2121 5936 existimationem

2229 4871 2379 4912 cram
2419 4856 2629 4928 pariter
2675 4869 2740 4912 ac
2786 4854 3108 4912 litterariam
3146 4857 3350 4914 meritis
3393 4856 3502 4913 tuis
3542 4853 3831 4926 aliquando

2231 4962 2397 5005 ornes
2438 4956 2602 5017 atque
2629 4946 2922 5004 devincias.
2955 4946 3108 5004 Vale.

2341 5111 2548 5184 ϐψ·ιίεα
2577 5127 2692 5167 cum
2720 5111 2893 5167 studio
2929 5120 3136 5181 teneas,
3168 5112 3511 5183 Holfmanne,
3545 5112 3759 5167 subacta

2407 5203 2700 5275 Dogmata,
2728 5202 3000 5262 Pieridum
3030 5223 3154 5278 pars
3179 5206 3307 5260 mihi
3335 5206 3496 5260 chara
3526 5205 3669 5259 citari
3702 5220 3721 5258 :

2339 5294 2533 5368 Ecquis
2561 5298 2778 5352 miretur
2802 5299 3030 5366 tandem,
3056 5307 3105 5353 te
3135 5314 3394 5368 exponere
3415 5300 3546 5370 cycli

2407 5389 2572 5445 Docte
2611 5394 2794 5447 conari
2829 5393 3062 5464 άίθῑεὶιεε
3093 5393 3372 5449 numeros?

2335 5480 2514 5539 Macte
2544 5491 2633 5537 tua
2655 5486 2861 5549 virtute,
2898 5502 3056 5540 novas
3072 5485 3186 5556 jam
3208 5487 3420 5558 concipe
3449 5488 3602 5555 vires,

2412 5576 2778 5651 Doctﬁanue
2811 5588 2911 5635 tua:
2931 5582 3102 5652 perfer
3125 5581 3194 5634 ad
3223 5591 3368 5635 astra
3401 5581 3573 5636 decus.

2300 5693 2717 5750 Litteratissimo
2742 5695 2860 5750 viro
2888 5694 2987 5750 Dn.
3023 5695 3399 5753 RBSPONDENTI
3427 5694 3824 5767 hocpublicum

2224 5784 2570 5857 elegantioris
2587 5784 2849 5844 doctrinae
2861 5786 3132 5857 specimen
3149 5788 3454 5857 gratulatur

2847 5879 3169 5938 Famztucus
3195 5879 3520 5942 Srnuaztus.
3558 5877 3622 5940 P.
3650 5877 3713 5942 Ρ.
