4060 6364
336 302 374 306 ---
419 302 446 305 ——
471 302 506 305 —.
533 298 2874 308 _---—*W—-———————_W—
3487 296 3490 298 ”

1528 414 1561 453 Δ
1574 411 1696 453 PONO
1734 409 1967 456 DOMINI
1994 413 2077 456 DX
2088 412 2236 456 ινη.

1084 569 2697 817 ΡΑΟΠΝΒΠΞ
2858 544 2861 545 ξ

806 897 1660 1031 EPISCOPUS
1735 898 2983 1033 HERMIANENSIS.

1427 1218 1762 1281 NOTl'l‘lA
1820 1216 1926 1297 (ex
1962 1217 2359 1302 Gallandio).

309 1353 356 1411 l.
412 1351 697 1411 Facundus
748 1344 1158 1406 Hermianensis
1205 1343 1513 1417 episcopus,
1567 1343 1621 1398 in
1652 1341 1843 1398 Africa:
1873 1355 1923 1417 Α
1949 1355 2092 1399 anno
2120 1340 2245 1411 547,
2267 1342 2602 1401 Justinianus
2622 1346 2921 1419 imperator
2941 1347 3008 1404 ab
3030 1357 3251 1407 auctore
3271 1352 3368 1407 sibi
3401 1353 3552 1410 obla-

239 1446 520 1519 provincia
565 1444 863 1517 Byzacena,
894 1438 1090 1495 claruit
1139 1444 1265 1508 post
1292 1435 1631 1492 consulatum
1660 1431 1848 1488 Basilii

241 1553 388 1595 anno
411 1536 498 1604 lt),
526 1534 579 1592 id
601 1542 685 1592 est
711 1547 854 1589 anno
883 1528 1083 1587 Christi
1104 1524 1229 1593 551,
1259 1533 1522 1596 regnante
1546 1521 1848 1579 Iustiniano

245 1631 609 1703 imperatore,
658 1632 720 1683 ut
759 1623 1047 1696 perhibent
1081 1620 1272 1677 Victor
1311 1617 1654 1675 Tunonensis
1683 1615 1765 1690 (a)
1795 1624 1851 1671 et

245 1721 483 1781 Isidorus
507 1718 841 1792 Hispalensis
865 1717 969 1789 (lt);
990 1713 1144 1784 cujus
1173 1720 1356 1768 tamen
1376 1710 1541 1767 editio
1573 1710 1627 1766 in
1648 1709 1852 1765 Biblio-

244 1817 405 1872 theca
428 1811 795 1870 ecclesiastica
817 1807 1046 1864 Fabricii
1073 1819 1358 1877 perperam
1390 1802 1495 1859 fert
1520 1810 1636 1873 post
1661 1818 1849 1856 consu-

246 1904 409 1961 ‘atum
427 1903 607 1960 Basilii
632 1919 771 1957 anno
793 1911 977 1973 quarto
996 1899 1089 1971 (c),
1114 1914 1235 1954 cum
1258 1895 1502 1967 reliqum,
1527 1904 1689 1965 atque
1710 1894 1851 1947 inter

251 2006 477 2056 caeteras
531 1995 856 2060 Breuliana,
904 2000 1218 2048 constanter
1264 2004 1407 2045 anno
1450 1988 1645 2042 decimo
1693 1985 1849 2042 exhi-

250 2097 415 2147 beant
443 2088 523 2159 (ἀ)
553 2105 567 2141 :
598 2100 775 2155 neque
804 2083 961 2138 aliter
987 2098 1119 2138 sane
1140 2079 1448 2150 legendum,
1470 2077 1516 2135 si
1544 2077 1853 2133 attendatur

247 2177 310 2235 in
364 2178 552 2251 primis
596 2175 833 2232 lsidorus
864 2172 1134 2229 Victorem
1160 2170 1547 2226 'l‘unonensem
1590 2167 1853 2224 asscctari

252 2270 617 2329 tonsnevisse.
642 2266 817 2323 Porro
836 2261 1078 2335 ejusdem
1102 2261 1339 2319 Facundi
1365 2261 1611 2317 meminit
1636 2274 1855 2330 quoque

257 2359 629 2424 CassiodOrus.
671 2358 751 2415 sic
779 2357 1029 2427 inquiens
1057 2355 1170 2427 (e):
1208 2373 1228 2407 ι
1263 2351 1547 2408 Facundus
1566 2349 1853 2407 venerabi-

254 2455 323 2511 lis
349 2453 654 2524 episeopus.
683 2449 1067 2506 haereticorum
1096 2445 1418 2518 penetrabili
1446 2443 1737 2501 securitate
1763 2443 1857 2499 de-

257 2555 509 2610 structor,
542 2557 715 2614 nuper
754 2540 821 2595 ad
849 2539 1213 2595 Iustinianum
1253 2535 1553 2611 principem
1591 2534 1854 2600 scribens,

258 2639 329 2694 tle
358 2635 566 2692 duabus
596 2632 803 2690 naturis
832 2630 1049 2687 Domini
1077 2629 1277 2686 Christi
1304 2628 1439 2684 duos
1461 2627 1671 2683 libellos
1698 2635 1857 2683 acute

1955 1444 2068 1492 tum
2116 1440 2407 1510 acceperit.
2459 1440 2613 1507 Quod
2666 1443 2883 1512 quidem
2930 1442 3223 1502 adnotasse
3274 1447 3458 1517 libuit,
3492 1459 3551 1504 ut

1952 1544 2076 1585 cum
2130 1545 2325 1600 magno
2373 1531 2606 1589 Baronio
2652 1549 2954 1593 asseramus
2986 1537 3085 1609 (η),
3136 1554 3232 1596 eos
3278 1540 3444 1597 libros
3494 1544 3547 1597 in

1952 1625 2336 1679 communione
2364 1625 2629 1682 catholica
2652 1626 2816 1685 fuisse
2845 1644 2875 1683 a
2904 1626 3158 1687 Facundo
3186 1635 3547 1706 conscriptus,

1953 1727 2063 1782 quo
2093 1721 2338 1786 tempore
2380 1717 2632 1773 nimirum
2672 1718 2901 1790 ipsemet
2929 1719 3153 1791 Vigilius
3194 1739 3331 1794 papa
3360 1724 3548 1781 defen-

1953 1804 2162 1861 sionem
2193 1807 2507 1865 earumdem
2545 1808 2916 1881 Capitulorum
2956 1812 3207 1882 primitus
3247 1817 3553 1887 suscepisse

1953 1899 2304 1969 comperitur.

2024 1989 2089 2046 Π.
2122 1990 2285 2047 Multa
2324 2006 2455 2048 sane
2483 1993 2743 2064 praeclara
2784 2003 2948 2065 atquc
2978 1995 3278 2053 orthodoxa
3310 1999 3554 2055 antistite

1953 2081 2115 2152 digna
2146 2099 2212 2140 eo
2234 2085 2288 2140 in
2310 2101 2478 2156 opere
2506 2096 2819 2157 occurrunt,
2846 2103 3076 2158 quorum
3100 2091 3359 2146 nonnulla
3376 2090 3553 2147 Ῥειτο

1954 2171 2022 2229 de
2048 2173 2227 2231 Marca
2259 2175 2326 2231 V.
2356 2175 2419 2231 C.
2453 2178 2761 2234 exscribere
2806 2179 3007 2250 placuit
3040 2178 3113 2253 (ο)
3147 2198 3160 2233 :
3208 2200 3227 2233 ι
3263 2179 3406 2236 Nihil
3438 2182 3558 2239 ἱΐΙιι⁴

1955 2264 2139 2332 strins,
2173 2266 2367 2337 inquit,
2409 2267 2602 2324 all‘erre
2657 2284 2879 2339 possum
2921 2271 3120 2326 eximio
3150 2270 3390 2327 Facundi
3419 2271 3530 2329 lter

1955 2354 2432 2423 tnianensisloeo,
2481 2357 2573 2427 qui
2621 2372 2884 2413 summam
2926 2374 3144 2430 quoque
3192 2358 3558 2418 Romanorum

1957 2446 2277 2518 pontiﬁcum
2311 2448 2692 2505 auctoritatem
2722 2451 3091 2507 commendat.
3121 2452 3247 2521 Agit
3276 2453 3343 2510 de
3364 2451 3558 2524 Vigilio

1957 2552 2118 2610 papa,
2144 2552 2307 2609 quem
2336 2539 2742 2610 impngnatores
2770 2540 3316 2614 triumCapitulormn
3348 2559 3407 2600 se
3427 2560 3560 2600 con-

1958 2629 2192 2685 suluisse
2216 2629 2470 2685 dicebant
2496 2648 2511 2684 :
2545 2629 2664 2697 Ille,
2696 2632 2870 2701 inquit
2896 2631 3184 2689 Facundus
3213 2635 3311 2706 (p),
3361 2652 3467 2689 non
3507 2634 3558 2691 in

258 2731 421 2788 tianis
460 2728 868 2800 luculenterque
897 2726 1169 2782 tractavit.
1208 2743 1229 2779 ι
1272 2722 1376 2780 Ubi
1429 2723 1661 2780 Senator
1708 2723 1857 2779 acci-
1890 2763 1936 2823 Β
1962 2719 2358 2777 destructionem
2397 2732 2630 2793 paterna:
2659 2726 2928 2779 sententia:
2958 2725 3032 2794 (id
3075 2734 3157 2781 est
3185 2742 3338 2796 papae
3366 2724 3559 2781 Leonis

260 2825 483 2897 piendus
500 2823 717 2879 videtur
744 2838 812 2879 ex
840 2825 1081 2878 virorum
1110 2820 1448 2877 eruditorum
1476 2818 1764 2883 sententia,
1790 2817 1859 2872 de
1890 2813 1933 2823 ”
1961 2823 2018 2870 et
2047 2813 2239 2886 synodi
2267 2814 2774 2884 Chalcedonensis),
2805 2816 2897 2869 sed
2922 2818 3092 2886 potius
3121 2817 3173 2869 in
3215 2817 3563 2887 defensionem

263 2920 471 2977 :lnobus
509 2919 781 2990 prioribus
830 2916 1095 2987 capitibus
1135 2914 1229 2970 lib.
1264 2931 1282 2969 ι
1311 2929 1379 2970 ex
1407 2912 1689 2969 duodecim
1724 2925 1861 2980 quos

261 3010 327 3066 Id
356 3009 718 3065 Iustinianum
747 3007 976 3073 direxit;
1008 3023 1114 3062 non
1139 3014 1322 3062 autem
1341 3004 1409 3060 de
1432 3003 1642 3059 duobus
1672 3002 1863 3058 libellis

262 3096 355 3174 qui
380 3104 491 3172 jam
519 3102 611 3156 diu
641 3099 1032 3166 interciderint,
1076 3108 1135 3154 ut
1163 3105 1425 3170 putarunt
1468 3096 1689 3152 illustris
1731 3095 1864 3151 Mar-

264 3194 405 3250 feius
440 3194 491 3267 (f
506 3195 525 3266 )
556 3202 612 3250 et
640 3193 921 3250 Fabricius
945 3193 1045 3265 (g).
1087 3189 1560 3260 Cunstantinopoli
1585 3202 1751 3257 agens
1780 3188 1866 3244 hic

265 3285 668 3343 Hermianensis
683 3287 967 3358 episcopus
992 3284 1058 3339 ad
1076 3300 1163 3340 res
1181 3280 1433 3339 Ecclesiae
1454 3280 1715 3337 Africana:
1742 3295 1867 3351 pro-

266 3375 555 3442 curandas,
585 3391 686 3447 pro
713 3374 1028 3431 defensione
1065 3373 1275 3430 scilicet
1303 3372 1465 3427 trium
1493 3368 1867 3442 Capitulurum

264 3467 484 3523 concilii
511 3465 1000 3531 Chalcedonensis,
1032 3461 1496 3519 Commentarium
1548 3458 1869 3529 conscripsit

262 3558 555 3615 duodecim
584 3558 736 3614 libris
761 3557 1022 3629 partitum
1056 3572 1071 3609 :
1101 3570 1202 3628 quo
1223 3554 1451 3609 nondum
1478 3553 1628 3624 finito
1658 3568 1719 3605 ac
1748 3567 1869 3622 per-

267 3658 512 3715 tractata,
538 3650 615 3706 ait
645 3649 747 3721 (lt),
793 3648 1049 3703 adductus
1076 3655 1154 3701 est
1198 3642 1720 3717 Constantinopolim
1764 3640 1872 3696 Ro-

265 3756 456 3795 manus
482 3740 721 3812 pontifex
747 3738 991 3808 Vigilius.
1015 3735 1154 3793 Hinc
1179 3742 1332 3807 patet
1349 3750 1457 3805 quo
1480 3741 1724 3805 tempore
1745 3746 1874 3788 suos

260 3831 440 3887 libros
489 3831 769 3903 scripserit
815 3829 1119 3885 Facundus.
1150 3828 1317 3894 Nam,
1361 3835 1421 3883 ut
1471 3826 1574 3882 rite
1620 3826 1877 3882 observat

262 3920 667 3995 Sirmondus(i)
690 3937 760 3977 ex
778 3920 1089 3994 Appendice
1105 3920 1172 3976 ad
1193 3918 1563 3976 Marcellinum
1583 3917 1873 3983 Comitem,

271 4011 431 4083 cujus
482 4022 673 4069 auctor
700 4021 787 4068 est
836 4013 1208 4084 perantiquus,
1240 4011 1516 4066 erudimur
1546 4011 1621 4082 (j)
1670 4009 1876 4081 Pupam

279 4103 527 4177 Vigilium
564 4093 857 4178 ingressum
904 4120 1017 4160 esse
1068 4101 1573 4173 Constantinopolim
1622 4117 1714 4155 vnt
1766 4101 1869 4157 cal.

1964 2913 2117 2977 atque
2145 2907 2415 2973 ultionem,
2447 2907 2673 2976 primunt
2716 2907 2913 2977 accepit
2942 2915 2993 2961 et
3022 2908 3305 2961 maximam
3332 2917 3559 2977 potesta-

1966 3005 2099 3059 tem;
2133 3013 2227 3050 nec
2271 2997 2471 3069 aliquid
2496 3006 2677 3051 contra
2708 2999 3005 3061 veritatem,
3055 2999 3146 3052 sed
3189 3016 3284 3071 pro
3329 2999 3564 3059 ueritate.

1964 3088 2081 3161 plus
2109 3088 2308 3142 ceteris
2329 3088 2437 3142 suis
2464 3087 2919 3143 consacerdotibus
2961 3098 3145 3159 potest.
3200 3088 3402 3143 Paulus
3427 3089 3561 3146 enitr

1967 3180 2093 3235 dicit
2122 3180 2386 3251 apostolus
2410 3196 2428 3235 :
2457 3179 2573 3235 Non
2611 3180 2754 3235 enim
2777 3196 3064 3251 possumus
3090 3181 3290 3251 aliquid
3312 3182 3562 3238 adversus

1964 3272 2272 3339 veritatem,
2300 3270 2396 3327 sed
2425 3287 2523 3341 pro
2554 3271 2780 3326 veritate
2808 3269 2897 3343 (II
2926 3270 3050 3326 Cor.
3095 3288 3210 3336 xm,
3247 3274 3324 3342 ἕ).
3365 3292 3383 3325 ι
3419 3272 3561 3327 Alibi

1968 3379 2100 3421 vero
2131 3364 2272 3419 idem
2300 3364 2384 3419 vir
2412 3364 2806 3420 illustrissimus
2833 3363 2901 3419 de
2930 3364 3125 3420 eodem
3154 3363 3412 3420 Facundo
3438 3365 3512 3436 (ᾳ)
3550 3382 3563 3418 :

1977 3476 1997 3512 ι
2028 3458 2208 3515 Multis
2236 3459 2453 3528 verbis,
2485 3458 2579 3525 ait,
2611 3458 2918 3529 principum
2966 3456 3251 3514 audaciam
3296 3456 3567 3527 exagitat,

1972 3554 2066 3624 qui
2088 3553 2376 3609 canonicas
2396 3553 2723 3624 qumstiones
2746 3552 2813 3608 ad
2844 3567 3000 3607 suum
3022 3550 3283 3622 judicium
3313 3565 3569 3611 revocare

1973 3653 2203 3712 tentant,
2233 3660 2436 3717 eosque
2458 3646 2525 3701 ad
2548 3645 2854 3716 exemplum
2875 3643 3131 3700 Marciani
3163 3643 3420 3715 principis
3449 3660 3571 3714 pro-

1972 3745 2159 3808 vocat,
2189 3737 2258 3794 de
2286 3753 2395 3808 quo
2424 3738 2539 3794 haec
2567 3745 2693 3793 sunt
2713 3736 2831 3807 ejus
2858 3736 3025 3791 verba
3056 3732 3128 3809 (r)
3157 3752 3172 3790 :
3199 3734 3386 3791 Sciens
3414 3735 3572 3805 igitur
3633 3776 3651 3800 ,

1974 3830 2066 3885 ille
2090 3830 2496 3886 modestissimus
2517 3832 2777 3901 princeps,
2810 3827 2955 3884 Ozias
2980 3827 3091 3900 regi
3115 3844 3218 3883 non
3239 3828 3449 3896 impune
3471 3843 3572 3880 ces-

1978 3923 2128 3988 sisse,
2177 3923 2300 3995 quia
2344 3923 2644 3993 sacriﬁcare
2689 3921 3048 3993 pra'sumpsit,
3098 3919 3235 3991 quod
3280 3919 3476 3974 licitum
3499 3926 3573 3975 est

1980 4014 2184 4086 singulo
2206 4016 2385 4086 cuique
2414 4015 2573 4069 etiam
2603 4014 2815 4070 secundi
2836 4014 3036 4069 ordinis
3066 4013 3324 4068 sacerdoti
3352 4028 3372 4067 :
3414 4011 3572 4066 multo

1980 4109 2149 4179 magis
2169 4108 2381 4177 impune
2417 4106 2516 4160 sibi
2564 4107 2745 4161 cedere
2772 4122 2878 4161 non
2906 4121 3058 4176 posse
3085 4105 3340 4177 cognovit,
3366 4105 3442 4157 rel
3462 4120 3572 4173 qua:

275 4196 431 4253 Febr.
460 4208 576 4270 post
602 4198 927 4255 consulatum
975 4196 1162 4253 Basilii
1188 4212 1260 4259 vt.
1294 4190 1349 4249 id
1377 4203 1459 4250 est
1485 4210 1627 4249 anno
1671 4192 1872 4248 Christi
1902 4190 1948 4212 υ
1971 4202 2089 4273 jam
2119 4201 2183 4254 de
2215 4201 2322 4271 ﬁde
2360 4200 2663 4255 Christiana
2714 4203 2923 4273 fuerant
2964 4202 3243 4255 constituta
3299 4201 3574 4267 discutere,

166 4312 171 4315 ·
273 4290 400 4346 547.
431 4291 601 4360 Quam
630 4292 850 4363 quidem
894 4290 1158 4362 temporis
1188 4288 1519 4345 notationem
1549 4303 1617 4342 ex
1666 4286 1870 4342 Proco-

272 4382 367 4454 pio
397 4383 471 4455 (k)
499 4398 563 4437 ac
593 4382 932 4454 Theophane
960 4382 1025 4456 (ι)
1064 4380 1259 4451 Pagius
1301 4377 1586 4436 conﬁrmat
1630 4378 1746 4451 (τη).
1798 4378 1871 4435 Eo

269 4474 434 4544 igitur
458 4490 604 4531 anno
627 4473 729 4529 5‘7
760 4476 1002 4543 ineunte,
1024 4489 1131 4546 quo
1154 4474 1209 4529 in
1237 4473 1441 4543 regiam
1460 4471 1649 4528 urbem
1671 4470 1874 4528 adven-

276 4568 414 4623 tavit
432 4567 677 4639 Vigilius,
707 4567 940 4624 necdum
970 4567 1277 4622 absolverat
1310 4581 1465 4621 suum
1496 4580 1632 4636 opus
1661 4564 1872 4621 Facun-

271 4661 395 4729 dus,
420 4670 481 4718 ut
518 4662 681 4719 modo
707 4676 778 4718 ex
803 4676 871 4717 eo
900 4659 1266 4716 intelleximus
1298 4676 1313 4714 :
1341 4658 1433 4730 qui
1460 4673 1581 4714 cum
1607 4656 1734 4713 illud
1758 4666 1871 4712 tum

275 4749 441 4809 fuisse
484 4766 624 4823 pene
650 4750 959 4808 confectum
1005 4749 1277 4805 afﬁrmare
1326 4748 1588 4814 videatur,
1639 4762 1707 4804 eo
1756 4748 1874 4818 ipso

352 4884 431 4959 (a)
456 4884 599 4941 Vict.
624 4885 935 4959 'l‘unonsin
976 4885 1180 4959 Chron.
1211 4896 1335 4956 pag.
1370 4882 1457 4950 l0,
1488 4883 1630 4956 apud
1666 4882 1865 4955 Scalig.

277 4952 445 5012 Thes.
477 4967 643 5026 temp.
675 4958 804 5012 edit.
836 4957 1010 5014 Amst.
1048 4955 1204 5011 t658.

350 5026 432 5100 (ι)
459 5023 765 5100 [βίβλων.
788 5028 856 5100 de
876 5027 1078 5099 Script.
1101 5026 1391 5100 eccl._cap.
1422 5023 1511 5080 l9.

369 5096 424 5168 'c)
448 5097 664 5168 Fabric.
693 5096 828 5168 Bibl.
860 5096 1018 5162 eccl.,
1050 5112 1168 5168 pag,
1202 5096 1292 5152 54.

408 5162 568 5241 )Isid.
588 5166 761 5241 Hisp._
752 5166 891 5240 Opp.
906 5169 1036 5241 edit.
1050 5162 1311 5241 du'Breul,
1332 5166 1502 5223 Paris.
1523 5165 1649 5241 liii!
1662 5162 1870 5241 ,_p.528.

372 5238 423 5312 e)
453 5238 698 5312 Cassiod;
724 5238 924 5311 Expos.
955 5240 1009 5294 in
1034 5238 1224 5312 psalm.
1256 5253 1515 5312 cxxxvnt,
1540 5238 1641 5312 sub
1672 5238 1761 5312 lin.

378 5305 430 5434 lit.)
881 5305 1073 5367 eccles.
1125 5309 1193 5363 ad
1215 5309 1357 5365 cale.
1410 5308 1547 5364 Hist.
1604 5309 1769 5364 theol.
1802 5305 1870 5362 de

278 5382 765 5506 Crat.,Fpag..20l:
1168 5450 1182 5461 .
1227 5448 1239 5460 _

332 5452 674 5535 .gg)__abt_‘tc.
708 5451 843 5507 Bibl.
888 5451 1034 5508 med.
1066 5449 1287 5505 Lattntt.
1327 5456 1457 5503 tom.
1489 5447 1555 5513 ll,
1583 5462 1704 5519 pag.
1738 5444 1865 5513 435,

274 5521 421 5582 edii.
446 5521 639 5578 Hatnb.

354 5594 429 5666 (Ii)
454 5592 689 5650 Facund.
718 5591 927 5664 praefat.
958 5591 1095 5648 infra
1124 5591 1229 5648 col.
1263 5588 1385 5645 527.

1906 5263 1953 5325 ο
1982 5236 2111 5379 ---εξ

1979 4291 2116 4362 quod
2145 4291 2437 4345 nullatenus
2483 4291 2633 4354 licet;
2670 4291 2750 4345 vel
2779 4308 2935 4346 novos
2987 4291 3300 4346 constituere
3328 4307 3574 4355 canones,

1978 4382 2116 4455 quod
2142 4399 2244 4437 non
2269 4383 2368 4437 nisi
2395 4382 2570 4436 multis
2596 4392 2645 4437 et
2670 4382 2723 4436 in
2754 4399 2913 4436 unum
2954 4383 3286 4454 congregatis
3306 4384 3465 4455 primi
3487 4401 3575 4437 or-

1980 4475 2118 4532 dinis
2142 4474 2494 4531 sacerdotibus
2517 4477 2653 4530 licet.
2689 4472 2766 4528 Ob
2815 4474 2910 4529 hoc
2956 4476 3130 4546 itaque
3180 4476 3257 4529 vir
3288 4484 3575 4547 temperans

1979 4576 2029 4621 et
2054 4583 2146 4621 suo
2177 4575 2447 4622 contentus
2475 4566 2665 4637 ofﬁcio,
2692 4567 3156 4621 ecclesiasticarum
3198 4583 3456 4621 canonum
3486 4584 3580 4620 ctu

1981 4665 2183 4712 secutor
2210 4674 2321 4711 esse
2339 4657 2517 4722 voluit,
2551 4674 2654 4712 non
2683 4658 2939 4723 conditor,
2971 4675 3074 4712 non
3104 4668 3336 4713 exactor.
3371 4655 3467 4712 llic
3497 4665 3577 4714 est

1981 4755 2162 4805 certus
2192 4748 2345 4804 limes
2373 4763 2534 4819 quem
2578 4747 2741 4819 regiae
2782 4748 3091 4805 auctoritati
3133 4749 3188 4805 in
3225 4748 3311 4806 his
3350 4747 3579 4819 negotiis

2075 4884 2117 4954 i)
2142 4882 2416 4939 Sirmond.
2444 4884 2512 4939 ad
2535 4883 2775 4940 Facund.
2803 4884 2840 4939 l.
2873 4901 2923 4940 e.
2958 4893 3071 4940 not.
3102 4885 3159 4941 b.

2092 4953 2132 5007 il
2165 4954 2402 5007 Marcell.
2432 4954 2636 5007 Chron.
2665 4956 2728 5007 ad
2759 4970 2885 5007 ann.
2911 4955 3037 5007 547.

2099 4956 2111 5016 i
2165 4954 2402 5010 Marcell.
2432 4954 2636 5010 Chron.
2665 4956 2728 5010 ad
2759 4970 2885 5010 ann.
2911 4955 3037 5012 547.

2099 4953 2132 5095 ιζ
2162 5023 2394 5148 Procop.
2425 5024 2517 5103 lib.
2543 5040 2600 5081 ιιι
2628 5024 2697 5081 de
2722 5024 2858 5081 Bell.
2891 5026 3078 5089 60th.,
3112 5042 3234 5107 cap.

2107 5102 2120 5148 l
2151 5092 2340 5148 Theon
2384 5135 2398 5148 .
2426 5093 2701 5148 Chronoa.
2733 5096 2800 5148 ad
2822 5113 2949 5148 ann.
2974 5096 3039 5148 2|
3079 5094 3358 5148 Jusuman.

2077 5092 2120 5162 ι)
2140 5092 2398 5176 ΔΤΑιεξοΡΙι.
2416 5093 2716 5176 Chronqu
2733 5096 2800 5176 ad
2822 5113 2949 5176 a_nn.
2974 5096 3039 5151 21
3079 5092 3367 5151 Iustinian.

2055 5163 2151 5235 (ιη)
2183 5163 2332 5234 Pagi.
2365 5165 2433 5220 ad
2456 5182 2583 5221 alin.
2615 5163 2737 5232 547,
2771 5166 2798 5239 §
2829 5167 2883 5221 4.

2055 5233 2134 5318 (κ)
2156 5234 2384 5318 _I_larun._
2408 5236 2487 5318 ad‘
2506 5251 2633 5293 ann.
2660 5237 2782 5318 5.“,
2811 5237 2837 5308 §
2870 5235 2961 5318 3?.
3024 5314 3034 5318 Δ
3063 5306 3075 5318 ⁸
3224 5305 3257 5318 υ

2073 5304 2128 5381 ο)
2154 5304 2333 5381 idat-ca
2354 5306 2422 5363 de
2445 5306 2718 5381 Concord.
2746 5304 2955 5381 Sacerd.
2979 5306 3190 5381 _e_t.ir_np.
3222 5305 3315 5363 lib.
3340 5320 3418 5375 ut,
3448 5319 3569 5381 cap.

1975 5373 2069 5458 15,:
2155 5375 2250 5458 10,
2290 5376 2569 5458 pagéii,
2602 5377 2729 5433 edit.
2767 5374 3130 5458 ιρι-1521704.

2070 5445 2126 5517 p}
2153 5445 2395 5517 Facund.
2427 5447 2517 5501 lib.
2548 5462 2603 5507 ιι,
2638 5462 2754 5516 cap.
2786 5446 2838 5509 6,
2871 5446 3027 5500 infra.

2070 5452 2125 5517 p‘
2153 5449 2395 5502 Facund.
2427 5449 2517 5501 lib.
2548 5462 2603 5507 ιι,
2638 5462 2754 5516 cap.
2786 5449 2838 5509 6,
2871 5449 3027 5500 infra.

2049 5449 2126 5660 Ξᾳῖ
2157 5516 2374 5588 Magn,
2401 5517 2545 5597 l..e.,
2575 5517 2649 5571 lib
2678 5533 2736 5584 ιι,
2764 5532 2884 5585 cap.
2920 5516 3006 5577 10,
3036 5516 3070 5598 .§
3094 5517 3190 5599 .M,
3224 5532 3347 5590 pag.
3378 5519 3500 5574 M7.

2074 5592 2121 5659 r)
2148 5587 2387 5642 Facund.
2421 5587 2513 5641 lib.
2546 5602 2641 5653 xu,
2672 5602 2791 5656 cap.
2820 5589 2873 5653 ὅ,
2904 5587 3002 5643 sub
3034 5599 3152 5643 unt.

2074 5587 2121 5659 ἐ)
2148 5587 2387 5642 Facund.
2421 5587 2513 5641 lib.
2546 5602 2641 5653 xu,
2672 5602 2791 5656 cap.
2820 5589 2873 5653 ὅ,
2904 5587 3002 5643 sub
3034 5587 3152 5643 iuit.

353 5688 375 5709 ‘
402 5686 460 5741 lu
484 5684 741 5765 Facundo
763 5684 1165 5765 3tFerraudo,
1208 5685 1611 5758 typothetarum
1639 5682 1823 5753 lapsu,
1854 5687 2109 5738 czcterum
2143 5679 2399 5765 innoxio,
2440 5678 2833 5751 aliquantulum
2880 5696 2912 5736 a
2943 5681 3330 5752 chronologicu
3382 5684 3573 5741 ordino

273 5757 594 5818 alienatum
622 5764 726 5811 est.
763 5757 925 5814 Eutr.

566 5853 846 5918 νιτιιοι.
895 5844 1150 5923 LXVII.

3033 5851 3105 5910 17
