4060 6364
532 263 634 323 525
1604 260 1967 320 FACUNDUS
1991 259 2206 320 EPISC.
2252 258 2383 318 llEfl
2393 261 2773 319 MIANLNSIS.
3720 256 3837 322 Si.

534 386 811 459 pneligere
838 388 1088 454 oportet,
1142 394 1208 434 ne
1237 378 1544 435 inconsulto
1588 380 1864 434 trahamur
1904 376 1972 433 ad
1999 391 2121 432 eam
2150 381 2196 439 Α
2226 376 2408 447 plures
2435 377 2745 442 orthodoxi,
2775 376 2884 431 imo
2918 385 2972 432 et
2993 376 3110 449 ipse
3140 376 3363 447 Vigilius
3386 377 3670 434 Romanus
3694 395 3843 449 pon-

534 479 921 541 adulationem,
955 488 1059 544 qua
1108 470 1439 543 principibus
1468 472 1579 527 suis
1630 472 1792 527 totius
1833 470 2124 541 disciplina:
2230 467 2378 535 tifex,
2409 469 2562 539 quasi
2588 466 2827 523 vindices
2852 466 3308 526 Chalcedonensis
3336 470 3571 536 concilii,
3599 469 3653 524 in
3684 470 3847 539 cujus

537 571 908 630 ecclesiastica:
936 581 1201 623 summam
1229 563 1402 621 (ἕτωοὶ
1444 564 1780 621 deferebant.
1819 584 1840 617 ι
1887 562 2003 618 ilue
2027 577 2125 618 us.
2224 556 2598 629 prmjudieium
2648 562 2714 612 ea
2760 557 3073 615 viderentur
3122 559 3190 615 ab
3235 560 3568 631 imperatore
3603 561 3846 629 saucita,

536 682 642 737 que
662 668 744 721 vir
767 662 1126 720 doctissimus.
1152 659 1265 713 Alia
1289 674 1452 730 porro
1474 657 1559 714 bis
1581 670 1819 714 consona
1845 673 1914 712 ex
1935 655 2127 711 eodem
2225 648 2593 737 insurrexere.
2643 643 2780 703 Cum
2812 658 2992 737 ωηατ]
3034 650 3321 721 perspicue
3350 650 3624 723 pleneque
3656 652 3848 721 cogni-

538 736 792 816 Facuudo
816 752 1021 825 jamdiu
1049 751 1311 807 retulerat
1340 765 1571 821 magnus
1609 746 1873 805 Baronius
1900 749 2001 820 (α).
2226 742 2345 793 lum
2380 736 2502 803 Ῑιὶι,
2528 737 2897 807 “quidnam
2924 736 3244 809 derogatum
3273 749 3625 797 sacrosancto
3655 742 3849 798 conci-

606 850 691 905 ιιι.
751 846 966 903 Utinam
997 861 1129 901 vero
1170 845 1223 899 in
1272 842 1459 900 eadem
1510 843 1775 898 sententia
1806 841 2000 913 praesul
2044 840 2133 896 hic
2234 830 2308 885 ιιο
2346 827 2774 886 ChalcedonenSi
2801 845 2899 901 per
2924 829 3330 888 damnationem
3362 835 3522 888 trium
3554 833 3847 905 Capitulo-

535 939 936 997 Hermianensis
980 936 1050 992 ad
1104 935 1262 991 finem
1305 949 1472 1003 usque
1516 933 1635 988 vitae
1682 932 2026 1003 perstitisset.
2074 929 2133 986 ln

532 1032 729 1089 exsilio
758 1045 991 1100 namque
1022 1028 1351 1084 constitutus
1379 1027 1449 1081 oh
1478 1026 1807 1097 pertinacem
1839 1024 1998 1079 trium
2028 1022 2135 1079 Ca-

536 1124 829 1197 pitulorum
880 1120 1271 1186 defensionem,
1318 1119 1457 1174 inter
1496 1117 1873 1173 schismaticos
1904 1116 2137 1171 militare

539 1218 745 1287 erepit;
797 1216 889 1271 ubi
927 1224 981 1271 et
1010 1216 1205 1271 librum
1255 1214 1470 1284 scripsit
1500 1220 1689 1267 contra
1717 1209 2024 1269 Moeianum
2053 1207 2140 1263 vel

540 1308 841 1363 Matianum
870 1308 1271 1372 scholastieum,
1296 1308 1385 1376 qui
1417 1305 1697 1361 Africanos
1724 1304 1993 1358 antistites
2016 1301 2140 1372 jure

543 1402 751 1472 optimo
781 1401 1147 1469 redargueret,
1183 1407 1467 1469 propterea
1499 1397 1643 1467 quod
1677 1396 1835 1450 trium
1864 1392 2143 1465 Capitulo-

542 1510 662 1549 rum
695 1507 856 1548 causa
885 1506 943 1547 se
970 1505 999 1544 a
1023 1489 1217 1561 \‘igilio
1245 1505 1379 1559 papa
1410 1497 1465 1543 et
1493 1487 1559 1541 ab
1586 1485 1821 1541 Ecclesia
1849 1495 1971 1557 post
2001 1483 2144 1557 illius

540 1586 843 1641 Iudicatur»
863 1590 1233 1653 segregarant.
1264 1580 1399 1647 Quin
1428 1582 1590 1635 etiam
1623 1595 1688 1634 ex
1719 1577 1947 1647 epistola
1977 1574 2145 1646 ipsius

540 1674 775 1732 Facundi
801 1673 945 1729 edita
976 1673 1255 1743 primuma
1282 1669 1547 1725 Dacherio
1577 1668 1809 1741 (b),qua:
1839 1667 2145 1722 inscribitur

2235 936 2389 987 rum;
2420 920 2534 992 ipsa
2558 921 2819 991 imprimis
2842 921 3137 993 apostolica
3168 922 3324 978 sedes
3348 939 3469 979 eam
3492 925 3850 995 imperatoris

2237 1011 2417 1068 edicto
2453 1012 2683 1084 primum
2715 1013 3109 1083 promulgatam
3147 1022 3205 1067 et
3229 1023 3420 1085 postea
3468 1030 3567 1085 per
3594 1015 3851 1086 quintam

2238 1103 2501 1175 synodum
2548 1104 2922 1160 conlirmatam
2966 1106 3322 1160 assertionem
3371 1106 3624 1177 probavit
3682 1115 3850 1177 atque

2236 1194 2492 1262 retinuit;
2517 1196 2757 1265 itumque
2779 1204 2863 1251 est
2880 1212 2911 1251 a
2936 1197 3215 1253 catholicis
3241 1198 3494 1255 omnibus
3514 1198 3569 1253 in
3592 1198 3851 1253 eamdem

2241 1287 2566 1342 sententiam
2589 1303 2709 1342 eum
2738 1288 2925 1357 quinta
2951 1288 3160 1360 synodo
3188 1298 3245 1344 et
3270 1306 3395 1346 cum
3424 1289 3555 1361 ipsis
3584 1289 3853 1346 Romanis

2241 1379 2584 1451 pontiﬁcibus
2621 1379 2846 1449 aliisque
2876 1380 3187 1452 apostolica:
3224 1382 3341 1438 sedi
3389 1382 3851 1438 communicanti-

2243 1468 2362 1523 bus.
2386 1466 2487 1535 Qui
2514 1483 2643 1523 vero
2666 1476 2856 1538 postea
2880 1469 2947 1524 ab
2968 1468 3054 1525 his
3082 1469 3404 1537 dissensere,
3428 1480 3487 1526 ut
3510 1472 3851 1527 sehismatici

2245 1562 2415 1616 habiti
2454 1570 2578 1616 sunt
2614 1570 2775 1633 atque
2823 1560 3009 1631 rejecti
3054 1580 3067 1615 :
3118 1578 3239 1618 cum
3271 1574 3453 1618 tamen
3482 1564 3698 1620 interea
3728 1575 3852 1620 ante

2247 1654 2596 1710 novissimum
2624 1651 2935 1724 apostolica:
2961 1652 3103 1711 sedis
3125 1670 3405 1711 assensum
3425 1672 3535 1711 non
3562 1665 3713 1712 esset
3740 1657 3851 1726 pia-

546 1767 787 1839 Epialala
815 1766 939 1838 ﬁdei
971 1766 1243 1821 catholica:
1297 1765 1351 1817 in
1387 1763 1685 1833 defensione
1736 1762 1889 1813 trium
1934 1758 2146 1830 Cupt'tu-
2178 1771 2223 1831 Β
2249 1748 2430 1804 culum
2458 1763 2559 1819 pro
2586 1746 2755 1803 tribus
2784 1762 3021 1819 pugnare
3060 1745 3351 1820 Capitulis;
3385 1763 3505 1803 cum
3546 1750 3851 1819 umerum

543 1861 730 1924 tantm,
774 1858 865 1913 ille
911 1858 964 1911 in
995 1858 1286 1911 schismate
1316 1854 1632 1910 occubuisse
1662 1852 1889 1907 videtur.
1926 1850 2038 1918 Qua
2077 1850 2145 1906 de

543 1971 604 2011 re
626 1955 869 2010 Natalem
893 1952 1257 2013 Alexandrum
1282 1951 1466 2007 videas
1484 1952 1577 2023 (c).
1606 1950 1731 2006 llarc
1752 1966 1877 2005 vero
1906 1948 2147 2020 pluribus

543 2048 821 2134 prosecuti
847 2055 975 2101 sunt
1001 2045 1289 2100 Annalium
1323 2045 1814 2100 ecclesiasticarum
1844 2058 2040 2114 parens
2067 2041 2145 2114 (Δ)

555 2148 612 2195 et
634 2138 704 2195 cl.
735 2137 980 2193 Norisius
1012 2136 1110 2208 (ε).
1157 2136 1252 2191 llis
1279 2145 1459 2191 autem
1490 2136 1744 2191 hactenus
1774 2134 2037 2190 enarratis
2066 2143 2148 2188 at-

549 2240 737 2287 tex'ere
765 2229 897 2283 libet
925 2236 1045 2300 qua:
1074 2228 1262 2283 scribit
1291 2226 1485 2282 Petrus
1529 2228 1596 2282 de
1624 2226 1827 2292 Marea,
1856 2224 1923 2281 de
1968 2225 2147 2295 Vigilii

544 2325 767 2380 decreto
804 2338 902 2394 pro
950 2322 1361 2378 conlirmatione
1392 2338 1425 2375 v
1458 2319 1647 2392 synodi
1687 2320 1989 2375 edissercns
2020 2320 2095 2392 (Ῑ)
2131 2336 2144 2373 :

555 2436 573 2471 ι
607 2416 684 2473 Ne
712 2417 866 2488 quis,
899 2416 1093 2486 inquit,
1124 2416 1470 2472 ambitiosum
1509 2416 1613 2470 hoc
1642 2414 1821 2482 Vigilii
1869 2414 2145 2469 decretqu

548 2508 907 2576 existimaret,
939 2506 1053 2578 ipse
1081 2506 1318 2561 rationes
1339 2521 1458 2575 qua:
1487 2520 1545 2560 se
1567 2504 1629 2559 ad
1660 2504 1801 2559 hanc
1826 2505 2147 2560 sententiam

550 2598 885 2671 impulerint,
916 2599 1015 2653 has
1053 2598 1309 2666 assignat.
1343 2595 1545 2667 Nempe
1574 2595 2070 2667 quodotleusiones
2094 2603 2150 2651 et

548 2694 803 2751 scandala
831 2708 951 2766 quae
979 2692 1193 2762 generis
1236 2691 1456 2745 humani
1487 2691 1657 2746 hostis
1705 2706 1802 2760 per
1829 2690 2148 2761 disputatio-

546 2801 670 2841 nem
698 2785 765 2841 de
796 2784 967 2840 tribus
997 2782 1262 2854 Capitulis
1292 2783 1589 2847 invexerat,
1609 2783 1719 2852 jam
1742 2781 1929 2838 sedata
1945 2790 2145 2849 essent,

550 2892 766 2948 paxque
812 2875 1022 2933 reddita
1052 2883 1198 2931 esset
1227 2872 1483 2930 Ecclesite
1511 2882 1635 2943 post
1681 2874 1893 2928 illorum
1925 2872 2149 2928 damna-

549 2971 775 3040 tionem,
806 2978 861 3025 et
890 2970 1092 3025 veritas
1123 2967 1412 3024 aﬂ‘ulsisset
1440 2967 1495 3022 in
1524 2967 1608 3023 his
1635 2968 1898 3037 ambiguis
1928 2977 2148 3025 contro-

548 3064 761 3119 versiis.
795 3060 971 3132 Unde,
995 3062 1194 3127 subdit,
1222 3061 1478 3131 colligere
1504 3060 1628 3117 licet
1649 3060 2065 3133 lllyricianarum
2091 3069 2151 3116 et

2250 1841 2303 1895 in
2331 1856 2395 1895 ea
2420 1840 2719 1895 assertione
2737 1839 3027 1895 habuerint
3046 1841 3335 1910 aliquando
3364 1856 3525 1911 quem
3552 1856 3851 1911 sequeren-

2248 1940 2354 1998 tur,
2384 1931 2557 2002 ipsum
2586 1928 2841 2000 Vigilium
2880 1929 3182 1987 Romanum
3214 1930 3545 2003 pontificem.
3586 1951 3605 1985 ι
3651 1930 3853 1988 Baete.

2248 2036 2349 2076 nus
2376 2021 2662 2076 Annalium
2693 2020 3183 2077 ecelcsiastieorum
3214 2022 3462 2077 conditor
3494 2040 3508 2075 :
3539 2022 3636 2091 qui
3665 2032 3726 2077 et
3761 2025 3851 2078 ali-

2247 2109 2297 2166 bi
2331 2112 2392 2183 (i)
2423 2126 2669 2182 quamam
2697 2111 2894 2168 fuerint
2917 2112 3016 2167 tria
3047 2113 3147 2167 ista
3174 2111 3421 2184 Capitula
3451 2114 3724 2180 edocens,
3756 2132 3849 2169 no.

2246 2224 2368 2261 vam
2399 2207 2555 2263 simul
2587 2206 2881 2276 falsamque
2904 2204 3186 2277 cujusdam
3212 2206 3411 2263 eruditi
3434 2207 3531 2263 viri
3561 2207 3633 2263 de
3661 2208 3851 2264 iisdem

2249 2303 2557 2374 opinionem
2582 2302 2848 2358 confutat.

2321 2392 2385 2448 V.
2420 2393 2487 2446 At
2514 2408 2645 2447 vero
2674 2392 2815 2447 haud
2841 2392 2995 2449 nobis
3024 2392 3490 2460 committendum,
3518 2403 3581 2450 ut
3609 2394 3851 2451 Sirmon-

2248 2483 2375 2539 dum
2418 2482 2481 2537 V.
2526 2481 2589 2537 C.
2640 2481 2744 2537 hac
2788 2482 2856 2538 de
2886 2497 2966 2549 re,
3018 2492 3182 2553 atque
3229 2485 3494 2557 imprimis
3521 2487 3590 2541 de
3628 2497 3853 2545 auctore

2250 2584 2439 2629 nostro
2493 2572 2657 2628 verba
2709 2571 2997 2629 facientem
3052 2583 3459 2644 praetereamus.
3530 2574 3625 2631 Sic
3694 2578 3853 2647 igitur

2250 2666 2341 2722 ille
2370 2667 2437 2737 (j)
2475 2684 2488 2720 :
2526 2686 2545 2719 ‹
2581 2663 2637 2721 ιιι
2668 2666 2826 2721 trium
2856 2664 3231 2736 Capitulorum
3259 2684 3421 2723 causa
3448 2684 3615 2740 quam
3636 2669 3854 2728 Facun-

2251 2756 2349 2812 dus
2377 2754 2637 2824 defendit,
2660 2756 2707 2811 si
2736 2772 2924 2813 verum
2950 2757 3096 2829 loqui
3126 2758 3319 2828 placet,
3367 2758 3656 2818 honestius
3683 2761 3853 2819 fuerat

2251 2866 2372 2907 cum
2415 2849 2611 2921 Vigilio
2655 2849 2851 2906 cadere
2899 2865 3060 2920 quam
3102 2852 3320 2908 vincere
3349 2868 3471 2909 cum
3515 2851 3846 2911 Justiniano.

2252 2946 2408 3015 Quod
2438 2946 2483 3001 si
2524 2945 2777 3016 Vigilium
2819 2956 3080 3017 perpetuo
3118 2946 3310 3003 ducem
3355 2949 3509 3020 sequi
3544 2950 3850 3018 maluisset,

2250 3055 2413 3111 quam
2442 3037 2717 3109 Vigihum,
2746 3047 3030 3109 postquam
3062 3037 3363 3096 Iustiniano
3391 3041 3700 3097 cedendum
3731 3060 3854 3099 cen-

549 3155 922 3212 Afrieanarum
967 3155 1368 3227 provinciarum
1398 3152 1684 3225 episcopos
1713 3131 1906 3225 prioris
1930 3162 2150 3210 senten-
2177 3146 2222 3209 C
2253 3133 2389 3199 δυίίν
2431 3148 2579 3227 °“m_
2598 3131 2748 3227 ΜΓίὲ
2783 3131 2893 3187 suis
2938 3132 3334 3227 ’W_reh?"d°’°
3353 3151 3379 3227 ἲ,
3414 3150 3577 3190 nemo
3609 3136 3765 3227 mum
3793 3137 3853 3191 de

549 3248 639 3302 tia:
683 3248 1021 3317 pmnituisse,
1053 3256 1108 3303 et
1136 3246 1552 3302 communicatis
1576 3262 1699 3301 cum
1730 3245 1923 3315 Vigilio
1972 3247 2152 3302 consi-

548 3339 635 3396 liis
653 3338 1006 3395 Orientalium
1036 3340 1471 3396 communionem
1494 3340 1796 3408 amplexos.
1831 3358 1849 3392 ι
1887 3338 2012 3395 ιιειξε
2038 3340 2149 3395 ille.

551 3429 807 3497 Quamvis
860 3446 971 3485 non
1012 3429 1280 3485 defuerint
1324 3430 1569 3486 nonnulli
1618 3429 1813 3485 eruditi
1842 3430 1965 3498 viri,
2014 3446 2153 3501 quos

550 3519 692 3575 inter
720 3518 1013 3576 Carnerius
1032 3520 1131 3593 (g),
1174 3521 1265 3591 qui
1295 3520 1361 3576 de
1392 3520 1703 3590 integritate
1729 3520 2015 3577 decretalis
2037 3522 2153 3593 epi—

551 3610 703 3667 stolae
720 3609 922 3680 Vigilii,
944 3626 1105 3681 quam
1135 3610 1233 3668 abs
1262 3626 1323 3666 se
1349 3610 1581 3682 primum
1603 3609 1802 3666 editam
1834 3611 2067 3666 illustrat
2096 3612 2151 3667 in

551 3719 645 3760 sua
676 3701 1058 3759 dissertatione
1088 3703 1228 3759 idem
1258 3704 1327 3759 el.
1351 3703 1793 3775 archiepiscopus
1818 3701 2152 3772 Parisiensis,

554 3792 892 3850 dubitarunt.
926 3791 1210 3865 Utcunque
1239 3809 1368 3850 vero
1410 3794 1499 3861 sit,
1531 3810 1599 3849 an
1628 3803 1817 3866 postea
1846 3793 2153 3865 Facundos,

552 3887 799 3959 deposita
828 3886 1007 3959 priore
1036 3887 1325 3955 sententia,
1349 3886 1399 3941 in
1425 3885 1723 3942 setandem
1752 3901 2023 3953 reversus,
2050 3887 2157 3942 sal-

553 3993 663 4039 tem
716 3982 817 4038 sub
867 3982 992 4036 vitce
1033 3980 1192 4036 linem
1249 3980 1558 4051 resipuerit,
1602 3996 1665 4036 ac
1705 3980 1917 4051 ejurato
1971 3980 2157 4052 iniquo

554 4075 842 4134 schismate
893 4091 1017 4132 sese
1064 4074 1345 4131 catholicm
1401 4074 1705 4145 adjunxerit
1758 4075 2156 4143 communioni,

554 4168 671 4238 ejus
715 4184 933 4224 causam
982 4183 1051 4223 ex
1090 4168 1301 4239 integro
1343 4166 1746 4238 dijudicandam
1788 4166 1885 4223 Dei
1932 4167 2158 4222 arbitrio

553 4260 889 4315 dimittimus.

625 4350 711 4407 ιγ.
740 4351 941 4407 Verum
973 4359 1028 4404 ut
1053 4364 1264 4406 summa
1292 4347 1359 4404 de
1384 4349 1553 4403 tribus
1576 4348 1839 4419 Capitulis
1866 4347 2161 4404 lectoribus

2250 3233 2501 3295 suscepta
2540 3224 2909 3296 Capitulorum
2952 3224 3268 3282 defensione
3317 3226 3385 3281 ad
3437 3243 3602 3297 quam
3635 3226 3855 3299 Vigilius

2252 3318 2365 3388 ipse
2396 3317 2535 3372 ultro
2572 3326 2757 3386 postea
2786 3316 2971 3383 rediit,
3002 3317 3124 3387 jure
3171 3319 3532 3375 accusandum
3558 3320 3852 3391 judicaret.

2252 3410 2358 3465 Sed
2384 3408 2697 3465 Facundum
2737 3410 3108 3480 collegasque,
3144 3418 3201 3466 ut
3246 3410 3437 3481 Vigilio
3466 3424 3853 3483 repugnarent,

2253 3501 2439 3556 fefellit
2465 3517 2617 3556 error
2638 3515 2745 3570 quo
2776 3504 3099 3559 tenebantur
3122 3520 3391 3576 quemque
3412 3505 3649 3561 Victoris
3678 3514 3735 3562 et
3764 3506 3855 3561 lsi.

2255 3593 2375 3649 dori
2411 3592 2478 3649 de
2508 3592 2763 3648 Facundo
2791 3594 3099 3649 testimonia
3122 3594 3431 3663 declarant;
3458 3596 3605 3665 quod
3649 3597 3856 3653 scilicet

2255 3702 2573 3761 persuasum
2600 3687 2862 3743 haberent
2891 3704 2999 3743 non
3047 3704 3208 3758 posse
3244 3690 3448 3759 absque
3488 3688 3687 3759 injuria
3730 3689 3856 3746 fidei

2260 3782 2561 3854 synodique
2600 3780 3056 3837 Chalcedonensis
3097 3783 3380 3837 eversione
3425 3780 3675 3852 Capitula
3719 3798 3857 3838 con-

2259 3875 2499 3931 demnari
2527 3891 2539 3926 :
2572 3872 2801 3945 proinde
2828 3873 3072 3928 damnari
3098 3888 3207 3928 non
3238 3872 3601 3944 patiebantur.
3632 3872 3704 3927 At
3727 3888 3859 3929 con-

2259 3977 2344 4024 tra
2374 3969 2594 4039 Vigilius
2627 3968 2850 4023 liberam
2902 3981 3023 4021 esse
3061 3966 3487 4021 controversiam
3514 3966 3857 4035 intelligens,

2261 4071 2316 4118 et
2335 4078 2454 4132 quze
2474 4071 2649 4117 utram
2677 4061 2731 4116 in
2756 4068 2963 4133 partem
2992 4067 3259 4131 vergeret,
3288 4060 3359 4115 ad
3402 4059 3527 4115 fidei
3555 4059 3859 4116 doctrinam

2261 4156 2395 4210 nihil
2422 4156 2681 4211 attineret
2707 4153 2872 4224 (quod
2896 4154 3070 4224 ipsum
3098 4162 3224 4225 post
3251 4152 3429 4223 Vigilii
3456 4162 3703 4227 tempora
3731 4152 3860 4211 Gro-

2262 4251 2445 4319 gorius
2472 4249 2713 4319 Magnus,
2745 4246 2993 4318 Pelagius
3013 4257 3069 4303 et
3095 4247 3185 4302 alii
3210 4262 3352 4318 saepe
3383 4249 3562 4305 testati
3592 4246 3760 4318 sunt),
3793 4263 3857 4305 ea

2265 4341 2535 4397 interdum
2565 4342 2814 4396 libertate
2838 4356 2966 4398 usus
2989 4350 3069 4396 est
3099 4356 3261 4411 quam
3285 4356 3449 4397 causa
3478 4341 3817 4396 concedebat
3842 4360 3856 4394 :

554 4443 608 4498 in
636 4450 888 4512 promptu
911 4442 981 4495 sit
1010 4456 1117 4511 quo
1144 4443 1211 4495 de
1241 4440 1323 4494 his
1340 4439 1602 4508 judicium
1633 4441 1845 4493 lirmum
1876 4448 2162 4511 ratumque
2265 4452 2481 4508 semper
2507 4435 2745 4505 alioquin
2772 4435 2841 4490 ad
2868 4430 3223 4502 defendenda,
3265 4444 3325 4491 ut
3363 4452 3460 4507 par
3487 4445 3625 4502 erat,
3652 4446 3711 4491 et
3733 4452 3859 4507 pro-

555 4532 696 4585 ferre
717 4538 939 4601 queant,
966 4530 1094 4583 illud
1121 4535 1330 4584 certum
1354 4537 1518 4599 atque
1533 4527 1877 4598 exploratum
1898 4544 2018 4584 cum
2039 4531 2156 4586 viro
2186 4546 2240 4608 ι)
2264 4528 2440 4584 banda
2478 4525 2723 4598 Capitula
2768 4528 3105 4599 propensior.
3150 4527 3286 4583 Nam
3327 4536 3384 4584 et
3418 4528 3706 4599 principio,
3734 4544 3858 4584 cum

555 4621 793 4676 maximo
821 4620 1193 4677 existimamus
1251 4618 1351 4690 (li).
1389 4638 1407 4672 ι
1442 4617 1597 4686 Quod
1645 4619 1748 4674 etsi
1792 4619 2006 4677 demum
2033 4632 2154 4693 post

556 4713 779 4768 obortas
832 4711 1092 4783 plurimas
1141 4710 1541 4766 controversias
1588 4709 1957 4780 immensaque
2003 4722 2156 4783 parta

557 4801 797 4868 dissidia,
830 4801 1092 4857 catholica
1121 4798 1359 4855 Ecclesia
1389 4800 1710 4855 sententiam
1737 4799 2023 4857 Justiniani
2053 4804 2157 4859 im-

558 4897 824 4971 peratoris
851 4904 1041 4953 contra
1086 4897 1187 4951 tria
1217 4895 1465 4966 Capitula
1494 4895 1563 4951 sit
1580 4903 1798 4962 secuta,
1830 4902 2014 4950 tamen
2044 4894 2160 4967 ipso

558 4990 784 5048 exordio
808 4990 1101 5064 propositae
1132 4988 1475 5060 quarstionis,
1498 4989 1616 5045 'imo
1646 4996 1867 5044 asserta:
1896 4990 1963 5045 ab
1992 4989 2162 5060 impe-

557 5092 741 5142 ratore
784 5080 1094 5149 sententia),
1145 5089 1333 5136 contra
1380 5079 1572 5136 eadem
1603 5079 1705 5135 tria
1734 5079 1977 5153 Capitula
2007 5095 2158 5139 com-

653 5324 703 5405 ᾳ)
735 5326 932 5405 itarem.
956 5323 1028 5405 ad
1053 5337 1179 5405 ann.
1212 5318 1339 5405 54.7,
1376 5319 1558 5405 §§I§_t,
1590 5317 1680 5387 '55,
1705 5318 2025 5405 etseqq.

653 5329 703 5397 α)
735 5329 932 5382 Baron.
956 5329 1025 5381 ad
1053 5337 1179 5377 ann.
1212 5329 1339 5386 547,
1376 5329 1440 5393 §§
1469 5329 1558 5383 at,
1590 5329 1680 5387 55,
1705 5329 1764 5373 at
1796 5329 1851 5374 et
1870 5334 2025 5391 seqq.

626 5329 707 5480 ξι»)
739 5397 965 5453 Daeher.
994 5394 1251 5465 Spieileg.
1276 5400 1410 5447 tom.
1448 5388 1532 5455 ιιι,
1570 5405 1691 5461 pag.
1715 5390 1818 5445 307
1842 5406 1996 5461 seqq.
2021 5402 2151 5446 nov.

560 5469 705 5682 ξιξ)
732 5536 855 5593 Nat.
912 5536 1066 5591 Alex.
1095 5534 1231 5589 llist.
1278 5532 1413 5588 eccl.
1444 5547 1568 5587 srec.
1602 5547 1673 5595 vi,
1703 5529 1917 5602 οθροιν
1962 5538 2066 5586 πί·
2100 5531 2155 5597 ⁷’

630 5678 711 5745 (d)
744 5675 1032 5746 Baronaad
1062 5691 1187 5731 ann.
1229 5673 1351 5740 5-H,
1385 5674 1448 5746 ἐξ
1480 5671 1546 5725 56
1571 5680 1626 5746 et
1653 5687 1806 5741 seqq.

634 5741 704 5821 (ε)
731 5746 911 5821 _Noris.
946 5744 1165 5821 Dissert.
1199 5746 1320 5799 hist.
1356 5741 1637 5815 d'e'syuod.
1678 5758 1731 5811 v,
1764 5758 1884 5813 cap.
1930 5741 1984 5809 4,
2012 5741 2155 5815 Opp.

525 5813 698 5887 ._tom.
731 5817 772 5885 ι,
804 5828 959 5887 pagg.
995 5813 1095 5870 594
1130 5824 1187 5871 et
1213 5831 1363 5885 seqq.

2263 4622 2389 4678 mali
2414 4620 2563 4677 labes
2580 4632 2696 4676 orta
2717 4629 2800 4677 est
2813 4620 3304 4692 Constantinopoli,
3320 4635 3508 4677 eorum
3524 4620 3860 4679 damnationi

2263 4712 2637 4785 vehementius
2656 4712 2893 4779 obstitit;
2919 4722 2974 4768 et
3000 4727 3309 4784 quanquam
3338 4712 3645 4767 ludicatum
3669 4721 3860 4783 postea

2269 4808 2322 4861 in
2353 4822 2538 4863 eorum
2565 4806 3071 4862 condemnationem
3098 4805 3340 4875 protulit,
3373 4813 3432 4861 ut
3461 4806 3744 4869 schismati
3770 4820 3861 4862 oc-

2268 4908 2509 4957 curreret
2553 4900 2935 4972 publicamque
2998 4899 3343 4954 eoneordiam
3410 4899 3695 4954 sententiae
3752 4914 3860 4954 suae

2263 4992 2471 5064 jactura
2512 4992 2801 5048 redimeret
2830 5009 2844 5043 :
2880 5000 3057 5045 tamen
3084 4990 3177 5045 ubi
3217 4990 3376 5046 aliter
3411 4991 3659 5046 evenisse
3697 5004 3859 5058 quam

2268 5085 2549 5157 sperabat,
2582 5092 2743 5153 atque
2771 5082 2873 5137 hac
2915 5081 3032 5154 ejus
3057 5080 3431 5138 moderatione
3468 5079 3670 5135 turbari
3697 5077 3860 5150 Capi-

2333 5325 2407 5397 (f)
2424 5324 2619 5399 _h_l_area
2640 5323 2864 5399 Dis-seu.
2891 5321 2959 5399 de
2978 5322 3150 5399 Epist.
3169 5324 3415 5399 Yigilii,g§
3441 5324 3527 5392 17,
3548 5325 3603 5381 in
3622 5322 3813 5382 Concil
3834 5367 3857 5395 ,

2257 5393 2395 5450 torri.
2423 5396 2511 5468 Ἦ,
2536 5410 2657 5468 pag.
2687 5393 2812 5468 254,
2845 5394 2975 5449 edit.
3004 5393 3411 5468 VentLabel:

2278 5486 2281 5491 ί
2331 5462 2663 5539 (g)Gar'ner.
2700 5465 2919 5519 Dissei't.
2972 5465 3037 5518 ad
3087 5463 3322 5522 Liberat.
3374 5466 3614 5525 Breviar.
3644 5480 3768 5539 cap.
3805 5462 3861 5535 5,

2266 5536 2294 5610 §
2330 5539 2376 5600 ι,
2407 5552 2527 5610 pag.
2559 5536 2682 5601 2’29,
2715 5536 2841 5610 edit.
2874 5533 3044 5610 Paris.

2336 5552 2376 5600 I,
2407 5552 2527 5607 pag.
2559 5552 2682 5601 κεν,
2715 5552 2841 5628 emt.
2875 5552 3044 5589 raris.
3080 5552 3226 5589 10w.

2336 5610 2411 5679 (In
2440 5608 2636 5679 Barou.
2671 5606 2738 5659 ad
2764 5603 3046 5679 ann._54_(i,
3068 5605 3226 5679 A5218.

2339 5674 2401 5746 (ἱ)
2434 5678 2534 5738 ld.,
2561 5676 2629 5731 ad
2657 5692 2784 5748 ann.
2818 5674 2941 5743 5W,
2972 5676 3035 5748 §§
3061 5674 3253 5748 28—50.

2335 5749 2400 5821 (j)
2431 5746 2700 5805 Sirmonl.
2736 5748 2942 5817 praefat.
2976 5746 3043 5803 at]
3084 5747 3320 5804 Facund,
