4060 6364
309 287 431 348 Ήὲὅ

1571 292 1796 350 ΝΟΤΙΤΙ
1813 296 1841 349 ς
1884 293 1979 351 EX
2016 295 2408 360 GALLANDIO

3523 302 3628 359 526

321 405 562 464 tutorum
583 402 916 473 defensores,
946 404 1095 463 abuti
1132 404 1475 463 adversarios
1501 408 1914 475 animadvertit;
1949 414 1997 473 Α
2023 411 2183 469 nimis
2213 413 2478 483 prolixam
2523 428 2631 469 non
2660 422 2743 471 est
2767 413 2927 487 hujus
2964 415 3071 471 loci
3102 413 3341 485 referre;
3368 414 3440 473 ad
3467 432 3631 489 quem

322 507 443 556 tum
486 512 777 569 suppresso
821 495 1069 553 Judicato
1102 496 1172 551 ad
1217 498 1497 567 pristinam
1549 499 1919 558 defensionem

322 602 463 648 mox
482 589 642 645 rediit
666 590 720 645 in
744 604 919 661 eaque
939 588 1201 644 constitit.
1218 585 1463 659 Cumque
1485 590 1540 649 id
1567 591 1653 660 agi
1675 591 1920 657 sentiret,

323 690 386 737 ut
414 697 514 753 per
551 682 660 737 vim
689 689 1105 751 extorqueretur
1149 682 1218 737 ab
1274 682 1457 739 invitis
1505 684 1922 754 condemnatio,

322 772 871 843 suspectam’habens
887 772 1162 843 synodum
1192 770 1503 830 Graacorum
1536 775 1800 831 interesse
1829 793 1927 831 no-

328 860 466 931 luit;
493 873 549 920 ct
575 880 726 921 suam
753 864 820 920 de
846 863 1109 936 Capitulis
1132 880 1240 921 non
1262 865 1580 923 damnandis
1605 868 1926 924 sententiam

329 958 478 1014 edito
500 957 795 1012 constituto
831 956 1067 1026 graviter
1094 957 1374 1027 exposuit;
1411 958 1618 1031 synodo
1649 958 1884 1031 denique
1906 1002 1922 1026 ,

331 1063 458 1103 cum
484 1046 732 1118 Capitula
760 1047 1086 1115 damnasset,
1110 1063 1178 1103 ne
1206 1049 1513 1118 provincias
1540 1066 1659 1121 qua:
1686 1051 1929 1121 plurima:

329 1139 735 1203 reclamabant,
768 1138 961 1194 iterum
1004 1137 1336 1208 oll'enderet,
1381 1156 1659 1196 assensum
1689 1143 1923 1211 negavit.

236 1280 249 1287 -
329 1230 411 1286 Ex
442 1230 637 1303 quibus
662 1242 887 1302 apparet
913 1232 1111 1287 nullam
1133 1232 1196 1288 in
1244 1234 1345 1289 bac
1371 1234 1548 1303 Vigilii
1579 1236 1927 1291 consiliorum

329 1322 597 1377 varietate
633 1322 1049 1378 inconstantiam
1080 1323 1267 1393 fuisse,
1298 1326 1442 1397 quod
1476 1327 1647 1381 visum
1674 1335 1760 1384 est
1788 1344 1927 1383 non-

330 1414 521 1481 nullis;
552 1414 647 1471 sed
683 1423 879 1469 statam
907 1417 1087 1486 potius
1130 1416 1399 1488 lixamque
1428 1419 1481 1473 in
1511 1419 1707 1475 tuenda
1748 1417 1931 1475 Eccle-

329 1506 445 1569 siae,
477 1520 639 1575 quam
663 1507 904 1576 regebat,
937 1522 1072 1577 pace
1115 1510 1513 1581 concordiaque
1540 1512 1926 1567 constantiam.

330 1597 499 1668 Cujus
527 1598 695 1669 ipsius
738 1599 887 1669 pacis
933 1599 1113 1655 studio
1165 1600 1343 1671 Vigilii
1388 1617 1764 1672 successores,
1805 1618 1931 1658 eum

330 1702 538 1759 paucos
571 1689 685 1760 jam
722 1699 912 1745 contra
952 1691 1053 1745 niti
1083 1690 1329 1748 viderent
1367 1702 1427 1749 ut
1460 1709 1566 1748 una
1607 1694 1851 1753 omnium
1874 1695 1930 1751 in

2032 502 2258 573 proinde
2314 502 2549 560 lectores
2597 508 2920 563 remittimus
2973 507 3092 580 (e).
3164 507 3460 578 Benignum
3503 508 3633 565 item

2030 596 2383 667 interpretem
2426 595 2631 667 ﬂagitat
2687 600 2826 656 alius
2877 600 3117 657 Facundi
3164 599 3345 665 locus,
3414 601 3469 656 in
3522 615 3632 672 quo

2028 703 2242 743 comma
2273 686 2307 741 8
2330 688 2523 759 capitis
2552 706 2583 744 v
2608 688 2863 763 Epistolas
2904 691 2926 747 l
2956 691 3014 747 S.
3046 691 3268 749 Joannis
3296 703 3635 749 commenta-

2032 787 2122 833 tur
2150 779 2249 850 (f).
2278 776 2453 845 Quem
2481 780 2699 849 quidem
2740 782 2920 838 locum
2951 784 3139 853 paucis
3168 783 3482 854 perstringit
3508 798 3634 838 eru-

2032 870 2175 926 ditus
2205 870 2401 927 Millius
2430 872 2507 943 (g)
2540 889 2554 925 :
2586 872 2827 945 pluribus
2854 890 2985 931 vero
3015 876 3263 934 edisserit
3292 876 3485 933 doctus
3511 876 3634 933 Ber-

2033 961 2233 1021 nardus
2274 965 2341 1021 de
2364 964 2569 1021 Rubeis
2600 966 2702 1039 (Ιι).
2734 966 2815 1022 Ad
2843 967 2959 1024 hmo
3002 970 3246 1039 quisquis
3293 969 3519 1042 hujusce
3546 986 3635 1026 au-

2032 1054 2200 1109 ctoris
2229 1054 2395 1110 libros
2428 1054 2711 1111 duodecim
2742 1056 2923 1127 (mitto
2964 1060 3109 1115 enim
3130 1061 3339 1131 reliqua
3365 1062 3472 1118 duo
3515 1062 3634 1132 ejus

2032 1148 2291 1217 opuscula
2318 1165 2438 1219 qua:
2470 1148 2636 1206 libros
2664 1150 2785 1207 illos
2812 1153 3113 1227 excipiunt)
3144 1162 3348 1213 attente
3384 1156 3633 1229 perlege-

2032 1238 2120 1303 rit,
2154 1238 2415 1295 nonnulla
2461 1238 2601 1296 forte
2629 1244 2930 1314 eomperiet
2975 1244 3195 1311 alicubi,
3224 1260 3345 1316 qua:
3369 1247 3473 1302 sibi
3515 1262 3635 1302 mo-

2034 1327 2151 1388 ram
2179 1333 2433 1402 inferant,
2482 1351 2711 1408 quicque
2757 1338 2953 1393 seriam
2972 1338 3255 1409 postulent
3296 1339 3636 1395 animadver-

2033 1428 2262 1483 sionem.
2295 1428 2494 1484 Verum
2543 1422 2847 1502 cuicunque
2904 1431 2958 1487 id
3013 1431 3285 1488 interdum
3334 1433 3615 1501 contingat

2034 1521 2345 1577 meminerit
2373 1521 2485 1592 ille,
2514 1522 2696 1593 lapsos
2722 1524 3000 1579 enimvero
3041 1524 3331 1595 aliquando
3354 1524 3440 1580 vel
3482 1526 3631 1596 opti-

2032 1629 2154 1671 mos
2180 1622 2424 1671 vetustos
2451 1616 2765 1687 scriptores,
2809 1624 2972 1686 atque
2999 1616 3054 1671 in
3094 1615 3419 1687 quihusdam
3457 1617 3608 1689 cespi

2030 1713 2180 1761 tasse
2208 1722 2223 1761 :
2255 1721 2376 1777 qua:
2404 1717 2604 1775 tamen,
2650 1716 2713 1763 ut
2738 1709 2988 1778 equidem
3034 1723 3253 1776 censeo,
3302 1709 3436 1766 satis
3471 1708 3635 1766 fuerit

333 1780 576 1836 Ecclesia
607 1797 759 1838 mens
798 1791 855 1837 et
881 1798 984 1838 vox
1015 1791 1185 1852 esset,
1218 1793 1565 1842 assenserunt
1592 1794 1649 1841 et
1677 1787 1777 1857 ipsi
1807 1795 1928 1845 tan-
1957 1805 2003 1865 Β
2034 1797 2165 1870 ipsis
2204 1798 2537 1870 condam“,
2567 1815 2731 1870 quam
2762 1800 2892 1857 νίιίο
2929 1808 3160 1857 venere.
3193 1799 3285 1857 Sic
3306 1800 3459 1858 enim
3488 1817 3631 1865 sum,

332 1873 486 1939 dem,
518 1881 574 1928 et
611 1873 815 1945 synodo
852 1875 1072 1930 incerta:
1104 1875 1172 1931 ad
1209 1876 1262 1931 id
1298 1885 1513 1949 tempus
1553 1879 1927 1945 auctoritatis,

332 1967 548 2023 concilii
576 1968 841 2038 generalis
882 1969 990 2023 vim
1019 1984 1336 2041 nomenque
1380 1970 1797 2033 confirmatione
1834 1988 1929 2029 sua

334 2059 697 2129 prmhuerunt.
738 2078 757 2112 ι
792 2058 908 2115 Huc
934 2075 1105 2129 usque
1131 2061 1215 2115 vir
1241 2061 1605 2118 doctissimus.

410 2147 495 2202 Vl.
536 2148 704 2205 Porro
731 2148 1002 2219 quodnam
1030 2152 1100 2207 sit
1138 2150 1440 2220 hujusmodi
1482 2151 1719 2210 Facundi
1748 2157 1931 2227 operis

331 2242 585 2313 pretium,
608 2241 770 2297 modo
794 2241 1372 2299 laudatusSirmondus
1390 2244 1672 2316 statuit(a)
1708 2265 1727 2298 ι
1751 2261 1821 2302 ex
1843 2257 1930 2302 at-

332 2340 481 2389 tenta
506 2331 622 2401 ejus
650 2332 881 2388 lectione
925 2346 1219 2402 agnoscere
1245 2347 1515 2403 quemque
1546 2334 1721 2389 virum
1749 2336 1934 2391 erudi-

335 2432 453 2478 tum
511 2423 712 2479 habere
764 2423 910 2479 hunc
959 2431 1241 2479 auctorem
1313 2422 1515 2478 affatim
1572 2425 1716 2480 unde
1759 2427 1934 2497 possit

333 2529 517 2573 rerum
544 2532 681 2588 quas
708 2524 905 2572 tractat
948 2515 1201 2583 utilitate,
1252 2518 1431 2588 cepia,
1479 2517 1765 2586 varietate,
1814 2519 1933 2574 ani-

333 2625 482 2664 mum
528 2610 877 2681 studiumque
928 2625 1083 2665 suum
1128 2625 1238 2666 non
1292 2610 1563 2665 immerito
1609 2611 1865 2668 retinere.
1905 2630 1924 2664 ι

334 2702 603 2758 Nonnulla
632 2710 812 2757 tamen
856 2702 1163 2759 duriuscula
1190 2704 1244 2759 in
1284 2702 1433 2759 hisce
1478 2703 1630 2760 libris
1663 2704 1931 2760 interdum

335 2803 649 2863 occurrunt,
674 2810 794 2867 qua:
822 2796 1085 2850 intentum
1114 2795 1373 2851 lectorem
1403 2795 1703 2864 requirunt.
1734 2793 1929 2865 Cujus-

336 2884 483 2940 modi
512 2895 594 2941 est
623 2886 773 2942 locus
802 2886 893 2942 ille
923 2887 1145 2955 insignis
1168 2886 1235 2942 de
1258 2902 1413 2943 sacra
1445 2885 1809 2953 Eucharistia,
1839 2887 1928 2942 ubi

340 2977 416 3031 ait
440 2975 512 3047 (ὑ)
542 2995 556 3030 :
590 2975 988 3033 Sacramenlum
1030 2978 1261 3048 corporis
1308 2985 1357 3031 et
1404 2977 1671 3049 sanguinis
1714 2976 1928 3046 Christi,

335 3070 471 3140 quod
490 3077 565 3123 cst
584 3070 640 3122 in
670 3086 805 3140 pane
847 3077 895 3122 et
930 3068 1114 3140 poculo
1154 3077 1473 3133 consecrato,
1516 3083 1701 3138 corpus
1740 3066 1853 3138 ejus
1882 3073 1932 3121 et

2037 1897 2098 1945 ut

2162 2004 2316 2067 ...Uhi
2337 2003 2475 2067 plura
2496 2006 2653 2055 nitent
2674 2008 2723 2055 in
2747 2007 2983 2067 carmine,
3005 2018 3102 2055 non
3122 2017 3218 2066 ego
3242 2006 3407 2067 paucis

2156 2066 2393 2117 (lﬂ‘endar
2417 2068 2638 2127 maculis,
2658 2082 2782 2130 quas
2805 2076 2888 2117 aut
2914 2066 3095 2130 incuria
3122 2066 3262 2128 fudit,

2158 2130 2257 2181 Aut
2279 2130 2484 2179 humana
2511 2128 2686 2193 parum
2700 2132 2823 2180 cavit
2848 2137 3020 2179 natura
3038 2128 3126 2192 (ἱ).

2106 2241 2220 2298 Vll.
2256 2239 2377 2296 lam
2400 2249 2653 2313 superest
2694 2250 2755 2299 ut
2795 2240 2863 2299 de
2891 2258 3023 2299 cura
3060 2251 3246 2299 nostra
3296 2242 3350 2297 in
3392 2243 3495 2299 hac
3530 2243 3631 2298 Fa-

2024 2333 2194 2390 cundi
2222 2333 2461 2390 editione
2489 2332 2755 2405 paranda,
2788 2334 2975 2407 paucis
3015 2350 3086 2392 ex
3113 2350 3267 2392 more
3296 2349 3536 2406 agamus.
3566 2334 3634 2395 Et

2029 2429 2266 2509 primum
2297 2429 2515 2499 quidem
2542 2428 2816 2485 Sirmondi
2841 2428 3046 2486 ἔκδοσιν
3075 2428 3249 2489 secuti
3276 2444 3481 2495 sumus,
3510 2443 3637 2499 qua

2033 2520 2177 2575 inter
2205 2519 2323 2589 ejus
2351 2534 2517 2591 opera
2552 2519 2703 2575 varia
2755 2534 2788 2576 e
2833 2520 3192 2593 typographia
3222 2520 3369 2590 regia
3415 2518 3634 2579 Parisiis

2034 2609 2234 2681 prodiit
2263 2626 2407 2667 anno
2454 2608 2610 2678 1696,
2660 2610 2840 2669 studio
2885 2610 2954 2667 el.
3003 2609 3195 2667 Baunii
3239 2611 3497 2683 expolita.
3530 2610 3634 2669 Vc-

2034 2709 2159 2756 neta
2189 2701 2333 2757 enim
2354 2716 2471 2773 qua:
2501 2702 2647 2757 illam
2689 2702 2933 2759 insecuta
2960 2710 3043 2759 est
3060 2717 3204 2759 anno
3234 2702 3395 2774 1729,
3424 2702 3635 2762 mendis

2033 2793 2176 2849 haud
2222 2795 2409 2865 paucis
2451 2803 2748 2851 scatentem
2793 2796 3059 2853 novimus.
3114 2796 3380 2853 Caeterum
3428 2812 3496 2853 ex
3534 2798 3635 2853 hac

2026 2886 2319 2956 posteriori
2347 2886 2586 2943 editione
2612 2889 2756 2943 notis
2783 2886 3179 2944 Sirmondianis
3205 2888 3479 2945 variantes
3510 2890 3632 2946 sub-

2026 2976 2278 3046 jecimus,
2310 2991 2445 3047 quas
2480 2977 2724 3048 diligenti
2759 2978 3056 3034 collatione
3080 2978 3327 3034 instituta
3348 2994 3473 3034 cum
3501 2996 3631 3052 pm:-

2031 3071 2197 3128 stanti
2222 3086 2322 3125 ms.
2351 3069 2541 3126 codice
2565 3069 2882 3141 amplissimi
2905 3069 3126 3142 capituli
3138 3070 3470 3126 Veronensis
3486 3072 3630 3126 eruit

336 3162 637 3232 sanguinem
663 3162 921 3216 dicimus:
964 3177 1069 3217 non
1096 3161 1232 3234 quod
1258 3160 1467 3233 proprie
1503 3177 1689 3232 corpus
1723 3161 1837 3232 ejus
1863 3163 1931 3215 sit
1956 3191 2002 3253 ρ
2032 3159 2681 3253 JosepbBlancbinusAV.
2711 3158 2798 3230 C.,
2828 3160 3024 3232 quibus
3049 3160 3271 3253 quidem
3298 3160 3625 3217 lectionibus

338 3256 510 3324 panis,
554 3262 604 3307 et
628 3253 867 3324 poculum
892 3254 1138 3325 sanguis;
1185 3253 1276 3307 sed
1302 3253 1439 3325 quod
1467 3253 1520 3306 in
1550 3270 1607 3307 se
1633 3253 1932 3325 mysterium
1975 3251 1995 3253 ⁷
2036 3252 2275 3309 Facundi
2327 3260 2505 3308 textus
2551 3251 2883 3320 illustratur,
2931 3251 3281 3319 emendatur,
3330 3254 3633 3324 suppletur.

338 3345 568 3413 corporis
595 3344 705 3414 ejus
733 3346 1101 3416 sanguinisque
1120 3345 1400 3408 contineat,
1426 3352 1534 3398 etc.
1562 3341 1692 3410 Quae
1715 3343 1933 3413 quidem

339 3435 573 3492 Facundi
603 3438 767 3492 verba
798 3437 921 3493 licet
960 3436 1131 3492 solide
1159 3436 1292 3491 satis
1328 3437 1641 3507 exposuerit
1682 3435 1933 3493 Sirmon-

338 3528 456 3595 dus,
488 3544 551 3583 ea
596 3536 777 3584 tamen
826 3529 979 3585 avide
1022 3529 1364 3600 arripuerunt
1396 3529 1713 3584 heterodoxi
1766 3529 1937 3587 homi-

338 3637 453 3685 nes,
487 3637 689 3692 eosque
716 3624 858 3679 inter
881 3620 1090 3679 Caveus
1121 3622 1217 3695 (ε),
1246 3632 1306 3679 ut
1342 3624 1480 3679 alios
1524 3633 1930 3693 praetereamus,

327 3714 530 3783 quibus
548 3714 649 3769 sibi
678 3714 903 3784 aliisque
929 3716 1219 3771 suaderent
1244 3731 1354 3772 sua:
1381 3714 1601 3772 demum
1630 3730 1809 3771 causa:
1835 3730 1934 3787 pa-

330 3813 554 3859 tronum
580 3806 851 3862 exstitisse
894 3806 1021 3861 olim
1060 3805 1507 3864 Hermianensem
1540 3808 1687 3863 illum
1717 3807 1932 3878 episco-

330 3906 486 3964 pum,
518 3895 629 3965 qui,
661 3896 707 3950 si
753 3896 854 3950 diis
881 3896 1076 3966 placet,
1111 3897 1263 3967 panis
1309 3913 1374 3952 ac
1414 3898 1525 3952 viui
1575 3897 1934 3953 substantiam

340 3984 395 4040 in
416 3981 611 4040 Christi
640 4001 839 4057 corpus
862 3996 917 4042 et
943 3989 1259 4057 sanguinem
1286 3988 1658 4054 transmutari,
1691 3987 1818 4042 dum
1841 4001 1934 4042 sa-

331 4092 490 4131 crum
533 4077 715 4132 altaris
744 4079 1056 4150 mysterium
1086 4078 1380 4149 peragitur,
1434 4079 1575 4134 baud
1620 4078 1932 4134 crediderit.

337 4168 423 4223 Ad
442 4168 543 4224 bos
569 4183 851 4239 segregum
879 4170 1198 4226 vanissimos
1218 4171 1437 4241 plausus
1458 4168 1821 4226 exsulilandos
1848 4184 1935 4223 sa-

343 4260 411 4315 tis
427 4259 618 4316 babuit
645 4259 943 4317 Dacherius
966 4277 1034 4316 ex
1058 4260 1298 4331 ejusdem
1321 4260 1558 4317 Facundi
1604 4258 1843 4331 Epistola
1866 4261 1938 4330 ﬁ-

332 4352 429 4407 dei
452 4352 720 4408 catholica
745 4354 804 4408 iis
824 4353 1129 4425 defensioue
1166 4355 1324 4407 (riunt
1359 4352 1736 4425 Capitulorum,
1772 4365 1936 4421 quam

336 4444 547 4515 primus
574 4444 761 4510 edidit,
806 4445 1056 4501 evincere
1084 4443 1161 4517 (Δ)
1210 4444 1415 4499 nullam
1447 4458 1565 4499 esse
1596 4442 1647 4497 in
1693 4441 1934 4496 Ecclesia

2035 3343 2250 3400 Codieis
2277 3344 2594 3414 dignitatem
2623 3344 2694 3400 ob
2723 3343 2912 3400 oculos
2942 3343 3164 3399 exhibet
3200 3343 3423 3400 illustris
3451 3344 3633 3417 Scipio

2035 3435 2277 3493 Malleius
2299 3438 2387 3510 (j).
2434 3438 2701 3493 Prmterea
2729 3436 2932 3493 laudati
2954 3437 3157 3492 codicis
3182 3436 3510 3493 Veronensis
3535 3454 3634 3495 no-

2037 3528 2106 3583 tis
2133 3528 2422 3583 nonnullas
2462 3526 2954 3583 animadversiones
3000 3526 3353 3593 subdidimus,
3403 3542 3539 3599 quas
3565 3543 3631 3584 ex

2035 3620 2183 3675 varia
2214 3635 2439 3691 operum
2469 3618 2537 3673 ab
2564 3618 2788 3675 eruditis
2814 3617 2946 3673 viris
2979 3616 3249 3674 editorum
3276 3618 3510 3675 lectione
3536 3635 3633 3674 no-

2035 3708 2118 3765 bis
2144 3708 2609 3780 comparavimus;
2641 3707 2836 3779 quibus
2859 3723 3020 3764 unam
3055 3716 3109 3763 et
3133 3708 3361 3763 alteram
3385 3723 3505 3779 qua:
3534 3724 3634 3765 nos

2035 3802 2425 3874 prmierierant,
2456 3800 2544 3856 hic
2572 3799 2771 3855 addere
2813 3799 3009 3870 placet.
3058 3795 3239 3854 Primo
3286 3799 3471 3870 itaque
3520 3800 3634 3870 jam

2035 3896 2125 3951 diu
2168 3896 2483 3951 observarat
2530 3891 2772 3946 Baunius
2811 3891 2886 3963 (lt)
2920 3905 3039 3962 qum
3082 3890 3332 3959 leguntur
3360 3890 3503 3962 apud
3533 3891 3633 3946 Fa-

2036 3987 2297 4055 cundum,
2328 3987 2418 4042 lib.
2446 4001 2484 4041 ιι
2514 4001 2633 4057 cap.
2663 3985 2698 4039 6
2729 3982 2888 4055 (infra
2916 3982 3027 4039 col.
3056 3981 3207 4053 578),
3238 3983 3307 4039 ab
3334 3984 3416 4039 his
3435 3984 3632 4049 verbis,

2036 4099 2214 4135 rursus
2237 4095 2480 4151 agnosce,
2515 4077 2763 4149 Auguste,
2794 4091 2964 4147 usque
2990 4076 3059 4130 ad
3084 4083 3360 4146 postrema
3384 4076 3518 4143 hmo,
3550 4080 3633 4145 qui

2036 4173 2240 4228 veritati
2286 4170 2515 4229 audeant
2568 4168 2838 4232 resultare,
2890 4182 2954 4223 ea
3008 4183 3117 4222 non
3164 4181 3304 4232 esse,
3338 4169 3415 4222 uti
3466 4168 3634 4231 videri

2036 4271 2280 4335 possent,
2324 4261 2492 4332 ipsius
2546 4258 2803 4325 Facundi,
2864 4256 3225 4314 Justinianum
3271 4259 3407 4327 Aug.
3458 4258 3637 4315 verbis

2036 4356 2148 4411 suis
2175 4352 2518 4423 alloquentis,
2549 4351 2644 4407 sed
2687 4349 2973 4422 desumpta
2993 4365 3061 4405 ex
3087 4350 3262 4405 sancti
3290 4348 3490 4406 Leonis
3517 4352 3631 4421 epi-

2038 4446 2177 4502 stola
2204 4444 2271 4500 ad
2302 4444 2539 4501 Leonem
2570 4443 2706 4513 Aug.
2750 4441 2790 4513 (ι
2799 4452 2835 4510 ).
2890 4442 3067 4511 Atque
3098 4441 3224 4499 hinc
3271 4457 3438 4514 porro
3466 4444 3636 4499 corri-

342 4536 509 4607 ipsius
535 4536 938 4605 auctoritatem,
988 4552 1113 4593 cum
1159 4552 1192 4591 a
1243 4535 1510 4592 catholica
1550 4534 1937 4591 communione
1964 4567 2013 4628 Β
2039 4526 2272 4609 gendum
2295 4542 2402 4600 est,
2432 4533 2577 4605 quod
2623 4534 2677 4589 in
2708 4533 2800 4588 illo
2826 4541 3106 4605 segmento
3142 4532 3343 4603 legitur
3369 4535 3511 4606 apud
3541 4535 3635 4590 Fa~

341 4628 630 4684 desciverit
655 4636 818 4697 atque
857 4629 912 4684 in
936 4629 1229 4685 schismate
1267 4629 1336 4686 ad
1376 4628 1582 4684 obitum
1612 4643 1783 4698 usque
1811 4642 1937 4698 per-
1964 4624 1999 4628 ⁷
2038 4628 2295 4693 cundum,
2325 4627 2447 4699 quia
2467 4627 2610 4697 prius
2651 4624 2929 4697 legitimus,
2959 4635 3101 4691 etc.;
3132 4641 3259 4681 nam
3301 4627 3445 4682 haud
3472 4627 3637 4684 dubie

340 4722 637 4775 manserit:
696 4736 803 4791 quo
860 4728 1147 4791 propterea
1191 4720 1329 4776 duce
1381 4721 1615 4776 inaniter
1641 4720 1940 4789 glorientur

344 4808 601 4865 haeretici.
634 4810 834 4867 Verum
874 4811 977 4868 hoc
1015 4820 1099 4867 est
1126 4811 1343 4868 demum
1379 4812 1581 4869 nodum
1610 4827 1740 4869 ense
1770 4826 1940 4882 expe-

347 4899 482 4964 dire,
512 4914 620 4954 non
648 4901 875 4957 solvere.
909 4902 980 4957 At
1026 4902 1177 4977 illum
1220 4902 1397 4970 solvit,
1431 4910 1488 4958 et
1534 4918 1698 4957 manu
1721 4902 1940 4971 quidem

344 4990 529 5059 docta,
558 4989 759 5048 Natalis
785 4994 1106 5065 Alexander,
1156 4996 1309 5067 cujus
1354 4996 1706 5068 expositionis
1743 4997 1942 5052 seriem

412 5242 493 5382 fa)
531 5242 803 5299 Sirmond.
835 5244 1041 5314 pratfat.
1075 5246 1142 5299 ad
1172 5242 1437 5311 Facimd.,
1466 5243 1565 5299 sub
1594 5240 1711 5297 init.

432 5312 490 5382 ό)
530 5313 769 5382 Facund.
790 5314 882 5370 lib.
905 5331 979 5378 ις,
1005 5328 1128 5382 cap.
1157 5313 1210 5379 5,
1242 5322 1363 5382 post
1386 5315 1528 5368 med.

432 5312 469 5381 1»
530 5313 769 5370 Facund.
790 5312 882 5370 lib.
905 5331 979 5378 ις,
1005 5328 1128 5384 cap.
1157 5313 1210 5379 5,
1242 5322 1363 5385 post
1386 5315 1528 5368 med.

527 5381 659 5440 Cav.
691 5381 828 5440 Hist.
869 5387 1035 5468 litter.
1069 5394 1198 5440 tom.
1222 5383 1264 5445 Ι,
1286 5398 1415 5508 (pag.
1449 5382 1571 5437 520.

480 5461 493 5508 l
532 5452 762 5508 Dacber.
791 5455 1045 5508 Snieileu.
1078 5464 1210 5508 tom.
1239 5454 1283 5508 ll
1313 5495 1328 5508 .
1378 5468 1500 5508 nam.
1547 5453 1571 5508 ὃ

439 5400 467 5437 c
527 5388 659 5440 Cav.
691 5388 828 5440 Hist.
869 5388 1035 5441 litter.
1069 5394 1198 5440 tom.
1222 5388 1264 5445 l.

412 5388 493 5525 Μ
532 5452 762 5536 Doctior.
791 5455 1045 5527 Spicileg.
1078 5464 1210 5512 tom.
1239 5401 1328 5521 Ill:

342 5525 703 5665 fma?)
753 5595 908 5651 Alex.
957 5595 1092 5651 llist.
1126 5597 1282 5663 ecel.,
1324 5610 1449 5653 szec.
1483 5611 1553 5659 vr,
1583 5608 1705 5665 cap.
1737 5591 1788 5659 4,
1823 5603 1925 5648 art.

344 5663 763 5817 7,l§l'22i339}1n'd.
788 5737 881 5817 l_ib.
915 5755 950 5804 ι,
982 5753 1099 5817 cap:
1127 5738 1184 5817 ᾗ,
1217 5736 1349 5817 ῃ]ῆῇ
1381 5737 1487 5792 Col.
1518 5733 1641 5788 555.

523 5733 763 5816 Facund.
788 5737 881 5792 lib.
915 5755 950 5804 ι,
982 5753 1099 5808 cap.
1129 5738 1184 5817 ὃ,
1217 5736 1349 5793 infra
1381 5737 1487 5792 θυι.
1518 5733 1641 5788 555.

533 5803 662 5861 Mill.
694 5806 997 5879 Prolrgom.
1030 5808 1094 5865 ad
1126 5809 1185 5862 Ν.
1218 5808 1277 5862 'l‘.
1312 5808 1428 5875 Cra,
1465 5822 1608 5862 num.
1639 5802 1793 5859 l006.

1376 5468 1500 5527 pag.
1547 5452 1678 5521 507,
1728 5459 1844 5506 not.
1878 5467 1928 5517 a,

2036 4720 2252 4777 restitui
2278 4718 2461 4787 debet,
2492 4717 2612 4789 quia
2631 4725 2748 4789 post
2770 4717 3044 4789 legitimas,
3070 4726 3207 4790 etc.,
3236 4719 3376 4775 sicut
3414 4719 3469 4775 in
3498 4719 3637 4778 Leo-

2041 4814 2126 4868 nis
2148 4810 2373 4883 epistola
2414 4810 2627 4881 legitur,
2660 4818 2715 4864 et
2744 4809 2847 4866 loci
2884 4809 3150 4865 sententia
3195 4826 3416 4881 prorsus
3445 4812 3634 4881 exigit.

2041 4901 2197 4958 Hanc
2258 4911 2440 4961 autem
2494 4898 2927 4961 emendationem
2986 4915 3055 4956 ex
3102 4909 3405 4961 memorato
3448 4901 3635 4957 codice

2049 4992 2345 5049 Veronensi
2372 5006 2438 5047 eo
2468 4989 2572 5046 loci
2604 4989 2881 5047 Blanchini
2913 4993 3089 5048 studio
3112 4992 3425 5049 adnotatam
3462 4990 3635 5051 babe-

2109 5238 2192 5312 (lt)
2230 5239 2294 5296 Β.
2323 5238 2394 5312 de
2422 5238 2561 5312 Rub.
2611 5237 2832 5312 Dissert.
2866 5238 2933 5294 de
2977 5238 3103 5294 trib.
3154 5239 3208 5294 in
3257 5239 3380 5296 εωι.
3421 5236 3628 5301 Testib.

2039 5310 2198 5382 capp.
2234 5312 2264 5364 'l
2293 5321 2346 5366 et
2376 5311 2461 5375 l0,
2496 5327 2643 5365 num.
2675 5310 2729 5363 2.

2108 5375 2173 5451 ii.)
2215 5382 2404 5436 Horat.
2438 5382 2505 5435 de
2535 5382 2646 5434 Art.
2681 5388 2827 5449 poet.
2861 5394 3009 5451 versi.
3042 5375 3300 5451 5513355.

2111 5446 2176 5525 (ἱ)
2218 5451 2360 5507 Mati”.
2393 5450 2590 5520 Opusc.
2644 5446 2773 5505 ccci.
2809 5450 2875 5505 ad
2906 5450 3039 5507 calc.
3096 5446 3297 5505 Hister.
3345 5453 3512 5510 theol.
3559 5455 3632 5514 de

2037 5524 2210 5586 Grat.,
2242 5538 2363 5591 [333-
2396 5524 2481 5575 88·

2111 5598 2183 5675 (Ιέὶ)
2216 5595 2395 5675 βηιιιι.
2428 5589 2731 5675 praebitum]
2763 5598 2891 5675 tom.
2923 5589 2967 5675 Il
2993 5588 3132 5675 Opp.
3159 5590 3450 5675 Sirmond.,
3484 5594 3511 5667 ξ
3538 5596 3593 5650 4.

2111 5661 2173 5789 gl)
2214 5664 2382 5719 Leon.
2415 5664 2570 5732 epist.
2606 5661 2728 5726 155,
2783 5671 2913 5716 tom.
2946 5662 2963 5715 Ι
3013 5663 3144 5721 edit.
3175 5661 3212 5715 Ξ).
3237 5663 3460 5731 (‘uesn.,
3485 5661 3628 5737 'pag.

2048 5761 2070 5789 θ
2082 5737 2157 5790 Ην.
