4060 6364
476 282 547 335 5'2
552 281 581 332 7

1573 275 1872 336 FACUNDI
1908 277 2124 340 EPISC.
2165 272 2673 339 HERMIANENSIS

468 415 609 457 mus.
632 396 762 455 Eam
790 411 919 453 vero
946 394 1149 467 primus
1197 390 1414 462 agnovit
1459 389 1785 457 Quesnellus
1833 392 1913 464 (α)
1942 434 1956 459 ,
2002 409 2066 451 ac
2092 397 2139 458 Α
2170 394 2367 450 thmum
2398 396 2501 465 (ά).
2532 394 2774 464 Denique
2818 392 2885 449 ad
2925 392 3021 449 lib.
3054 408 3127 461 tv,
3175 408 3295 467 cap.
3356 394 3392 449 2
3444 394 3601 469 (infra
3653 398 3775 455 col.

469 490 727 563 deinceps
746 487 1015 546 Ballerinii
1059 486 1253 541 fratres
1298 483 1397 555 (ὁ).
1452 482 1662 539 Deinde
1711 484 1779 540 ad
1820 484 2061 555 ejusdem

469 583 707 650 Facundi
734 582 825 638 lib.
854 597 930 646 ιιι,
961 594 1079 650 cap.
1105 578 1158 641 5,
1192 583 1376 632 monet
1402 574 1838 631 Montlauconius
1880 575 1953 647 (c)
1984 577 2066 632 lo-

467 691 589 731 cum
612 676 679 730 ab
698 682 922 728 auctore
941 670 1212 742 prolatum
1240 684 1307 724 ex
1333 666 1542 723 Joanne
1556 666 1944 740 Chrysostomo
1963 670 2067 731 (in-

472 764 551 821 l‘ra
582 765 686 821 col.
715 762 869 830 595),
912 770 1127 817 exstare
1169 760 1223 815 in
1268 758 1455 814 homil.
1499 756 1573 811 83
1603 758 1675 812 al.
1706 757 1779 811 84
1822 759 1874 813 in
1926 758 2066 813 Mat-

502 899 614 981 .(a)
656 898 889 981 Quesun‘;
908 896 1032 952 Not.
1081 896 1151 951 ad
1201 894 1361 950 eoist.
1413 891 1627 956 ηοω,
1663 900 1797 947 tom.
1852 891 1894 946 ll
1927 892 2058 946 edit.

467 968 605 1033 cit.,'
630 983 749 1041 pag.
782 968 909 1022 507.

466 1080 469 1085 -
536 1041 612 1112 (b)
653 1040 851 1095 Bauer.
878 1036 1018 1109 Opp.
1052 1035 1223 1092 Leon.
1254 1042 1388 1090 tom.
1418 1033 1460 1101 l,
1493 1048 1618 1105 pag.
1644 1032 1808 1088 1545.

2172 484 2325 557 690),
2372 484 2463 540 ubi
2510 485 2717 541 mentio
2770 482 3010 557 Martyrii
3060 483 3502 555 Marciopolitani,
3538 488 3801 563 advertit,

2173 576 2564 647 Wesselingius
2624 577 2741 650 (ε)
2804 578 3090 649 legendum
3136 578 3649 654 MarcianOpolitani.
3705 583 3781 639 At

2176 672 2287 734 ain,-
2316 671 2567 734 σπουδῆς.

2248 885 2319 961 (c_)
2360 885 2549 961 hjontl'.
2578 885 2787 961 praefat.
2821 885 2885 941 ad
2916 885 3168 961 tom_.__Yll
3194 886 3495 961 Clersgsl.,
3527 890 3555 961 δ
3582 890 3639 946 5.

2246 958 2302 1025 (ά
2367 956 2647 1027 Chrysost.
2677 956 2814 1027 Opp.
2851 966 2982 1011 tom.
3015 956 3127 1024 Vll,
3162 972 3285 1027 pag.
3308 956 3441 1013 ⁷791.

2250 962 2326 1100 (ei
2360 1026 2594 1083 Wessel.
2624 1027 2745 1084 Vet.
2774 1027 3003 1082 Roman.
3038 1027 3244 1092 ltiner.,
3274 1045 3397 1100 pag.
3429 1031 3441 1085 ε

2250 1026 2324 1100 (e)
2360 1026 2594 1083 WeSsel.
2624 1026 3003 1084 VetIRoman.
3038 1026 3253 1092 Itiner.,
3274 1045 3397 1100 pag.
3429 1029 3553 1087 229.

1657 1291 2586 1438 gnavum,

1394 1441 2225 1542 HERMIANENSIS
2251 1466 2282 1507 ι
2332 1459 2859 1554 EPISCOPI,

465 1552 770 1762 Ριιο
892 1600 2521 1735 DEFENSIONE'TRIUM
2627 1595 3778 1803 CAPITULORUM

476 1824 481 1832 ’
1320 1806 1842 1895 CONCILII
1898 1802 2943 1891 CHALCEDONENSIS

1712 1970 2161 2076 LIBRI
2295 1971 2543 2076 XII

999 2172 1168 2279 AD
1244 2162 2138 2279 JUSTINIANUM
2216 2165 3261 2274 IMPERATOREM-

1896 2338 2355 2358 -——*

1914 2422 2381 2486 PREFATIO.

478 2626 483 2627 ί
530 2549 669 2608 Ωιιιι
699 2550 753 2607 in
784 2548 1149 2623 praejudicium
1189 2548 1365 2607 sancti
1404 2544 1621 2604 concilii
1648 2544 2057 2603 Chalcedonen-
2093 2553 2134 2612 Β
2162 2548 2311 2618 gravi
2340 2546 2666 2605 necessitate
2694 2545 3026 2618 respondere
3054 2546 3477 2619 constringener,
3504 2547 3597 2605 vix
3627 2550 3769 2608 mihi

461 2643 537 2704 sis
558 2647 957 2716 impugnatores
985 2642 1101 2713 ejus
1124 2640 1379 2713 Acephali
1403 2655 1500 2711 per
1522 2640 1787 2711 quosdam
1817 2640 2065 2710 subripe-

463 2748 602 2801 rent,
630 2746 689 2793 ut
717 2737 943 2809 cp‘stola
974 2736 1078 2792 lbzc
1119 2734 1378 2793 Edesseni
1406 2734 1667 2805 episcopi,
1701 2750 1863 2805 quam
1890 2733 1957 2790 ad
2004 2748 2065 2790 se

463 2828 696 2885 delatam
725 2835 1023 2885 memorata
1045 2827 1284 2900 synodus
1305 2826 1626 2882 catholicam
1652 2824 1944 2895 judicavit:
1969 2823 2065 2880 sed

467 2928 521 2977 et
571 2919 888 2976 Theodorus
940 2917 1353 2989 Mopsuestenus
1408 2919 1452 2983 ⁸,
1498 2918 1723 2987 ejusque
1773 2914 2063 2981 doctrina,

464 3028 583 3086 quoe
612 3014 664 3067 in
696 3011 885 3068 eadem
934 3011 1163 3082 epistola
1202 3010 1310 3066 lbte
1332 3010 1548 3066 laudata
1577 3018 1690 3076 est;
1732 3023 1833 3065 nec
1862 3024 1972 3066 non
2010 3016 2066 3063 et

462 3107 707 3179 qumdam
735 3105 1069 3163 Theodoreti
1117 3105 1273 3178 Cyrri
1323 3105 1563 3176 episcopi
1606 3106 1827 3176 scripta,
1874 3105 1965 3176 qui
2010 3105 2063 3159 in

460 3202 718 3273 praedicto
749 3198 1178 3255 Chalcedonensi
1221 3199 1454 3255 concilio
1483 3197 1767 3268 epistolam
1800 3196 2065 3265 dogmati-

469 3307 588 3347 cam
616 3307 769 3361 papa:
797 3288 995 3346 Leonis
1034 3290 1286 3354 asseruit,
1323 3291 1422 3346 sub
1451 3289 1798 3345 anathemate
1842 3288 2065 3345 damna-

468 3391 659 3437 rentur
690 3398 703 3433 :
730 3381 833 3435 hoc
854 3397 990 3452 opus
1011 3380 1366 3437 suadentibus
1393 3380 1647 3437 lratribus
1675 3381 1741 3436 ad
1767 3380 2063 3452 imperato-

468 3487 584 3527 rem
616 3470 1086 3542 Constantinopoli
1134 3471 1347 3542 scripsi.
1380 3470 1498 3539 Quo
1543 3471 1775 3527 necdum
1821 3472 1972 3529 linito
1999 3489 2064 3529 ac

468 3571 820 3635 pertractata,
863 3562 1127 3618 adductus
1166 3570 1250 3618 est
1287 3562 1565 3618 Romanus
1608 3562 1942 3635 episcopqu
1968 3584 1982 3619 :
2010 3566 2063 3622 in

464 3658 619 3727 cujus
644 3656 893 3712 examine
921 3671 1044 3711 cum
1070 3656 1237 3726 gestis
1264 3670 1429 3726 super
1457 3654 1561 3711 hac
1602 3670 1767 3712 causa
1797 3657 2065 3729 discepta-

463 3766 668 3818 remus,
699 3750 967 3805 mediante
996 3749 1249 3806 conﬂictu
1277 3750 1596 3820 interrumpi
1622 3758 1743 3806 acta
1773 3752 2063 3822 praecepit;

464 3853 519 3899 et
550 3844 619 3897 ab
651 3843 914 3898 universis
966 3842 1236 3914 episcopis
1264 3842 1357 3912 qui
1387 3842 1671 3899 aderamus
1711 3845 1957 3916 expetiit,
2004 3853 2064 3900 ut

2165 2649 2374 2711 septem
2416 2640 2623 2696 dierum
2665 2640 2891 2697 induciae
2919 2640 3059 2696 datae
3087 2651 3233 2712 sunt,
3266 2642 3320 2696 in
3364 2642 3563 2713 quibus
3606 2656 3771 2701 erant

2166 2733 2332 2789 etiam
2360 2731 2469 2787 duo
2499 2731 2641 2788 festi.
2679 2730 2851 2796 Unde,
2895 2741 2955 2787 ut
2999 2734 3180 2788 omnia
3206 2732 3462 2800 dicerem,
3494 2750 3617 2805 quze
3657 2752 3773 2789 rna-

2166 2826 2247 2896 gis
2288 2826 2594 2883 necessaria
2619 2825 2948 2895 judicabam,
2980 2841 3047 2881 ex
3079 2826 3162 2883 his
3191 2827 3338 2882 libris
3367 2827 3646 2897 aliquanta
3675 2825 3772 2879 de-

2167 2917 2345 2988 cerpsi
2372 2936 2385 2972 :
2412 2917 2536 2988 quia
2561 2933 2669 2973 non
2694 2916 3045 2973 occurrebam
3069 2918 3249 2973 omnia
3278 2932 3417 2974 nova
3446 2918 3651 2984 dicere,
3692 2916 3772 2970 si-

2169 3013 2387 3086 quidem
2434 3014 2538 3069 tria
2580 3013 2748 3068 millia
2776 3026 3025 3068 versuum
3072 3011 3286 3068 excedit
3330 3011 3420 3066 illa
3458 3011 3770 3084 responsio.

2169 3108 2312 3165 Sane
2340 3109 2618 3178 quoniam,
2651 3108 2794 3164 sicut
2838 3107 2968 3174 dixi,
3002 3108 3232 3163 necdum
3274 3123 3305 3162 a
3334 3122 3421 3163 me
3448 3111 3772 3179 pertractati

2169 3198 2386 3255 fuerant
2414 3199 2577 3255 iidem
2605 3199 2750 3265 libri,
2780 3198 3026 3269 quzedam
3052 3198 3364 3254 testimonia
3392 3214 3491 3269 pro
3536 3200 3771 3255 mendo-

2169 3293 2330 3348 sitate
2359 3292 2604 3347 codicum
2633 3306 2701 3347 ex
2732 3291 2927 3362 quibus
2956 3305 3017 3347 ea
3050 3306 3421 3362 posueramus,
3453 3290 3535 3346 vel
3560 3307 3661 3362 pro
3694 3293 3774 3346 in-

2169 3382 2319 3438 curia
2349 3382 2752 3448 translatorum,
2783 3382 2943 3437 aliter
2961 3382 3330 3447 continebant,
3358 3398 3476 3452 qua:
3497 3384 3577 3438 sic
3600 3385 3774 3440 etian

2170 3475 2225 3530 in
2248 3474 2394 3529 illam
2424 3475 2835 3546 responsionem
2858 3473 3180 3544 transcripta
3208 3482 3352 3528 sunt.
3377 3472 3583 3530 Idcirco
3606 3474 3774 3542 igitur

2168 3566 2433 3638 przeloqui
2464 3582 2529 3621 ac
2556 3581 2893 3637 prmmonere
2920 3565 3124 3629 curavi,
3156 3573 3218 3620 ut
3244 3566 3510 3620 neminem
3538 3565 3631 3635 qui
3662 3581 3774 3621 me-

2168 3668 2379 3715 morata
2428 3658 2786 3730 responsione
2834 3659 3075 3730 perlecta
3132 3657 3232 3712 hos
3273 3658 3559 3726 contigerit
3597 3657 3771 3712 lbros

2169 3748 2407 3807 oﬂ‘endat
2432 3750 2537 3805 ista
2565 3748 2885 3816 diversitas;
2926 3749 3023 3805 sed
3064 3748 3173 3804 illic
3196 3748 3440 3818 ignoscat
3466 3747 3769 3814 festinanti,

2167 3854 2227 3901 et
2254 3844 2378 3901 huic
2406 3843 2590 3915 potius
2614 3842 2821 3899 credat.
2852 3842 2985 3897 Nam
3008 3849 3065 3897 et
3089 3842 3267 3913 aliqua
3298 3842 3373 3897 ibi
3400 3858 3525 3898 cum
3552 3851 3769 3915 pertur-

462 3936 664 4005 scripto
692 3934 920 4005 quisque
947 3933 1301 4005 responderet
1327 3932 1473 4003 quod
1498 3933 1550 3989 ei
1579 3933 1648 3990 de
1682 3933 1768 3992 his
1807 3935 2058 4007 capitulis
2088 3939 2136 4003 ε
2163 3934 2384 3990 batione
2442 3932 2655 4003 prolata
2702 3931 3037 3988 moderatius
3073 3929 3164 3986 hic
3207 3929 3612 4004 ordinatiusque
3658 3940 3769 3987 tra-

463 4027 759 4083 vidcretur.
803 4025 936 4081 Cum
987 4039 1117 4096 ergo
1147 4040 1244 4097 per
1270 4026 1589 4097 magistrum
1617 4022 1922 4083 ciliciorum
1961 4028 2061 4084 sub

2169 4034 2317 4084 ctata
2344 4033 2495 4082 sunt.

536 4192 559 4221 α
584 4184 637 4239 1η
689 4182 882 4238 Africa:
926 4180 1230 4254 provincia
1258 4180 1541 4254 Byzacena
1587 4179 1785 4254 :Acujus
1825 4180 2062 4254 civitatis
2163 4178 2284 4252 jicit
2310 4181 2595 4248 Baronius,
2619 4181 2710 4251 qui
2740 4179 2991 4254 Yigﬁilium
3021 4179 3546 4254 Constantinopolim
3573 4194 3763 4250 perve-

464 4264 589 4336 ante
620 4251 1191 4336 Facundum—episcopi
1216 4251 1467 4323 leguntur
1488 4251 1845 4336 Maximianus
1872 4253 1925 4336 in
1950 4253 2058 4334 col-

465 4326 665 4381 latione
698 4325 721 4378 l
756 4321 1208 4394 Carthaginiensi,
1242 4321 1468 4394 numero
1500 4321 1623 4388 187,
1656 4334 1712 4378 et
1738 4324 1979 4379 Donatus
2010 4325 2063 4378 in

465 4398 694 4452 elencho
725 4412 823 4452 ms.
866 4392 1269 4465 cpiscOporum,
1294 4396 1391 4465 qui
1420 4392 1805 4465 Carthaginem
1833 4408 1901 4447 ex
1927 4408 2063 4465 pra}-

465 4479 623 4537 cepto
646 4468 785 4534 regis
810 4462 1082 4537 Hunerici',
1116 4480 1260 4519 anno
1292 4464 1780 4537 ejusregnisexto,
1808 4478 1909 4532 pro
1935 4462 2061 4517 red-

465 4532 638 4591 denda
671 4532 881 4589 ratione
910 4534 1032 4590 lidei
1061 4532 1346 4590 venerunt.
1392 4534 1524 4589 Post
1566 4532 1878 4587 Facundum
1907 4548 2058 4599 vero,

2170 4251 2312 4308 uisse
2335 4254 2613 4322 scripserit
2632 4254 2683 4307 in
2706 4252 2884 4321 vigilia
2902 4251 3104 4306 Natalis
3130 4252 3342 4307 Domini
3367 4266 3509 4306 anno
3531 4260 3763 4306 exeunte

2171 4322 2293 4378 546.
2327 4321 2606 4379 Hoc’enim
2636 4322 2752 4377 ﬁeri
2782 4339 2889 4377 non
2914 4323 3153 4393 potuisse
3183 4322 3388 4391 liquido
3411 4323 3636 4391 probat;
3668 4321 3763 4374 sed

2168 4395 2386 4462 quando
2414 4393 2741 4463 pervenerit,
2772 4409 2897 4463 non
2928 4394 3108 4449 docet.
3140 4393 3307 4447 Docet
3334 4400 3516 4447 autem
3546 4394 3763 4462 Appen—

2169 4461 2261 4519 dix
2309 4478 2339 4518 a
2393 4461 2548 4517 nobis
2579 4463 2721 4517 edita
2770 4461 3065 4519 Marcellini
3096 4462 3343 4527 Comitis,
3400 4461 3763 4532 papantVigi-

2168 4535 2296 4589 lium
2327 4533 2626 4601 ingressum
2676 4549 2798 4602 esse
2844 4532 3371 4602 ConstantinOpolim
3402 4532 3587 4587 Basilii
3619 4549 3762 4587 anno

466 4606 714 4661 Benadus
758 4607 826 4676 iu,
839 4606 1070 4661 concilio
1084 4605 1397 4676 Byzaceno,
1430 4603 1585 4671 cujus
1604 4612 1783 4676 exstat
1807 4603 2059 4676 Epistula
2167 4604 2219 4676 6,
2253 4606 2304 4659 id
2334 4612 2426 4676 est
2445 4602 2645 4676 Christi
2671 4601 2798 4676 547.
2827 4602 2944 4658 Jam
2977 4612 3087 4658 tum
3118 4601 3247 4673 ergo
3269 4603 3552 4659 Facundos
3580 4604 3633 4676 in
3664 4605 3766 4657 lm-

468 4678 521 4731 in
566 4676 774 4746 synodo
805 4675 1051 4730 Romana
1080 4672 1294 4746 blattini
1320 4673 1365 4746 l,
1392 4674 1689 4746 secretario
1719 4673 1774 4728 2.
1806 4672 2064 4746 Epistqu
2161 4674 2250 4746 jus
2280 4674 2792 4746 operisscriptione
2825 4676 3159 4746 versabatur,
3184 4672 3309 4745 post
3352 4673 3766 4746 centumlertue

469 4742 648 4801 autcin
696 4748 834 4801 inter
880 4744 1429 4816 exterossuhscribit
1457 4743 1718 4816 ,Benadus
1760 4744 1932 4815 gratia
1964 4742 2065 4797 Dei
2163 4742 2360 4811 annos,
2392 4744 2445 4799 in
2476 4744 2567 4799 lib.
2600 4760 2657 4810 tt,
2690 4760 2809 4816 cap.
2844 4745 2897 4813 l,
2929 4753 3137 4813 narrat,
3168 4742 3201 4801 εἰ
3227 4744 3432 4816 synodo
3460 4742 3765 4801 Chalcedo-

467 4818 733 4887 cpiscopus
765 4823 960 4887 sancta:
1004 4814 1261 4887 Ecclesiae
1278 4813 1695 4887 Hermianensis.

544 4887 570 4927 ιι
599 4885 839 4954 Vigilius.
872 4885 1212 4941 Anastasium
1249 4884 1719 4941 bibliothecarium
1748 4885 1943 4941 merito
1973 4898 2063 4940 re-

2170 4816 2343 4872 nensi.

484 5010 485 5013 “
545 5025 563 5057 ί
588 5022 669 5078 Ex
694 5030 801 5080 vet.
832 5022 953 5079 cod.
985 5022 1205 5094 capituli
1232 5022 1431 5080 Veron.
1462 5022 1555 5079 Sic
1612 5030 1668 5079 et
1696 5022 1750 5078 in
1779 5037 1934 5093 seqq.
1965 5020 2111 5077 notis
2138 5019 2531 5092 accipiendum.

1654 5235 2007 5320 LIBER
2079 5234 2565 5319 PRIMUS.

977 5437 1209 5499 CAPUT
1248 5438 1540 5496 PRIMUM.

472 5538 624 5603 Quod
650 5535 992 5599 Justinianus,
1025 5537 1075 5588 in
1100 5534 1417 5604 confessione
1462 5532 1585 5600 ﬁdei
1613 5546 1741 5595 sum,
1792 5546 1952 5585 unum
2002 5532 2065 5583 de

548 5607 798 5662 Trmiute
826 5608 1153 5671 cruciﬁxum,
1189 5612 1388 5659 beatam
1436 5604 1662 5657 Mariam
1699 5617 1815 5657 rere
1843 5611 1888 5657 et
1940 5616 2064 5671 pro-

544 5780 567 5806 η
595 5769 722 5823 Eam
776 5767 949 5821 innuit
1003 5780 1165 5836 quam
1209 5765 1541 5822 Justinianus
1580 5763 2049 5836 Constantinopoli
2160 5759 2465 5826 consulatu,
2507 5775 2650 5836 anno
2678 5757 2878 5836 Christi
2921 5756 3041 5836 555τ

2085 5438 2139 5499 ι)
2236 5439 2348 5507 prie
2382 5444 2599 5491 matrem
2627 5435 2741 5504 Dei,
2770 5447 2816 5492 et
2843 5437 3036 5492 Christi
3069 5439 3201 5492 duas
3239 5454 3349 5493 esse
3376 5446 3587 5493 naturas
3629 5443 3764 5490 rem

2244 5509 2510 5580 professus
2539 5509 2628 5562 sit.

2244 5601 2647 5658 Conlessionem
2673 5610 2699 5639 ι
2724 5608 2829 5656 tuae
2878 5600 3022 5667 lidei,
3068 5601 3485 5658 clementissime
3532 5602 3763 5672 impera-

3074 5758 3203 5825 Quae
3229 5765 3285 5812 et
3324 5754 3511 5811 Gmce
3540 5753 3760 5825 Latine-

469 5841 662 5907 edidit,
710 5824 1055 5908 diversasque
1103 5837 1161 5893 in
1203 5836 1514 5894 provincias
1558 5835 1705 5891 misit
1752 5836 1913 5892 tertio
1943 5824 2052 5892 'suo
2161 5848 2269 5903 que
2308 5824 2486 5888 exstat
2514 5829 2648 5886 Cod.
2696 5827 2765 5886 de
2789 5827 3007 5887 Summa
3036 5824 3298 5885 Trinitate
3335 5827 3430 5882 lib.
3460 5842 3535 5894 vr,
3569 5834 3625 5881 et
3662 5824 3757 5879 tria
