4060 6364
344 306 451 397 sae

1282 335 1417 393 pne
1456 331 1881 392 DEFENSIONE
1919 329 2138 388 rmuu
2174 300 2505 391 carne]..-
2533 331 2663 393 LIB.
2703 333 2746 391 ι.

3533 318 3635 377 60

346 470 455 523 tur,
515 471 694 527 magni
745 458 961 513 concilii
1025 456 1482 513 Chalcedonensis
1536 452 1938 509 definitionibus
1973 452 2017 510 A
2048 447 2271 505 Preclus
2310 450 2675 509 Orientalibus
2710 468 2927 523 quoque
2974 467 3072 523 pro
3122 448 3244 507 fidei
3282 452 3635 522 congruentia

346 558 763 613 uiiisonantem,
788 558 841 605 et
862 548 1157 618 approbavi
1184 563 1417 618 semper,
1443 556 1498 599 et
1524 545 1781 600 adversus
1806 542 1942 597 mul-

348 652 528 695 torum
560 640 1019 696 contradictiones
1061 640 1289 695 asserui.
1322 639 1453 693 Nam
1483 654 1604 693 cum
1634 636 1755 690 dua:
1800 649 1942 689 nunc

349 731 593 787 ferveant
635 730 870 787 hatreses
909 730 976 785 ah
1018 729 1212 786 eodem
1269 729 1498 785 concilio
1527 727 1790 791 refutatm,
1822 741 1942 796 qua:

348 822 700 878 contentione
742 822 957 894 quidem
1001 821 1291 886 contraria,
1340 820 1435 875 sed
1473 818 1835 875 detestatione
1871 816 1944 871 si-

351 916 486 981 mili,
516 915 829 986 mysterium
854 913 1045 969 divina:
1068 913 1454 969 incarnationis
1476 919 1807 983 Oppugnant,
1840 908 1945 964 Ne-

351 1008 718 1063 storianorum
751 1005 872 1060 dico
901 1014 957 1059 et
984 1003 1444 1076 Eutychianorum
1479 1002 1646 1071 :quid
1675 1000 1945 1057 salubrius

352 1098 440 1155 vel
469 1097 597 1167 quid
625 1095 925 1153 evidentius
953 1096 1209 1151 adversus
1240 1103 1523 1164 utramque
1554 1078 1806 1147 hazresim
1837 1091 1947 1147 dici

352 1188 553 1263 potuit,
581 1204 743 1259 quam
763 1186 905 1258 quod
933 1186 1048 1258 ipse
1071 1185 1348 1243 confessus
1370 1184 1640 1254 es,’unum
1667 1186 1734 1239 de
1763 1181 1944 1237 Trini-

354 1289 470 1337 tate
496 1297 595 1353 pro
622 1279 780 1335 nobis
821 1278 1177 1335 crucifixum?
1214 1292 1374 1347 quem
1417 1290 1669 1345 magnum
1698 1274 1869 1331 Deum
1894 1281 1949 1330 te

355 1372 584 1429 credere
637 1370 822 1427 docuit
877 1369 1169 1440 Apestolus
1224 1367 1410 1423 dicens
1456 1386 1467 1421 :
1506 1367 1759 1438 Apparuit
1808 1367 1947 1420 enim

356 1463 532 1535 gratia
559 1461 657 1516 Dei
695 1461 984 1518 Saluatoris
1016 1461 1183 1514 nostri
1220 1459 1455 1515 omnibus
1486 1458 1799 1525 hominibus,
1832 1475 1952 1511 eru—

356 1555 503 1609 diens
531 1570 624 1608 nos
651 1562 707 1607 ut
736 1551 1052 1626 abnegantes
1081 1554 1397 1623 impietatem
1424 1561 1471 1604 et
1502 1551 1781 1604 swcufaria
1806 1550 1949 1606 desi-

357 1646 523 1712 deria,
546 1656 687 1701 caste
713 1655 761 1700 et
783 1648 924 1719 juste
952 1654 1002 1699 et
1029 1646 1114 1716 pie
1141 1645 1366 1699 vivamus
1395 1644 1448 1696 in
1491 1643 1585 1697 hoc
1617 1642 1827 1708 sarculo,
1858 1659 1951 1696 ea:-

359 1749 647 1811 spectantes
670 1736 872 1793 beatam
899 1755 1041 1807 spent
1072 1745 1119 1792 et
1148 1737 1421 1790 adventum
1447 1736 1627 1806 gloria:
1654 1735 1830 1806 magni
1852 1733 1949 1788 Dei

2044 539 2357 611 destinavit,
2390 544 2462 598 ita
2492 544 2771 599 confessus
2799 554 2882 601 est
2911 542 3079 615 (Edit.
3106 542 3283 606 Rem.,
3314 560 3435 614 pag.
3469 539 3591 610 1‘28)
3620 558 3633 593 :

2052 654 2069 686 ε
2095 632 2204 689 Nec
2233 634 2375 690 enim
2406 636 2647 692 dicentes
2678 635 2868 690 Filium
2898 651 3138 706 passum,
3185 635 3396 690 ratione
3423 633 3638 689 deitatis

2047 741 2170 780 eum
2197 728 2306 796 pati
2338 726 2579 795 potuisse
2618 726 2900 793 sentimus,
2934 725 3197 797 siquidem
3238 724 3416 779 divina
3446 733 3639 782 natura

2048 818 2251 873 nullam
2287 835 2506 889 prorsus
2558 819 2751 889 recipit
2792 819 3132 889 passionem;
3181 818 3275 874 sed
3318 815 3641 874 confitente-3

2048 914 2217 969 Deum
2249 910 2483 969 Verbum
2526 928 2693 968 unum
2741 928 2809 967 ex
2838 911 3102 967 Trinitate
3151 911 3511 978 inearnatum,
3544 911 3638 966 tri-

2050 1009 2264 1064 buimus
2294 1006 2624 1076 intelligendi
2661 1005 2942 1061 materiam
2970 1005 3054 1060 his
3079 1004 3170 1074 qui
3200 1003 3426 1059 ﬁdeliter
3451 1004 3639 1059 scisci-

2053 1107 2239 1153 tantur
2266 1114 2363 1153 cur
2401 1096 2669 1153 incarnari
2698 1096 2952 1164 dignatus
3001 1104 3103 1150 est.
3136 1114 3154 1147 ›
3189 1094 3443 1150 Scribens
3481 1094 3639 1149 etiam

2048 1192 2211 1247 beato
2241 1188 2434 1245 Joanni
2464 1189 2829 1255 Antiocheno,
2859 1187 2947 1244 cui
2993 1195 3048 1242 et
3077 1187 3167 1241 illa
3196 1203 3319 1257 quae
3356 1189 3640 1257 scripserat

2051 1281 2118 1338 ad
2145 1282 2429 1348 Armenes,
2462 1299 2559 1353 pro
2586 1281 2849 1339 servanda
2877 1279 3179 1336 communis
3210 1278 3332 1333 fidei
3358 1280 3642 1340 societate,

2050 1377 2280 1444 direxit,
2315 1385 2374 1431 ut
2402 1378 2540 1432 sicut
2569 1391 2733 1431 unum
2762 1383 2923 1445 atque
2946 1373 3087 1428 idem
3115 1386 3304 1426 omnes
3332 1370 3495 1425 corde
3525 1387 3644 1425 cre-

2051 1470 2251 1525 debant
2280 1470 2347 1525 ad
2370 1470 2655 1538 justitiam,
2685 1470 2764 1525 sic
2784 1470 2944 1523 etiam
2978 1483 3079 1521 una
3111 1474 3165 1520 et
3186 1464 3373 1520 eadem
3404 1479 3499 1518 ore
3522 1478 3642 1515 om-

2052 1563 2198 1616 nium
2232 1560 2500 1616 confessio
2550 1557 2703 1615 fieret
2747 1558 2813 1613 ad
2858 1557 3109 1624 salutem,
3155 1555 3232 1610 sic
3270 1556 3344 1608 ait
3389 1552 3645 1621 (Liberet.

2052 1671 2170 1726 cap.
2204 1654 2290 1723 10)
2321 1672 2331 1705 :
2368 1672 2386 1703 ι
2416 1652 2671 1707 Dicentes
2695 1659 2875 1705 autem
2904 1650 3094 1704 iterum
3121 1646 3428 1719 passibilem
3456 1645 3643 1710 Deum,

2055 1744 2107 1800 id
2154 1753 2237 1800 est
2285 1743 2578 1811 Christum,
2630 1740 2951 1797 confitemur
2997 1756 3120 1795 eum
3170 1754 3277 1793 non
3330 1752 3396 1792 eo
3435 1750 3643 1806 passum

360 1831 655 1887 Saluatoris
700 1832 864 1885 nostri
912 1828 1041 1884 Jesu
1091 1827 1285 1883 Christi
1328 1826 1455 1899 (Tit.
1509 1844 1563 1891 ιι,
1612 1825 1690 1897 2).
1727 1828 1955 1896 l‘ropter

2063 1837 2202 1907 quod
2223 1844 2360 1903 erat,
2391 1835 2486 1891 sed
2509 1834 2653 1905 quod
2683 1833 2879 1888 factum
2905 1840 3006 1899 est,
3028 1831 3080 1885 id
3110 1838 3191 1884 est
3210 1828 3427 1900 prepria
3450 1842 3609 1882 carne
3631 1842 3644 1855 '

358 1924 502 1995 quod
532 1925 694 1981 etiam
741 1925 953 1979 beatam
984 1924 1256 1993 Virginem
1303 1922 1525 1976 Mariam
1564 1938 1692 1978 vere
1738 1931 1793 1977 et
1821 1938 1949 1994 pre-

360 2017 477 2087 prie
516 2026 741 2072 matrem
772 2015 869 2071 Dei
899 2031 1020 2071 esse
1056 2016 1255 2071 dixisti.
1288 2014 1404 2069 Non
1453 2015 1595 2069 enim
1640 2017 1802 2070 alium
1847 2018 1953 2073 scis

360 2106 529 2163 Deum
560 2107 813 2174 Verbum,
847 2116 903 2162 et
949 2108 1111 2162 alium
1142 2105 1323 2161 Jesum
1371 2105 1661 2174 Christum,
1704 2123 1865 2178 quem
1897 2110 1949 2164 iu

361 2200 567 2255 duabus
606 2201 812 2254 naturis
841 2216 1002 2253 unum
1044 2199 1403 2270 eumdemque
1432 2203 1792 2272 pronuntiasti
1822 2217 1954 2257 con-

360 2291 767 2346 substantialem
799 2307 918 2346 esse
946 2289 1090 2346 Patri
1118 2293 1408 2347 secumlum
1439 2294 1714 2360 deitatem,
1750 2303 1804 2349 et
1832 2311 1955 2351 con-

361 2382 769 2437 substantialem
821 2382 976 2436 nobis
1021 2382 1267 2437 eumdem
1313 2385 1609 2439 secundum
1650 2386 1955 2440 humanita-

363 2481 509 2540 tem;
552 2482 606 2528 et
659 2473 726 2529 de
765 2489 872 2543 quo
931 2482 1329 2544 consequenter
1376 2475 1536 2529 etiam
1580 2476 1685 2531 hoc
1730 2476 1951 2531 dixisti:

369 2587 389 2620 ι
418 2566 549 2621 Nam
578 2568 717 2622 sicut
745 2576 825 2622 est
863 2568 915 2622 in
944 2567 1141 2623 deitate
1173 2568 1461 2638 perfectus,
1503 2568 1577 2624 ita
1606 2568 1746 2624 idem
1772 2570 1826 2624 in
1849 2570 1954 2625 hu-

364 2657 622 2712 manitate
651 2657 918 2727 perfectus
954 2667 1055 2713 est.
1088 2678 1105 2710 ι
1142 2658 1270 2726 Quae
1313 2660 1495 2714 omnia
1539 2668 1749 2716 certum
1790 2668 1874 2716 est
1902 2669 1957 2717 te

363 2748 515 2820 juxta
545 2749 1000 2805 Chalcedonensis
1035 2751 1250 2806 concilii
1281 2752 1603 2807 sententiam
1646 2752 1953 2823 protulisse.

365 2838 499 2894 Nam
530 2856 694 2895 unum
726 2856 844 2895 esse
872 2840 939 2894 de
978 2841 1239 2895 Trinitate
1270 2841 1556 2897 Dominum
1582 2841 1765 2897 Jesum
1797 2841 1957 2898 Chri-

366 2940 531 2997 stum,
574 2947 641 2986 ex
670 2930 908 2997 ejusdem
947 2932 1136 3001 synodi
1163 2932 1509 2999 allocutione,
1532 2947 1692 3003 quam
1718 2932 1787 2988 ad
1815 2931 1959 2987 Mar-

370 3022 585 3075 cianum
631 3022 926 3092 principem
978 3022 1122 3087 fecit,
1172 3022 1453 3078 evidenter
1491 3023 1810 3080 ostenditur.
1862 3022 1963 3080 Ubi

369 3132 493 3171 cun
520 3115 663 3170 beati
693 3114 889 3170 Leonis
917 3115 1169 3171 Ecclesia:
1200 3115 1457 3173 Romana:
1482 3118 1725 3189 prresulis
1763 3117 1965 3190 episto-

2058 1937 2115 1983 et
2159 1929 2232 1983 ita
2280 1926 2643 1998 prmdicantes
2690 1922 2841 1978 nullo
2892 1921 3053 1976 modo
3093 1920 3364 1974 fallimur:
3395 1916 3646 1985 quoniam

2054 2018 2270 2091 quidem
2296 2026 2353 2074 et
2381 2033 2545 2073 unum
2574 2033 2641 2072 ex
2663 2013 2931 2069 Trinitate
2960 2011 3256 2067 secundum
3287 2024 3502 2065 carnem
3526 2024 3645 2061 cru-

2056 2118 2269 2172 cifixum
2293 2101 2607 2180 fatemur,et
2628 2110 2886 2165 deitatem
2917 2106 3225 2179 passibilem
3255 2103 3475 2159 minime
3500 2101 3646 2155 blas-

2056 2211 2390 2282 phemamus.
2429 2226 2448 2260 ι
2507 2205 2575 2260 Ει
2600 2204 2742 2260 hanc
2761 2202 2878 2273 ejus
2902 2216 3086 2258 sanam
3110 2197 3409 2255 doctrinam
3436 2196 3647 2264 sapien-

2058 2303 2293 2359 tissimus
2332 2298 2567 2355 Joannes
2597 2297 2965 2352 Antiochenus
3014 2309 3135 2348 cum
3186 2288 3435 2346 orientali
3476 2288 3648 2343 conci~

2059 2397 2132 2450 lie
2173 2395 2283 2451 suis
2314 2393 2509 2449 litteris
2538 2390 2888 2463 approbavit;
2940 2388 2993 2443 in
3047 2386 3242 2456 quibus
3272 2398 3396 2438 eum
3444 2396 3648 2435 memo-

2057 2498 2175 2543 rata
2219 2486 2460 2559 synodus
2487 2481 2948 2539 Chalcedonensis
2994 2486 3223 2533 testatur
3269 2473 3648 2530 hmrcticorum

2058 2581 2347 2637 maledicta
2392 2578 2663 2648 rejecissc,
2714 2583 2771 2632 et
2814 2573 3165 2646 apostolicam
3210 2569 3516 2626 declarasse
3555 2564 3649 2620 do-

2062 2673 2311 2731 ctrinam.
2352 2671 2455 2738 Qui
2485 2669 2786 2725 rescribens
2823 2665 2997 2722 eidem
3039 2664 3200 2719 beato
3230 2660 3424 2715 Proclo
3466 2657 3602 2713 dixit
3633 2673 3649 2709 :

2068 2787 2087 2821 ι
2121 2767 2350 2823 Temum
2378 2763 2470 2834 qui
2512 2762 2581 2817 ad
2609 2762 2873 2815 Armenes
2917 2758 3092 2811 factus
3137 2762 3219 2809 est
3257 2769 3287 2808 a
3337 2747 3652 2806 reverentis~

2062 2861 2199 2917 sime
2223 2862 2243 2891 ³
2275 2866 2463 2914 nostro
2495 2853 2604 2909 filio
2626 2854 2856 2909 diacono
2885 2848 3211 2913 Theodosio,
3243 2846 3332 2916 qui
3358 2844 3546 2911 dignus
3567 2848 3653 2897 est

2064 2952 2173 3007 tuis
2199 2947 2647 3021 dispositionibus
2673 2944 3000 3007 ministrare,
3030 2941 3099 2995 ob
3128 2954 3246 2994 eam
3276 2954 3395 3007 qua:
3437 2936 3575 2990 inest
3601 2931 3651 2988 ei

2064 3056 2230 3112 super
2254 3047 2468 3095 aetatem
2495 3036 2854 3105 diligentiam,
2881 3041 2936 3087 et
2954 3032 3261 3102 petivimus,
3291 3040 3485 3085 etcum
3510 3028 3653 3082 omni

2066 3132 2428 3190 delectatione
2474 3129 2593 3199 ejus
2620 3128 2846 3184 fecimus
2875 3125 3225 3180 mentionem.
3275 3121 3531 3177 Faciebat
3570 3134 3655 3174 au-

369 3208 478 3263 lam
508 3219 694 3265 centra
725 3212 1099 3267 haereticorum
1148 3214 1436 3269 maledicta
1476 3214 1808 3287 defenderet,
1839 3225 1965 3288 post
1992 3221 2037 3285 C
2069 3235 2175 3281 tem
2206 3222 2362 3280 nobis
2388 3220 2804 3278 delectationem
2853 3234 2962 3273 non
3002 3214 3345 3287 pulchritudo
3388 3213 3654 3284 composi-

373 3303 645 3373 aliquanta
669 3305 746 3359 sic
773 3306 845 3358 ait
872 3324 883 3358 :
923 3326 941 3358 ς
972 3306 1149 3363 Facile
1171 3318 1252 3363 est
1282 3309 1563 3367 advertere
1587 3312 1759 3383 quod,
1789 3314 1964 3371 ambi-

367 3397 575 3467 guitate
602 3398 914 3467 qumstionis
943 3412 1150 3464 exerta.
1183 3403 1401 3460 Patrum
1428 3409 1965 3479 interpretationibus

371 3494 611 3542 nostram
661 3486 1052 3545 confessionem
1098 3502 1381 3563 ceaptasse
1423 3499 1819 3567 cognoscimur,
1872 3517 1962 3557 sa-

371 3575 701 3634 tisfacientes
724 3580 866 3649 quod
898 3582 948 3637 in
978 3585 1127 3639 nullo
1156 3585 1456 3643 discordem
1485 3589 1851 3662 intelligentia:
1872 3607 1965 3649 eo-

371 3687 493 3728 rum
522 3672 872 3733 detulerimus
917 3678 1174 3745 animum,
1206 3680 1298 3735 sed
1340 3681 1423 3735 his
1462 3690 1675 3739 utamur
1700 3685 1968 3743 ‘testibus

369 3767 442 3821 ad
467 3778 663 3822 nostra:
690 3768 813 3825 fidei
845 3769 1172 3826 firmitatem.
1202 3773 1297 3827 Sic
1336 3773 1616 3832 Athanasii
1655 3774 1725 3830 ad
1752 3774 1968 3847 Epicte-

372 3868 487 3914 tum
530 3863 906 3932 amplectimur
954 3865 1189 3930 litteras;
1241 3865 1321 3921 sic
1386 3874 1643 3937 tanquam
1693 3866 1967 3939 propriam

372 3951 619 4022 Gregorii
665 3954 730 4009 ad
782 3954 1099 4010 Cledonium
1149 3957 1435 4027 epistolam
1487 3958 1685 4027 ubique
1728 3958 1968 4029 prteferi-

376 4059 522 4099 mus.
554 4042 622 4098 Et
650 4046 776 4115 quid
802 4055 1019 4118 oportet
1045 4047 1196 4117 plura
1227 4048 1451 4104 dicere?
1479 4048 1537 4104 Si
1564 4049 1709 4104 enim
1738 4064 1837 4120 per
1862 4050 1971 4121 epi-

374 4136 544 4191 stolas
590 4135 843 4192 Ecclesia:
887 4138 1137 4206 dogmata
1185 4138 1447 4194 declarari
1497 4156 1597 4210 pro
1645 4155 1970 4212 unaquaque

374 4228 677 4296 qumstiene
713 4228 931 4299 dignum
986 4230 1141 4299 culpa
1184 4230 1447 4300 judicant,
1498 4232 1674 4301 ipsum
1707 4231 1971 4303 imprimis

374 4317 742 4375 beatissimum
769 4321 1025 4392 Cyrillum
1068 4322 1295 4391 quilibet
1323 4324 1521 4393 poterit
1562 4322 1845 4391 denotare,
1876 4326 1971 4397 qui

374 4406 567 4465 litteris
608 4412 721 4465 suis
761 4411 905 4481 quod
952 4414 1221 4469 sentiebat
1265 4412 1625 4473 Orientalibus
1666 4418 1967 4487 expressit;

377 4518 476 4557 nec
507 4519 612 4558 non
642 4512 697 4559 et
725 4518 978 4573 magnum
1012 4504 1256 4561 Proclum
1280 4506 1406 4563 huic
1430 4507 1812 4579 vituperationi
1842 4511 1971 4568 sub-

2072 3318 2232 3374 tiouis
2267 3315 2405 3385 sola,
2444 3327 2621 3384 neque
2648 3308 3171 3380 argumentationum
3212 3305 3497 3361 multitudo
3528 3321 3655 3361 con-

2070 3419 2155 3467 tra
2208 3418 2494 3477 utramque
2560 3411 2771 3476 partem
2830 3401 3232 3458 adversantium
3288 3405 3656 3470 pertractata,

2068 3508 2330 3573 quantum
2360 3500 2474 3570 ipsa
2518 3511 2798 3554 sacrorum
2825 3495 3136 3565 degmatum
3176 3492 3387 3549 cautela
3415 3491 3573 3546 simul
3604 3499 3653 3545 et

2070 3594 2267 3666 pietas.
2300 3590 2480 3647 Pietas
2509 3589 2750 3660 quidem,
2774 3588 2899 3659 quia
2923 3586 3159 3656 regalem
3190 3585 3491 3641 divinarum
3522 3582 3656 3639 Scri-

2069 3695 2351 3757 pturarum
2374 3683 2395 3714 ⁸
2424 3683 2478 3737 in
2508 3682 2591 3736 his
2625 3694 2760 3750 qua),
2784 3678 3119 3741 dicebantur,
3152 3676 3376 3732 verbum
3417 3675 3657 3731 veritatis

2070 3784 2220 3833 recte
2248 3773 2532 3839 confitens,
2566 3772 2849 3843 pergebas,
2879 3786 2988 3825 non
3027 3770 3143 3825 sine
3171 3768 3493 3824 testimoniis
3518 3766 3655 3821 Scri-

2071 3877 2243 3941 ptura;
2270 3880 2605 3939 przesumens
2634 3865 2834 3934 aliquid
2878 3880 2945 3919 ex
2985 3870 3254 3935 potestate
3281 3861 3499 3931 propria
3530 3874 3658 3929 pra:-

2056 3952 2259 4015 'dicare
2292 3977 2306 4012 :
2335 3958 2546 4013 cautela
2599 3971 2753 4022 vero,
2796 3955 2921 4025 quia
2966 3970 3089 4009 cum
3134 3952 3327 4008 divinis
3373 3951 3659 4021 Scripturis

2075 4051 2240 4106 etiam
2269 4049 2489 4104 Patrum
2519 4047 2686 4116 dicta,
2716 4046 2783 4101 ad
2812 4045 3147 4116 probandum
3175 4059 3294 4115 qua)
3322 4043 3660 4108 dicebantur,

2072 4142 2435 4214 proponebas.
2466 4159 2485 4193 ι
2513 4132 2767 4195 Scriberis
2803 4137 2965 4192 etiam
3004 4137 3165 4191 beato
3191 4134 3389 4207 Cyrillo
3418 4132 3661 4204 supradi-
3694 4148 3695 4151 ‘

2073 4243 2192 4290 ctus
2213 4231 2492 4287 Joannes"
2520 4245 2643 4287 cum
2692 4227 2881 4283 eadem
2926 4225 3132 4298 synodo
3184 4224 3437 4291 Orientis,
3486 4227 3561 4278 ita
3606 4239 3661 4279 se

2073 4335 2281 4381 tomum
2325 4324 2503 4395 ipsum
2550 4321 2618 4376 ad
2665 4322 2931 4375 Armenes
2970 4317 3299 4390 approbasse
3346 4316 3662 4387 perhibuit:

2081 4439 2099 4472 ι
2128 4419 2501 4484 Sanctissime,
2536 4415 2729 4486 inquit,
2762 4414 3019 4485 episcopo
3050 4410 3242 4469 Proclo
3274 4420 3478 4467 tomum
3522 4417 3663 4465 recte

2074 4526 2267 4567 revera
2297 4521 2352 4565 et
2374 4509 2463 4580 pie
2489 4508 2796 4573 habentem,
2840 4519 3001 4574 quem
3030 4502 3100 4558 ad
3138 4503 3404 4559 Armenes
3434 4501 3663 4573 scripsit,

367 4591 541 4661 jiciet,
575 4594 663 4664 qui
686 4594 887 4649 eisdem
924 4593 1285 4653 Orientalibus
1313 4597 1563 4654 volumen
1591 4600 1659 4655 ad
1698 4600 1966 4658 Armenes
1995 4609 2045 4670 ι)
2074 4604 2232 4660 nobis
2261 4601 2589 4665 destinante,
2640 4607 2697 4655 et
2734 4606 2976 4654 nostrum
3021 4608 3294 4667 qumrente
3323 4612 3666 4661 consensum,

376 4701 474 4753 pro
508 4684 628 4739 fidei
659 4687 1009 4753 congruentia
1057 4687 1363 4744 destinavit.
1408 4688 1503 4745 His
1550 4701 1733 4747 autem
1782 4709 1973 4751 conso-

374 4775 606 4829 ciahitur
631 4777 696 4830 ad
728 4777 942 4847 culpam
972 4789 1027 4833 et
1055 4781 1484 4850 sapientissimus
1511 4782 1748 4841 Joannes
1775 4785 1971 4844 Antio-

379 4866 582 4921 chenus
620 4869 922 4939 episcopus,
973 4871 1064 4939 qui
1114 4871 1488 4928 haereticorum
1530 4876 1814 4933 maledicta
1852 4878 1972 4949 reji-

378 4956 548 5020 ciens,
588 4965 645 5012 et
672 4961 983 5029 apostolica:
1025 4960 1282 5017 doctrinae
1310 4961 1504 5034 dogma
1532 4965 1834 5033 declarans,
1881 4977 1968 5025 te-

377 5047 482 5103 tius
511 5046 748 5105 Orientis
774 5051 1191 5121 confessionem,
1223 5054 1373 5109 velut
1395 5070 1463 5110 ex
1487 5070 1594 5111 uno
1624 5072 1720 5113 ore
1741 5060 1973 5116 sanctis-

369 5142 512 5197 sime
533 5140 729 5199 Proclo
748 5151 806 5199 et
834 5144 884 5199 ei
911 5144 1005 5213 qui
1022 5160 1119 5215 per
1138 5145 1278 5201 idem
1297 5156 1509 5217 tempus
1534 5148 1719 5204 mundi
1748 5154 1971 5221 regebat

368 5233 756 5301 gubernacula,
780 5234 1088 5291 destinavit.
1120 5253 1139 5287 ι
1167 5234 1225 5289 ln
1256 5236 1358 5292 hoc
1384 5245 1566 5291 autem
1597 5238 1871 5297 volumine
1900 5241 1969 5297 ad

368 5328 652 5398 Armenes,
692 5326 861 5399 quod,
896 5337 955 5385 ut
990 5335 1290 5384 memorata
1337 5330 1573 5401 synodus
1614 5331 1710 5399 ait,
1742 5350 1969 5408 magnus

364 5533 543 5605 capita
569 5549 691 5605 quae
719 5535 1003 5591 Facundus
1040 5534 1146 5590 hoc
1169 5533 1297 5605 loco
1310 5543 1731 5605 commemorat,
1762 5537 1954 5595 iisdem

364 5604 545 5661 verbis
571 5603 830 5677 explicat,
857 5605 927 5662 de
954 5605 1162 5662 duabus
1184 5605 1237 5660 in
1260 5603 1726 5679 Christo_naturis,
1760 5625 1868 5667 uno
1892 5610 1961 5669 de

441 5787 457 5819 '
480 5786 617 5843 Cod.
642 5786 871 5856 νει-οη..
898 5790 1110 5847 utimur.

436 5859 459 5892 ⁹
486 5856 639 5917 Idem
666 5858 812 5929 cod.,
837 5861 1128 5919 reverenda.

2079 4697 2260 4751 omnia
2292 4694 2435 4750 facta
2479 4699 2604 4749 sunt
2650 4706 2681 4745 a
2726 4690 2899 4754 nobis,
2953 4698 3009 4744 ct
3054 4690 3107 4744 in
3156 4688 3303 4744 nullo
3333 4690 3508 4743 minus
3540 4686 3663 4742 feci-

2078 4804 2214 4843 mus.
2250 4806 2267 4839 ι
2304 4784 2565 4856 Apparuit
2586 4782 2769 4851 igitur,
2791 4780 3043 4850 religiose
3074 4780 3388 4850 imperator,
3420 4778 3561 4848 qqu
3586 4794 3661 4831 se-

2077 4879 2311 4937 cundum
2338 4876 2664 4933 sententiam
2710 4872 2877 4943 ipsius
2925 4886 3133 4942 magnm
3170 4870 3361 4943 synodi
3391 4870 3666 4924 confessus

2076 4987 2137 5027 es
2167 4984 2334 5023 unum
2364 4967 2432 5023 de
2451 4965 2716 5021 Trinitate
2744 4980 2841 5035 pro
2863 4963 3017 5018 nobis
3044 4959 3356 5017 cruciﬁxum
3388 4978 3401 5012 :
3427 4957 3665 5029 quamle-

2076 5062 2293 5133 quidem
2325 5062 2378 5115 in
2401 5060 2481 5116 eis
2509 5057 2754 5130 epistolis
2784 5058 2899 5113 haec
2924 5066 3012 5112 tua
3045 5054 3309 5111 confessio
3339 5052 3666 5117 continetur,

2077 5156 2272 5227 quibus
2299 5160 2505 5208 tantam
2534 5149 2913 5207 auctoritatem
2950 5148 3161 5209 detult,
3194 5155 3252 5200 ut
3271 5160 3456 5199 earum
3483 5157 3667 5198 exemo

2078 5248 2169 5319 plo
2217 5243 2609 5301 defendendam
2656 5242 2800 5297 beati
2847 5240 3044 5295 Leonis
3091 5236 3374 5308 epistolam
3398 5234 3695 5304 judicareb

2081 5341 2220 5413 (post
2250 5346 2367 5392 acta
2393 5334 2643 5404 concilii).
2676 5333 2811 5388 Illud
2839 5332 3001 5387 etiam
3025 5328 3169 5400 quod
3199 5329 3413 5385 beatam
3442 5325 3667 5383 Mariam

2062 5516 2333 5610 Trinitate
2358 5536 2638 5610 cruciflxo,
2673 5542 2728 5590 et
2754 5535 2912 5590 beata
2939 5532 3161 5604 Virgine
3188 5535 3373 5610 κυρίως
3418 5537 3505 5596 καὶ
3556 5554 3679 5593 κατ,

2069 5614 2295 5673 ἀλήθειαν
2322 5608 2571 5679 Deipara.

2140 5791 2161 5823 ³
2182 5790 2344 5853 Idem,
2379 5788 2767 5856 Scripturarum
2796 5804 2946 5848 vtam.

2122 5862 2164 5945 f
2201 5860 2367 5929 fdem,
2398 5867 2609 5915 sanctus
2637 5856 2889 5916 Joannes.
