4060 6364
518 267 624 326 ΞΞΙ

1580 266 1681 320 ΡΑῚ
1696 262 1875 321 .lltVDI
1912 262 2098 320 EPISC

2206 262 2661 319 EXIMIAAENSIS
3734 261 3821 317 532‘

517 403 646 443 vere
686 394 738 440 ct
765 382 981 456 proprie
1021 388 1247 439 matrem
1289 381 1385 438 Dei
1414 397 1534 439 esse
1563 383 1767 447 dixisti,
1814 384 1868 439 in
1917 384 2107 438 eadem
2135 382 2188 445 Α
2212 379 2445 435 maxime
2464 378 2696 448 gloriati.
2716 376 2853 445 Quid
2874 377 3016 433 enim
3037 377 3205 451 prius
3228 372 3500 431 laudetur
3520 374 3575 431 in
3589 375 3814 437 homine?

518 479 707 553 synodi
737 477 1060 534 allocutione
1096 475 1395 531 invenimus
1425 466 1557 531 esse
1575 475 1864 540 ﬁrmatum,
1907 476 1998 531 ubi
2026 476 2111 531 di-

517 580 663 627 ctum
693 576 815 626 est:
855 587 877 622 ο
901 567 1101 624 Verum
1146 582 1257 621 non
1299 566 1457 622 latuit
1481 566 1929 622 indormitahilem
1977 583 2108 622 ocu-

518 662 629 717 lum
659 669 860 716 natura:
889 657 1190 713 communis
1218 656 1480 723 inimicus,
1531 656 1625 713 sed
1664 663 1918 726 tanquam
1950 656 2109 711 lumi-

519 754 668 808 naria
712 750 991 808 confestim
1041 748 1231 806 Patres
1276 758 1513 815 nostros,
1545 749 1630 805 bis
1678 763 1815 819 quos
1857 747 2106 803 tenebra-

517 862 637 901 rum
669 850 978 916 pervaserat
1024 859 1201 911 error,
1229 841 1499 907 ostendit;
1523 842 1614 912 qui
1645 842 1855 897 cunctis
1896 856 2107 896 resera-

516 948 644 994 rent
680 936 1086 1007 intelligentiam
1118 932 1264 999 ﬁdei,
1306 940 1362 989 et
1406 930 1790 988 incarnationis
1819 931 2104 1000 diligenter

515 1026 783 1084 beneﬁcia.
822 1025 1180 1097 praedicarent
1204 1042 1219 1078 :
1242 1024 1515 1093 quomodo
1563 1022 1978 1094 dispensationis
2016 1035 2106 1077 sa—

516 1129 853 1176 cramentum
883 1119 955 1175 sit
982 1119 1051 1174 ab
1081 1117 1232 1172 initio
1269 1132 1337 1171 ex
1362 1114 1521 1170 vulva
1567 1114 1921 1186 dispositum;
1962 1128 2102 1185 quo-

515 1213 677 1269 modo
704 1221 761 1267 et
783 1210 1137 1279 Deigenitrix
1169 1210 1240 1264 sit
1281 1210 1433 1278 virgo
1464 1210 1699 1264 vocitata
1725 1216 1948 1279 propter
1977 1220 2103 1263 eum

515 1306 609 1376 qui
639 1303 995 1375 virginitatem
1024 1301 1140 1372 ejus
1166 1301 1415 1371 dignatus
1442 1308 1527 1358 est
1549 1301 1709 1356 etiam
1739 1316 1957 1357 sacrare
1981 1308 2104 1372 post

514 1405 751 1468 partum,
802 1394 1147 1465 vulvamque,
1198 1400 1257 1447 ut
1302 1392 1528 1448 decebat
1557 1392 1745 1458 Deum,
1794 1392 2102 1461 integritate

511 1490 761 1560 signare;
791 1486 1065 1558 quomodo
1113 1483 1408 1541 secundum
1459 1485 1741 1539 veritatem
1790 1493 1967 1539 mater
2006 1483 2101 1539 Dei

510 1583 653 1639 dicta
683 1581 753 1639 sit
779 1588 1001 1653 propter
1040 1594 1281 1645 carnem,
1320 1593 1479 1649 quam
1512 1593 1579 1633 ex
1621 1592 1679 1633 se
1708 1577 1946 1633 omnium
1990 1576 2099 1632 Do-

504 1674 660 1731 ‘mino
688 1673 1028 1730 ministravit.
1061 1692 1081 1726 ›
1114 1671 1254 1727 Ecce
1298 1677 1359 1725 et
1381 1670 1483 1726 hoc
1513 1678 1788 1726 ostensum
1827 1677 1929 1735 est,
1960 1683 2101 1739 quo-—

2211 473 2342 546 quid
2369 473 2723 530 excellentius
2746 474 2901 529 decet
2948 473 3001 527 in
3029 471 3330 542 principe,
3382 484 3553 540 quam
3582 471 3823 529 catholicas

2211 564 2360 630 fides,
2406 581 2525 635 quae
2566 565 2731 620 totius
2778 564 2946 621 nostri
2976 563 3104 619 boni
3164 570 3262 617 est
3312 559 3742 628 fundamentum,
3774 573 3823 620 et

2210 658 2327 712 sine
2349 673 2463 727 qua
2486 656 2614 711 nihil
2647 657 2697 711 in
2730 655 2885 711 nobis
2905 663 2988 711 est
3013 654 3236 711 bonum
3262 652 3289 707 ?
3321 649 3510 708 Omne
3536 651 3677 708 enim
3698 654 3818 722 quod

2210 767 2318 832 non
2350 767 2417 807 ex
2444 750 2548 805 fide
2572 757 2850 821 peccatum
2879 757 2980 806 est.

2833 885 3061 942 CAPUT
3107 886 3182 941 ll.

2209 978 2371 1044 Quod
2394 978 2704 1050 Eutychiani
2731 980 2823 1034 sub
2852 979 3003 1033 trium
3045 979 3450 1047 Capiluloruus
3482 978 3686 1035 nomine
3715 998 3819 1037 cont-

2276 1050 2450 1103 cilium
2491 1050 2902 1105 Chalcedonense
2930 1052 3314 1121 fraudulenter
3338 1060 3646 1120 appngnent
3664 1068 3683 1106 :
3720 1056 3817 1119 qui-

2277 1122 2370 1174 bus
2392 1130 2668 1192 antequam
2691 1124 3017 1191 respondeat,
3043 1124 3173 1193 ﬁdei
3195 1137 3321 1177 sua
3348 1122 3725 1193 confessionem
3748 1140 3816 1179 es-

2278 1194 2443 1261 ponit.

2275 1306 2383 1363 Sed
2413 1322 2564 1378 rogo,
2615 1307 3031 1365 clementissime
3081 1308 3440 1380 imperator,
3494 1316 3558 1364 ut
3606 1307 3815 1366 rationes

2204 1417 2354 1456 meas
2383 1401 2469 1456 vel
2496 1409 2789 1471 gratanter,
2822 1402 2907 1457 vel
2943 1403 3222 1473 patienter
3253 1400 3537 1471 accipias.
3584 1400 3711 1455 Nam
3733 1401 3812 1458 de-

2203 1503 2509 1550 monstrare
2533 1496 2791 1566 proposui
2814 1499 3069 1567 quoniam
3103 1511 3210 1566 pro
3234 1495 3506 1565 ejusdem
3536 1493 3657 1549 ﬁdei
3677 1510 3821 1565 quam.

2203 1592 2357 1640 tenes
2382 1585 2716 1652 defensione,
2744 1594 2801 1641 et
2826 1595 3048 1658 propter
3074 1585 3635 1643 Chalcedonensium
3654 1598 3811 1642 custo-

2206 1675 2351 1731 diam
2379 1676 2963 1747 decretorum,quibus
2982 1687 3038 1733 et
3057 1678 3362 1735 manifesta
3396 1687 3494 1734 est
3515 1687 3573 1733 et
3597 1677 3810 1743 ﬁrmata,

510 1768 655 1822 niam
697 1765 884 1823 eadem
941 1774 1126 1822 sancta
1166 1764 1404 1837 synodus
1434 1763 1616 1818 ἀθουῆ
1660 1762 1804 1834 (100d
1834 1763 1921 1817 illa
1947 1762 2097 1830 νίτῧο
2128 1769 2175 1828 Β
2200 1767 2288 1823 bis
2313 1768 2404 1837 qui
2433 1784 2603 1841 nuper
2632 1769 2961 1824 contrariam
2990 1770 3070 1827 eis
3095 1771 3452 1826 sententiam
3486 1769 3805 1841 protulerunt

508 1858 606 1915 Dei
634 1860 871 1930 genitrix
893 1857 1200 1915 secundum.
1218 1857 1505 1912 veritatem
1535 1864 1724 1911 vocata
1755 1856 1847 1924 sit,
1875 1864 2099 1927 propter

508 1965 726 2007 carnem
756 1965 917 2021 quam
967 1965 1036 2005 ex
1076 1964 1136 2006 se
1183 1949 1425 2005 omnium
1478 1949 1709 2005 Domino
1754 1949 2097 2005 ministravit.

508 2042 619 2099 Nec
646 2042 871 2099 interest
892 2050 1069 2097 utrum
1097 2040 1390 2097 secundum
1414 2041 1717 2105 veritatem,
1750 2041 1801 2095 id
1829 2051 1931 2110 est,
1972 2055 2100 2097 vere

507 2134 605 2189 Dei
632 2141 808 2191 mater
851 2142 1115 2201 vocetur;
1163 2149 1230 2188 an
1263 2148 1389 2188 vere
1436 2141 1492 2188 et
1529 2134 1767 2204 proprie,
1816 2134 1956 2189 sicut
1984 2133 2100 2203 ipse

507 2223 789 2281 confessus
815 2240 893 2281 es.
923 2223 1055 2280 Nam
1083 2224 1227 2295 quod
1264 2222 1501 2280 Joannes
1546 2224 1822 2295 apostolus
1850 2224 1978 2279 dicit
2005 2240 2100 2281 ve-

507 2333 624 2372 rum
672 2317 767 2373 Dei
806 2316 1021 2381 Filium,
1068 2317 1245 2388 ipsum
1294 2314 1491 2371 Paulus
1521 2316 1795 2387 proprium
1826 2314 1974 2371 dicit.
2008 2315 2098 2374 Sic

507 2409 652 2468 enim
678 2409 893 2471 scribit:
920 2409 1125 2470 Scimus
1148 2410 1391 2487 quoniam
1423 2407 1520 2463 Dei
1558 2406 1724 2467 Filius
1754 2409 1906 2476 venit,
1932 2416 1981 2468 ct
2010 2408 2098 2467 de-

508 2506 587 2559 dit
624 2506 769 2561 nobis
800 2506 1133 2571 intellectum,
1157 2516 1212 2559 ut
1244 2505 1468 2560 sciamus
1489 2506 1624 2574 quod
1651 2512 1728 2557 est
1749 2520 1923 2559 verum
1949 2513 1997 2557 et
2022 2502 2097 2557 si-

507 2615 622 2654 mus
666 2599 721 2653 in
748 2615 867 2654 vero
887 2598 1028 2654 Filio
1069 2599 1181 2671 ejus
1202 2596 1328 2653 Jesu
1366 2596 1571 2653 Christo
1602 2593 1658 2668 (Ι
1695 2596 1853 2651 Joan.
1894 2611 1947 2663 ν,
1980 2592 2095 2665 20).

509 2692 609 2750 Hic
630 2702 809 2749 autem
832 2693 1072 2750 scribens
1104 2692 1361 2749 Romanis
1388 2692 1466 2746 ait
1498 2709 1510 2743 :
1544 2689 1609 2746 Si
1630 2688 1772 2745 Deus
1800 2707 1894 2761 pro
1925 2688 2097 2757 nobis,

508 2790 620 2862 quis
652 2796 831 2841 contra
861 2787 993 2841 nos?
1036 2787 1123 2859 qui
1152 2788 1308 2841 etiam
1338 2783 1479 2840 Filio
1516 2801 1608 2839 suo
1639 2783 1847 2856 proprio
1873 2798 1976 2837 non
2006 2798 2098 2851 pe-

505 2881 687 2952 percit,
731 2879 821 2934 scd
864 2896 959 2950 pro
1000 2878 1148 2934 nobis
1199 2877 1437 2934 omnibus
1484 2877 1699 2932 tradidit
1742 2877 1887 2930 illum
1916 2873 2094 2944 (Rom.

506 2986 623 3037 vnt,
657 2968 767 3039 Si).
818 2968 936 3025 Non
966 2970 1125 3038 igitur
1170 2978 1255 3024 est
1303 2966 1446 3023 aliud
1478 2966 1622 3038 quod
1670 2965 1956 3021 Dominum
1994 2979 2099 3019 no-

504 3071 674 3125 strum
703 3058 890 3118 Jesum
938 3062 1208 3117 Christum
1241 3057 1474 3115 Joannes
1520 3073 1709 3114 verum
1759 3057 1853 3113 Dei
1903 3056 2097 3111 Filium

2203 1862 2644 1919 consentiendum
2675 1879 2797 1919 esse
2823 1880 2930 1919 non
2960 1863 3117 1919 duxi.
3138 1863 3445 1935 lnquietus
3473 1862 3623 1919 enim
3650 1871 3704 1918 et
3728 1862 3808 1917 im.

2200 1954 2410 2026 pudens
2436 1956 2813 2012 haereticorum
2835 1955 3085 2027 spiritus,
3111 1956 3203 2025 qui
3238 1954 3434 2011 facilis
3463 1963 3525 2011 et
3554 1962 3806 2026 promptus

2201 2046 2268 2100 ad
2310 2046 2669 2116 impugnanda
2718 2054 2905 2102 vetera
2946 2048 3268 2110 constituta,
3326 2047 3387 2101 in
3454 2045 3806 2102 confusionem

2200 2152 2353 2193 suam
2382 2152 2597 2208 semper
2631 2137 2928 2207 extollitur,
2969 2138 3094 2207 quia
3155 2153 3310 2209 saepe
3370 2138 3668 2194 frustratus
3717 2144 3807 2203 est,

2203 2243 2324 2285 cum
2357 2229 2590 2285 evidenti
2621 2231 3051 2285 contradictione
3095 2230 3585 2287 Chalcedonensis
3613 2228 3803 2283 decreta

2200 2322 2414 2383 concilii
2440 2322 2751 2383 subvertere
2773 2323 3072 2391 niteretur;
3105 2321 3335 2395 obliqua
3363 2337 3517 2377 nunc
3538 2328 3594 2376 et
3614 2319 3799 2375 obtecta

2198 2418 2534 2488 malignitate
2581 2419 2898 2489 subrepens,
2952 2418 3174 2487 intelligi
3225 2434 3343 2473 non
3376 2429 3550 2488 posse
3600 2411 3803 2469 credidit

2199 2528 2312 2570 suae
2336 2513 2583 2569 factionis
2610 2511 2848 2568 insidias.
2873 2511 3082 2566 invenit
3112 2519 3301 2566 autem
3334 2510 3701 2567 desideratam
3723 2521 3798 2561 oc-

2200 2606 2473 2663 casionem
2521 2620 2588 2660 ex
2638 2604 2821 2659 furore
2872 2602 3232 2672 quorumdam
3288 2602 3393 2671 qui
3454 2600 3558 2656 sub
3606 2596 3797 2653 nomine

2198 2697 2504 2754 Christiano
2535 2698 2769 2754 latenter
2808 2697 2863 2752 in
2901 2694 3141 2752 Ecclesia
3171 2697 3388 2766 gentile
3434 2692 3682 2763 Origenis
3716 2688 3795 2744 do-

2199 2802 2322 2859 gma
2349 2797 2643 2846 sectantur.
2677 2788 2745 2844 Et
2766 2789 2897 2859 quia
2927 2803 3023 2858 per
3051 2788 3376 2843 instantiam
3408 2796 3518 2841 tua:
3543 2780 3793 2852 religionis

2199 2879 2445 2949 ejusdem
2474 2878 2687 2950 profani
2719 2877 2992 2949 dogmatis
3014 2876 3203 2932 iterata
3233 2876 3529 2932 damnatio
3559 2881 3658 2939 est,
3688 2870 3792 2925 hinc

2199 2971 2326 3041 ejus
2343 2980 2641 3027 sectatores
2669 2980 2987 3025 exarserunt
3008 2968 3273 3024 adversus
3304 2966 3639 3030 Ecclesiam,
3666 2975 3789 3034 quaa-

2200 3073 2382 3120 rentes
2407 3080 2527 3120 eam
2571 3078 2893 3136 quacunque
2932 3070 3157 3136 possent
3185 3063 3540 3119 immissione
3570 3058 3791 3115 turbare.

508 3166 692 3223 vocat,
732 3173 894 3237 quam
925 3153 1069 3226 quod
1096 3169 1219 3210 eum
1246 3153 1525 3224 proprium
1560 3151 1656 3206 Del
1677 3150 1869 3206 Filium
1896 3148 2094 3204 Paulus

2205 3155 2267 3210 Et
2296 3157 2399 3212 hoc
2419 3163 2601 3211 totum
2616 3154 2883 3226 publicam
2914 3154 3162 3209 notitiam
3192 3169 3302 3209 non
3337 3151 3552 3220 effugit,
3588 3162 3790 3237 praescr-

505 3248 761 3319 appellat.
794 3234 862 3301 Εἰ
889 3247 1011 3302 ideo
1039 3262 1146 3301 non
1169 3244 1312 3300 aliud
1333 3242 1627 3315 putandum
1657 3251 1741 3297 est
1768 3242 1929 3298 etiam
1953 3238 2097 3309 quod

506 3348 697 3397 sancta
725 3335 1179 3395 Chalcedonensis
1205 3335 1441 3410 synodus
1476 3334 1687 3390 beatam
1726 3333 1949 3387 Mariam
1972 3345 2099 3386 vere

506 3440 737 3488 matrem
765 3430 860 3487 Dei
887 3445 1006 3487 esse
1032 3428 1273 3487 confessa
1316 3434 1422 3493 est,
1465 3441 1627 3497 quam
1656 3423 1803 3496 quod
1832 3439 1949 3479 eam
1982 3423 2098 3494 ipse

508 3524 787 3582 confessus
808 3538 869 3580 es
888 3538 1016 3579 vere
1036 3530 1094 3578 et
1118 3521 1334 3593 preprie
1358 3528 1585 3575 matrem
1608 3518 1723 3573 Dei.
1755 3517 1908 3586 Quod
1936 3518 1981 3573 si
2011 3516 2099 3572 cui

513 3616 692 3671 minus
722 3618 825 3672 boc
850 3614 1075 3682 sufficit,
1095 3621 1151 3669 ct
1177 3612 1355 3667 adhuc
1383 3627 1503 3666 eam
1529 3626 1656 3667 vere
1685 3618 1745 3666 et
1765 3610 1981 3681 proprie
2001 3609 2099 3664 Dei

510 3715 741 3762 matrem
789 3705 1001 3762 dubitat
1052 3703 1351 3775 appellare,
1390 3702 1689 3773 pleniorem
1731 3701 1799 3757 de
1844 3700 1949 3756 hoc
1980 3702 2098 3771 ipso

508 3798 779 3855 rationem
832 3812 993 3868 quam
1025 3795 1249 3852 inferius
1292 3792 1577 3850 reddemus
1619 3800 1918 3866 exspectet.
1961 3793 2098 3860 Quia

508 3907 637 3948 vero
682 3890 841 3947 simul
867 3892 891 3923 ι
929 3886 1221 3946 secundum
1274 3884 1715 3942 Chalcedonense
1768 3869 2055 3941 concilium
2080 3925 2105 3951 ,ν

507 3983 669 4040 etiam
705 3983 760 4038 in
797 3980 1005 4038 duabus
1038 3978 1246 4035 naturis
1293 3976 1583 4033 Dominum
1614 3975 1797 4032 Iesum
1824 3976 2099 4032 Christum

508 4070 790 4133 confessus
814 4090 893 4142 es,
925 4074 1091 4146 ipsius
1130 4072 1345 4130 concilii
1369 4072 1680 4129 deﬁnitione
1715 4078 2048 4127 monstratur
2079 4088 2095 4126 :

508 4170 565 4226 in
600 4185 706 4241 qua
736 4170 924 4225 statuit
952 4183 1117 4224 unum
1169 4167 1525 4238 eamdemque
1564 4164 1859 4233 Christum,
1900 4165 2095 4220 Filium

508 4262 608 4319 Dei
632 4263 987 4334 unigenitum,
1028 4261 1082 4317 in
1112 4260 1317 4317 duabus
1344 4261 1568 4325 naturis,
1611 4260 1727 4316 sine
1755 4258 2093 4321 confusione,

507 4356 628 4413 sine
654 4355 1035 4422 conversione,
1071 4353 1188 4409 sine
1217 4352 1482 4408 divisione
1512 4359 1567 4406 et
1594 4351 1710 4407 sine
1755 4350 2099 4421 separatione

506 4462 628 4504 esse
648 4445 1012 4515 noscendum;
1043 4434 1307 4515 nusquam
1334 4452 1640 4499 naturarum
1670 4439 1968 4495 dill‘erentia
2000 4455 2099 4510 per

2200 3246 2295 3300 tim
2326 3261 2445 3301 cum
2476 3254 2533 3302 et
2552 3245 2884 3301 Domitianus
2914 3244 3235 3317 Aneyrensis
3268 3256 3292 3283 ι
3328 3243 3557 3315 quidem
3585 3234 3795 3297 civitatis

2200 3335 2483 3407 episcopus
2508 3335 2799 3406 provincia:
2827 3335 3014 3406 primae
3053 3334 3294 3400 Galatim,
3355 3333 3454 3404 qui
3503 3331 3605 3386 fuit
3646 3327 3790 3403 ipsius

2199 3426 2534 3498 Origeniante
2560 3427 2778 3483 bteresis
2803 3425 3121 3483 manifestus
3143 3436 3416 3490 assertor,
3446 3440 3546 3498 per
3574 3420 3785 3477 libellum

2200 3534 2361 3591 quem
2387 3518 2456 3573 ad
2502 3519 2873 3576 beatissimum
2913 3535 3106 3591 papam
3137 3519 3397 3589 Vigilium
3426 3517 3661 3588 scripsit,
3689 3513 3784 3568 Deo

2200 3618 2557 3680 extorquente
2586 3609 2861 3667 confessus
2898 3620 3000 3679 est,
3032 3610 3177 3681 quod
3207 3627 3327 3681 ejus
3366 3609 3660 3682 coutplices
3679 3603 3780 3659 Ori-

2199 3701 2437 3771 geniani,
2467 3718 2589 3758 cum
2619 3701 2864 3758 viderent
2902 3719 3011 3758 non
3040 3717 3100 3759 se
3147 3717 3309 3772 posse
3366 3700 3644 3775 proprium
3694 3694 3779 3748 do-

2200 3806 2321 3862 gnta
2348 3792 2663 3859 defendere,
2690 3808 2863 3863 neque
2892 3795 2991 3850 sibi
3020 3795 3315 3866 quidquam
3356 3794 3480 3865 spei
3518 3792 3588 3847 de
3612 3784 3780 3845 confli-

2200 3894 2289 3943 ctu
2316 3894 2542 3952 restarc,
2567 3885 2634 3941 ad
2653 3886 2909 3942 ultionem
2936 3902 3124 3943 eorum
3151 3902 3270 3957 qua:
3292 3895 3490 3942 contra
3519 3882 3783 3951 Origenent

2200 3990 2348 4050 gesta
2372 3988 2519 4047 sunt,
2571 3979 2687 4035 bmc
2740 3978 2996 4035 Ecclesia:
3045 3980 3301 4036 scandala
3362 3976 3774 4036 commoverunt.

2198 4071 2404 4127 Ilorum
2436 4071 2597 4141 igitur
2634 4071 2888 4126 satellitio
2919 4070 3142 4140 fungens
3184 4070 3643 4142 Eutychianorum
3668 4076 3763 4134 per-

2202 4166 2345 4232 ﬁdia,
2376 4181 2440 4221 ea
2470 4181 2590 4235 qua:
2620 4180 2718 4236 per
2781 4181 2841 4221 se
2880 4174 3070 4221 contra
3118 4165 3566 4221 Chalcedonense
3615 4154 3754 4215 conci

2200 4259 2329 4314 lium
2359 4257 2721 4329 nequidquam
2761 4272 2904 4327 saepe
2933 4265 3251 4323 tentaverat,
3286 4274 3388 4327 per
3432 4258 3578 4329 ipsos
3614 4252 3769 4307 laten-

2202 4356 2287 4404 ter
2325 4364 2576 4421 aggressa
2607 4357 2691 4405 est
2734 4349 2825 4419 qui
2867 4348 3022 4403 nobis
3046 4364 3152 4403 non
3207 4349 3536 4404 videbantur
3582 4346 3633 4400 in
3684 4339 3771 4395 hac

2201 4451 2357 4513 parte
2382 4442 2641 4513 suspecti.
2673 4440 2785 4496 Nec
2821 4449 3000 4496 tamen
3043 4448 3097 4496 et
3145 4440 3220 4495 illi
3250 4455 3501 4511 magnam
3529 4432 3766 4510 synodum

504 4538 771 4593 unitatem
806 4536 1023 4607 penitus
1046 4542 1342 4606 amputata,
1374 4533 1545 4604 magis
1580 4540 1761 4587 autem
1788 4532 1936 4587 salva
1966 4548 2094 4602 pro-
2121 4564 2174 4625 Β
2201 4532 2378 4603 palam
2431 4532 2827 4604 reprehendere
2872 4541 3359 4603 puesnmpserunt;
3409 4530 3579 4601 magis
3608 4534 3765 4624 autem

504 4629 739 4699 prietate
763 4629 1040 4698 utriusque
1066 4635 1290 4681 naturae.
1324 4622 1419 4679 llis
1440 4622 1602 4693 igitur
1629 4623 1883 4679 omnibus
1898 4623 2098 4694 proba—
2121 4612 2169 4625 ”
2199 4626 2301 4682 sub
2354 4626 2589 4695 quodam
2637 4624 2821 4680 colore
2868 4624 3218 4688 defensionis,
3260 4642 3423 4697 quam
3452 4634 3555 4681 tua:
3598 4612 3767 4692 pielali

508 4732 599 4777 tur
626 4719 895 4777 confessio
925 4719 1047 4776 lidei
1075 4726 1183 4775 tute
1207 4715 1387 4786 magni
1408 4715 1621 4771 concilii
1643 4717 1662 4749 ³
1692 4715 2095 4774 deﬁnitionibus

506 4827 833 4869 consonare.
865 4812 1097 4883 Propter
1135 4807 1283 4882 quod
1326 4806 1492 4864 etiam
1521 4824 1619 4863 nos
1658 4816 1713 4863 et
1739 4808 2096 4877 congratulati

505 4918 722 4975 semper
764 4901 882 4973 ejus
928 4900 1239 4959 rectitudini
1287 4914 1517 4970 sumus,
1570 4907 1627 4955 et
1672 4912 1779 4971 pro
1824 4915 1889 4956 ea
1917 4899 1986 4957 de
2041 4909 2097 4959 te

508 5190 521 5203 δ
575 5128 602 5161 ι
641 5121 725 5203 De
745 5136 863 5192 quo
878 5120 1193 5203 itermnlib.
1226 5138 1308 5203 tv,
1328 5135 1448 5203 cap.
1479 5120 1545 5203 4,
1566 5121 1673 5203 ubi
1699 5130 1756 5203 et
1801 5121 2096 5203 libeltihu-

458 5248 475 5267 π
499 5192 588 5267 jus
615 5194 782 5267 verba
824 5192 1187 5267 proferentur.
1232 5192 1409 5267 Quod
1440 5201 1620 5267 autem
1660 5194 1748 5249 hie
1792 5195 1985 5267 astruit
2022 5208 2093 5249 ex

501 5263 687 5320 libello
718 5262 1027 5329 Domitiani,
1058 5262 1289 5319 aﬂirmat
1315 5264 1477 5319 etiam
1519 5262 1798 5319 Liberatus
1826 5263 2089 5319 diaconus

501 5333 558 5389 in
608 5333 933 5402 Breviario:
979 5335 1227 5390 incensos
1270 5334 1522 5391 videlicet
1566 5334 1802 5389 danmati
1848 5332 2095 5402 ()eigenls

500 5404 692 5486 dolore
718 5401 1148 5487 Origenistasad
1182 5405 1342 5460 trium
1371 5404 1746 5487 capitulorum
1774 5401 2094 5487 damnatio-

501 5489 627 5545 nem
658 5473 933 5545 impulisse
957 5473 1351 5545 Justinianum;
1392 5473 1609 5545 dolique
1638 5475 1993 5545 architectum
2023 5489 2093 5528 ex

501 5491 627 5529 nem
658 5491 933 5545 tmpunsse
957 5491 1351 5541 Jusnntanum;
1392 5491 1499 5529 non
1544 5491 1609 5529 ne
1638 5491 1993 5528 arcnttecwm
2023 5491 2092 5528 ex

498 5544 694 5600 eadem
721 5553 867 5600 secta
906 5543 1069 5601 fuisse
1110 5544 1452 5601 Theodorum
1496 5491 1875 5614 gappadoeem
1912 5544 2092 5614 Caesa-

500 5614 741 5673 riensem
770 5614 1101 5687 episcopum,
1141 5618 1235 5686 qui
1281 5613 1594 5686 imperatori
1619 5613 1941 5685 suggerebat
1984 5613 2090 5671 hoc

574 5803 598 5840 ’
631 5802 766 5861 Cod.
796 5800 1022 5868 Veron,
1052 5798 1310 5857 similiter.

2201 4716 2616 4773 commendabat
2636 4714 2799 4772 fallax
2824 4734 3012 4774 eorum
3043 4720 3348 4790 promissio,
3383 4720 3549 4775 robur
3564 4713 3673 4782 ejus
3695 4709 3749 4761 iit

2202 4808 2417 4865 ﬁrmare
2443 4808 2623 4864 conati
2649 4816 2792 4863 sunt.
2841 4808 3126 4866 Jactabant
3174 4812 3340 4877 enim,
3396 4811 3535 4866 sicut
3583 4800 3770 4875 optime

2199 4902 2361 4969 nosti,
2386 4900 2533 4973 quod
2558 4917 2747 4959 omnes
2766 4900 3089 4975 Eutychiani
3112 4903 3458 4975 quidecretis
3478 4901 3591 4974 ejus
3614 4890 3762 4952 offen-

2201 5124 2364 5198 Ψοῌο
2394 5124 2477 5198 ad
2520 5125 2915 5196 suscipiendam
2981 5128 3243 5198 synodum
3287 5130 3761 5187 Chalcedonensem

2198 5193 2560 5271 Ecclesiceque
2588 5193 3026 5271 communionem
3056 5200 3243 5271 adduci
3275 5201 3573 5271 Aeepbalos
3594 5207 3749 5268 possc-

2196 5264 2365 5320 Editze
2394 5274 2519 5319 sunt
2544 5274 2668 5335 post
2712 5266 2973 5337 synodum
3022 5285 3055 5323 v
3093 5264 3509 5327 Graeco-Latina:
3535 5264 3606 5325 de'
3626 5275 3760 5337 utro;

2196 5348 2301 5402 que
2327 5328 2643 5405 argumento
2683 5328 2926 5406 epistola:
2953 5340 3071 5394 duze
3098 5339 3409 5397 Justiniani.
3450 5338 3641 5397 Prioris
3672 5328 3755 5406 gad-

2196 5404 2941 5481 versns'Origeneminitium
2973 5418 3077 5477 est,
3125 5421 3261 5481 Ἡμῖν
3299 5417 3386 5481 μὲν
3433 5417 3509 5469 ἀεὶ
3535 5404 3747 5481 σπευδήῇ

2197 5473 2365 5551 Nobis
2395 5473 2593 5551 semper
2620 5478 2795 5551 studio
2818 5480 2949 5551 fuit;
2981 5473 3307 5551 posterioris
3323 5484 3389 5539 de
3418 5484 3581 5538 tribus
3606 5473 3752 5551 Capi;

2194 5546 2319 5602 tulis
2369 5540 2569 5611 Εὶδόσέες
2597 5553 2663 5611 ὡς
2693 5540 2835 5607 οζδέίι
2856 5540 3011 5618 οὕτλιιῖ,
3036 5550 3269 5608 Scientes
3292 5555 3430 5625 quod
3454 5551 3581 5609 nihil
3604 5540 3748 5603 aliitd.

2283 5795 2466 5853 *ldem
2492 5795 2638 5863 cod.,
2678 5796 2884 5855 concilii
2916 5798 3371 5858 Chalcedonensis;
