4060 6364
326 263 417 321 33
697 286 731 303 κ

1268 258 1410 317 PRO
1449 252 1869 318 DEFENSIONE
1906 255 2123 315 TRIUM
2165 256 2478 317 CAPITUL.
2522 258 2649 315 IZIB.

3510 258 3615 321 53.1

277 370 530 447 duntur,
561 377 1026 435 communicarent
1053 374 1331 443 Ecclesim,
1353 376 1398 431 si
1422 375 1651 446 epistola
1680 388 1909 431 venera-
1938 374 1983 433 A
2013 372 2129 428 haec
2164 371 2382 441 quidem
2412 373 2552 429 dicta
2595 372 2705 428 sint
2753 372 2822 429 ad
2851 372 3274 431 satisfactionem
3303 390 3501 435 eorum
3523 380 3629 452 qui-

278 476 432 534 [silis
457 474 560 529 lbte
582 470 837 528 Edesseni
860 469 1103 541 episcopi
1132 468 1200 524 ad
1222 467 1409 524 Marim
1435 465 1654 523 Persam
1684 466 1904 536 scripta,

281 584 470 639 quam
521 564 774 638 praedicta
821 560 1078 634 synodus,
1136 574 1261 616 cum
1311 575 1412 631 pro
1462 574 1526 614 ea
1576 565 1909 614 memoratus

284 660 430 715 lhas
451 666 702 727 tanquam
728 653 1019 725 injuriosns
1061 653 1115 707 in
1142 652 1359 707 beatum
1388 650 1646 724 Cyrillum
1678 665 1904 706 accusa-

285 764 476 813 retur,
528 747 899 819 pronuntiavit
944 744 1334 811 orthodoxam,
1383 744 1735 800 damnaretur
1785 744 1906 812 qui-

283 843 428 896 dem
459 850 519 897 ut
554 840 891 904 Nestoriana,
939 837 1035 893 sed
1063 836 1362 909 approbata
1410 836 1575 891 fuisse
1618 851 1650 890 a
1696 834 1906 907 synodo

283 942 614 1003 negaretur.
668 930 785 987 iioc
840 938 1061 999 agentes
1111 937 1308 995 astute,
1353 937 1414 983 ut
1455 927 1581 982 dum
1609 929 1822 984 nescios
1851 935 1908 982 et

285 1018 521 1095 ignaros
549 1024 833 1089 advocant,
865 1022 1011 1092 quod
1049 1036 1147 1092 per
1177 1019 1366 1076 falsam
1408 1028 1463 1076 et
1499 1018 1904 1090 impudentissi-

284 1136 446 1175 mam
474 1119 827 1189 negationem
864 1115 1078 1171 defendi
1132 1113 1378 1187 synodus
1418 1114 1613 1185 possit,
1645 1129 1905 1184 qutccun-

285 1204 411 1282 qr‘te
451 1210 733 1266 mendacia
787 1206 1109 1280 Eutychiani
1165 1208 1219 1262 in
1281 1206 1703 1278 reprehensione
1739 1205 1907 1276 ipsius

286 1303 547 1377 cpistola:
574 1302 862 1368 dietarent,
906 1301 1121 1355 nemine
1160 1299 1273 1369 jam
1312 1299 1619 1363 resistente,
1668 1298 1754 1353 vel
1780 1298 1906 1354 hinc

289 1402 602 1464 satagente,
642 1394 941 1449 scriberent
969 1399 1301 1457 nostrorum,
1332 1392 1478 1463 quod
1520 1391 1674 1446 valde
1716 1390 1907 1459 lugen-

291 1487 431 1543 dum
462 1494 561 1551 est,
592 1485 1081 1556 subscriptionibus
1111 1483 1429 1540 affirmanda
1465 1501 1480 1537 :
1512 1490 1569 1538 ut
1600 1499 1723 1540 cum
1752 1490 1906 1554 post-

303 1595 411 1647 ea,
462 1579 608 1650 quod
656 1578 969 1634 facillimum
1027 1585 1147 1633 erat
1204 1578 1221 1610 ¹
1253 1577 1368 1633 sola
1408 1584 1684 1645 gestorum
1724 1577 1905 1647 prola-

294 1671 471 1737 tione,
500 1678 749 1741 suscepta
779 1669 943 1726 fuisse
982 1670 1050 1725 ab
1079 1669 1171 1725 illo
1210 1670 1443 1726 concilio
1483 1678 1897 1736 monstraretur,

2011 480 2137 519 cum
2166 479 2290 519 eam
2332 465 2711 520 necessitatem
2764 466 3037 535 ignorent,
3092 466 3257 523 etiam
3299 483 3363 524 ea
3393 484 3514 540 qua:
3537 471 3621 528 di-

2009 566 2205 613 cuntur
2245 557 2424 612 minus
2466 557 2754 626 vigilanter
2808 560 3109 615 attendunt.
3166 558 3621 632 Intelligentiores

2010 653 2193 701 autem
2223 646 2465 717 profecto
2493 656 2850 715 cognoscent,
2898 649 3028 720 quid
3058 657 3123 705 et
3141 648 3443 710 defensioni
3481 669 3625 724 pra:-

2008 740 2178 795 sentis
2206 754 2388 794 causa:
2409 736 2660 810 proficiat
2707 739 2949 795 defensio
2989 739 3130 806 fidei,
3177 757 3299 811 qua:
3328 744 3460 799 mihi
3490 761 3616 800 cum

2009 841 2099 889 tua
2130 832 2337 902 pietate
2362 831 2665 887 communis
2692 839 2795 886 est.
2834 831 2893 887 Si
2951 831 3099 887 enim
3143 834 3448 903 probavero
3493 849 3618 891 eam

2008 931 2158 978 recte
2196 938 2261 978 ac
2288 922 2588 993 prudenter
2611 921 2948 979 Nestorianis
2987 922 3444 997 Eutycbianisque
3482 927 3619 989 resi-

2008 1026 2196 1091 stere,_
2236 1031 2400 1087 quam
2450 1031 2614 1086 supra
2664 1015 2776 1086 jam
2835 1015 3119 1073 docuimus
3157 1032 3366 1087 magna:
3420 1018 3615 1091 synodi

2004 1088 2464 1165 Chalcédonensis
2500 1107 2903 1164 definitionibus
2939 1109 3252 1176 convenire,
3301 1088 3466 1170 nimis
3513 1113 3615 1168 δὺο

2005 1201 2226 1257 surdum
2279 1200 2550 1256 videbitur
2599 1207 2659 1255 ut
2714 1198 3037 1255 Nestoriana
3086 1199 3341 1260 credatur
3383 1201 3618 1272 epistola

2005 1307 2168 1365 quam
2199 1292 2289 1347 illa
2320 1291 2557 1364 synodus
2586 1290 2941 1362 approbavit,
2964 1306 3085 1362 quae
3130 1292 3261 1361 ipsis
3286 1292 3398 1351 suis
3420 1291 3615 1347 defini-

2006 1384 2245 1440 tionibus
2271 1382 2715 1440 Nestorianorum
2743 1382 2972 1439 fallacia:
3003 1393 3115 1439 tam
3154 1383 3386 1441 solerter
3425 1400 3615 1440 occur-

2006 1477 2096 1532 rit.
2139 1475 2344 1533 Deinde
2371 1491 2497 1533 cum
2526 1484 2753 1547 propter
2784 1476 2900 1532 htec
2929 1492 3073 1547 eam,
3104 1477 3191 1534 vel
3239 1478 3293 1534 in
3343 1479 3614 1535 sententia

2004 1582 2169 1639 super
2197 1567 2424 1638 epistola
2450 1566 2558 1623 iba:
2578 1567 2811 1639 prolata,
2843 1569 2931 1625 vel
2959 1569 3011 1625 in
3041 1569 3252 1625 caeteris
3288 1569 3414 1625 hinc
3444 1577 3612 1638 atque

2007 1659 2138 1715 inde
2180 1657 2488 1715 Nestoriani
2534 1668 2591 1715 et
2617 1658 2939 1731 Eutychiani
2979 1661 3409 1727 calumnientur,
3438 1661 3614 1717 ontnis

295 1762 374 1818 nil
402 1762 511 1832 jam
542 1737 870 1833 superesset,
901 1761 1045 1831 quod
1095 1760 1446 1833 Eutychianis
1485 1762 1553 1818 de
1580 1762 1903 1819 Nestoriano
1936 1737 1979 1798 Β
2008 1765 2198 1808 eorum
2218 1765 2358 1807 vana
2383 1749 2477 1807 fiet
2499 1751 2751 1819 intentio,
2779 1758 2836 1808 et
2882 1751 3080 1809 frustra
3126 1767 3186 1807 se
3226 1752 3476 1813 laborare
3522 1767 3605 1807 co‘

292 1860 555 1929 dogmate
583 1874 800 1930 semper
828 1858 959 1913 illud
999 1857 1388 1915 infamantibus
1427 1861 1757 1932 respondere
1786 1876 1909 1932 pos-

294 1967 482 2008 semus
518 1954 560 2005 ’³.
598 1950 693 2008 llis
747 1951 912 2022 igitur
958 1952 1034 2007 ita
1090 1952 1459 2010 fraudulenter
1503 1955 1808 2025 agentibus,
1841 1971 1906 2013 ac

296 2045 485 2100 nescio
513 2060 673 2116 quam
702 2044 1144 2115 promittentibus
1173 2047 1457 2111 unitatem,
1486 2061 1627 2118 quae,
1664 2048 1709 2103 si
1740 2048 1903 2104 etiam

295 2143 635 2205 sequeretur,
665 2132 911 2191 confusio
945 2135 1128 2207 potius
1155 2136 1380 2192 dicenda
1406 2146 1556 2206 erat,
1590 2138 1719 2194 illud
1748 2154 1907 2196 exse-

296 2226 561 2282 crandum
609 2227 1050 2299 horrendumque
1095 2243 1415 2287 concessum
1459 2238 1562 2295 est,
1593 2238 1654 2286 ut
1679 2232 1906 2303 epistola

296 2335 463 2390 quam
484 2319 744 2376 sanctiilli
756 2320 1094 2376 venerabiles
1106 2319 1294 2378 Patres
1320 2322 1679 2379 orthodoxam
1706 2324 1907 2395 proba-

299 2416 513 2477 verunt,
546 2426 654 2466 non
677 2412 794 2467 sola
815 2411 1028 2480 saltem,
1049 2410 1144 2467 sed
1168 2427 1292 2469 cum
1315 2414 1427 2470 suis
1448 2414 1906 2489 approbatoribus

301 2509 449 2557 esset
492 2502 949 2558 anathematizata
990 2502 1031 2557 ³.
1068 2501 1137 2558 Et
1173 2503 1294 2560 ideo
1324 2513 1435 2559 tam
1462 2505 1681 2561 nefaria:
1709 2522 1906 2563 occur-

297 2610 459 2649 surus
472 2595 728 2660 audaciae,
752 2595 1007 2666 quoniam
1028 2596 1159 2654 satis
1177 2597 1415 2666 ipsorum
1441 2597 1906 2672 Eutycbianorum

299 2688 745 2745 consuetudinem
796 2688 1057 2746 habemus
1103 2700 1404 2760 expertam,
1454 2690 1599 2763 quod
1654 2693 1908 2748 omnibus

301 2797 404 2852 pro
422 2781 650 2836 veritate
675 2780 775 2836 sibi
805 2783 1181 2840 resistentibus
1211 2784 1659 2842 Nestor-ianorum
1698 2788 1905 2843 crimen

303 2872 621 2942 imponant,
648 2871 805 2928 fidem
841 2888 1017 2929 meam
1059 2874 1320 2945 imprimis
1347 2892 1511 2946 quam
1535 2877 1603 2933 de
1627 2876 1906 2933 salutifera

304 2962 680 3018 incarnatione
721 2962 932 3018 Domini
961 2963 1134 3019 nostri
1161 2963 1289 3020 Jesu
1316 2963 1519 3022 Christi
1565 2975 1747 3034 teneo,
1794 2982 1904 3021 non

302 3056 476 3109 solum
500 3054 736 3125 simplici
760 3053 783 3086 ⁸
823 3070 1074 3111 sermone
1118 3057 1349 3131 aperire,
1380 3058 1524 3127 quod
1555 3059 1607 3113 in
1638 3066 1743 3113 tua:
1772 3073 1906 3114 con-

2006 1851 2287 1913 gnoscent,
2318 1844 2365 1900 si
2403 1859 2525 1900 cum
2568 1842 2728 1899 ﬁdem
2773 1851 3014 1901 nostram
3055 1845 3367 1911 asserimus,
3398 1844 3477 1905 illi
3507 1843 3606 1899 dc-

2008 1944 2159 1993 ereta
2188 1937 2356 2007 ipsius
2403 1936 2599 2009 synodi
2628 1936 2863 1994 viderint
2910 1937 3244 2003 confirmari,
3292 1952 3392 2007 pro
3419 1936 3616 2006 quibus

2007 2026 2343 2085 infirmandis
2390 2027 2569 2085 fallaci
2614 2037 2672 2086 et
2722 2029 2885 2098 longe
2948 2029 3179 2087 circuitu
3235 2028 3613 2089 auctoritatem

2008 2120 2129 2191 ejus
2155 2122 2211 2176 in
2259 2121 2379 2176 aliis
2426 2119 2638 2177 auferre
2679 2128 2963 2176 conantur.
3006 2119 3273 2187 Quoniam
3302 2119 3465 2188 igitur
3490 2134 3614 2174 cum

2008 2212 2302 2277 defensori,
2350 2220 2463 2267 tum
2511 2212 2679 2268 etiam
2730 2227 2908 2271 causa:
2938 2211 3260 2277 defensioni,
3300 2210 3615 2282 propositus

2009 2305 2144 2362 ordo
2172 2303 2446 2371 conducit,
2474 2305 2578 2359 tria
2606 2321 2726 2376 quae
2750 2305 2994 2376 superius
3032 2312 3454 2366 commemorata
3483 2312 3610 2359 sunt

2008 2397 2251 2453 breviter
2305 2398 2361 2453 in
2407 2398 2515 2453 hoc
2544 2398 2821 2454 volumine
2876 2397 3250 2455 defendemus.
3282 2396 3425 2465 Quid
3470 2396 3615 2453 enim

2008 2501 2110 2542 nos
2161 2494 2352 2541 contra
2396 2485 2793 2543 calumniantes
2856 2485 3223 2559 Eutychianos
3278 2483 3616 2551 manifestius

2007 2576 2206 2649 probat
2254 2593 2284 2633 a
2336 2575 2549 2634 fallacia
2600 2577 3046 2640 Nestorianorum
3103 2579 3319 2649 penitus
3372 2578 3611 2643 alienos,

2008 2685 2174 2740 quam
2197 2671 2244 2726 si
2272 2669 2380 2726 duo
2402 2671 2518 2727 hanc
2548 2685 2873 2738 asset-anius,
2918 2670 2972 2729 id
3017 2680 3122 2740 est,
3151 2687 3317 2735 unum
3346 2670 3414 2733 de
3440 2669 3616 2725 Trini-

2010 2771 2125 2819 tate
2149 2780 2250 2834 pro
2274 2764 2434 2821 nobis
2458 2763 2796 2832 crucifixum,
2846 2773 2903 2820 et
2926 2764 3141 2821 beatam
3191 2764 3415 2827 Mariam
3465 2772 3615 2820 recte

2007 2855 2193 2911 vocari
2216 2863 2271 2911 et
2294 2870 2425 2912 vere
2449 2862 2505 2911 et
2546 2856 2767 2926 proprie
2808 2862 3037 2910 matrem
3070 2855 3201 2919 Dei?
3231 2854 3329 2915 Vel
3352 2854 3481 2925 quid
3510 2871 3611 2910 nos

2010 2945 2141 3001 item
2168 2952 2359 3002 contra
2408 2944 2803 3003 calumniantes
2841 2944 3192 3009 Nestorianos
3222 2945 3289 3001 ab
3330 2944 3615 3017 Eutychia.

2013 3054 2207 3096 norum
2259 3037 2532 3095 discordia
2580 3037 2792 3108 longius
2837 3037 3029 3093 abesse
3056 3036 3420 3103 demonstret,
3452 3052 3614 3106 quant

302 3145 552 3201 fessionis
581 3122 972 3217 approbatione
995 3146 1107 3217 jam
1139 3122 1265 3216 feci,
1287 3122 1577 3206 scd-etiam
1607 3150 1905 3207 documen-
1932 3122 1978 3186 ί)
2010 3138 2071 3189 ιιι
2110 3129 2242 3187 mild
2271 3146 2492 3201 (ιυοίιυθ
2522 3132 2743 3191 lenium
2772 3138 3096 3199 θδῑτυθωυεν
3148 3131 3274 3201 (illiil
3320 3130 3461 3193 idem
3512 3130 3614 3185 δυ’

304 3239 377 3293 tis
397 3240 712 3295 necessariis
742 3239 1035 3305 affirmare,
1058 3248 1220 3313 atque
1246 3242 1508 3300 adversus
1529 3245 1909 3315 impugnantes

303 3329 595 3387 defendere
633 3332 800 3387 statui
829 3351 840 3385 :
875 3341 935 3387 ut
964 3348 1152 3388 eorum
1183 3334 1483 3390 calumnias
1521 3344 1721 3405 quanta
1751 3336 1910 3393 valeo

304 3422 734 3479 manifestatione
787 3425 1033 3480 veritatis
1097 3426 1294 3481 evitem
1321 3465 1338 3489 ,
1406 3440 1638 3497 quorum
1690 3426 1910 3484 fraudes

304 3514 687 3584 mendaciaque
711 3514 988 3587 detegere,
1020 3524 1077 3573 et
1105 3533 1320 3575 errores
1349 3520 1609 3591 proposui
1637 3521 1903 3579 refutare.

302 3604 360 3668 Id
389 3615 565 3663 autem
618 3606 780 3677 facio,
814 3625 882 3665 ne
930 3610 1143 3666 animos
1190 3627 1533 3684 quorumque
1581 3614 1904 3685 simplicium

299 3696 391 3765 qui
420 3712 521 3754 nos
551 3697 821 3767 ignorant,
854 3700 1026 3756 nostri
1058 3702 1294 3758 nominis
1326 3703 1700 3772 infamatione,
1735 3722 1765 3762 a
1808 3722 1903 3763 ve-

302 3787 459 3843 ritate
491 3790 831 3859 agnoscenda
854 3807 1017 3863 quam
1048 3794 1369 3865 insinuaturi
1393 3812 1594 3865 sumus,
1630 3808 1901 3857 avertant.

303 3877 431 3934 Nam
461 3889 515 3937 et
549 3881 655 3938 hoc
683 3883 819 3939 bene
863 3894 1202 3957 compertum
1250 3898 1354 3953 est,
1385 3888 1531 3958 quod
1584 3906 1693 3945 non
1723 3891 1900 3948 solum

302 3969 622 4046 Eutychiani
652 3974 719 4030 de
749 3991 843 4031 sua
875 3977 1115 4035 vanitate
1139 3980 1375 4036 convicti
1406 3980 1778 4051 Nestorianos,
1817 4001 1903 4041 ve-

302 4079 415 4119 rum
442 4066 605 4121 etiam
636 4066 738 4137 ipsi
768 4066 1074 4125 Nestoriani
1102 4086 1239 4142 quos
1279 4089 1386 4127 non
1418 4075 1596 4130 minus
1627 4075 1901 4145 redarguit

304 4152 419 4209 fidei
450 4163 647 4211 nostra:
669 4157 933 4223 defensio,
963 4167 1187 4217 econtra
1212 4177 1310 4217 nos
1332 4162 1399 4218 de
1428 4162 1763 4237 Eutychiana
1790 4166 1901 4221 ha:-

302 4248 400 4303 resi
429 4249 799 4305 criminantur.
834 4249 899 4307 Et
950 4252 1077 4308 licet
1130 4255 1231 4310 ista
1284 4271 1387 4312 nec
1450 4273 1893 4328 cxpavcscantus,

303 4352 398 4394 nec
450 4341 604 4409 quasi
659 4357 799 4397 nova
848 4343 1143 4412 miremur,
1188 4347 1446 4416 quoniam
1485 4348 1565 4404 sic
1606 4349 1896 4420 aliquando

302 4429 457 4485 etiam
487 4440 672 4501 patres
719 4442 936 4490 nostros
982 4435 1167 4492 Ariani
1207 4438 1357 4493 velut
1398 4439 1758 4509 Sabellianos,
1802 4442 1897 4498 Sa-

300 4518 506 4576 belliani
537 4538 668 4577 vero
690 4525 839 4579 velut
866 4524 1097 4583 Arianos
1142 4530 1480 4586 mendaciter
1520 4532 1851 4588 infamabant
1875 4575 1891 4599 ,
1928 4514 1974 4573 Ῑ)

301 4622 510 4683 oportet
534 4630 634 4671 nos
655 4624 857 4683 tamen,
888 4619 1029 4674 sicut
1052 4631 1238 4677 monet
1259 4624 1552 4694 Apostolus
1581 4626 1760 4699 (Rom.
1793 4645 1886 4695 κη,

304 4707 408 4775 17),
439 4708 725 4778 providere
752 4711 918 4779 bona,
964 4728 1073 4767 non
1116 4722 1324 4769 tantum
1372 4731 1556 4772 coram
1611 4718 1744 4785 Deo,
1796 4719 1892 4776 sed

302 4798 457 4851 etiam
486 4814 667 4853 coram
697 4802 947 4858 omnibtts
988 4804 1316 4870 hominibus,
1363 4809 1772 4865 criminationes
1799 4811 1893 4866 de—

304 4889 643 4959 trahentium,
674 4896 972 4963 praesertim
1014 4896 1067 4953 in
1096 4913 1256 4955 causa
1296 4899 1444 4970 fidei,
1472 4903 1790 4972 praevenire.
1827 4903 1893 4958 Et

366 5117 392 5146 "
435 5104 699 5190 Unnmde
726 5113 989 5190 Trinitate
1036 5116 1351 5190 crucifixum
1380 5118 1577 5190 quibus
1626 5119 1728 5176 dici
1783 5135 1889 5176 non

298 5177 558 5252 placebat,
586 5182 641 5261 id
670 5186 904 5261 maxime
934 5188 1271 5261 Spectabant,
1308 5205 1374 5242 ne
1395 5177 1727 5247 divinitatem
1759 5206 1891 5261 pas-

300 5265 406 5328 sam
436 5266 556 5307 cum
586 5252 934 5328 Eutychianis
962 5252 1143 5312 dicere
1172 5258 1501 5316 viderentur.
1544 5262 1646 5315 Alii
1675 5252 1885 5328 coritra,

302 5320 983 5408 utJoanneshMaxentius,
1034 5329 1261 5408 eos_qui
1317 5345 1478 5384 unam
1510 5330 1579 5408 de
1628 5320 1889 5408 Trinitate

299 5406 576 5462 personant
607 5394 872 5471 dicerent,
918 5400 969 5452 in
1009 5394 1367 5468 suspicionem
1417 5402 1702 5470 vocabant,
1734 5404 1885 5471 quasi

300 5471 537 5532 quartam
567 5482 688 5521 cum
720 5466 970 5526 Nestorio
1001 5466 1286 5540 personant
1333 5471 1663 5527 inducerent.
1691 5466 1883 5529 'Ciele-

366 5656 377 5684 ¹
418 5652 556 5713 Cod.
578 5653 740 5720 γον..
768 5662 865 5709 est.

364 5727 380 5756 ¹
419 5723 563 5778 hient
605 5725 748 5795 cud.,
779 5726 1058 5795 possimus.

362 5797 379 5825 ³
418 5795 563 5850 idem
593 5794 739 5864 cod.,
767 5798 1061 5851 nummum.

2012 3220 2190 3278 minus
2213 3230 2398 3281 noster
2432 3220 2589 3279 Jesus
2631 3220 2879 3278 Christus
2916 3223 2973 3279 in
3004 3222 3213 3287 duabus
3246 3222 3477 3289 naturis,
3510 3223 3614 3279 hoc

2011 3318 2094 3373 est
2121 3312 2174 3369 in
2203 3311 2484 3371 divinitate
2511 3320 2675 3384 atque
2698 3313 3036 3369 humanitate
3060 3312 3332 3385 perfectus
3360 3314 3478 3373 est?

2629 3448 2863 3507 CAPUT
2910 3449 3000 3506 lli.

2014 3567 2163 3634 Quod
2189 3583 2320 3625 unus
2343 3567 2407 3621 de
2429 3565 2682 3621 Trinitate
2715 3581 2896 3635 passus
2935 3573 3117 3620 contra
3149 3563 3486 3624 Nrsforianos
3522 3583 3612 3635 cp-

2080 3641 2183 3692 tius
2207 3640 2430 3703 dicatur,
2459 3653 2736 3708 quomiuna
2765 3639 2828 3690 de
2869 3636 3118 3691 Trinitate
3144 3654 3384 3708 prrsona.
3420 3635 3610 3691 Perso-

2077 3726 2261 3763 narum
2287 3724 2471 3762 nomen
2492 3710 2547 3762 in
2595 3707 2846 3762 Trinitate
2892 3707 3113 3764 Sabelfii
3146 3707 3313 3763 'causa
3361 3709 3609 3777 usurpari

2077 3791 2334 3852 emptum;
2368 3793 2417 3835 et
2439 3781 2501 3835 de
2522 3781 2775 3850 baptismo
2804 3782 2865 3835 in
2891 3780 3104 3835 nomine
3132 3778 3345 3845 Domini
3362 3778 3511 3835 Jeau.

2075 3893 2222 3950 Sane
2252 3891 2541 3950 tacendum
2571 3908 2681 3949 non
2724 3892 2961 3949 arbitror
2981 3892 3132 3963 quod
3178 3892 3287 3948 sint
3324 3892 3490 3948 etiam
3522 3906 3612 3946 ca-

2001 3985 2189 4042 tholici
2228 3993 2255 4023 σι
2293 3984 2405 4054 qui,
2439 3984 2582 4040 sicut
2609 3983 2901 4051 credimus,
2944 3983 3251 4041 nescientes
3288 3984 3395 4039 hoc
3420 3990 3550 4038 ante
3580 3984 3601 4013 δ
3634 4005 3654 4036 ιε

2001 4083 2300 4131 memorata
2329 4075 2541 4147 synodo
2568 4076 2970 4145 confirmatum,
3001 4074 3277 4146 superﬂua
3301 4082 3494 4130 contra
3537 4073 3608 4129 de

2000 4167 2167 4222 verbo
2198 4166 2573 4224 contendant:
2618 4165 2745 4235 quia
2795 4165 3010 4221 videtur
3039 4165 3119 4221 eis
3146 4164 3296 4235 quod
3346 4164 3453 4220 dici
3501 4180 3610 4221 non

1999 4260 2196 4317 debeat
2224 4274 2390 4313 unum
2418 4258 2487 4314 de
2516 4258 2782 4314 Trinitate
2818 4273 2919 4329 pro
2942 4257 3100 4314 nobis
3138 4257 3482 4324 crucifixum,
3515 4257 3609 4312 scd

1997 4349 2177 4421 potius
2205 4363 2365 4405 unam
2393 4348 2463 4405 de
2492 4347 2759 4403 Trinitate
2787 4362 3103 4419 personam.
3150 4346 3264 4405 llos
3311 4360 3443 4415 ergo
3493 4353 3609 4407 tan-

1998 4458 2161 4514 quam
2186 4442 2523 4514 propinquos
2558 4441 2712 4512 prius
2757 4441 2914 4497 nobis
2963 4440 3176 4497 sociare
3222 4439 3503 4508 debemus,
3550 4449 3610 4495 ut

2000 4535 2102 4604 ipsi
2147 4548 2367 4605 quoque
2396 4533 2678 4590 nobiscum
2725 4534 2869 4589 hanc
2919 4531 3316 4591 confessionem
3367 4539 3610 4596 teneant,

1999 4627 2053 4681 in
2085 4642 2191 4697 qua
2238 4641 2348 4682 non
2388 4634 2589 4698 potest,
2631 4626 2771 4682 sicut
2800 4626 3075 4698 plerisque
3100 4625 3315 4683 videtur
3337 4625 3380 4691 ⁸,
3413 4623 3610 4682 Nesto-

2000 4717 2275 4773 rianorum
2304 4717 2463 4779 dolus
2504 4718 2765 4775 abscondi
2790 4736 2804 4772 :
2839 4733 2909 4774 ne
2934 4732 3058 4773 cum
3082 4718 3319 4783 inaniter
3346 4717 3414 4774 de
3443 4717 3607 4775 verbo

2004 4813 2367 4881 contendunt,
2396 4814 2478 4869 rei
2507 4813 2938 4870 controversiam
2979 4814 3156 4870 minus
3183 4812 3492 4869 examinate
3514 4812 3601 4867 det

1999 4903 2205 4962 finiant.
2239 4905 2373 4961 Nam
2402 4921 2526 4962 cum
2566 4906 2854 4964 Dominum
2910 4916 3157 4965 nostrum
3209 4906 3400 4965 Jesum
3447 4906 3606 4962 Chrio

2000 5138 2120 5176 rum
2172 5121 2260 5195 pie
2286 5131 2572 5195 recteque
2619 5132 2927 5195 utrumque,
2971 5134 3134 5195 atque
3173 5141 3283 5180 uno
3311 5133 3365 5181 et
3411 5127 3601 5185 eodem

1999 5207 2161 5247 sensu
2190 5192 2319 5259 dici,
2359 5192 2518 5265 docet
2540 5211 2662 5250 cum
2702 5192 2957 5251 Facundo
2986 5192 3229 5264 ejusdem
3259 5197 3359 5250 α)νί
3389 5200 3594 5265 gentis-

1997 5278 2103 5334 que
2143 5274 2336 5319 auctor
2364 5264 2670 5323 Ferrandus
2711 5266 2972 5322 diaconus
3025 5264 3489 5334 Carthaginiensis
3542 5271 3597 5327 in

1996 5333 2225 5403 epistola
2255 5334 2335 5404 ad,
2350 5334 2659 5390 Anatolium
2687 5336 2974 5393 diaconum
3006 5333 3343 5404 Romanum;
3389 5348 3445 5395 ct
3472 5352 3597 5396 ante

1996 5414 2283 5480 utrumque
2309 5403 2547 5480 Joannes
2593 5404 2638 5459 ll
2667 5422 2804 5480 papa
2849 5408 2902 5461 in
2932 5406 3163 5477 epistola
3202 5406 3269 5463 ad
3306 5403 3596 5480 Avienum,

1995 5474 2334 5542 Senato’rcm,
2361 5475 2629 5532 Liberium
2651 5474 2706 5531 et
2735 5474 2889 5533 alios.

2066 5661 2085 5732 ἦ
2124 5661 2269 5732 idem
2302 5662 2446 5726 col,
2480 5662 2800 5732 simpliciter.

2070 5730 2092 5762 ⁵
2125 5730 2264 5787 idem
2294 5733 2437 5797 cod.,
2470 5750 2501 5785 α
2530 5730 2647 5787 Ιοόω
2675 5744 2811 5788 (nite.

2071 5804 2091 5833 ⁸
2124 5801 2181 5860 in
2213 5804 2403 5861 eodem
2433 5803 2552 5861 cod.
2585 5804 2736 5860 deest
2767 5807 2821 5862 τὸ
2853 5807 3071 5863 ridctur.
