4060 6364
578 256 703 321 553‘-

1644 265 1942 323 FACUNDI
1977 266 2191 324 EPISC.
2234 265 2730 324 HERMIKNENSIS
3765 261 3845 323 536

577 392 717 437 stum
767 397 846 438 sic
873 384 1193 454 perliibeant
1219 396 1379 435 unam
1406 395 1526 436 esse
1573 379 1642 436 de
1689 381 1952 436 Trinitate
1973 396 2162 452 perso-
2189 385 2241 444 Α
2270 377 2560 449 Evangelio
2589 378 2812 448 exponit
2837 377 2996 432 verba
3028 375 3250 433 Domini
3278 374 3523 431 dicentis
3548 394 3562 432 :
3586 377 3646 432 Si
3663 380 3763 451 quis
3791 399 3847 436 n-

577 489 724 538 naas,
773 485 832 528 ut
872 484 927 530 et
954 476 1044 530 Dei
1092 474 1491 529 subsistentiam
1521 489 1681 527 unam
1711 489 1832 528 esse
1858 490 1965 528 non
1994 473 2164 529 dene-

576 576 719 634 gent,
754 582 872 638 qua:
901 575 1211 622 naturarum
1229 566 1576 633 adunatione,
1601 565 1653 620 id
1681 575 1762 620 est
1782 565 2080 620 divinitatis
2108 573 2166 620 et

575 659 939 720 humanitatis,
987 658 1216 725 existat;
1267 658 1516 713 eumdem
1549 673 1670 712 esse
1711 657 1953 712 dicentes
1995 655 2163 711 Deum

573 767 732 822 quem
761 751 1051 817 hominem,
1084 765 1184 806 nec
1225 751 1382 806 aliter
1429 751 1622 816 Deum,
1665 750 1830 806 aliter
1866 751 2162 815 hominem,

571 841 662 898 sed
691 851 748 898 et
789 842 893 898 hoc
935 851 991 898 et
1016 843 1146 898 illud
1187 844 1450 906 similiter,
1511 844 1562 897 id
1617 852 1702 898 est
1729 843 2066 910 naturaliter,
2097 845 2165 899 de

571 934 734 990 verbo
754 935 1085 991 contendere
1107 937 1236 991 mihi
1265 936 1532 991 videntur.
1567 935 1844 1005 Siquidem
1869 935 1972 990 hoc
1999 936 2162 989 etiam

551 1040 950 1082 isuosermone
971 1026 1364 1082 demonstrant.
1394 1027 1450 1081 Si
1493 1027 1640 1082 enim
1676 1026 1939 1092 dicamus,
1967 1026 2161 1096 inquit,

553 1099 733 1172 iunum
765 1116 835 1173 de
872 1115 1138 1172 Trinitate
1168 1133 1267 1187 pro
1307 1118 1464 1173 nobis
1491 1118 1825 1184 cruciﬁxum,
1856 1119 1898 1174 si
1929 1117 2048 1188 quis
2078 1119 2164 1172 in-

569 1217 808 1279 terroget
833 1209 962 1278 quid
1006 1226 1169 1264 unum
1199 1209 1460 1278 dicamus,
1485 1227 1590 1265 non
1616 1226 1903 1281 possumus
1933 1225 2163 1280 respon-

568 1303 696 1358 dere
725 1302 894 1357 Deum
923 1311 1015 1357 aut
1043 1302 1236 1358 Filium
1257 1343 1276 1368 ,
1316 1304 1440 1372 quia
1471 1319 1575 1359 non
1620 1313 1728 1358 tres
1751 1312 1876 1358 sunt
1904 1304 1962 1357 in
1980 1302 2163 1357 Trini-

567 1402 681 1448 tate
710 1393 783 1448 dii
824 1394 909 1449 vel
951 1391 1065 1462 ﬁlii,
1094 1409 1161 1449 ex
1187 1394 1378 1465 quibus
1407 1411 1545 1450 unus
1580 1393 1868 1450 cruciﬁxus
1897 1394 2110 1449 dicatur
2144 1411 2157 1447 :

569 1494 624 1542 et
647 1487 767 1542 ideo
795 1495 942 1543 recte
971 1487 1196 1543 dicimus
1235 1504 1396 1543 unam
1427 1487 1495 1543 de
1542 1488 1805 1542 Trinitate
1847 1487 2160 1543 crucil'rxam

567 1592 681 1633 esse
711 1593 1021 1648 personam,
1070 1579 1323 1650 quoniam
1355 1587 1466 1634 tres
1496 1587 1621 1633 sunt
1652 1580 1704 1632 in
1735 1578 1996 1634 Trinitate
2027 1594 2154 1648 pcr-

565 1685 729 1737 senm,
763 1686 831 1726 ex
861 1672 1054 1741 quibus
1093 1688 1201 1727 una
1222 1671 1476 1727 cruciﬁxa
1522 1672 1749 1727 dicatur.
1785 1673 1855 1726 At
1900 1674 2012 1727 hinc
2051 1689 2160 1728 non

2268 473 2348 537 tit,
2384 471 2554 525 veniat
2574 470 2644 524 ad
2666 487 2766 534 me,
2794 480 2843 523 et
2870 469 3029 523 bibat.
3058 467 3154 532 Qui
3181 468 3365 522 credit
3393 468 3450 520 in
3477 485 3575 531 nte,
3607 471 3728 524 sicut
3747 474 3845 528 dicit

2271 563 2571 634 Scriptura,
2601 563 2819 632 ﬂumina
2849 563 2912 615 de
2954 570 3128 615 t'entre
3179 562 3308 632 ejus
3353 560 3524 629 (luent
3554 578 3696 629 aqua:
3732 566 3843 618 vita.

2269 655 2367 710 Ubi
2419 656 2736 712 subsecutus
2780 655 2978 725 adjecit
3006 673 3018 708 ε
3050 653 3166 709 Hoc
3196 663 3388 708 autent
3431 653 3635 708 dicebat
3679 655 3734 710 de
3757 658 3847 724 Sp:

2265 750 2387 815 ritu,
2421 765 2570 819 quem
2598 747 2856 818 accepturi
2884 755 3034 800 erant
3067 747 3350 802 credentes
3381 747 3440 799 in
3471 763 3608 799 eunt.
3639 745 3846 804 Nondum

2265 843 2402 895 enim
2437 850 2549 894 erat
2581 840 2806 909 Spiritus
2834 839 3009 906 datus,
3056 841 3176 909 quia
3223 837 3257 891 .1
3268 854 3398 892 esus
3447 838 3678 894 nondum
3714 843 3847 910 [item

2266 934 2592 1004 gloriﬁcatus
2617 931 2798 1005 (Joan.
2835 947 2929 996 vn,
2960 931 3081 1000 '57).
3107 931 3164 986 ln
3216 931 3504 1000 sanguine
3530 947 3656 986 vero
3691 932 3846 989 Filium

2267 1025 2598 1094 signiﬁcans,
2640 1025 2894 1096 quoniam
2928 1024 3041 1095 ipse
3080 1038 3147 1078 ex
3195 1031 3408 1078 sancta
3438 1021 3698 1078 Trinitate
3737 1040 3848 1080 com-

2266 1119 2564 1174 municavit
2607 1119 2760 1174 carni
2785 1127 2842 1172 et
2867 1117 3136 1186 sanguini.
3176 1114 3310 1172 Non
3364 1129 3506 1184 ergo
3545 1116 3619 1169 ait
3653 1114 3846 1175 Joannes

2266 1212 2542 1282 apostolus
2572 1211 2798 1281 loquens
2826 1209 2896 1266 de
2937 1210 3097 1267 Patre
3133 1218 3189 1266 et
3234 1209 3388 1264 Filio
3440 1218 3498 1264 et
3529 1208 3719 1281 Spiritu
3742 1227 3840 1268 sau-

2265 1314 2377 1371 cto,
2401 1314 2510 1362 tres
2535 1313 2661 1360 sunt
2683 1319 2930 1376 persona:
2944 1319 3064 1375 quzc
3093 1303 3472 1359 testiﬁcantur
3502 1303 3561 1358 in
3587 1311 3742 1370 terra,
3762 1306 3843 1366 spi-

2265 1399 2420 1464 ritus,
2453 1413 2592 1468 aqua
2623 1406 2680 1454 et
2724 1398 2962 1467 sanguis,
3003 1405 3059 1454 et
3089 1397 3146 1453 hi
3176 1406 3298 1453 tres
3329 1414 3508 1453 unum
3538 1402 3719 1454 sunt'.
3741 1398 3848 1466 Quid

2265 1506 2395 1561 ergo
2424 1507 2521 1562 pro
2549 1489 2757 1546 Joanne
2812 1491 3143 1562 respondent
3183 1491 3498 1562 apostolo!
3551 1491 3651 1558 Qui
3678 1493 3842 1546 suntbi

2267 1595 2400 1653 tres,
2428 1585 2520 1654 qui
2551 1585 2603 1640 in
2635 1594 2777 1640 terra
2810 1584 3104 1650 testiﬁcari,
3135 1592 3191 1640 et
3218 1583 3321 1654 qui
3356 1599 3531 1639 unum
3555 1597 3670 1638 esse
3695 1583 3841 1638 dicun«

2267 1679 2390 1732 tur?
2426 1694 2552 1732 num
2581 1678 2692 1732 dii?
2725 1693 2851 1733 num
2902 1677 3118 1747 patres?
3174 1691 3314 1731 nutu
3372 1675 3499 1742 ﬁlii,
3542 1683 3634 1730 aut
3666 1675 3843 1744 spiritus

564 1764 829 1832 generalis
860 1773 945 1820 est
986 1766 1238 1834 loquendi
1267 1767 1472 1834 regula,
1521 1766 1615 1820 sed
1663 1765 1908 1834 quaedam
1947 1768 2158 1836 privata
2193 1770 2234 1827 Β
2266 1771 2474 1823 sancti?
2505 1769 2620 1824 Non
2663 1770 2867 1838 utique,
2901 1768 2996 1824 sed
3028 1769 3080 1823 hi
3116 1776 3252 1832 tres,
3280 1765 3478 1830 Pater,
3511 1775 3571 1821 et
3614 1765 3780 1831 Filius,
3799 1775 3839 1821 et

563 1855 669 1922 lex,
695 1871 857 1926 quam
901 1857 1002 1912 sibi
1053 1873 1149 1912 sua
1203 1859 1554 1913 contentione
1608 1857 1874 1913 fecerunt.
1917 1859 2049 1912 Nam
2104 1859 2159 1914 in

565 1956 773 2001 tantum
799 1962 1020 2004 necesse
1049 1965 1157 2003 non
1187 1957 1270 2003 est
1311 1957 1418 2004 tres
1448 1949 1672 2018 intelligi
1713 1948 1851 2004 deos
1876 1959 1968 2002 aut
1997 1948 2157 2014 ﬁlios,

563 2040 607 2093 si
639 2056 778 2096 unus
801 2041 868 2095 de
892 2041 1156 2098 Trinitate
1192 2040 1482 2098 cruciﬁxus
1507 2043 1749 2108 dicatur;
1783 2052 1842 2097 nt
1871 2044 1942 2096 ita
1973 2043 2023 2096 in
2054 2041 2160 2096 Ge-

563 2130 677 2184 nesi
725 2131 1056 2187 scriberetur
1102 2151 1115 2185 :
1172 2132 1306 2187 Ecce
1350 2135 1518 2204 factus
1566 2145 1645 2188 est
1691 2135 1860 2188 Adam
1906 2152 2037 2188 unus
2092 2150 2158 2187 ea:

562 2219 707 2274 nobis
735 2219 892 2288 (Gen.
928 2239 1018 2291 ιιι,
1046 2222 1160 2293 22).
1206 2225 1358 2290 Quod
1385 2226 1572 2294 utique
1604 2241 1710 2280 non
1742 2241 1808 2280 ex
1839 2225 2005 2281 solius
2035 2240 2159 2296 per-

561 2327 695 2366 sona
719 2312 913 2377 Patris,
940 2330 1116 2385 neque
1147 2330 1215 2370 ex
1234 2316 1401 2370 solius
1424 2316 1564 2379 Filii,
1593 2318 1676 2370 \‘el
1703 2316 1813 2386 ενι.
1830 2318 1934 2370 itus
1958 2317 2155 2382 sancti,

561 2406 761 2461 dictum
793 2406 1087 2477 accipitur;
1118 2407 1212 2462 sed
1242 2415 1354 2462 tota
1403 2410 1518 2478 ipsa
1559 2408 1811 2473 Trinitas,
1846 2409 1898 2462 id
1943 2417 2025 2463 est
2055 2407 2159 2463 Pa-

561 2504 661 2562 ter,
694 2506 749 2551 et
777 2497 966 2564 Filius,
1000 2508 1055 2554 et
1083 2498 1315 2570 Spiritus
1358 2508 1596 2566 sanctus,
1627 2501 1736 2556 illic
1766 2501 2040 2556 inducitur
2076 2502 2156 2556 lo-

561 2589 686 2657 qui;
719 2587 845 2643 ideo
881 2588 1162 2658 pluraliter
1184 2607 1249 2645 ea:
1288 2590 1436 2645 nobis
1463 2592 1667 2645 dictum
1713 2599 1816 2646 est.
1849 2590 1957 2647 Cur
1998 2592 2158 2661 igitur

559 2697 666 2737 non
699 2681 770 2736 ibi
796 2680 1076 2753 Scriptura
1107 2683 1257 2750 dicit,
1304 2683 1440 2739 Ecce
1486 2684 1661 2740 factus
1709 2693 1792 2740 est
1839 2685 2010 2739 Adam
2050 2701 2155 2740 una

560 2789 791 2847 persona
858 2790 928 2830 ex
994 2775 1190 2830 nostris
1247 2776 1511 2845 personis,
1598 2775 1692 2831 sed
1736 2778 1957 2846 potius,
2018 2776 2158 2831 Ecce

559 2871 729 2941 factus
775 2877 853 2923 est
906 2867 1078 2922 Adam
1133 2885 1266 2923 unus
1322 2886 1386 2922 ea:
1448 2871 1632 2924 nobis?
1695 2871 1951 2940 Nunquid
2015 2889 2155 2928 unus

559 2962 702 3018 Deus
731 2978 801 3018 ex
848 2962 1023 3027 nobis,
1079 2963 1234 3033 quasi
1289 2977 1355 3017 ex
1404 2965 1620 3018 tribus?
1665 2972 1760 3018 aut
1809 2981 1948 3020 unus
1995 2966 2157 3021 Pater

559 3071 623 3109 ex
656 3056 847 3124 nobis,
887 3056 1040 3126 quasi
1105 3071 1174 3110 ex
1241 3056 1414 3113 tribus
1469 3057 1810 3128 patribus“?
1865 3068 1959 3114 aut
2016 3076 2154 3115 unus

560 3148 722 3206 Filius
754 3191 771 3218 ,
830 3150 917 3206 vel
980 3150 1212 3221 Spiritus
1284 3160 1506 3206 sanctus
1581 3167 1648 3206 ex
1729 3153 1929 3217 nobis,
1997 3155 2155 3223 quasi

560 3260 626 3299 ex
707 3243 878 3299 tribus
929 3243 1049 3298 ﬁliis
1083 3282 1098 3308 ,
1165 3243 1252 3298 vel
1325 3245 1602 3313 spiritibus
1689 3246 1949 3299 sanctis?
2021 3245 2154 3312 Quis

559 3338 662 3392 hoc
717 3337 805 3392 vel
870 3337 1088 3392 insanus
1150 3337 1375 3391 dixit‘?
1439 3337 1625 3392 Nullus
1683 3345 1866 3393 autem
1913 3339 1979 3394 de
2030 3339 2153 3394 Tri-

560 3432 729 3484 nitate
766 3429 957 3484 melius
985 3427 1135 3499 loqui
1163 3436 1361 3501 potest,
1393 3444 1553 3498 quam
1586 3431 1701 3502 ipsa
1755 3431 1824 3486 de
1874 3448 1934 3487 se
1975 3433 2152 3488 locuta

562 3529 643 3574 est
672 3519 925 3575 Trinitas.
955 3521 1072 3575 Non
1102 3535 1230 3590 ergo
1259 3521 1502 3590 sequitur
1529 3529 1606 3588 ut,
1638 3537 1760 3578 cum
1797 3523 1990 3578 dicitur
2018 3541 2156 3580 unus

562 3610 630 3664 de
660 3609 922 3666 Trinitate
950 3610 1207 3666 Dominus
1235 3609 1390 3666 Jesus
1418 3611 1680 3680 Christus,
1707 3631 1842 3670 unus
1871 3615 2032 3678 Deus.
2062 3625 2156 3671 aut

561 3716 700 3755 unus
729 3699 894 3757 Filius
923 3702 1272 3757 subaudiatur
1301 3717 1368 3758 ex
1398 3703 1568 3760 tribus
1590 3705 1691 3760 diis
1719 3714 1813 3761 aut
1841 3706 1982 3763 ﬁliis.
2022 3709 2156 3764 Tres

561 3803 743 3850 tamen
771 3803 915 3863 sunt,
949 3795 1127 3864 Pater,
1158 3806 1214 3853 et
1247 3797 1433 3866 Filius,
1467 3809 1524 3854 et
1553 3800 1786 3871 Spiritus
1813 3811 2054 3870 sanctus,
2085 3820 2155 3861 ex

559 3887 757 3958 quibus
805 3902 946 3943 unus
993 3896 1141 3944 recte
1168 3889 1365 3946 dicitur
1391 3889 1653 3948 Dominus
1695 3891 1850 3949 J'esus
1890 3894 2151 3950 Christus.

559 3978 693 4033 Nam
722 3986 779 4035 et
803 3976 1041 4035 Joannes
1068 3982 1346 4050 apostolus
1394 3980 1448 4037 in
1477 3981 1716 4053 Epistola
1761 3999 1858 4040 sua
1887 3985 1954 4040 de
1994 3985 2156 4042 Patre

561 4079 616 4126 et
641 4070 777 4128 Filio
805 4078 860 4127 et
886 4070 1092 4143 Spiritu
1134 4082 1324 4130 sancto
1355 4075 1432 4130 sic
1459 4075 1588 4132 dicit
1613 4093 1625 4129 :
1653 4075 1778 4131 Tres
1815 4085 1936 4131 sunt
1965 4078 2052 4146 qui
2079 4085 2156 4132 te-

557 4165 857 4219 stimonium
879 4165 1010 4219 dant
1038 4167 1092 4220 in
1122 4173 1281 4232 terra,
1323 4169 1553 4237 spiritus,
1586 4186 1742 4240 aqua,
1765 4178 1814 4223 et
1842 4171 2078 4240 sanguis,
2107 4178 2157 4223 et

556 4257 614 4311 lii
648 4265 762 4312 tres.
785 4273 944 4312 unum
988 4267 1109 4313 sunt
1137 4257 1191 4330 (Ι
1210 4258 1370 4314 Joan.
1397 4275 1451 4325 γ,
1484 4260 1539 4329 7)
1568 4278 1580 4312 :
1608 4260 1660 4314 in
1713 4261 1905 4331 spiritu
1953 4259 2157 4328 signiﬁ-

557 4365 690 4406 cans
715 4349 952 4421 Patrem,
981 4353 1127 4408 sicut
1154 4352 1412 4408 Dominus
1442 4353 1655 4408 mulieri
1693 4352 2047 4408 Samaritana:
2070 4368 2156 4407 se-

557 4440 794 4497 cundum
816 4442 984 4512 ipsius
1011 4441 1234 4500 Joannis
1263 4442 1607 4512 Evangelium
1638 4445 1898 4513 loquitur,
1922 4443 2152 4509 dicens;

559 4532 722 4588 Crede
750 4534 899 4603 milii,
941 4537 1062 4605 quia
1091 4537 1256 4589 veniet
1281 4536 1410 4590 hora
1438 4537 1643 4607 quando
1687 4553 1846 4604 neque
1883 4537 1938 4590 in
1981 4545 2155 4590 monte
2189 4575 2235 4633 υ

559 4625 680 4693 hoc,
719 4641 880 4693 neque
920 4627 978 4679 in
1013 4625 1399 4697 Hierosolymis.
1436 4627 1720 4682 adorabitis
1763 4628 1990 4682 Patrem.
2050 4628 2151 4684 Vos

559 4717 796 4771 adoratis
839 4717 977 4788 quod
1023 4718 1251 4784 nescitis,
1285 4734 1379 4772 nos
1423 4719 1707 4773 adoramus
1746 4720 1885 4791 quod
1921 4721 2110 4776 scimus
2135 4738 2154 4777 :

559 4809 682 4878 quia
702 4807 844 4862 salus
867 4825 932 4863 ex
958 4808 1162 4864 Judwis
1203 4819 1299 4864 est.
1332 4810 1440 4865 Sed
1465 4812 1600 4865 venit
1627 4812 1775 4876 liora,
1817 4822 1866 4867 et
1892 4831 2028 4867 nunc
2056 4825 2154 4884 est,

560 4901 771 4969 quando
794 4903 900 4956 veri
921 4902 1225 4957 adoratores
1254 4903 1547 4958 adorabunt
1576 4901 1788 4959 Patrem
1823 4906 1878 4960 in
1901 4907 2085 4976 spiritu
2107 4914 2155 4962 et

560 4993 774 5048 veritate
793 5009 813 5048 :
842 5011 964 5048 nam
993 5004 1044 5048 et
1071 4995 1232 5050 Pater
1274 4998 1405 5052 tales
1430 4999 1610 5070 quaerit
1643 4999 1728 5071 qui
1770 4998 1990 5053 adorent
2017 5015 2151 5052 eum.

561 5081 791 5155 Spiritus
820 5095 898 5141 est
925 5087 1088 5155 Deus,
1122 5097 1170 5144 et
1198 5107 1283 5145 eos
1325 5095 1412 5164 qui
1450 5091 1673 5146 adorant
1702 5109 1837 5156 eum,
1875 5094 1928 5147 in
1969 5093 2155 5163 spiritu

561 5183 611 5229 et
627 5178 838 5232 veritate
864 5189 1064 5251 Oportet
1086 5181 1308 5236 adorare
1328 5180 1508 5253 (Joan.
1535 5199 1603 5248 tv,
1634 5181 1746 5253 21).
1781 5183 1836 5237 1η
1860 5199 1999 5254 aqua
2021 5199 2154 5239 vero

561 5267 818 5342 Spiritum
869 5282 1113 5331 sanctum
1160 5275 1491 5346 signiﬁcans,
1539 5276 1675 5332 sicut
1733 5276 1784 5331 in
1823 5277 2018 5332 eodem
2060 5289 2159 5332 suo

635 5487 666 5518 ι
699 5478 881 5549 Forte,
911 5499 976 5536 ea:
1009 5485 1168 5540 tribus
1198 5487 1320 5542 diis.

637 5643 653 5673 ‘
693 5639 830 5696 Cod.
864 5641 1088 5710 Veron.,
1119 5642 1334 5700 dixerit.

635 5715 658 5745 ²
681 5711 827 5768 Idem
857 5713 1001 5776 cod.,
1058 5722 1106 5767 et
1155 5714 1236 5768 ha:
1292 5724 1394 5769 tres
1424 5730 1583 5769 unum
1610 5722 1767 5779 sunt;
1797 5711 1892 5768 sed
1924 5711 2029 5769 hoc
2056 5726 2157 5782 po-

565 5785 693 5848 tius,
743 5791 853 5839 tres
898 5793 1023 5838 sunt
1063 5783 1207 5857 (qui),
1241 5786 1584 5855 testiﬁcantur
1621 5787 1675 5839 in
1712 5794 1882 5857 terra,
1923 5785 2158 5854 spiritus,

570 5872 706 5926 aqua
733 5864 781 5911 et
803 5857 1036 5928 sanguis,
1074 5855 1126 5914 et
1155 5856 1210 5911 lii
1239 5866 1339 5912 tres
1367 5873 1525 5912 unum
1553 5865 1689 5913 sunt.
1719 5855 1862 5922 Quid
1879 5873 2020 5928 ergo,
2046 5864 2149 5914 etc.

2263 1858 2496 1928 Spiritus
2521 1867 2740 1914 sanctus
2761 1868 2912 1927 sunt,
2933 1859 3220 1914 tamenetsi
3253 1873 3375 1912 non
3409 1857 3681 1912 invenitur
3713 1874 3841 1911 unum

2266 1966 2484 2016 nomen,
2537 1949 2684 2019 quod
2736 1950 2805 2005 de
2857 1950 3106 2005 omnibus
3154 1949 3543 2004 communiter
3587 1949 3837 2005 masculino

2262 2057 2460 2112 genere
2489 2043 2830 2113 przedicetur.
2861 2044 3002 2098 sicut
3043 2041 3423 2098 communiter
3459 2041 3530 2096 de
3569 2040 3668 2095 illis
3691 2056 3835 2109 perso-

2264 2151 2345 2188 ιιω
2377 2135 2733 2200 pmdicantur
2755 2149 2953 2204 genere
2990 2133 3276 2191 feminino.
3314 2135 3432 2189 Aut
3457 2134 3504 2188 si
3532 2133 3739 2189 forsitan
3759 2133 3834 2202 ipsi

2263 2229 2352 2298 qni
2381 2229 2447 2282 de
2468 2228 2634 2283 verbo
2661 2227 3017 2297 contendunt,
3050 2228 3102 2282 in
3125 2243 3192 2283 eo
3217 2227 3374 2297 quod
3397 2226 3538 2281 dixit
3564 2247 3577 2279 :
3605 2225 3645 2280 Τ
3647 2243 3720 2280 res
3743 2234 3832 2279 sunt

2261 2323 2348 2392 qui
2379 2322 2720 2391 testiﬁcantur
2747 2323 2801 2374 in
2825 2330 2984 2386 terra,
3015 2321 3251 2388 spiritus,
3287 2337 3440 2392 aqua
3485 2329 3536 2374 et
3565 2320 3775 2388 sanguis,
3799 2329 3832 2370 et

2261 2415 2313 2466 lii
2343 2423 2444 2468 tres
2479 2430 2638 2466 unum
2685 2422 2825 2477 sunt,
2871 2411 3188 2468 Trinitatem
3227 2427 3357 2482 qua:
3405 2427 3549 2466 unus
3587 2410 3715 2466 Deus
3752 2417 3829 2470 est,

2262 2506 2454 2560 nolunt
2509 2505 2754 2574 intelligi,
2805 2504 3104 2561 secundum
3142 2506 3260 2575 ipsa
3313 2505 3489 2559 verba
3531 2518 3648 2572 qua:
3690 2500 3830 2570 posuit

2260 2613 2360 2668 pro
2398 2598 2645 2669 apostolo
2677 2598 2886 2655 Joanne
2923 2599 3316 2669 respondeant.
3348 2596 3606 2666 Nunquid
3651 2596 3700 2650 hi
3725 2601 3826 2659 tres,

2260 2689 2351 2759 qui
2393 2688 2446 2742 in
2496 2696 2638 2743 terra
2665 2687 2943 2743 testiﬁcari
2987 2698 3043 2744 et
3070 2688 3162 2758 qui
3204 2704 3379 2741 unum
3427 2702 3550 2742 esse
3597 2684 3825 2743 dicuntur,

2260 2789 2491 2850 possunt
2518 2780 2758 2851 spiritus,
2789 2790 2883 2835 aut
2907 2796 3080 2850 aquae,
3103 2788 3195 2835 aut
3223 2780 3526 2849 sanguines
3554 2779 3684 2833 dici?
3709 2773 3826 2844 Quod

2260 2883 2437 2930 tamen
2461 2873 2684 2930 Joannis
2707 2875 2938 2946 apostoli
2959 2874 3331 2944 testimonium
3357 2873 3554 2928 beatus
3574 2869 3832 2941 Cyprianus

2257 2966 2714 3035 Carthaginiensis
2755 2966 2982 3022 antistes
3028 2975 3083 3021 et
3125 2976 3338 3037 martyr
3381 2965 3441 3020 in
3483 2961 3700 3037 epistola
3739 2959 3830 3013 sive

2258 3061 2398 3116 libro
2426 3077 2588 3132 quem
2624 3061 2694 3116 de
2739 3059 3004 3114 Trinitate
3025 3059 3044 3090 ³
3068 3060 3310 3129 scripsit,
3343 3058 3414 3114 de
3446 3060 3606 3113 Patre
3646 3063 3696 3110 et
3721 3052 3825 3107 Filia

2257 3164 2312 3210 et
2333 3154 2535 3225 Spiritu
2572 3162 2761 3210 sancto
2783 3153 2984 3208 dictum
3009 3152 3281 3220 intelligit.
3305 3151 3398 3205 Ait
3423 3150 3567 3206 enim
3591 3153 3723 3214 (tam.
3742 3143 3820 3213 ll):

2266 3269 2284 3300 ι
2325 3249 2460 3303 Dicit
2489 3249 2768 3312 Dominus,
2806 3247 2920 3318 Ego
2943 3255 2996 3300 et
3025 3246 3183 3300 Pater
3212 3263 3378 3300 unum
3405 3261 3584 3299 sumus
3607 3241 3823 3314 (10am,

2258 3338 2385 3409 50);
2437 3346 2492 3395 et
2521 3340 2715 3394 iterum
2745 3338 2814 3394 de
2844 3336 3006 3392 Patre
3049 3346 3104 3392 et
3133 3336 3274 3391 Filio
3323 3347 3384 3392 et
3425 3336 3626 3406 Spiritu
3669 3337 3816 3386 sancto

2257 3433 2513 3502 scriptum
2558 3440 2661 3498 est,
2708 3440 2757 3484 et
2787 3431 2836 3483 lii
2869 3438 2972 3484 tres
3001 3445 3160 3483 unum
3207 3439 3332 3483 sunt
3361 3426 3416 3500 (I
3443 3426 3602 3481 Joan.
3639 3439 3689 3489 v,
3716 3421 3813 3487 7).I

2259 3525 2492 3580 Proinde
2532 3524 2880 3581 considerare
2908 3523 3108 3578 debent
3134 3523 3224 3593 qui
3255 3523 3553 3578 verborum
3600 3510 3815 3585 captioni-

2257 3618 2357 3672 bus
2386 3630 2720 3688 supervacue
2745 3614 2984 3681 student,
3029 3615 3154 3683 quia
3203 3629 3314 3667 non
3359 3610 3522 3667 simul
3560 3617 3614 3664 et
3639 3603 3816 3672 conjun-

2259 3718 2345 3765 cte
2373 3709 2600 3763 dicimus
2629 3723 2794 3762 unum
2823 3706 3016 3762 Filium
3047 3721 3112 3760 ex
3145 3704 3418 3760 Trinitate
3446 3699 3756 3759 cruciﬁxum.
3777 3698 3815 3744 ut

2261 3809 2370 3854 tres
2396 3808 2489 3853 aut
2509 3799 2645 3854 duos
2675 3797 2813 3853 ﬁlios
2842 3796 3098 3852 inducere
3129 3795 3444 3861 videamur;
3477 3793 3568 3850 sed
3597 3790 3729 3862 prius
3752 3783 3812 3836 di-

2257 3902 2460 3956 centes,
2501 3890 2648 3963 quod
2678 3905 2871 3960 magna
2916 3889 3153 3960 synodus
3192 3887 3556 3955 conlirmavit,
3589 3893 3734 3937 unum
3763 3888 3814 3928 es

2259 3982 2518 4037 Trinitate
2565 3983 2923 4043 incarnatutn,
2963 3979 3051 4035 vel
3095 3994 3338 4050 passum,
3377 3977 3468 4034 vel
3521 3968 3813 4031 cruciﬁxum.

2260 4087 2380 4126 cum
2425 4071 2740 4139 interrogati
2768 4070 3049 4137 fuerimus,
3098 4085 3258 4139 quem
3305 4085 3473 4124 unum
3501 4065 3566 4120 de
3595 4058 3814 4116 Trinitate

2257 4163 2524 4228 dicamus,
2572 4171 2723 4218 recte
2769 4150 2959 4232 postea
3017 4159 3432 4231 respondemus,
3483 4155 3684 4211 Filium.
3721 4143 3813 4200 Non

2258 4268 2440 4312 autem
2478 4265 2625 4313 recte
2661 4256 2824 4312 simul
2861 4253 3174 4310 diceretur“
3205 4269 3347 4311 unus
3392 4252 3532 4306 ﬁlius
3575 4262 3638 4303 ex
3674 4236 3814 4298 Triui-

2261 4360 2372 4407 tate
2401 4354 2729 4416 incarnatus,
2757 4358 2850 4406 ant
2880 4365 3088 4421 passus,
3121 4356 3215 4403 aut
3239 4347 3564 4405 cruciﬁxus.
3590 4336 3688 4394 Sed
3726 4344 3809 4387 ιιοη

2259 4457 2342 4501 est
2379 4461 2720 4516 consequens
2770 4451 2833 4498 ut
2867 4459 2987 4514 qua:
3037 4442 3194 4499 simul
3233 4457 3343 4496 non
3396 4447 3544 4495 recte
3579 4433 3806 4524 dicuntur.

2261 4538 2423 4591 etiam
2446 4514 2754 4605 singillatim
2783 4551 2892 4591 non
2922 4543 3071 4590 recte
3101 4533 3372 4589 dicantur.
3403 4530 3480 4586 Ac
3520 4541 3584 4582 ne
3610 4524 3701 4579 hoc
3724 4514 3808 4569 dis-

2259 4630 2513 4686 simulent
2544 4628 2867 4697 intelligere,
2893 4635 2987 4682 aut
3012 4625 3243 4683 fortasse
3270 4641 3380 4680 non
3410 4620 3628 4694 possint,
3653 4608 3809 4665 verbo-

2259 4738 2378 4778 rum
2435 4735 2656 4774 suorum
2711 4720 2795 4774 vel
2862 4720 3257 4774 convincuntur
3311 4716 3399 4771 vel
3462 4706 3805 4767 admoneamur

2260 4816 2529 4883 exemplo.
2581 4812 2714 4868 Nam
2755 4820 2810 4866 et
2854 4811 2982 4882 ipsi,
3023 4826 3148 4866 cum
3190 4816 3337 4864 recte
3381 4806 3560 4862 dicant
3592 4798 3807 4888 unatnfx

2261 4875 2523 4961 Triniiate
2550 4919 2840 4976 personam
2875 4875 3211 4964 cruciﬁxum,
3263 4896 3554 4956 secundum
3581 4881 3708 4984 quod
3734 4875 3804 4984 illi

2259 4998 2424 5053 etiam
2443 4997 2528 5052 vir
2555 4997 2748 5051 beatus
2775 5003 2830 5051 et
2858 4994 3120 5050 doctrinae
3149 4989 3476 5047 admirabilis
3503 4981 3803 5051 Augustinus,

2258 5091 2312 5145 in
2343 5106 2506 5162 opere
2533 5090 2679 5161 quod
2715 5089 2932 5160 scripsit
2961 5088 3031 5144 de
3067 5084 3540 5144 Prmdestinatione
3580 5081 3630 5130 et
3653 5075 3802 5143 9⁸1⁵⁵⁸⁸

2262 5184 2504 5238 verantia
2535 5189 2868 5248 sanctorum,
2900 5180 3063 5237 docet
3084 5181 3105 5212 ⁸
3132 5199 3144 5234 :
3178 5199 3195 5232 ι
3225 5177 3425 5234 Fidelis
3453 5169 3617 5245 quiin
3650 5175 3708 5216 co
3732 5167 3802 5207 νε·

2266 5291 2383 5331 ram
2424 5282 2674 5332 naturam
2717 5275 2890 5334 credit
2930 5283 2988 5334 et
3020 5272 3308 5335 conﬁtetur
3331 5251 3700 5327 humanam;id
3737 5249 3799 5302 ⁸³⁸

2341 5643 2361 5675 ³
2387 5643 2530 5700 idem
2571 5643 2723 5711 cod.,
2754 5644 2818 5698 de
2850 5643 3080 5699 Unitate.
3113 5641 3258 5697 Sane
3303 5636 3516 5711 ilLlihro
3540 5629 3600 5711 de
3624 5622 3798 5682 Ηιιίιαω

2265 5711 2515 5770 Ecclesia:
2537 5715 2700 5769 verba
2711 5702 2973 5782 leguntur
3005 5729 3127 5785 qua:
3154 5711 3321 5770 refert
3347 5702 3633 5768 Facundum

2341 5787 2363 5818 ⁸
2385 5786 2528 5841 Idem
2557 5786 2704 5854 cod.,
2734 5786 2941 5842 dicitur.

2338 5859 2359 5891 '
2377 5857 2522 5914 ldcm
2560 5857 2704 5923 cod.,
2749 5857 2891 5912 dicit.
