4060 6364
271 286 385 342 557

1200 294 1337 353 PRO
1360 294 1780 354 DEFENSIONE
1817 293 2038 353 TRIUM
2075 296 2396 356 CAPITUL.
2437 293 2635 354 1.18.1.

273 414 545 471 linstram,
562 405 804 476 quamvis
823 404 1170 476 singulariter
1187 411 1516 480 suscipiente
1539 410 1651 466 Deo
1669 409 1868 477 Verbo,
1900 414 1951 474 Α
1975 408 2136 466 debet
2176 418 2235 465 ut
2263 426 2402 466 unus
2443 426 2512 466 ex
2541 407 2825 476 Trinitate,
2856 407 2941 466 vel
2981 406 3051 463 de
3082 404 3366 476 Trinitate,
3395 404 3575 461 cruci-

274 495 336 552 in
367 498 586 554 unicum
619 497 711 552 Dei
741 498 932 553 Filium
963 499 1306 556 sublimatam
1334 521 1346 557 :
1379 503 1451 558 ita
1485 505 1657 572 utqui
1684 518 1870 559 susce-

277 584 387 662 pit,
423 597 478 646 et
505 590 651 661 quod
689 591 947 661 suscepit.
1004 605 1108 647 una
1151 603 1294 650 esset
1341 596 1393 651 in
1432 595 1699 652 Trinitate
1744 580 1874 667 per-

283 698 442 738 sena.
468 701 488 736 ι
523 682 657 738 Cum
697 683 860 752 igitur
909 693 964 738 et
1015 685 1148 755 ipsi,
1195 689 1648 756 quemadmodum
1688 691 1876 745 docui-

279 775 467 840 mus’,
493 773 647 844 juxta
688 773 988 830 doctrinam
1026 776 1242 834 Patrum
1299 789 1449 836 recte
1491 781 1675 836 dicant
1713 797 1875 836 unam
1907 811 1911 816 -

283 883 352 924 ex
383 869 647 924 Trinitate
684 883 971 940 personam
1010 870 1358 940 cruciﬁxam;
1391 882 1445 930 et
1467 874 1595 930 item
1644 875 1872 930 interroo

282 963 394 1032 gati
424 960 576 1031 cujus
621 963 868 1020 eamdem
899 964 1086 1020 dicant
1112 981 1232 1022 esse
1263 981 1573 1036 personam,
1605 976 1752 1022 recte
1798 981 1880 1021 re-

283 1053 604 1124 spondeant,
637 1053 788 1122 Filii;
820 1071 928 1111 non
972 1065 1150 1111 tamen
1179 1057 1325 1127 quod
1372 1055 1688 1126 singillatim
1733 1066 1878 1114 recte

283 1144 491 1210 dicunt,
523 1146 686 1201 etiam
715 1147 872 1202 simul
913 1156 967 1204 et
996 1148 1285 1218 cunjuncte
1323 1157 1473 1204 recte
1517 1148 1699 1204 dicere
1724 1157 1880 1218 pote-

283 1245 434 1305 runt,
466 1236 518 1292 id
547 1247 649 1304 est,
676 1255 837 1294 unam
867 1256 1156 1311 personam
1203 1241 1323 1296 Filii
1353 1257 1422 1297 ex
1471 1239 1736 1297 Trinitate
1765 1257 1883 1297 cru-

285 1326 520 1394 ciﬁxam,
559 1329 712 1399 quasi
740 1330 860 1384 dna:
898 1346 1144 1401 persona:
1183 1332 1293 1386 sint
1331 1332 1469 1386 Filii.
1501 1333 1518 1352 ⁶
1547 1331 1700 1388 Sicut
1727 1347 1877 1401 ergo,

285 1419 536 1488 quamvis
565 1434 670 1474 non
696 1429 846 1476 recte
888 1421 1046 1476 simul
1081 1420 1292 1476 dicatur
1336 1437 1442 1476 una
1491 1437 1720 1492 persona
1761 1422 1880 1476 Filii

287 1523 357 1564 ex
387 1508 654 1567 Trinitate
694 1511 975 1581 cruciﬁxa,
1022 1522 1078 1568 et
1115 1523 1264 1569 recte
1316 1515 1442 1570 item
1468 1515 1577 1571 ’de
1619 1517 1734 1585 ipsa
1761 1529 1870 1585 pen

1979 502 2117 558 ﬁxus
2153 518 2253 573 pro
2302 519 2408 558 una
2456 518 2690 573 persona
2737 502 2969 558 dicatur.
3002 501 3316 570 Quanquam
3363 499 3408 554 si
3451 497 3572 568 quis

1978 610 2091 650 rem
2120 594 2410 663 diligenter
2429 592 2691 658 attendat,
2719 601 2778 648 et
2801 593 2963 648 altius
2991 607 3212 648 causam
3236 597 3466 661 repetat,
3491 590 3572 644 in-

1977 686 2160 742 veniet
2187 684 2333 754 quod
2361 699 2469 740 non
2501 684 2581 738 sic
2608 682 2856 747 dicimus,
2889 699 3030 738 unus
3059 697 3158 753 pro
3181 697 3286 736 una
3316 694 3568 751 persona,

1977 781 2071 837 sed
2101 780 2280 852 potius
2309 794 2417 833 una
2441 792 2670 848 persona
2693 792 2792 847 pro
2821 792 2930 832 uno
2955 791 3025 830 ex
3048 775 3311 831 Trinitate
3336 773 3568 828 dicatur.

1978 873 2110 928 Nam
2139 873 2218 928 sic
2237 873 2259 904 ⁸
2279 870 2518 926 Ecclesia
2545 868 2765 934 Christi,
2795 869 2960 924 etiam
2990 882 3112 923 cum
3136 866 3364 922 necdum
3393 864 3460 919 ad
3485 863 3573 919 di-

1978 964 2323 1019 stinctionem
2350 961 2527 1016 Patris
2555 968 2610 1015 et
2639 959 2758 1014 Filii
2785 967 2842 1013 et
2867 958 3100 1028 Spiritus
3130 958 3303 1012 sancti
3331 963 3575 1011 uteretur

1979 1055 2200 1111 nomine
2238 1068 2485 1124 personte
2506 1053 2551 1122 ‘,
2581 1060 2692 1107 tres
2742 1050 2970 1107 credidit
3012 1057 3070 1106 et
3106 1049 3439 1120 przedicavit,
3473 1046 3574 1102 Pa-

1981 1165 2118 1210 trem
2146 1162 2202 1209 et
2231 1151 2423 1206 Filium
2452 1159 2509 1206 et
2535 1149 2794 1221 Spiritum
2835 1152 3081 1202 sanctum
3107 1162 3122 1212 ;
3165 1144 3304 1201 sicut
3331 1143 3576 1200 teatimo-

1980 1247 2073 1301 nio
2099 1244 2324 1300 Joannis
2347 1245 2367 1276 τ
2390 1255 2551 1312 supra
2575 1239 2880 1304 docuimus,
2906 1252 3017 1306 quo
3042 1235 3249 1290 dictum
3291 1242 3376 1288 est
3401 1249 3414 1286 :
3449 1231 3576 1286 Tres

1981 1349 2100 1394 sunt
2124 1339 2208 1409 qui
2236 1335 2582 1390 testimonium
2627 1331 2754 1385 dant
2777 1331 2833 1384 in
2882 1338 3040 1393 terra,
3073 1326 3308 1398 spiritus,
3360 1340 3494 1396 aqua
3527 1331 3578 1376 et

1981 1430 2230 1501 sanguis;
2262 1437 2312 1482 et
2341 1428 2391 1481 hi
2421 1435 2526 1480 tres
2551 1440 2713 1478 unum
2749 1431 2870 1476 sunt
2896 1420 2950 1492 (ι
2977 1418 3139 1474 Joan.
3173 1434 3224 1484 v,
3259 1417 3337 1488 7).
3384 1415 3578 1471 Perso-

1983 1537 2174 1576 narum
2213 1527 2393 1574 autem
2421 1531 2641 1580 nomen,
2675 1529 2782 1571 non
2827 1513 2928 1568 nisi
2958 1526 3082 1568 cum
3112 1509 3378 1565 Sabellius
3405 1508 3580 1579 impu-

287 1617 424 1658 sona
465 1604 777 1673 singillatim
825 1605 1024 1660 dicitur
1052 1606 1196 1676 quod
1228 1605 1347 1661 Filii
1381 1608 1489 1662 sit:
1517 1609 1590 1662 ita
1639 1607 1885 1678 quamvis
1984 1621 2175 1683 gnaret
2203 1610 2522 1674 Ecclesiam,
2556 1604 2863 1662 necessario
2898 1602 2954 1657 in
2997 1617 3150 1656 usum
3181 1597 3580 1670 pnedicatiouis

285 1711 396 1750 non
454 1707 600 1752 recte
643 1698 802 1753 simul
844 1697 1074 1763 dicatur,
1128 1715 1270 1753 unus
1321 1699 1460 1754 ﬁlius
1505 1715 1573 1754 ex
1621 1699 1885 1755 Trinitate
1986 1711 2294 1773 assumptus
2333 1709 2443 1764 est;
2489 1706 2549 1752 ut
2577 1697 2666 1766 qui
2700 1709 2915 1764 semper
2958 1701 3071 1748 tres
3114 1691 3305 1747 crediti
3355 1697 3480 1744 sunt
3524 1695 3580 1743 et

286 1787 606 1853 cruciﬁxus,
643 1798 790 1845 recte
842 1797 1023 1844 tamen
1071 1789 1383 1858 singillatim
1412 1789 1612 1845 dicitur
1651 1806 1788 1845 unus
1817 1804 1884 1844 ex
1921 1804 1960 1862 Β
1990 1796 2188 1859 vocati,
2232 1793 2396 1850 Pater
2421 1802 2478 1849 et
2504 1793 2670 1847 Filius
2699 1799 2756 1847 et
2783 1791 3015 1861 Spiritus
3039 1797 3279 1854 sanctus,
3306 1801 3414 1841 uno
3440 1800 3580 1854 quo-

287 1874 554 1934 Trinitate
575 1879 881 1945 cruciﬁxus,
929 1887 985 1934 et
1014 1881 1143 1936 item
1171 1881 1238 1936 de
1268 1882 1386 1951 ipso
1417 1896 1524 1936 uno
1552 1881 1696 1950 quod
1716 1879 1884 1936 Filius

284 1968 378 2024 sit.
411 1970 457 2037 Q
481 1968 699 2040 :Ocirca,
729 1983 879 2028 recte
907 1974 1104 2030 dicitur
1141 1990 1282 2029 unus
1303 1989 1372 2030 ex
1401 1973 1666 2029 Trinitate
1710 1974 1885 2029 cruci-

286 2063 445 2127 ﬁxus,
479 2073 535 2120 et
563 2080 667 2119 una
697 2079 764 2119 ex
796 2065 1058 2121 Trinitate
1081 2079 1328 2137 persona.
1375 2065 1482 2121 Sed
1510 2081 1668 2120 unam
1703 2065 1885 2121 dicere

285 2169 575 2226 personam
626 2154 1069 2212 Nestorianorum
1124 2171 1265 2212 nova
1319 2157 1650 2226 subterfugia
1705 2157 1885 2212 minus

286 2246 528 2302 excludit
553 2264 566 2300 :
590 2247 682 2316 qui
709 2247 943 2303 convicti
973 2247 1270 2303 innumeris
1294 2247 1619 2304 testimoniis
1639 2246 1882 2312 Patrum,

286 2340 433 2408 quod
463 2339 606 2396 Deus
628 2340 864 2396 Verbum
887 2349 943 2396 et
981 2352 1286 2413 assumptus
1321 2342 1487 2396 homo
1515 2356 1622 2395 una
1651 2355 1884 2411 persona

288 2429 381 2494 sit,
409 2446 511 2500 pro
541 2431 880 2487 auctoritatis
919 2431 1181 2501 dignitate
1225 2433 1293 2488 ab
1335 2433 1416 2487 eis
1437 2432 1545 2488 hoc
1571 2432 1658 2486 vel
1700 2432 1885 2488 existi-

287 2532 440 2578 mant
469 2524 695 2594 dictum,
725 2526 811 2581 vel
840 2526 1151 2581 existimare
1179 2541 1238 2582 se
1273 2524 1501 2596 ﬁngunt,
1527 2533 1587 2580 ut
1614 2527 1693 2582 sic
1718 2526 1884 2581 homo

287 2611 445 2670 Jesus
468 2613 716 2670 Christus
741 2615 953 2670 dicatur
975 2615 1136 2671 Verbi
1157 2616 1386 2684 gessisse
1416 2631 1724 2687 personam,
1743 2616 1886 2672 sicut

288 2708 454 2764 etiam
484 2707 652 2777 gessit
689 2707 1001 2778 Apostolus,
1046 2707 1140 2777 qui
1181 2708 1426 2764 scribens
1469 2707 1536 2762 ad
1575 2707 1886 2764 Corinthios

291 2798 428 2853 dicit
453 2817 464 2851 ε
495 2797 638 2851 Nam
669 2805 716 2851 et
737 2815 831 2869 ego
860 2798 998 2869 quod
1027 2800 1214 2853 donavi
1241 2798 1282 2863 ³,
1304 2809 1518 2868 propter
1557 2816 1646 2852 vos
1689 2801 1740 2852 in
1767 2815 1888 2867 per-

290 2908 424 2947 sona
445 2890 660 2956 Christi,
681 2901 736 2943 ut
758 2908 862 2944 nou
886 2892 1348 2945 circunweniamur
1371 2908 1403 2943 α
1431 2891 1636 2944 Satana
1659 2889 1743 2958 (II
1760 2888 1882 2944 Cor.

292 3001 350 3050 tr,
384 2984 471 3054 lO)
498 3003 512 3051 ;
539 3000 641 3040 non
672 2994 729 3040 ut
757 3001 895 3040 unus
936 2985 1188 3055 idemque
1215 2985 1362 3041 esset
1417 2985 1559 3039 Deus
1606 2992 1662 3039 et
1699 2984 1884 3040 homo.

292 3076 429 3132 Cum
457 3091 592 3132 vero
621 3083 675 3131 et
705 3074 846 3131 unus
874 3091 942 3131 ex
971 3075 1256 3144 Trinitate,
1297 3085 1353 3131 et
1384 3092 1489 3131 una
1519 3091 1588 3132 ex
1623 3075 1888 3132 Trinitate

293 3183 526 3238 persona
565 3182 665 3237 pro
693 3167 849 3222 nobis
878 3165 1132 3223 cruciﬁxa
1163 3175 1312 3224 recte
1340 3167 1581 3234 dicatur,
1615 3168 1756 3223 hanc
1776 3167 1883 3223 uti-
1913 3193 1959 3257 ρ

293 3261 501 3315 litatem
531 3259 672 3328 qua‘
695 3259 842 3314 fraus
860 3259 1304 3316 Nestorianorum
1331 3275 1361 3314 a
1393 3267 1581 3316 sancta
1609 3269 1668 3316 et
1695 3275 1888 3329 magna

293 3353 506 3424 synodo
533 3353 866 3408 sufﬁcienter
903 3353 1124 3409 exclusa
1151 3362 1253 3419 est,
1285 3353 1584 3422 intelligere
1605 3362 1661 3408 et
1688 3367 1888 3422 appro-

294 3445 426 3499 bare
447 3443 556 3513 jam
586 3444 785 3498 debent
804 3443 894 3513 qui
922 3443 1032 3499 dici
1064 3445 1322 3500 nolebant
1343 3460 1507 3500 unum
1537 3445 1605 3499 de
1626 3444 1891 3499 Trinitate

295 3551 397 3608 pro
438 3536 594 3591 nobis
637 3536 993 3600 incarnatum,
1037 3537 1123 3592 vel
1167 3552 1403 3607 passum,
1420 3537 1505 3593 vel
1550 3536 1885 3592 cruciﬁxum.

297 3626 397 3694 Qui
429 3626 591 3682 etiam
621 3626 665 3680 si
697 3626 842 3680 nulla
874 3626 1129 3681 invitaret
1152 3627 1374 3693 utilitas,
1409 3642 1586 3697 neque
1614 3627 1720 3682 hoc
1747 3634 1893 3682 esset

299 3725 462 3770 tanta:
505 3715 698 3786 synodi
739 3716 1064 3772 auctoritate
1093 3716 1386 3785 ﬁrmatum,
1415 3718 1712 3773 modestius
1747 3720 1894 3772 tace-

299 3819 422 3864 rent
474 3812 675 3880 acquie-
693 3826 816 3868 cere
845 3812 1078 3882 sapienti
1109 3813 1396 3881 Gregorio,
1447 3812 1537 3883 qui
1569 3812 1635 3868 de
1667 3813 1894 3867 vocabu-

299 3901 476 3957 lorum
530 3903 841 3959 diversitate
887 3904 1256 3966 djssidendum
1306 3922 1415 3960 non
1487 3921 1607 3961 esse
1653 3905 1894 3960 decrevit

300 3992 542 4064 (Grcgor.
574 3993 944 4051 Nazianzenus
973 4007 1107 4052 orat.
1142 3996 1254 4067 '59).
1287 3996 1344 4050 In
1374 4011 1438 4051 eo
1476 3996 1618 4051 enim
1642 4011 1895 4051 sermone

300 4082 452 4150 cujus
497 4091 582 4138 est
626 4086 955 4141 tituluszDe
1004 4086 1327 4151 luminibus,
1382 4087 1456 4140 ita
1507 4086 1720 4141 locutus
1767 4095 1890 4140 est:

305 4192 326 4226 ο
355 4173 522 4229 Deum
544 4192 667 4231 cum
699 4179 938 4242 nomino,
973 4193 1080 4232 uno
1108 4178 1312 4233 lumine
1341 4178 1707 4246 illustramini,
1736 4179 1896 4234 simul

301 4277 357 4324 et
399 4269 589 4324 tribus.
636 4268 830 4326 Tribus
859 4270 1097 4341 quidem,
1135 4272 1431 4326 secundum
1478 4271 1898 4339 uniuscujusque

301 4360 660 4430 proprietates
686 4362 801 4416 sive
825 4377 1106 4432 personas.
1142 4361 1285 4417 Nihil
1312 4362 1456 4416 enim
1488 4377 1587 4432 pro
1607 4361 1900 4417 vocabulo-

302 4465 420 4504 rum
449 4451 646 4506 diversi
673 4461 762 4506 ate
810 4452 1174 4508 dissidendum
1225 4463 1329 4519 est,
1369 4469 1491 4510 cum
1531 4453 1600 4508 ad
1647 4452 1896 4509 eumdem

1989 1903 2095 1957 que
2123 1885 2284 1942 simul
2312 1896 2367 1940 et
2394 1883 2666 1940 communi
2698 1897 3051 1953 personarum
3078 1877 3295 1934 nomine
3322 1890 3581 1932 vocaren-

1986 1988 2096 2035 tur.
2128 1977 2332 2034 Deinde
2360 1976 2521 2032 etiam
2547 1973 2906 2031 subsistentia:
2947 1971 3102 2027 dicta:
3131 1979 3274 2034 sunt,
3322 1968 3580 2038 quoniam

1987 2070 2243 2127 Ecclesia:
2270 2069 2494 2140 placuit,
2521 2067 2589 2122 ad
2611 2064 3016 2136 signiﬁcandam
3045 2061 3459 2126 Trinitatem,et
3477 2059 3583 2114 hoc

1989 2179 2186 2220 nomen
2207 2160 2536 2218 distinctioni
2559 2158 2829 2232 personali
2859 2157 3116 2212 tribuere.
3140 2154 3377 2221 Quiestio
3399 2151 3583 2221 itaque

1989 2253 2280 2325 aliquando
2307 2252 2376 2309 de
2416 2266 2561 2308 novo
2590 2251 2811 2306 nomine
2850 2262 3099 2320 persona:
3127 2255 3203 2302 et.
3223 2244 3582 2302 subsistentia:

1989 2347 2112 2412 fuit,
2145 2353 2326 2400 utrum
2352 2343 2421 2399 ad
2456 2341 2864 2412 signiﬁcandam
2905 2338 3247 2401 Trinitatem,
3275 2350 3398 2406 qua:
3439 2333 3583 2390 Deus

1987 2445 2090 2502 est,
2121 2435 2346 2491 deberet
2372 2433 2604 2499 admitti,
2633 2432 2776 2489 sicut
2799 2439 2856 2487 et
2882 2431 3051 2502 ipsius
3079 2427 3358 2484 Trinitatis
3383 2441 3582 2483 nomen

1987 2527 2282 2583 admissum
2327 2534 2587 2581 estznon
2636 2523 2706 2580 de
2751 2539 2820 2580 eo
2866 2521 3014 2594 quod
3050 2536 3266 2592 semper
3313 2520 3484 2574 tenuit
3529 2525 3582 2572 et

1989 2616 2303 2688 praedicavit
2329 2613 2591 2680 Ecclesia,
2624 2613 2751 2685 quia
2794 2622 2906 2669 tres
2933 2619 3061 2668 sunt
3091 2611 3184 2682 qui
3225 2610 3582 2667 testiﬁcantur

1989 2707 2044 2762 in
2075 2716 2240 2770 terra,
2266 2715 2322 2762 et
2345 2707 2400 2761 hi
2429 2713 2540 2761 tres
2566 2719 2734 2760 unum
2757 2713 2906 2760 sunt.
2941 2701 3096 2758 Unde
3123 2703 3286 2758 etiam
3311 2715 3583 2756 memora-

1989 2806 2078 2854 tus
2103 2799 2186 2853 vir
2205 2801 2228 2830 '
2255 2797 2584 2866 Augustinus
2612 2796 2666 2850 in
2686 2795 2877 2865 quinto
2901 2793 3112 2850 decimo
3134 2794 3202 2848 de
3231 2792 3494 2848 Trinitate
3517 2792 3583 2846 li-

1989 2891 2090 2947 bro
2116 2889 2267 2962 (Cap.
2301 2889 2356 2958 5)
2384 2906 2398 2941 :
2425 2907 2443 2941 ι
2471 2886 2713 2955 Clarum,
2745 2886 2939 2955 inquit.
2970 2893 3054 2940 est
3084 2884 3139 2938 in
3167 2882 3466 2938 substantia
3493 2895 3586 2936 ve~

1990 2985 2188 3051 ritatis,
2219 2998 2328 3039 non
2361 2982 2540 3038 solum
2568 2980 2786 3037 Patrem
2827 2979 2966 3036 Filio
2993 2995 3100 3034 non
3151 2991 3272 3034 esse
3299 2976 3583 3047 majorem,

1991 3077 2088 3134 sed
2112 3091 2215 3132 nec
2237 3073 2430 3130 ambos
2449 3073 2610 3128 simul
2638 3071 2841 3141 aliquid
2869 3071 3044 3142 majus
3072 3085 3193 3126 esse
3219 3084 3381 3141 quam
3405 3067 3585 3138 solum

1991 3169 2249 3241 Spiritum
2277 3173 2556 3231 sanctum;
2591 3174 2684 3219 aut
2703 3163 2976 3233 quoslibet
3003 3163 3142 3218 duos
3163 3162 3216 3217 in
3245 3161 3438 3217 eadem
3463 3159 3584 3215 Tri-

1992 3261 2164 3316 nitate
2191 3257 2365 3327 majus
2413 3256 2614 3327 aliquid
2659 3271 2780 3312 esse
2807 3269 2971 3326 quam
3013 3268 3215 3321 unum;
3267 3262 3361 3308 aut
3397 3267 3588 3309 omnes

1989 3354 2150 3410 simul
2182 3362 2314 3416 tres,
2339 3350 2514 3421 majus
2545 3349 2749 3420 aliquid
2775 3363 2896 3404 esse
2931 3363 3092 3418 quam
3129 3345 3391 3417 singulos.
3423 3364 3442 3398 ι
3477 3345 3588 3402 Nec

1990 3447 2069 3503 ait
2097 3446 2178 3502 vir
2205 3444 2547 3502 cautissimus
2573 3451 2630 3497 et
2649 3440 3078 3512 sapientissimus
3107 3439 3296 3494 ambas
3323 3453 3586 3516 personas

1991 3539 2152 3597 simul
2179 3536 2381 3608 aliquid
2403 3550 2524 3594 esse
2548 3537 2723 3604 majus
2750 3534 2805 3588 in
2828 3533 3126 3588 substantia
3153 3532 3400 3588 veritatis
3425 3546 3589 3602 quam

1991 3631 2168 3688 solum
2197 3630 2456 3701 Spiritum
2485 3635 2762 3695 sanctum,
2795 3626 2940 3697 quod
2967 3627 3184 3698 quidem
3211 3634 3378 3693 recte,
3410 3627 3456 3683 si
3479 3626 3590 3680 vel-

1992 3725 2086 3788 let,
2119 3724 2355 3789 diceret;
2397 3719 2494 3778 sed
2527 3721 2708 3792 potius
2733 3721 2961 3776 ambos:
2995 3734 3170 3789 neque
3207 3720 3285 3774 ait
3323 3719 3592 3788 quaslibet

1993 3817 2126 3874 duas
2149 3830 2411 3885 personas
2439 3815 2492 3869 in
2523 3813 2712 3869 eadem
2744 3811 3006 3867 Trinitate
3033 3810 3208 3880 majus
3233 3825 3353 3865 esse
3390 3810 3592 3879 aliquid

1994 3927 2155 3981 quam
2198 3925 2381 3974 unam,
2413 3907 2509 3963 sed
2551 3905 2822 3977 quoslibet
2840 3905 2977 3960 duos
3007 3905 3060 3959 in
3108 3903 3300 3959 eadem
3331 3901 3593 3958 Trinitate

1996 4004 2171 4073 majus
2200 4018 2320 4058 esse
2346 4000 2549 4071 aliquid
2589 4015 2751 4070 quam
2795 4013 2994 4064 unum;
3033 4011 3211 4067 neque
3237 3996 3376 4052 dixit
3402 4008 3594 4052 omnes

1995 4094 2158 4151 simul
2191 4101 2300 4149 tres
2344 4107 2605 4164 personas
2633 4088 2806 4158 majus
2833 4087 3033 4158 aliquid
3057 4103 3178 4143 esse
3217 4103 3379 4158 quam
3407 4087 3595 4158 singu-

1997 4191 2098 4254 las,
2130 4190 2224 4246 sed
2251 4202 2442 4244 omnes
2469 4183 2629 4240 simul
2674 4193 2784 4237 tres
2827 4181 3002 4250 majus
3046 4181 3264 4251 aliquid,
3288 4195 3408 4235 esse
3432 4196 3594 4250 quam

1997 4281 2258 4350 singulos.
2289 4276 2450 4346 Quod
2469 4278 2512 4332 si
2540 4271 2847 4343 hujusmodi
2876 4271 3180 4327 locutiones
3205 4287 3273 4328 ex
3294 4270 3452 4327 dictis
3470 4286 3596 4342 pro-

1999 4372 2402 4430 batissitnorum
2432 4368 2653 4422 Patrum
2682 4365 2843 4419 velim
2869 4363 3156 4432 colligere;
3175 4369 3304 4419 ante
3342 4377 3432 4418 me
3457 4369 3596 4418 tem-

1998 4482 2102 4537 pus
2127 4478 2288 4536 quam
2318 4460 2568 4531 exempla
2593 4457 2828 4514 deﬁciet.
2874 4454 3017 4510 Nihil
3057 4464 3142 4510 est
3170 4454 3332 4526 igitur
3358 4453 3504 4524 quod
3529 4454 3597 4511 de

300 4560 519 4601 sensum
561 4547 806 4601 omnium
844 4547 1132 4603 diversitas
1174 4556 1436 4619 provocet
1477 4547 1832 4603 intellectum.
1871 4566 1890 4600 ι
1928 4573 1977 4634 D
2000 4558 2170 4613 verbo
2205 4553 2688 4626 reprehendamur,
2735 4549 2980 4606 dicentes
3024 4564 3189 4602 unum
3228 4547 3298 4604 de
3337 4545 3598 4604 Trinitate

303 4637 439 4693 Dum
470 4639 634 4706 igitur
672 4647 729 4713 et
756 4653 949 4708 magna
981 4655 1082 4694 nos
1109 4640 1176 4694 ad
1201 4641 1339 4694 hanc
1369 4639 1764 4696 confessionem
1809 4642 1894 4696 in-

303 4732 436 4785 vitet
466 4731 690 4796 utilitas,
722 4739 779 4786 et
807 4749 913 4786 non
940 4732 1177 4787 inaudita
1207 4741 1264 4787 et
1301 4749 1439 4787 nova
1475 4735 1545 4788 sit
1576 4735 1666 4789 illa
1695 4750 1801 4790 vox
1829 4735 1897 4790 de

306 4837 413 4892 qua
446 4825 603 4879 nobis
631 4824 935 4881 deliberare
964 4827 1035 4882 sit
1082 4827 1310 4883 liberum
1340 4845 1408 4882 an
1443 4828 1650 4883 admitti
1681 4829 1896 4898 debeat,

307 4929 470 4986 quam
507 4915 802 4970 divinarum
825 4917 1224 4988 Scripturarum
1255 4920 1578 4975 testimoniis
1607 4921 1898 4977 convenire

307 5006 470 5059 etiam
503 5021 532 5059 a
567 5007 728 5062 tantis
757 5006 1002 5063 Patribus
1031 5010 1407 5064 conﬁrmatum
1437 5027 1558 5066 esse
1594 5010 1898 5082 docuimus,

305 5097 543 5166 nihilque
564 5098 632 5153 de
656 5097 822 5155 verbo
849 5101 918 5154 sit
948 5099 1311 5157 dissidendum
1330 5144 1344 5170 ,
1391 5103 1609 5173 placere
1651 5104 1901 5159 omnibus

377 5321 549 5378 tCod.
584 5325 808 5390 Veron.,
852 5328 1098 5382 diximus.

372 5397 564 5450 ’ldcm
596 5398 743 5459 σθαι..
785 5411 920 5452 recte
965 5408 1137 5452 tanien
1187 5399 1493 5467 singillatim
1541 5400 1751 5460 dicitur.
1795 5416 1898 5454 una

282 5480 522 5538 persona
546 5484 611 5520 ea:
641 5467 896 5521 Trinitate
915 5471 1168 5538 cruci/im
1192 5485 1209 5521 :
1237 5481 1285 5520 et
1315 5481 1448 5522 recte
1479 5473 1624 5534 item,
1657 5481 1764 5524 etc.

305 5534 391 5659 ’0³
418 5535 562 5658 litem
593 5540 740 5606 cod.,
772 5541 905 5611 quod
941 5534 1149 5610 donari,
1188 5540 1235 5593 si
1278 5541 1401 5612 quid
1431 5541 1642 5606 donari,
1692 5550 1905 5611 propter

365 5620 411 5659 s.
436 5621 464 5658 c
491 5625 542 5659 c.

365 5620 411 5668 8,
436 5620 542 5660 CIC.

1999 4652 2362 4715 incarnatum,
2414 4647 2528 4702 sive
2577 4659 2818 4716 passum,
2875 4642 2992 4698 sive
3041 4640 3378 4696 cruciﬁxum.
3441 4639 3598 4708 Quod

2000 4744 2166 4799 etiam
2233 4748 2418 4796 sancta
2473 4735 2935 4793 Chalcedonensis
2985 4733 3246 4804 synodus,
3299 4733 3599 4789 divinarum

1999 4834 2397 4902 Scripturarum
2421 4829 2745 4885 auctoritate
2771 4835 2828 4882 et
2856 4825 3354 4895 antiquissimorum
3381 4824 3598 4881 Patrum

2005 4923 2330 4979 testimoni:s
2378 4919 2685 4980 iufonnata,
2730 4918 2921 4973 videns
2967 4931 2999 4971 a
3055 4929 3250 4984 magno
3293 4915 3486 4970 Proclo
3529 4916 3597 4972 ad

2006 5011 2272 5067 Armenes
2301 5011 2504 5066 utiliter
2524 5011 2804 5080 scriptum,
2827 5017 2884 5062 et
2910 5023 2938 5062 a
2967 5006 3365 5076 sapientissimo
3385 5004 3596 5063 Joanne

2009 5102 2350 5158 Antiocheno
2378 5109 2433 5157 et
2463 5102 2676 5158 czeteris
2701 5097 3057 5158 orientalibus
3085 5094 3353 5167 episcopis
3383 5099 3438 5154 in
3465 5112 3600 5154 ρους

2081 5326 2268 5400 fidem
2299 5328 2447 5393 cod.,
2478 5331 2620 5400 quia.

2079 5398 2101 5430 ⁸
2125 5399 2270 5453 ΙιΙειη
2297 5401 2447 5464 cod.,
2481 5398 2693 5468 semper.

2085 5472 2104 5499 ‘
2129 5470 2273 5523 Idem
2297 5470 2445 5532 cud..
2480 5483 2842 5539 personarum.

2080 5542 2100 5572 "
2126 5540 2269 5594 Idem
2293 5540 2442 5603 ωδ..
2475 5534 2701 5594 Joannis
2721 5534 2962 5606 apostoli.

2081 5613 2104 5644 ⁸
2124 5611 2264 5666 ldeut
2296 5611 2447 5678 cod.,
2469 5612 2547 5665 rir
2574 5608 2925 5664 doctissimus.

377 5801 625 5863 ‘Videsis
673 5806 726 5864 in
777 5808 921 5866 hunc
973 5808 1150 5869 locum
1195 5808 1265 5868 cl.
1324 5807 1747 5880 Wesselingium
1802 5807 1893 5866 lib.
1937 5806 2212 5868 Probabil.
2247 5822 2369 5882 cap.
2401 5805 2492 5878 '56,
2521 5819 2645 5882 pag.
2673 5802 2800 5864 524.
