4060 6364
572 279 676 333 539
1564 304 1571 310 ι
1670 270 1972 328 FACUNDI
2010 269 2219 326 EPlSC.
2264 267 2766 325 uenansusxsm
2987 256 3005 266 '
3748 273 3822 327 in

571 389 699 445 cilio
739 385 1120 460 approbatum,
1161 383 1552 441 convenienter
1591 383 1706 454 ipsa
1738 397 1959 454 quoque
1990 382 2172 435 tirma-
2201 385 2252 443 Α
2277 391 2457 436 catum
2487 391 2570 437 cst
2599 382 2666 436 ad
2702 383 3086 439 discretionem
3121 379 3304 451 ipsius
3341 379 3473 435 novi
3496 379 3720 452 baptismi
3754 401 3819 442 ευ.

570 480 669 535 vit.
713 477 783 533 Et
812 479 932 534 ideo
961 479 1101 532 hanc
1137 476 1446 545 religiosam
1490 485 1546 530 et
1585 475 1946 530 necessariam
1975 489 2167 530 vocem
2274 473 2386 527 lum
2417 489 2616 528 nomen
2658 473 2874 528 Domini
2901 472 3028 528 Jesu
3057 486 3404 536 memorare,
3447 472 3584 542 quod
3621 490 3765 545 neque
3784 481 3820 535 in

571 570 929 641 suscipientes
953 570 1044 639 qui
1085 568 1152 624 de
1173 569 1338 623 verbo
1359 567 1628 639 superﬂue
1649 567 2068 634 contendebant,
2094 569 2169 622 ita
2271 565 2541 635 baptismo
2568 564 2819 634 Joannis,
2863 581 3040 634 neque
3089 566 3149 621 in
3182 565 3313 621 aliis
3358 564 3634 634 baptismis
3665 566 3822 628 Judaici

570 657 680 728 iam
729 659 1006 713 nobiscum
1055 656 1407 712 Nestorianos
1461 670 1654 725 urgere
1702 657 1903 712 debent
1939 672 2005 712 ac
2043 673 2170 728 pre-
2272 658 2407 712 ritus
2437 658 2880 714 interserebatur.
2908 656 3180 713 Caeterum
3207 657 3319 712 iiiis
3349 657 3574 715 sacratis
3598 661 3764 727 verbis,
3787 664 3824 720 id

571 764 741 812 urere,
788 755 846 802 ut
874 763 984 802 non
1020 754 1228 802 tantum
1259 762 1420 802 unam
1472 762 1542 803 ex
1584 747 1850 804 Trinitate
1879 764 2168 818 personam
2271 761 2378 815 est,
2417 751 2470 805 in
2503 752 2718 807 nomine
2748 749 2922 807 Patris
2948 761 3003 806 et
3031 750 3154 806 Filii
3187 761 3249 806 et
3278 750 3518 820 Spiritus
3552 755 3726 820 sancti,
3757 755 3825 809 b.1-

569 838 769 901 dicant,
801 837 948 908 quod
977 837 1054 892 illi
1081 837 1243 901 male,
1283 838 1421 892 sicut
1446 837 1558 906 jam
1589 838 1846 906 diximus,
1894 839 2166 908 interpre-
2273 845 2460 914 ptizati
2489 844 2619 898 mihi
2649 845 2916 900 videntur.
2959 843 3069 900 Nee
3109 842 3462 899 mendaciter
3488 842 3692 910 dictum,
3718 849 3825 914 quod

571 941 782 996 tantur;
813 931 912 986 sed
941 931 1103 987 etiam
1131 946 1298 986 unum
1334 947 1402 986 ex
1441 930 1707 988 Trinitate
1746 948 1987 1002 passum,
2019 935 2166 1003 quod
2272 935 2436 1003 absit,
2494 937 2745 992 existimo
2771 955 2788 990 :
2813 936 3116 1007 Baptizatur
3158 937 3522 1008 unusquisque
3561 948 3751 992 rastrum
3788 941 3825 992 ia

571 1023 717 1079 nulla
745 1023 934 1080 fraude
958 1024 1169 1095 possint
1197 1024 1434 1080 eludere.
1470 1024 1673 1092 Quibus
1696 1027 2034 1082 Nestorianis
2061 1029 2168 1083 hoc
2272 1029 2478 1082 nomine
2506 1026 2629 1081 Jesu
2661 1027 2875 1090 Christi,
2907 1035 3001 1081 aut
3028 1028 3151 1097 quia
3200 1027 3472 1096 baptizati
3501 1035 3624 1081 sunt
3657 1029 3824 1096 quidam

570 1117 734 1175 modo
761 1119 978 1186 gravius
1003 1119 1322 1183 insistimus,
1352 1119 1394 1172 si
1415 1119 1496 1174 eis
1517 1119 1762 1175 dicamus
1791 1137 1807 1173 :
1839 1120 2059 1175 Certum
2083 1128 2168 1176 est
2271 1116 2324 1170 in
2356 1116 2578 1171 nomine
2623 1117 2839 1172 Domini
2867 1116 2994 1173 .lcsu
3021 1136 3034 1170 :
3063 1119 3336 1187 quoniam
3365 1118 3659 1172 certissime
3693 1120 3736 1172 in
3761 1136 3827 1174 ηοω

573 1210 822 1280 accipere
857 1225 955 1265 vos
997 1209 1275 1264 nobiscum
1315 1211 1439 1279 quia
1489 1210 1830 1276 Trinitatem,
1865 1228 1986 1280 qua:
2030 1228 2168 1266 unus
2271 1209 2417 1265 mine
2443 1208 2573 1265 Jesu
2597 1210 2618 1241 ⁸
2645 1211 2989 1279 baptizabant
3019 1213 3285 1281 apostoli,
3319 1212 3448 1280 etsi,
3487 1227 3592 1266 non
3627 1212 3674 1266 in
3700 1214 3825 1271 solius

574 1302 717 1357 Deus
732 1310 834 1364 est,
860 1300 1178 1371 signiﬁcavit
1199 1303 1486 1371 Apostolus
1507 1303 1732 1360 dicens:
1761 1302 1805 1357 Ο
1834 1305 2054 1360 altitudo
2081 1307 2164 1359 di-
2272 1297 2484 1354 Domini
2515 1299 2665 1363 JGSU.
2697 1301 2749 1356 id
2797 1310 2881 1358 est
2928 1302 3066 1366 Filii.
3099 1304 3332 1358 nomine
3381 1303 3731 1373 baplilabam.
3759 1322 3825 1359 V6-

573 1395 812 1449 vitiarum
835 1396 1104 1465 sapientiae
1130 1404 1180 1446 et
1199 1395 1428 1449 scientia
1450 1394 1754 1464 Deitquam
1775 1397 2168 1467 incomprehen-
2270 1409 2388 1447 rum
2431 1396 2596 1449 etiam
2632 1396 2684 1450 in
2715 1395 2890 1450 Patris
2933 1403 2990 1452 et
3031 1396 3274 1467 Spiritus
3317 1397 3518 1453 sancti.
3551 1397 3626 1453 Ac
3648 1413 3731 1468 per
3750 1399 3825 1454 hoc

573 1485 746 1540 sibilia
793 1495 912 1540 sunt
945 1486 1148 1556 judicia
1182 1485 1292 1556 ejus
1348 1494 1396 1539 et
1445 1488 1829 1559 investigabites
1876 1490 1972 1542 vim
2019 1489 2164 1560 ejus!
2271 1487 2507 1542 arbitror
2534 1490 2699 1557 quod,
2748 1505 2870 1545 cum
2910 1490 3176 1561 bapt'mma
3225 1491 3622 1558 celebraretur,
3652 1493 3698 1546 in
3732 1495 3824 1560 ipsis

576 1577 705 1642 Quis
726 1579 860 1632 enim
898 1579 1132 1650 cognorit
1161 1595 1366 1633 sensum
1403 1579 1636 1645 Domini,
1667 1591 1757 1635 aut
1784 1585 1898 1653 quis
1919 1585 2165 1638 consitia-
2270 1594 2488 1649 quoque
2521 1582 2748 1636 sacratis
2788 1583 2969 1637 verbis
2998 1583 3330 1638 servabatur
3378 1584 3472 1637 illa
3500 1583 3662 1638 forma
3699 1585 3824 1652 bapti-

573 1667 686 1722 n'us
708 1667 820 1739 ejus
850 1669 988 1740 fuit?
1033 1678 1122 1722 aut
1149 1670 1261 1741 quis
1289 1672 1432 1740 prius
1461 1671 1602 1726 dedit
1630 1673 1725 1737 illi,
1769 1683 1822 1726 et
1858 1675 2166 1729 retribuetur
2271 1672 2405 1737 sui;
2447 1673 2501 1726 in
2531 1673 2844 1728 narratione
2864 1689 2995 1729 vero
3025 1674 3362 1740 suﬂiciebat,
3401 1675 3473 1728 ad
3501 1675 3822 1729 discretionem

571 1761 656 1813 ei?
690 1757 948 1824 Quoniam
991 1778 1055 1815 ex
1082 1762 1216 1832 ipso,
1268 1771 1317 1816 et
1363 1781 1454 1833 per
1493 1766 1684 1834 ipsum,
1727 1774 1777 1818 et
1821 1767 1875 1819 in
1903 1767 2016 1836 ipso
2045 1781 2154 1820 sunt

2271 1761 2502 1816 aliortm
2547 1763 2962 1833 baptismatum,
3021 1765 3189 1820 solius
3245 1765 3474 1820 Domini
3529 1763 3650 1820 Jesu
3689 1765 3821 1820 facere

572 1852 750 1905 omnia
773 1867 792 1906 :
821 1852 922 1922 ipsi
951 1853 1119 1924 gloria
1157 1855 1212 1907 in
1241 1856 1433 1908 macula
1463 1855 1640 1926 (Rom.
1671 1873 1744 1922 xi,
1778 1859 1892 1927 33).
1942 1857 2018 1913 Ex
2045 1860 2162 1929 ipso
2268 1853 2623 1908 mentionem.
2660 1854 2956 1924 Propterea
2984 1870 3116 1910 vero
3143 1854 3320 1911 credo
3347 1855 3498 1924 quod
3531 1855 3598 1910 de
3633 1857 3821 1910 omnium

571 1944 777 2010 dicens,
807 1958 874 1999 ex
904 1943 1090 2010 Patre;
1117 1962 1214 2016 per
1261 1947 1433 2017 ipsum
1473 1964 1624 2013 vero,
1658 1965 1756 2018 per
1784 1950 1996 2018 Filium,
2027 1953 2165 2008 sicut
2270 1945 2432 1998 trium
2481 1960 2838 2014 personarum
2878 1946 3438 2015 commemoratione,
3491 1946 3687 2002 Domini
3728 1945 3821 2001 Jesn

572 2035 699 2090 alibi
747 2036 914 2091 dicit:
949 2035 1116 2092 Nobis
1160 2047 1332 2092 tamen
1379 2056 1514 2095 unus
1545 2040 1686 2095 Dens
1727 2041 1908 2106 Pater,
1953 2060 2019 2097 ex
2065 2062 2165 2114 quo
2269 2054 2466 2093 nomen
2498 2039 2566 2094 ad
2596 2039 2974 2096 insinuandqu
3006 2055 3206 2096 novum
3239 2041 3576 2110 baptismum
3596 2041 3740 2108 inagis
3755 2055 3819 2094 as.

573 2129 770 2194 omnia,
803 2135 851 2182 et
878 2145 973 2182 nos
1001 2129 1056 2182 in
1084 2130 1174 2184 illo
1198 2131 1214 2161 ¹
1237 2147 1256 2194 ;
1285 2139 1334 2183 et
1378 2147 1510 2185 unus
1559 2131 1809 2187 Dominus
1833 2133 1986 2188 Iesus
2015 2135 2164 2188 Chri-
2267 2137 2538 2197 sumptum
2574 2137 2676 2194 est,
2704 2131 2961 2199 quoniam
3003 2131 3108 2200 ipsi
3135 2132 3549 2202 consepelimur
3576 2147 3664 2201 per
3685 2132 3818 2201 bapti-

572 2231 702 2288 stus,
731 2239 824 2292 per
869 2239 1017 2292 quem
1046 2225 1240 2287 omnia,
1292 2233 1340 2277 et
1367 2240 1460 2278 nos
1499 2241 1593 2294 per
1620 2226 1858 2298 ipsum(l
1894 2226 2018 2282 Cor.
2050 2244 2164 2293 VIII,
2274 2235 2448 2274 smum
2480 2221 2532 2275 in
2561 2230 2814 2278 mortem.
2841 2221 3228 2278 Verumtamen:
3275 2239 3391 2278 non
3423 2224 3698 2287 diceretur,
3729 2223 3818 2287 nisi,

573 2312 649 2381 6).
683 2313 744 2367 In
767 2314 885 2383 ipso
907 2328 1058 2380 vero,
1093 2314 1144 2368 in
1194 2314 1396 2384 Spiritu
1424 2324 1613 2371 sancto
1640 2334 1652 2369 :
1678 2316 1744 2370 de
1769 2333 1878 2386 quo
1907 2318 2162 2375 Salomon
2277 2319 2335 2364 ιιι
2358 2310 2472 2380 iam
2503 2312 2852 2376 assentimus.
2903 2329 3042 2368 unus
3069 2323 3215 2370 esset
3263 2330 3339 2370 ex
3387 2313 3645 2368 Ττίηἱιθιθ
3679 2313 3819 2366 Domi-

571 2405 647 2457 ait
679 2421 692 2457 :
723 2403 984 2469 Quoniam
1005 2407 1216 2476 spiritus
1247 2405 1343 2460 Dei
1373 2408 1585 2477 replevit
1611 2408 1785 2462 orbem
1815 2417 2091 2475 terrarum,
2115 2421 2164 2466 et
2267 2399 2543 2456 "0519505
2565 2400 2834 2458 Chrisms-
2865 2400 2959 2459 Hi5
2989 2403 3148 2470 ίεὶῑυτ
3175 2411 3348 2472 mque
3393 2404 3514 2458 aliis
3541 2401 3818 2473 quampluri‘

571 2495 668 2549 hoc
697 2496 832 2567 quod
872 2497 1099 2550 continet
1127 2498 1323 2561 omnia,
1355 2500 1628 2552 scientiam
1658 2499 1809 2553 habet
1844 2502 1979 2555 vocis
2005 2501 2160 2574 (Sap.
2269 2493 2370 2547 mis
2417 2492 2764 2557 informatus,
2814 2494 3127 2563 priusquam
3179 2495 3290 2552 hoc
3335 2510 3368 2548 a
3415 2509 3606 2564 magna
3657 2493 3820 2565 synodo

572 2601 611 2651 ι,
643 2584 728 2657 7);
772 2601 872 2641 nec
898 2585 1044 2640 aliud
1075 2595 1160 2641 est
1190 2589 1240 2641 in
1271 2587 1386 2657 ipso
1425 2603 1547 2644 esse
1585 2589 1786 2655 omnia,
1817 2592 1919 2646 nisi
1951 2593 2018 2647 ab
2047 2593 2165 2662 ipso
2269 2585 2697 2641 Chalcedonensi
2725 2585 3056 2655 appobatum
3099 2602 3219 2642 esse
3266 2601 3670 2655 cognoscerem,
3695 2600 3816 2640 unum

572 2678 754 2732 omnia
783 2678 1069 2733 contineri.
1121 2678 1251 2746 Qum
1294 2695 1416 2734 cum
1456 2680 1530 2734 ita
1569 2681 1696 2745 sint,
1731 2683 2006 2750 quomodo
2054 2700 2163 2738 non
2272 2681 2340 2736 de
2371 2680 2637 2736 Trinitate
2664 2680 2866 2736 credidi
2909 2681 3194 2736 Dominum
3224 2680 3417 2736 Jesum
3445 2679 3700 2736 Christum
3724 2678 3815 2747 :qni

571 2784 711 2825 unus
741 2785 808 2824 ex
837 2771 940 2826 hac
980 2770 1245 2826 Trinitate
1290 2781 1376 2827 est
1407 2772 1666 2828 Dominus
1693 2771 1852 2829 Jesus
1894 2774 2160 2840 Christus,
2277 2775 2418 2829 Deus
2447 2790 2516 2829 ex
2538 2774 2649 2829 Deo
2671 2781 2830 2829 natus
2858 2782 2985 2828 ante
3009 2773 3234 2836 saecula,
3269 2773 3419 2829 idem
3459 2773 3512 2828 in
3541 2769 3816 2842 plenitudine

569 2875 712 2925 cum,
740 2861 883 2916 sicut
913 2863 1269 2928 ostendimus,
1302 2863 1444 2919 idem
1473 2864 1622 2918 dicat
1650 2864 1945 2936 Apostolus
1969 2886 1982 2920 :
2018 2867 2166 2923 Unus
2271 2877 2580 2936 temporum
2608 2867 2772 2921 homo
2800 2865 2871 2920 sit
2897 2872 3057 2920 natus
3084 2881 3153 2920 ex
3194 2865 3457 2934 Virgine;
3491 2873 3548 2919 et
3575 2864 3658 2934 qui
3686 2861 3816 2916 Patris

569 2953 823 3008 Dominus
841 2953 994 3010 Iesus
1025 2955 1280 3021 Christus,
1314 2974 1407 3028 per
1431 2975 1581 3031 quem
1621 2961 1816 3025 omnia,
1856 2969 1906 3014 et
1947 2977 2042 3015 nos
2072 2978 2171 3033 per.
2271 2958 2513 3013 existens
2549 2957 2874 3025 unigenitus,
2907 2958 3084 3013 factus
3116 2957 3186 3012 sit
3215 2957 3533 3026 unigenitus
3565 2953 3754 3018 matris;
3775 2959 3816 3005 ut

567 3046 928 3116 ipsumiltem
959 3063 1082 3103 cum
1106 3049 1222 3118 ipse
1251 3050 1512 3105 Dominus
1540 3048 1698 3106 Iesus
1725 3051 1990 3114 Christus,
2023 3054 2170 3109 hanc
2269 3051 2496 3120 geminae
2535 3050 2686 3119 gigas
2713 3050 3046 3114 substantia,
3077 3050 3218 3106 sicut
3249 3049 3520 3105 intellexit
3547 3055 3599 3102 et
3631 3042 3815 3099 cantavit

566 3138 885 3195 Trinitatem
927 3142 1083 3197 nobis
1122 3143 1422 3211 insinuans,
1473 3144 1527 3199 in
1571 3143 1864 3214 Evangelio
1891 3145 2154 3216 discipulis

2271 3141 2615 3207 Ambrosius,
2671 3140 2952 3210 utriusque
2999 3154 3141 3195 verae
3186 3139 3492 3196 nativitatis
3541 3134 3813 3207 proprietate

565 3233 679 3290 suis
698 3233 898 3289 dixerit
923 3253 936 3288 :
968 3234 1160 3290 Euntes
1197 3237 1374 3291 docete
1404 3254 1580 3292 omnes
1611 3248 1806 3309 gentes,
1839 3240 2164 3308 baptizantes
2206 3223 2235 3227 θ
2270 3231 2523 3287 credatur
2543 3271 2560 3299 ,
2593 3232 2771 3302 sitque
2791 3231 3273 3288 consubstantialis
3298 3231 3450 3288 Patri
3477 3229 3746 3287 secundum
3760 3223 3817 3278 die

566 3341 652 3381 eos
675 3329 732 3381 in
756 3329 965 3382 nomine
994 3327 1174 3384 Patris
1203 3341 1252 3384 et
1273 3329 1403 3385 Filii
1423 3341 1473 3384 et
1500 3331 1728 3402 Spiritus
1748 3333 1915 3385 sancti
1945 3331 2154 3402 (Matth.

2266 3323 2572 3386 vilitatem,
2625 3331 2681 3378 et
2707 3322 3184 3378 consubstantialis
3225 3323 3398 3380 matri
3441 3318 3715 3378 secundum
3747 3316 3816 3369 bu—

567 3431 756 3483 xxvm,
797 3416 923 3487 19);
949 3422 1223 3490 quomodo
1271 3421 1464 3477 Petrus
1508 3423 1786 3493 apostolus
1813 3421 2029 3478 Iudaeos
2068 3441 2167 3480 ex-
2266 3416 2584 3471 masitatem
2612 3433 2625 3469 :
2649 3423 2706 3472 et
2728 3415 2870 3471 sicut
2896 3414 3020 3470 ideo
3045 3415 3533 3472 consubstantialis
3562 3411 3691 3466 Patri
3727 3421 3814 3464 cre-

568 3505 798 3562 bortans
838 3508 1045 3565 diceret
1085 3528 1099 3563 :
1135 3509 1499 3566 Paenitentiam
1556 3514 1721 3584 agite,
1782 3523 1831 3567 et
1872 3514 2154 3585 baptizatur

2266 3505 2450 3571 ditur,
2493 3506 2619 3575 quia
2660 3506 2910 3577 proprius
2956 3505 3076 3576 ejus
3120 3514 3176 3562 et
3221 3521 3394 3562 verus
3422 3516 3506 3562 est
3549 3503 3724 3564 Filius,
3760 3497 3813 3551 sic

565 3602 914 3673 unusquisque
938 3613 1161 3658 vestrum
1186 3606 1240 3659 in
1271 3607 1479 3660 nomine
1499 3606 1623 3660 Jesn
1646 3605 1865 3675 Christi,
1897 3608 1951 3662 in
1981 3609 2154 3662 remis-

2266 3599 2427 3653 etiam
2471 3599 2631 3654 matri
2689 3606 2980 3668 propterea
3039 3598 3523 3657 consubstantialis
3576 3594 3813 3655 «edatur.

565 3690 760 3745 sionem
787 3703 1131 3762 peccatorum,
1164 3702 1213 3749 et
1241 3699 1508 3765 accipietis
1544 3699 1735 3753 donum
1766 3698 1994 3770 Spiritus
2038 3718 2154 3756 san‘

2265 3692 2389 3762 quia
2420 3691 2675 3763 proprius
2702 3692 2868 3747 etiam
2895 3691 3013 3760 ejus
3039 3706 3096 3748 et
3122 3707 3283 3749 verus
3316 3701 3405 3750 est
3432 3690 3591 3748 ﬁlius.

565 3781 636 3834 eti
667 3780 804 3852 (Act.
849 3798 907 3851 ιι,
957 3783 1047 3854 58)
1072 3785 1096 3839 ?
1124 3794 1213 3839 aut
1249 3788 1393 3856 quod
1428 3788 1589 3843 simul
1612 3791 1633 3823 ¹
1665 3791 1717 3844 in
1765 3790 1966 3846 eisdem
2011 3792 2164 3849 Actis

565 3877 937 3945 apostolorum
986 3878 1183 3948 legitur
1225 3879 1376 3952 (Cap.
1431 3884 1565 3947 xix),
1623 3883 1839 3954 quidam
1879 3884 2160 3956 discipuli,

565 3978 705 4035 quos
747 3967 865 4035 eius
908 3971 1256 4039 coapostolus
1285 3971 1485 4028 Paulus
1511 3972 1710 4045 Ephesi
1745 3977 1947 4044 reperit
1978 3976 2160 4046 bapti~

564 4071 684 4113 smo
713 4067 932 4116 tantum
958 4059 1184 4119 Joannis
1214 4065 1470 4131 imbutos,
1502 4066 1570 4121 ab
1596 4081 1664 4122 co
1694 4066 1954 4122 admoniti
1983 4068 2162 4138 bapti-

563 4161 819 4209 narentur
846 4155 899 4210 in
946 4157 1164 4213 nomine
1192 4158 1406 4214 Domini
1435 4158 1582 4225 Jesu,
1615 4159 1662 4216 si
1708 4175 1817 4215 non
1848 4177 1987 4216 unus
2014 4166 2161 4218 esset

561 4255 626 4297 ex
651 4241 934 4314 Trinitate,
990 4247 1045 4303 in
1091 4262 1196 4318 qua
1247 4257 1456 4305 tantum
1510 4250 1773 4319 baptizari
1828 4259 2157 4322 praeceptum

561 4341 662 4400 cst,
693 4336 952 4394 Dominus
975 4337 1130 4396 Jesns
1156 4339 1438 4397 Christus?
1465 4342 1620 4408 Quod
1651 4351 1834 4396 autem
1862 4342 1916 4395 in
1939 4342 2157 4399 nomine
2333 4341 2458 4396 Veri
2501 4350 2682 4398 autem
2713 4349 2770 4398 et
2796 4342 3001 4412 proprii
3044 4341 3136 4396 filii
3164 4341 3284 4412 quis
3311 4342 3419 4398 nisi
3449 4329 3806 4394 absurdissimis

559 4424 771 4482 Domini
798 4428 926 4485 Jesu
946 4419 975 4468 δ
1001 4432 1055 4485 hi
1097 4448 1236 4501 quos
1265 4434 1689 4489 memoravimus
1730 4433 1987 4502 baptizati
2030 4449 2157 4488 nar—
2257 4441 2422 4503 neget
2446 4449 2579 4490 vere
2598 4444 2654 4490 et
2684 4435 2903 4505 proprie
2923 4450 3044 4490 esse
3068 4437 3337 4491 matrem?
3359 4432 3502 4505 quod
3528 4440 3668 4500 aeque
3690 4434 3807 4476 ηιοη·

561 4521 769 4577 rantur,
805 4533 910 4572 non
941 4535 1008 4573 eo
1034 4521 1360 4576 credendum
1394 4523 1649 4591 arbitror,
1679 4523 1806 4592 quia
1836 4539 1945 4578 non
1972 4523 2024 4577 in
2056 4538 2155 4578 no-
2187 4557 2235 4618 Β
2260 4526 2546 4581 stravimus
2591 4539 2800 4594 magna:
2845 4523 3036 4596 synodi
3081 4523 3537 4582 Chalcedonensis
3576 4509 3806 4612 sententis!

559 4605 707 4660 mine
732 4606 912 4662 Patris
943 4617 998 4663 et
1029 4609 1146 4664 Filii
1175 4620 1231 4666 et
1257 4611 1492 4682 Spiritus
1515 4614 1687 4668 sancti
1711 4612 1968 4682 baptizati
2005 4621 2150 4676 sunt.
2187 4604 2231 4618 “’
2263 4619 2587 4687 convenire,
2617 4626 2673 4672 et
2719 4633 2820 4673 nos
2861 4618 3098 4674 secundo
3128 4619 3438 4689 partitionis
3465 4619 3582 4672 loco
3607 4604 3805 4680 promisi-

561 4703 621 4750 ut
648 4697 812 4752 etiam
855 4701 908 4755 in
939 4701 1068 4771 ipsis
1094 4712 1403 4758 servaretur
1431 4704 1611 4759 verbis
1636 4720 1666 4758 a
1695 4704 1924 4760 Domino
1953 4705 2156 4761 consti-
2260 4725 2380 4765 mus
2407 4718 2730 4765 asserturos.
2782 4709 3166 4766 lnsinuandulu
3212 4727 3342 4767 vero
3387 4719 3471 4766 est
3526 4702 3661 4776 quoa
3699 4699 3803 4751 hanc

563 4795 678 4843 tnta
709 4789 882 4846 forma
909 4794 1189 4863 baptismi;
1222 4798 1317 4851 sed
1345 4797 1470 4866 quia
1501 4796 1606 4851 hoc
1631 4803 1750 4852 erat
1778 4797 2156 4853 insinuandum
2259 4817 2476 4872 quoque
2506 4803 2904 4860 confessionem
2949 4819 3057 4873 qua
3109 4803 3326 4859 beatam
3368 4803 3583 4858 Mariam
3621 4804 3730 4848 vere
3767 4788 3803 4834 ει

558 4881 707 4951 quod
728 4882 996 4955 baptismo
1026 4903 1168 4944 novo
1196 4887 1393 4945 fuerint
1412 4889 1703 4961 baptizati,
1735 4888 1986 4947 sufﬁcere
2015 4890 2155 4947 iudi—
2257 4895 2479 4966 proprie
2505 4895 2736 4952 dicimus
2765 4903 2994 4952 matrem
3023 4896 3141 4966 Dei,
3173 4897 3391 4968 quidam
3424 4896 3581 4952 etiam
3605 4892 3802 4944 οοιιιιιιυ·

2876 3893 3108 3950 CAPUT
3145 3893 3237 3951 IV.

2268 4010 2422 4082 Quod
2447 4010 2592 4065 beata
2624 4007 2797 4064 Maria
2824 4026 2938 4064 uere
2975 4027 3036 4064 ac
3062 4010 3269 4081 proprie
3301 4011 3371 4082 sit
3399 4015 3559 4062 mater
3592 4001 3694 4067 Dei,
3707 4013 3809 4082 ξονι·

2335 4091 2412 4135 tra
2434 4083 2683 4150 quosdam
2713 4081 2994 4136 catholicos
3018 4069 3071 4135 ei
3094 4069 3273 4134 contra
3300 4081 3657 4136 Nestorianos.
3690 4069 3809 4150 .Erao.

2334 4143 2596 4208 "tinentur
2643 4153 2835 4209 Hilarii
2857 4193 2873 4220 ,
2904 4153 3180 4224 Augustini
3239 4164 3286 4208 et
3329 4152 3537 4222 ιαμονΞὶ
3577 4143 3807 4218 presbyteri

2333 4227 2644 4281 testimonia.

631 5069 796 5151 '_Al_ia
826 5071 923 5126 fuit
951 5075 1216 5130 sententia
1248 5078 1428 5151 sancti
1478 5079 1771 5150 Ambrosii,
1796 5083 1885 5151 qui
1929 5084 1980 5139 in
2011 5087 2149 5142 libro

558 5138 627 5225 de
653 5140 854 5225 Spiritu
874 5153 1079 5225 sancto,
1105 5162 1220 5217 cap.
1246 5147 1300 5225 Ii,
1322 5153 1596 5225 apostolos
1614 5138 1826 5208 censuit
1854 5157 1905 5209 in
1933 5138 2150 5213 nomine

560 5209 771 5294 Domini
798 5211 923 5294 Jesu
947 5209 1319 5294 tantummodo
1339 5209 1650 5294 baptizasse
1677 5243 1688 5278 ε
1715 5225 1933 5294 plenum
1967 5209 2148 5282 tamen

561 5281 722 5363 fuisse
748 5286 1080 5364 mysterium,
1112 5289 1235 5358 quia
1261 5281 1544 5364 quinnum
1577 5281 1790 5360 dixeiiit,
1825 5281 2147 5352 Trinitatem

560 5355 815 5436 signavit.
839 5355 1002 5436 Quod
1034 5355 1205 5436 ipsum
1258 5355 1309 5415 in
1357 5362 1492 5418 libro
1536 5365 1606 5436 de
1646 5355 2149 5436 TrinitatciLatine

562 5424 935 5508 tanturnedito
958 5424 1244 5508 scripserat
1272 5443 1492 5508 sanctus
1517 5435 1864 5508 Athanasius.
1891 5435 2147 5508 Nunquid

562 5501 1016 5576 pia’varicatores,
1068 5501 1269 5576 inquit,
1306 5504 1542 5558 mandati
1588 5506 1880 5576 Saluatoris
1928 5501 2153 5576 apostoli

559 5561 750 5631 e/fecti,
785 5573 834 5617 et
861 5575 1040 5621 contra
1080 5561 1410 5629 traditionem
1440 5577 1552 5648 ejus
1582 5575 1909 5648 baptizarunt
1951 5561 2154 5635 tantum

2253 5089 2680 5164 multitudinem?
2708 5091 2831 5146 Non
2875 5092 3013 5164 enim
3039 5092 3288 5164 scriptum
3339 5098 3417 5143 est
3456 5076 3800 5164 βαριίισξξθοξξῗ

2254 5161 2309 5213 in
2339 5143 2834 5216 migrarat;
2878 5143 3006 5214 Filii
3035 5143 3083 5215 et
3129 5143 3358 5228 Spiritus
3386 5143 3570 5217 εατείῑ,
3613 5143 3798 5228 εεάίίτξιξξ·

2258 5240 2363 5284 tum
2399 5234 2453 5284 in
2484 5233 2690 5302 nomine
2721 5231 2932 5302 Domini
2976 5221 3410 5302 Jesu._Nunqnid
3439 5240 3555 5295 (rgo
3593 5221 3800 5302 11ης

2254 5302 2356 5377 cati
2392 5303 2551 5377 sunt_?
2581 5301 2746 5355 Absit.
2786 5301 2930 5356 Nam
2964 5303 3080 5377 licet
3125 5300 3253 5354 Filii
3279 5287 3461 5377 nomen
3495 5287 3800 5377 iantuntttftl’gf

2252 5371 2476 5468 dicatqr,
2507 5373 2660 5468 haeret
2678 5383 2851 5427 tamen
2883 5383 2930 5428 et
2959 5373 3244 5468 Pntfentlet

2255 5450 2381 5497 tum.
2405 5427 2475 5497 In,
2495 5444 2684 5498 eadem
2717 5459 2934 5512 quoque
2965 5443 3232 5498 sententia
3273 5427 3355 5497 est
3384 5427 3666 5496 Ferrandus
3689 5427 3757 5472 ωε

2260 5512 2524 5572 diaconus
2551 5515 2605 5570 in
2634 5515 2867 5586 epistola
2893 5514 2960 5571 ad
2992 5514 3319 5571 Anatolium.

637 5739 649 5768 ¹
675 5736 809 5794 Cod.
845 5739 1068 5807 Veron.,
1096 5745 1147 5796 in
1181 5746 1345 5804 illum.

1849 5791 1872 5822 .’
1895 5821 1899 5822 ,
2343 5753 2360 5784 ’
2381 5752 2525 5810 Licm
2557 5754 2701 5822 cod.,
2733 5752 2945 5810 Domini
2965 5751 3111 5807 Jcsu.

632 5809 653 5840 ³
673 5807 823 5866 Idem
851 5811 999 5885 cod.,
1025 5816 1281 5873 similiter.
1825 5815 1860 5836 ·”
1885 5821 1980 5899 θίξιξῖ
