  <div class='ocr_page' id='page_1' title='image "/cluster/home/n/w/nwhite01/storage/ocr_20150623/67/hvd.32044015547185/276.png"; bbox 0 0 4060 6364; ppageno 0'>
   <div class='ocr_carea' id='block_1_1' title="bbox 187 304 290 363">
    <p class='ocr_par' dir='ltr' id='par_1_1' title="bbox 187 304 290 363">
     <span class='ocr_line' id='line_1_1' title="bbox 187 304 290 363; baseline -0.019 0"><span class='ocrx_word' id='word_1_1' title='bbox 187 304 290 363; x_wconf 70' lang='lat' dir='ltr'><strong>5H</strong></span> 
     </span>
    </p>
   </div>
   <div class='ocr_carea' id='block_1_2' title="bbox 1072 306 2518 372">
    <p class='ocr_par' dir='ltr' id='par_1_2' title="bbox 1072 306 2518 372">
     <span class='ocr_line' id='line_1_2' title="bbox 1072 306 2518 372; baseline 0.006 -10"><span class='ocrx_word' id='word_1_2' title='bbox 1072 306 1207 363; x_wconf 80' lang='lat' dir='ltr'><strong>PRO</strong></span> <span class='ocrx_word' id='word_1_3' title='bbox 1244 306 1669 366; x_wconf 60' lang='lat' dir='ltr'><strong>DEFENSBNE</strong></span> <span class='ocrx_word' id='word_1_4' title='bbox 1706 306 1923 366; x_wconf 72' lang='lat' dir='ltr'><strong>TRIUM</strong></span> <span class='ocrx_word' id='word_1_5' title='bbox 1960 309 2280 368; x_wconf 78' lang='lat' dir='ltr'><strong>CAPITUL.</strong></span> <span class='ocrx_word' id='word_1_6' title='bbox 2308 311 2436 372; x_wconf 59' lang='lat' dir='ltr'><strong>LIB;</strong></span> <span class='ocrx_word' id='word_1_7' title='bbox 2478 315 2518 370; x_wconf 90' lang='lat' dir='ltr'><strong>l.</strong></span> 
     </span>
    </p>
   </div>
   <div class='ocr_carea' id='block_1_3' title="bbox 3373 322 3479 379">
    <p class='ocr_par' dir='ltr' id='par_1_3' title="bbox 3373 322 3479 379">
     <span class='ocr_line' id='line_1_3' title="bbox 3373 322 3479 379; baseline 0.019 -2"><span class='ocrx_word' id='word_1_8' title='bbox 3373 322 3479 379; x_wconf 62' lang='lat' dir='ltr'><strong>5L2</strong></span> 
     </span>
    </p>
   </div>
   <div class='ocr_carea' id='block_1_4' title="bbox 185 416 3484 510">
    <p class='ocr_par' dir='ltr' id='par_1_4' title="bbox 185 416 3484 510">
     <span class='ocr_line' id='line_1_4' title="bbox 185 416 3484 510; baseline 0.005 -35"><span class='ocrx_word' id='word_1_9' title='bbox 185 419 435 475; x_wconf 69' lang='lat' dir='ltr'><strong>uiuentes</strong></span> <span class='ocrx_word' id='word_1_10' title='bbox 471 416 727 475; x_wconf 55' lang='lat' dir='ltr'><strong>Ecclesiae</strong></span> <span class='ocrx_word' id='word_1_11' title='bbox 753 427 779 456; x_wconf 74' lang='grc' dir='ltr'><strong>ι</strong></span> <span class='ocrx_word' id='word_1_12' title='bbox 819 425 1015 491; x_wconf 87' lang='lat' dir='ltr'><strong>putent</strong></span> <span class='ocrx_word' id='word_1_13' title='bbox 1037 436 1144 477; x_wconf 92' lang='lat' dir='ltr'><strong>non</strong></span> <span class='ocrx_word' id='word_1_14' title='bbox 1172 421 1371 478; x_wconf 78' lang='lat' dir='ltr'><strong>debere</strong></span> <span class='ocrx_word' id='word_1_15' title='bbox 1397 424 1629 494; x_wconf 89' lang='lat' dir='ltr'><strong>suscipi,</strong></span> <span class='ocrx_word' id='word_1_16' title='bbox 1660 438 1785 480; x_wconf 87' lang='lat' dir='ltr'><strong>eum</strong></span> <span class='ocrx_word' id='word_1_17' title='bbox 1814 427 1860 486; x_wconf 74' lang='grc' dir='ltr'>Α</span> <span class='ocrx_word' id='word_1_18' title='bbox 1889 436 2065 492; x_wconf 85' lang='lat' dir='ltr'><strong>catur,</strong></span> <span class='ocrx_word' id='word_1_19' title='bbox 2095 435 2273 482; x_wconf 87' lang='lat' dir='ltr'><strong>utrum</strong></span> <span class='ocrx_word' id='word_1_20' title='bbox 2293 444 2421 483; x_wconf 84' lang='lat' dir='ltr'><strong>vere</strong></span> <span class='ocrx_word' id='word_1_21' title='bbox 2447 439 2503 485; x_wconf 88' lang='lat' dir='ltr'><strong>et</strong></span> <span class='ocrx_word' id='word_1_22' title='bbox 2525 432 2765 502; x_wconf 87' lang='lat' dir='ltr'><strong>proprie,</strong></span> <span class='ocrx_word' id='word_1_23' title='bbox 2788 448 2858 489; x_wconf 89' lang='lat' dir='ltr'><strong>an</strong></span> <span class='ocrx_word' id='word_1_24' title='bbox 2885 435 3245 506; x_wconf 80' lang='lat' dir='ltr'><strong>nuncupative</strong></span> <span class='ocrx_word' id='word_1_25' title='bbox 3274 446 3326 493; x_wconf 87' lang='lat' dir='ltr'><strong>et</strong></span> <span class='ocrx_word' id='word_1_26' title='bbox 3356 454 3484 510; x_wconf 81' lang='lat' dir='ltr'><strong>per-</strong></span> 
     </span>
    </p>
   </div>
   <div class='ocr_carea' id='block_1_5' title="bbox 184 512 1783 583">
    <p class='ocr_par' dir='ltr' id='par_1_5' title="bbox 184 512 1783 583">
     <span class='ocr_line' id='line_1_5' title="bbox 184 512 1783 583; baseline 0.002 -15"><span class='ocrx_word' id='word_1_27' title='bbox 184 512 499 568; x_wconf 67' lang='lat' dir='ltr'><strong>Ncstorium</strong></span> <span class='ocrx_word' id='word_1_28' title='bbox 536 512 828 577; x_wconf 95' lang='lat' dir='ltr'><strong>fateantur,</strong></span> <span class='ocrx_word' id='word_1_29' title='bbox 855 522 1082 582; x_wconf 79' lang='lat' dir='ltr'><strong>propter</strong></span> <span class='ocrx_word' id='word_1_30' title='bbox 1104 514 1248 583; x_wconf 91' lang='lat' dir='ltr'><strong>quod</strong></span> <span class='ocrx_word' id='word_1_31' title='bbox 1277 528 1397 570; x_wconf 84' lang='lat' dir='ltr'><strong>eam</strong></span> <span class='ocrx_word' id='word_1_32' title='bbox 1427 524 1655 572; x_wconf 86' lang='lat' dir='ltr'><strong>matrem</strong></span> <span class='ocrx_word' id='word_1_33' title='bbox 1684 515 1783 571; x_wconf 83' lang='lat' dir='ltr'><strong>Dei</strong></span> 
     </span>
    </p>
   </div>
   <div class='ocr_carea' id='block_1_6' title="bbox 184 602 1787 676">
    <p class='ocr_par' dir='ltr' id='par_1_6' title="bbox 184 602 1787 676">
     <span class='ocr_line' id='line_1_6' title="bbox 184 602 1787 676; baseline 0 -16"><span class='ocrx_word' id='word_1_34' title='bbox 184 605 441 676; x_wconf 85' lang='lat' dir='ltr'><strong>negabat,</strong></span> <span class='ocrx_word' id='word_1_35' title='bbox 470 603 716 660; x_wconf 82' lang='lat' dir='ltr'><strong>debuisse</strong></span> <span class='ocrx_word' id='word_1_36' title='bbox 737 604 999 659; x_wconf 82' lang='lat' dir='ltr'><strong>damnari.</strong></span> <span class='ocrx_word' id='word_1_37' title='bbox 1024 602 1250 672; x_wconf 82' lang='lat' dir='ltr'><strong>Quibus,</strong></span> <span class='ocrx_word' id='word_1_38' title='bbox 1279 613 1566 674; x_wconf 88' lang='lat' dir='ltr'><strong>antequam</strong></span> <span class='ocrx_word' id='word_1_39' title='bbox 1592 606 1787 661; x_wconf 83' lang='lat' dir='ltr'><strong>Nesto-</strong></span> 
     </span>
    </p>
   </div>
   <div class='ocr_carea' id='block_1_7' title="bbox 183 695 1787 767">
    <p class='ocr_par' dir='ltr' id='par_1_7' title="bbox 183 695 1787 767">
     <span class='ocr_line' id='line_1_7' title="bbox 183 695 1787 767; baseline 0.001 -16"><span class='ocrx_word' id='word_1_40' title='bbox 183 695 360 751; x_wconf 84' lang='lat' dir='ltr'><strong>riauis</strong></span> <span class='ocrx_word' id='word_1_41' title='bbox 387 695 841 765; x_wconf 72' lang='lat' dir='ltr'><strong>respondeamus,</strong></span> <span class='ocrx_word' id='word_1_42' title='bbox 868 696 1301 765; x_wconf 86' lang='lat' dir='ltr'><strong>respondendum</strong></span> <span class='ocrx_word' id='word_1_43' title='bbox 1335 698 1347 727; x_wconf 87' lang='grc'>¹</span> <span class='ocrx_word' id='word_1_44' title='bbox 1382 705 1535 767; x_wconf 91' lang='lat' dir='ltr'><strong>puto,</strong></span> <span class='ocrx_word' id='word_1_45' title='bbox 1564 697 1702 753; x_wconf 88' lang='lat' dir='ltr'><strong>sicut</strong></span> <span class='ocrx_word' id='word_1_46' title='bbox 1730 707 1787 753; x_wconf 92' lang='lat' dir='ltr'><strong>et</strong></span> 
     </span>
    </p>
   </div>
   <div class='ocr_carea' id='block_1_8' title="bbox 180 785 1785 860">
    <p class='ocr_par' dir='ltr' id='par_1_8' title="bbox 180 785 1785 860">
     <span class='ocr_line' id='line_1_8' title="bbox 180 785 1785 860; baseline 0 -16"><span class='ocrx_word' id='word_1_47' title='bbox 180 789 242 844; x_wconf 88' lang='lat' dir='ltr'><strong>in</strong></span> <span class='ocrx_word' id='word_1_48' title='bbox 270 788 552 860; x_wconf 78' lang='lat' dir='ltr'><strong>superiore</strong></span> <span class='ocrx_word' id='word_1_49' title='bbox 570 788 867 856; x_wconf 73' lang='lat' dir='ltr'><strong>quaestione</strong></span> <span class='ocrx_word' id='word_1_50' title='bbox 888 786 999 857; x_wconf 88' lang='lat' dir='ltr'><strong>jam</strong></span> <span class='ocrx_word' id='word_1_51' title='bbox 1026 785 1226 842; x_wconf 88' lang='lat' dir='ltr'><strong>factum</strong></span> <span class='ocrx_word' id='word_1_52' title='bbox 1255 796 1358 852; x_wconf 89' lang='lat' dir='ltr'><strong>est,</strong></span> <span class='ocrx_word' id='word_1_53' title='bbox 1390 788 1537 857; x_wconf 85' lang='lat' dir='ltr'><strong>quod</strong></span> <span class='ocrx_word' id='word_1_54' title='bbox 1561 790 1785 844; x_wconf 85' lang='lat' dir='ltr'><strong>omnino</strong></span> 
     </span>
    </p>
   </div>
   <div class='ocr_carea' id='block_1_9' title="bbox 181 878 1787 949">
    <p class='ocr_par' dir='ltr' id='par_1_9' title="bbox 181 878 1787 949">
     <span class='ocr_line' id='line_1_9' title="bbox 181 878 1787 949; baseline -0.001 -14"><span class='ocrx_word' id='word_1_55' title='bbox 181 881 415 935; x_wconf 79' lang='lat' dir='ltr'><strong>stultum</strong></span> <span class='ocrx_word' id='word_1_56' title='bbox 461 895 526 934; x_wconf 90' lang='lat' dir='ltr'><strong>ac</strong></span> <span class='ocrx_word' id='word_1_57' title='bbox 555 887 711 948; x_wconf 81' lang='lat' dir='ltr'><strong>turpe</strong></span> <span class='ocrx_word' id='word_1_58' title='bbox 755 878 854 944; x_wconf 84' lang='lat' dir='ltr'><strong>sit,</strong></span> <span class='ocrx_word' id='word_1_59' title='bbox 906 885 965 933; x_wconf 85' lang='lat' dir='ltr'><strong>et</strong></span> <span class='ocrx_word' id='word_1_60' title='bbox 1006 878 1508 933; x_wconf 76' lang='lat' dir='ltr'><strong>condemnationem</strong></span> <span class='ocrx_word' id='word_1_61' title='bbox 1555 879 1787 949; x_wconf 88' lang='lat' dir='ltr'><strong>probare</strong></span> 
     </span>
    </p>
   </div>
   <div class='ocr_carea' id='block_1_10' title="bbox 180 967 1788 1037">
    <p class='ocr_par' dir='ltr' id='par_1_10' title="bbox 180 967 1788 1037">
     <span class='ocr_line' id='line_1_10' title="bbox 180 967 1788 1037; baseline -0.002 -11"><span class='ocrx_word' id='word_1_62' title='bbox 180 971 458 1036; x_wconf 78' lang='lat' dir='ltr'><strong>Nestorii,</strong></span> <span class='ocrx_word' id='word_1_63' title='bbox 506 978 562 1025; x_wconf 92' lang='lat' dir='ltr'><strong>et</strong></span> <span class='ocrx_word' id='word_1_64' title='bbox 610 969 822 1024; x_wconf 79' lang='lat' dir='ltr'><strong>beatam</strong></span> <span class='ocrx_word' id='word_1_65' title='bbox 850 967 1071 1023; x_wconf 83' lang='lat' dir='ltr'><strong>Mariam</strong></span> <span class='ocrx_word' id='word_1_66' title='bbox 1120 982 1318 1037; x_wconf 86' lang='lat' dir='ltr'><strong>negare</strong></span> <span class='ocrx_word' id='word_1_67' title='bbox 1365 968 1509 1037; x_wconf 87' lang='lat' dir='ltr'><strong>quod</strong></span> <span class='ocrx_word' id='word_1_68' title='bbox 1555 984 1684 1023; x_wconf 84' lang='lat' dir='ltr'><strong>vere</strong></span> <span class='ocrx_word' id='word_1_69' title='bbox 1730 980 1788 1024; x_wconf 87' lang='lat' dir='ltr'><strong>et</strong></span> 
     </span>
    </p>
   </div>
   <div class='ocr_carea' id='block_1_11' title="bbox 180 1061 1787 1135">
    <p class='ocr_par' dir='ltr' id='par_1_11' title="bbox 180 1061 1787 1135">
     <span class='ocr_line' id='line_1_11' title="bbox 180 1061 1787 1135; baseline 0 -17"><span class='ocrx_word' id='word_1_70' title='bbox 180 1064 410 1135; x_wconf 80' lang='lat' dir='ltr'><strong>proprie</strong></span> <span class='ocrx_word' id='word_1_71' title='bbox 451 1064 523 1118; x_wconf 86' lang='lat' dir='ltr'><strong>sit</strong></span> <span class='ocrx_word' id='word_1_72' title='bbox 570 1071 746 1117; x_wconf 82' lang='lat' dir='ltr'><strong>mater</strong></span> <span class='ocrx_word' id='word_1_73' title='bbox 783 1063 896 1116; x_wconf 88' lang='lat' dir='ltr'><strong>Dei.</strong></span> <span class='ocrx_word' id='word_1_74' title='bbox 951 1061 1082 1115; x_wconf 83' lang='lat' dir='ltr'><strong>Nam</strong></span> <span class='ocrx_word' id='word_1_75' title='bbox 1128 1062 1173 1116; x_wconf 92' lang='lat' dir='ltr'><strong>si</strong></span> <span class='ocrx_word' id='word_1_76' title='bbox 1214 1077 1319 1131; x_wconf 83' lang='lat' dir='ltr'><strong>qua</strong></span> <span class='ocrx_word' id='word_1_77' title='bbox 1372 1061 1500 1117; x_wconf 85' lang='lat' dir='ltr'><strong>hinc</strong></span> <span class='ocrx_word' id='word_1_78' title='bbox 1539 1078 1660 1118; x_wconf 86' lang='lat' dir='ltr'><strong>esse</strong></span> <span class='ocrx_word' id='word_1_79' title='bbox 1688 1079 1787 1133; x_wconf 87' lang='lat' dir='ltr'><strong>po-</strong></span> 
     </span>
    </p>
   </div>
   <div class='ocr_carea' id='block_1_12' title="bbox 183 1152 1784 1223">
    <p class='ocr_par' dir='ltr' id='par_1_12' title="bbox 183 1152 1784 1223">
     <span class='ocr_line' id='line_1_12' title="bbox 183 1152 1784 1223; baseline 0 -15"><span class='ocrx_word' id='word_1_80' title='bbox 183 1152 293 1208; x_wconf 80' lang='lat' dir='ltr'><strong>tuit</strong></span> <span class='ocrx_word' id='word_1_81' title='bbox 321 1154 583 1223; x_wconf 77' lang='lat' dir='ltr'><strong>qmestio,</strong></span> <span class='ocrx_word' id='word_1_82' title='bbox 612 1169 735 1208; x_wconf 84' lang='lat' dir='ltr'><strong>cum</strong></span> <span class='ocrx_word' id='word_1_83' title='bbox 766 1153 883 1222; x_wconf 86' lang='lat' dir='ltr'><strong>ipso</strong></span> <span class='ocrx_word' id='word_1_84' title='bbox 931 1152 1180 1208; x_wconf 87' lang='lat' dir='ltr'><strong>Nestorio</strong></span> <span class='ocrx_word' id='word_1_85' title='bbox 1219 1153 1379 1207; x_wconf 82' lang='lat' dir='ltr'><strong>simul</strong></span> <span class='ocrx_word' id='word_1_86' title='bbox 1408 1153 1624 1209; x_wconf 84' lang='lat' dir='ltr'><strong>exclusa</strong></span> <span class='ocrx_word' id='word_1_87' title='bbox 1671 1164 1784 1220; x_wconf 91' lang='lat' dir='ltr'><strong>cst,</strong></span> 
     </span>
    </p>
   </div>
   <div class='ocr_carea' id='block_1_13' title="bbox 183 1245 1789 1317">
    <p class='ocr_par' dir='ltr' id='par_1_13' title="bbox 183 1245 1789 1317">
     <span class='ocr_line' id='line_1_13' title="bbox 183 1245 1789 1317; baseline -0.001 -14"><span class='ocrx_word' id='word_1_88' title='bbox 183 1248 285 1317; x_wconf 87' lang='lat' dir='ltr'><strong>qui</strong></span> <span class='ocrx_word' id='word_1_89' title='bbox 315 1262 435 1302; x_wconf 86' lang='lat' dir='ltr'><strong>eam</strong></span> <span class='ocrx_word' id='word_1_90' title='bbox 489 1256 715 1301; x_wconf 83' lang='lat' dir='ltr'><strong>matrem</strong></span> <span class='ocrx_word' id='word_1_91' title='bbox 766 1245 860 1301; x_wconf 87' lang='lat' dir='ltr'><strong>Dei</strong></span> <span class='ocrx_word' id='word_1_92' title='bbox 907 1262 1027 1301; x_wconf 88' lang='lat' dir='ltr'><strong>esse</strong></span> <span class='ocrx_word' id='word_1_93' title='bbox 1082 1247 1330 1315; x_wconf 80' lang='lat' dir='ltr'><strong>negabat.</strong></span> <span class='ocrx_word' id='word_1_94' title='bbox 1386 1246 1502 1302; x_wconf 84' lang='lat' dir='ltr'><strong>lloc</strong></span> <span class='ocrx_word' id='word_1_95' title='bbox 1545 1249 1686 1302; x_wconf 90' lang='lat' dir='ltr'><strong>enim</strong></span> <span class='ocrx_word' id='word_1_96' title='bbox 1733 1256 1789 1303; x_wconf 90' lang='lat' dir='ltr'><strong>et</strong></span> 
     </span>
    </p>
   </div>
   <div class='ocr_carea' id='block_1_14' title="bbox 184 1329 1788 1407">
    <p class='ocr_par' dir='ltr' id='par_1_14' title="bbox 184 1329 1788 1407">
     <span class='ocr_line' id='line_1_14' title="bbox 184 1329 1788 1407; baseline 0.001 -14"><span class='ocrx_word' id='word_1_97' title='bbox 184 1338 260 1395; x_wconf 88' lang='lat' dir='ltr'><strong>ad</strong></span> <span class='ocrx_word' id='word_1_98' title='bbox 297 1338 623 1395; x_wconf 87' lang='lat' dir='ltr'><strong>credendum</strong></span> <span class='ocrx_word' id='word_1_99' title='bbox 665 1336 905 1407; x_wconf 80' lang='lat' dir='ltr'><strong>difﬁcile,</strong></span> <span class='ocrx_word' id='word_1_100' title='bbox 950 1329 1005 1393; x_wconf 81' lang='lat' dir='ltr'><strong>et</strong></span> <span class='ocrx_word' id='word_1_101' title='bbox 1032 1338 1251 1406; x_wconf 86' lang='lat' dir='ltr'><strong>dignum</strong></span> <span class='ocrx_word' id='word_1_102' title='bbox 1300 1340 1665 1394; x_wconf 80' lang='lat' dir='ltr'><strong>controversia</strong></span> <span class='ocrx_word' id='word_1_103' title='bbox 1710 1340 1788 1394; x_wconf 85' lang='lat' dir='ltr'><strong>vi-</strong></span> 
     </span>
    </p>
   </div>
   <div class='ocr_carea' id='block_1_15' title="bbox 182 1431 1785 1499">
    <p class='ocr_par' dir='ltr' id='par_1_15' title="bbox 182 1431 1785 1499">
     <span class='ocr_line' id='line_1_15' title="bbox 182 1431 1785 1499; baseline -0.001 -12"><span class='ocrx_word' id='word_1_104' title='bbox 182 1433 439 1496; x_wconf 85' lang='lat' dir='ltr'><strong>debatur,</strong></span> <span class='ocrx_word' id='word_1_105' title='bbox 500 1441 676 1486; x_wconf 81' lang='lat' dir='ltr'><strong>utrum</strong></span> <span class='ocrx_word' id='word_1_106' title='bbox 724 1431 895 1486; x_wconf 89' lang='lat' dir='ltr'><strong>Deum</strong></span> <span class='ocrx_word' id='word_1_107' title='bbox 942 1431 1029 1485; x_wconf 90' lang='lat' dir='ltr'><strong>illa</strong></span> <span class='ocrx_word' id='word_1_108' title='bbox 1079 1432 1231 1499; x_wconf 86' lang='lat' dir='ltr'><strong>virgo</strong></span> <span class='ocrx_word' id='word_1_109' title='bbox 1273 1432 1520 1499; x_wconf 77' lang='lat' dir='ltr'><strong>genuerit</strong></span> <span class='ocrx_word' id='word_1_110' title='bbox 1558 1449 1572 1485; x_wconf 89' lang='lat'><strong>:</strong></span> <span class='ocrx_word' id='word_1_111' title='bbox 1622 1439 1785 1487; x_wconf 68' lang='lat' dir='ltr'><strong>creto-</strong></span> 
     </span>
    </p>
   </div>
   <div class='ocr_carea' id='block_1_16' title="bbox 183 1523 1789 1594">
    <p class='ocr_par' dir='ltr' id='par_1_16' title="bbox 183 1523 1789 1594">
     <span class='ocr_line' id='line_1_16' title="bbox 183 1523 1789 1594; baseline -0.001 -15"><span class='ocrx_word' id='word_1_112' title='bbox 183 1539 313 1579; x_wconf 82' lang='lat' dir='ltr'><strong>rum</strong></span> <span class='ocrx_word' id='word_1_113' title='bbox 362 1523 507 1594; x_wconf 88' lang='lat' dir='ltr'><strong>quod</strong></span> <span class='ocrx_word' id='word_1_114' title='bbox 558 1538 685 1577; x_wconf 89' lang='lat' dir='ltr'><strong>vere</strong></span> <span class='ocrx_word' id='word_1_115' title='bbox 722 1530 777 1578; x_wconf 88' lang='lat' dir='ltr'><strong>et</strong></span> <span class='ocrx_word' id='word_1_116' title='bbox 822 1524 1038 1592; x_wconf 83' lang='lat' dir='ltr'><strong>proprie</strong></span> <span class='ocrx_word' id='word_1_117' title='bbox 1077 1523 1353 1591; x_wconf 77' lang='lat' dir='ltr'><strong>genuerit,</strong></span> <span class='ocrx_word' id='word_1_118' title='bbox 1402 1523 1660 1592; x_wconf 83' lang='lat' dir='ltr'><strong>quidquid</strong></span> <span class='ocrx_word' id='word_1_119' title='bbox 1705 1530 1789 1578; x_wconf 88' lang='lat' dir='ltr'><strong>est</strong></span> 
     </span>
    </p>
   </div>
   <div class='ocr_carea' id='block_1_17' title="bbox 186 1615 1790 1686">
    <p class='ocr_par' dir='ltr' id='par_1_17' title="bbox 186 1615 1790 1686">
     <span class='ocr_line' id='line_1_17' title="bbox 186 1615 1790 1686; baseline 0.001 -16"><span class='ocrx_word' id='word_1_120' title='bbox 186 1616 285 1671; x_wconf 90' lang='lat' dir='ltr'><strong>ille</strong></span> <span class='ocrx_word' id='word_1_121' title='bbox 305 1624 467 1685; x_wconf 88' lang='lat' dir='ltr'><strong>quem</strong></span> <span class='ocrx_word' id='word_1_122' title='bbox 496 1616 703 1685; x_wconf 92' lang='lat' dir='ltr'><strong>genuit,</strong></span> <span class='ocrx_word' id='word_1_123' title='bbox 732 1616 904 1671; x_wconf 81' lang='lat' dir='ltr'><strong>nulli’</strong></span> <span class='ocrx_word' id='word_1_124' title='bbox 934 1616 1152 1685; x_wconf 83' lang='lat' dir='ltr'><strong>dignum</strong></span> <span class='ocrx_word' id='word_1_125' title='bbox 1184 1615 1586 1686; x_wconf 84' lang='lat' dir='ltr'><strong>disceptationis</strong></span> <span class='ocrx_word' id='word_1_126' title='bbox 1624 1632 1790 1686; x_wconf 79' lang='lat' dir='ltr'><strong>appa-</strong></span> 
     </span>
    </p>
   </div>
   <div class='ocr_carea' id='block_1_18' title="bbox 186 1709 1781 1779">
    <p class='ocr_par' dir='ltr' id='par_1_18' title="bbox 186 1709 1781 1779">
     <span class='ocr_line' id='line_1_18' title="bbox 186 1709 1781 1779; baseline -0.001 -15"><span class='ocrx_word' id='word_1_127' title='bbox 186 1719 296 1765; x_wconf 89' lang='lat' dir='ltr'><strong>ret.</strong></span> <span class='ocrx_word' id='word_1_128' title='bbox 329 1709 431 1775; x_wconf 86' lang='lat' dir='ltr'><strong>Qui</strong></span> <span class='ocrx_word' id='word_1_129' title='bbox 461 1723 591 1778; x_wconf 89' lang='lat' dir='ltr'><strong>ergo</strong></span> <span class='ocrx_word' id='word_1_130' title='bbox 632 1709 937 1766; x_wconf 83' lang='lat' dir='ltr'><strong>concedunt</strong></span> <span class='ocrx_word' id='word_1_131' title='bbox 988 1710 1115 1779; x_wconf 88' lang='lat' dir='ltr'><strong>quia</strong></span> <span class='ocrx_word' id='word_1_132' title='bbox 1152 1709 1322 1765; x_wconf 88' lang='lat' dir='ltr'><strong>Deum</strong></span> <span class='ocrx_word' id='word_1_133' title='bbox 1354 1709 1518 1778; x_wconf 87' lang='lat' dir='ltr'><strong>Virgo</strong></span> <span class='ocrx_word' id='word_1_134' title='bbox 1561 1709 1781 1777; x_wconf 77' lang='lat' dir='ltr'><strong>genuit,</strong></span> 
     </span>
    </p>
   </div>
   <div class='ocr_carea' id='block_1_19' title="bbox 1890 519 3480 601">
    <p class='ocr_par' dir='ltr' id='par_1_19' title="bbox 1890 519 3480 601">
     <span class='ocr_line' id='line_1_19' title="bbox 1890 519 3480 601; baseline 0.009 -27"><span class='ocrx_word' id='word_1_135' title='bbox 1890 520 2180 601; x_wconf 83' lang='lat' dir='ltr'><strong>functorie.</strong></span> <span class='ocrx_word' id='word_1_136' title='bbox 2208 519 2362 588; x_wconf 83' lang='lat' dir='ltr'><strong>Quod</strong></span> <span class='ocrx_word' id='word_1_137' title='bbox 2390 522 2437 577; x_wconf 91' lang='lat' dir='ltr'><strong>si</strong></span> <span class='ocrx_word' id='word_1_138' title='bbox 2465 523 2653 580; x_wconf 84' lang='lat' dir='ltr'><strong>dicunt</strong></span> <span class='ocrx_word' id='word_1_139' title='bbox 2680 542 2787 580; x_wconf 84' lang='lat' dir='ltr'><strong>non</strong></span> <span class='ocrx_word' id='word_1_140' title='bbox 2815 542 2935 583; x_wconf 85' lang='lat' dir='ltr'><strong>esse</strong></span> <span class='ocrx_word' id='word_1_141' title='bbox 2961 544 3299 598; x_wconf 77' lang='lat' dir='ltr'><strong>consequens</strong></span> <span class='ocrx_word' id='word_1_142' title='bbox 3325 540 3403 599; x_wconf 90' lang='lat' dir='ltr'><strong>ut,</strong></span> <span class='ocrx_word' id='word_1_143' title='bbox 3433 531 3480 588; x_wconf 78' lang='lat' dir='ltr'><strong>si</strong></span> 
     </span>
    </p>
   </div>
   <div class='ocr_carea' id='block_1_20' title="bbox 1887 602 3480 691">
    <p class='ocr_par' dir='ltr' id='par_1_20' title="bbox 1887 602 3480 691">
     <span class='ocr_line' id='line_1_20' title="bbox 1887 602 3480 691; baseline 0.008 -25"><span class='ocrx_word' id='word_1_144' title='bbox 1887 626 2016 668; x_wconf 93' lang='lat' dir='ltr'><strong>vere</strong></span> <span class='ocrx_word' id='word_1_145' title='bbox 2043 621 2099 667; x_wconf 86' lang='lat' dir='ltr'><strong>&#39;et</strong></span> <span class='ocrx_word' id='word_1_146' title='bbox 2123 602 2341 682; x_wconf 82' lang='lat' dir='ltr'><strong>proprie</strong></span> <span class='ocrx_word' id='word_1_147' title='bbox 2371 622 2476 669; x_wconf 81' lang='lat' dir='ltr'><strong>non</strong></span> <span class='ocrx_word' id='word_1_148' title='bbox 2502 615 2600 680; x_wconf 86' lang='lat' dir='ltr'><strong>sit,</strong></span> <span class='ocrx_word' id='word_1_149' title='bbox 2630 618 2993 687; x_wconf 86' lang='lat' dir='ltr'><strong>nuncupative</strong></span> <span class='ocrx_word' id='word_1_150' title='bbox 3018 628 3077 674; x_wconf 88' lang='lat' dir='ltr'><strong>et</strong></span> <span class='ocrx_word' id='word_1_151' title='bbox 3116 620 3480 691; x_wconf 88' lang='lat' dir='ltr'><strong>perfunctorie</strong></span> 
     </span>
    </p>
   </div>
   <div class='ocr_carea' id='block_1_21' title="bbox 1889 704 3481 780">
    <p class='ocr_par' dir='ltr' id='par_1_21' title="bbox 1889 704 3481 780">
     <span class='ocr_line' id='line_1_21' title="bbox 1889 704 3481 780; baseline 0.007 -22"><span class='ocrx_word' id='word_1_152' title='bbox 1889 705 1959 759; x_wconf 87' lang='lat' dir='ltr'><strong>sit</strong></span> <span class='ocrx_word' id='word_1_153' title='bbox 1986 712 2159 759; x_wconf 82' lang='lat' dir='ltr'><strong>mater</strong></span> <span class='ocrx_word' id='word_1_154' title='bbox 2201 704 2318 770; x_wconf 90' lang='lat' dir='ltr'><strong>Dei,</strong></span> <span class='ocrx_word' id='word_1_155' title='bbox 2372 705 2475 775; x_wconf 83' lang='lat' dir='ltr'><strong>ipsi</strong></span> <span class='ocrx_word' id='word_1_156' title='bbox 2516 705 2694 761; x_wconf 80' lang='lat' dir='ltr'><strong>dicant</strong></span> <span class='ocrx_word' id='word_1_157' title='bbox 2736 709 2955 763; x_wconf 88' lang='lat' dir='ltr'><strong>modum</strong></span> <span class='ocrx_word' id='word_1_158' title='bbox 2992 725 3101 780; x_wconf 85' lang='lat' dir='ltr'><strong>quo</strong></span> <span class='ocrx_word' id='word_1_159' title='bbox 3144 718 3331 767; x_wconf 87' lang='lat' dir='ltr'><strong>contra</strong></span> <span class='ocrx_word' id='word_1_160' title='bbox 3380 729 3481 769; x_wconf 81' lang='lat' dir='ltr'><strong>nos</strong></span> 
     </span>
    </p>
   </div>
   <div class='ocr_carea' id='block_1_22' title="bbox 1890 797 3482 872">
    <p class='ocr_par' dir='ltr' id='par_1_22' title="bbox 1890 797 3482 872">
     <span class='ocr_line' id='line_1_22' title="bbox 1890 797 3482 872; baseline 0.004 -20"><span class='ocrx_word' id='word_1_161' title='bbox 1890 798 2227 869; x_wconf 80' lang='lat' dir='ltr'><strong>praedicanda</strong></span> <span class='ocrx_word' id='word_1_162' title='bbox 2270 798 2344 854; x_wconf 87' lang='lat' dir='ltr'><strong>sit</strong></span> <span class='ocrx_word' id='word_1_163' title='bbox 2383 806 2560 852; x_wconf 80' lang='lat' dir='ltr'><strong>mater</strong></span> <span class='ocrx_word' id='word_1_164' title='bbox 2598 798 2711 854; x_wconf 88' lang='lat' dir='ltr'><strong>Dei.</strong></span> <span class='ocrx_word' id='word_1_165' title='bbox 2744 797 2929 856; x_wconf 84' lang='lat' dir='ltr'><strong>Omnis</strong></span> <span class='ocrx_word' id='word_1_166' title='bbox 2956 802 3098 856; x_wconf 87' lang='lat' dir='ltr'><strong>enim</strong></span> <span class='ocrx_word' id='word_1_167' title='bbox 3126 802 3219 872; x_wconf 84' lang='lat' dir='ltr'><strong>qui</strong></span> <span class='ocrx_word' id='word_1_168' title='bbox 3259 803 3482 859; x_wconf 88' lang='lat' dir='ltr'><strong>alterius</strong></span> 
     </span>
    </p>
   </div>
   <div class='ocr_carea' id='block_1_23' title="bbox 1890 889 3482 963">
    <p class='ocr_par' dir='ltr' id='par_1_23' title="bbox 1890 889 3482 963">
     <span class='ocr_line' id='line_1_23' title="bbox 1890 889 3482 963; baseline 0.003 -19"><span class='ocrx_word' id='word_1_169' title='bbox 1890 889 2257 960; x_wconf 71' lang='lat' dir='ltr'><strong>prredicationi</strong></span> <span class='ocrx_word' id='word_1_170' title='bbox 2289 898 2575 959; x_wconf 79' lang='lat' dir='ltr'><strong>repugnat,</strong></span> <span class='ocrx_word' id='word_1_171' title='bbox 2602 889 2789 946; x_wconf 84' lang='lat' dir='ltr'><strong>dicere</strong></span> <span class='ocrx_word' id='word_1_172' title='bbox 2809 890 2973 949; x_wconf 88' lang='lat' dir='ltr'><strong>debet</strong></span> <span class='ocrx_word' id='word_1_173' title='bbox 2999 893 3198 961; x_wconf 86' lang='lat' dir='ltr'><strong>aliquid</strong></span> <span class='ocrx_word' id='word_1_174' title='bbox 3224 895 3369 963; x_wconf 89' lang='lat' dir='ltr'><strong>quod</strong></span> <span class='ocrx_word' id='word_1_175' title='bbox 3389 903 3482 949; x_wconf 90' lang='lat' dir='ltr'><strong>aut</strong></span> 
     </span>
    </p>
   </div>
   <div class='ocr_carea' id='block_1_24' title="bbox 1889 981 3481 1041">
    <p class='ocr_par' dir='ltr' id='par_1_24' title="bbox 1889 981 3481 1041">
     <span class='ocr_line' id='line_1_24' title="bbox 1889 981 3481 1041; baseline 0.003 -4"><span class='ocrx_word' id='word_1_176' title='bbox 1889 981 2219 1037; x_wconf 87' lang='lat' dir='ltr'><strong>contrarium</strong></span> <span class='ocrx_word' id='word_1_177' title='bbox 2261 981 2311 1036; x_wconf 92' lang='lat' dir='ltr'><strong>ei</strong></span> <span class='ocrx_word' id='word_1_178' title='bbox 2350 982 2421 1037; x_wconf 90' lang='lat' dir='ltr'><strong>sit</strong></span> <span class='ocrx_word' id='word_1_179' title='bbox 2468 990 2560 1036; x_wconf 82' lang='lat' dir='ltr'><strong>aut</strong></span> <span class='ocrx_word' id='word_1_180' title='bbox 2604 981 2896 1037; x_wconf 87' lang='lat' dir='ltr'><strong>diversum.</strong></span> <span class='ocrx_word' id='word_1_181' title='bbox 2928 982 3081 1039; x_wconf 89' lang='lat' dir='ltr'><strong>Sicut</strong></span> <span class='ocrx_word' id='word_1_182' title='bbox 3107 984 3132 1020; x_wconf 85' lang='grc'><strong><em>⁸</em></strong></span> <span class='ocrx_word' id='word_1_183' title='bbox 3160 985 3371 1041; x_wconf 81' lang='lat' dir='ltr'><strong>Arianis</strong></span> <span class='ocrx_word' id='word_1_184' title='bbox 3396 986 3481 1041; x_wconf 89' lang='lat' dir='ltr'><strong>di-</strong></span> 
     </span>
    </p>
   </div>
   <div class='ocr_carea' id='block_1_25' title="bbox 1889 1070 3482 1141">
    <p class='ocr_par' dir='ltr' id='par_1_25' title="bbox 1889 1070 3482 1141">
     <span class='ocr_line' id='line_1_25' title="bbox 1889 1070 3482 1141; baseline 0.003 -15"><span class='ocrx_word' id='word_1_185' title='bbox 1889 1072 2134 1127; x_wconf 88' lang='lat' dir='ltr'><strong>centibus</strong></span> <span class='ocrx_word' id='word_1_186' title='bbox 2177 1072 2321 1141; x_wconf 87' lang='lat' dir='ltr'><strong>quod</strong></span> <span class='ocrx_word' id='word_1_187' title='bbox 2350 1074 2528 1129; x_wconf 78' lang='lat' dir='ltr'><strong>minor</strong></span> <span class='ocrx_word' id='word_1_188' title='bbox 2558 1070 2716 1128; x_wconf 83' lang='lat' dir='ltr'><strong>Patre</strong></span> <span class='ocrx_word' id='word_1_189' title='bbox 2743 1073 2812 1127; x_wconf 88' lang='lat' dir='ltr'><strong>sit</strong></span> <span class='ocrx_word' id='word_1_190' title='bbox 2841 1072 3023 1138; x_wconf 82' lang='lat' dir='ltr'><strong>Filius,</strong></span> <span class='ocrx_word' id='word_1_191' title='bbox 3055 1083 3243 1130; x_wconf 88' lang='lat' dir='ltr'><strong>contra</strong></span> <span class='ocrx_word' id='word_1_192' title='bbox 3272 1092 3372 1132; x_wconf 83' lang='lat' dir='ltr'><strong>nos</strong></span> <span class='ocrx_word' id='word_1_193' title='bbox 3396 1077 3482 1131; x_wconf 91' lang='lat' dir='ltr'><strong>di-</strong></span> 
     </span>
    </p>
   </div>
   <div class='ocr_carea' id='block_1_26' title="bbox 1890 1161 3483 1232">
    <p class='ocr_par' dir='ltr' id='par_1_26' title="bbox 1890 1161 3483 1232">
     <span class='ocr_line' id='line_1_26' title="bbox 1890 1161 3483 1232; baseline 0.001 -15"><span class='ocrx_word' id='word_1_194' title='bbox 1890 1162 2063 1217; x_wconf 83' lang='lat' dir='ltr'><strong>cimus</strong></span> <span class='ocrx_word' id='word_1_195' title='bbox 2089 1161 2235 1232; x_wconf 89' lang='lat' dir='ltr'><strong>quod</strong></span> <span class='ocrx_word' id='word_1_196' title='bbox 2261 1162 2486 1231; x_wconf 76' lang='lat' dir='ltr'><strong>:equalis</strong></span> <span class='ocrx_word' id='word_1_197' title='bbox 2512 1162 2564 1218; x_wconf 85' lang='lat' dir='ltr'><strong>ei</strong></span> <span class='ocrx_word' id='word_1_198' title='bbox 2608 1162 2712 1227; x_wconf 89' lang='lat' dir='ltr'><strong>sit;</strong></span> <span class='ocrx_word' id='word_1_199' title='bbox 2742 1162 2885 1218; x_wconf 85' lang='lat' dir='ltr'><strong>sicut</strong></span> <span class='ocrx_word' id='word_1_200' title='bbox 2914 1161 3227 1220; x_wconf 62' lang='lat' dir='ltr'><strong>Hanicbaais</strong></span> <span class='ocrx_word' id='word_1_201' title='bbox 3252 1166 3483 1221; x_wconf 88' lang='lat' dir='ltr'><strong>dicenti-</strong></span> 
     </span>
    </p>
   </div>
   <div class='ocr_carea' id='block_1_27' title="bbox 1890 1253 3481 1326">
    <p class='ocr_par' dir='ltr' id='par_1_27' title="bbox 1890 1253 3481 1326">
     <span class='ocr_line' id='line_1_27' title="bbox 1890 1253 3481 1326; baseline 0.002 -17"><span class='ocrx_word' id='word_1_202' title='bbox 1890 1254 1990 1309; x_wconf 89' lang='lat' dir='ltr'><strong>bus</strong></span> <span class='ocrx_word' id='word_1_203' title='bbox 2013 1254 2156 1323; x_wconf 85' lang='lat' dir='ltr'><strong>quod</strong></span> <span class='ocrx_word' id='word_1_204' title='bbox 2186 1255 2544 1324; x_wconf 89' lang='lat' dir='ltr'><strong>pbantastica,</strong></span> <span class='ocrx_word' id='word_1_205' title='bbox 2578 1253 2629 1309; x_wconf 89' lang='lat' dir='ltr'><strong>id</strong></span> <span class='ocrx_word' id='word_1_206' title='bbox 2650 1264 2735 1310; x_wconf 74' lang='lat' dir='ltr'><strong>eat</strong></span> <span class='ocrx_word' id='word_1_207' title='bbox 2755 1254 2883 1310; x_wconf 85' lang='lat' dir='ltr'><strong>falsa</strong></span> <span class='ocrx_word' id='word_1_208' title='bbox 2903 1268 3034 1310; x_wconf 85' lang='lat' dir='ltr'><strong>caro</strong></span> <span class='ocrx_word' id='word_1_209' title='bbox 3061 1255 3220 1311; x_wconf 85' lang='lat' dir='ltr'><strong>fuerit</strong></span> <span class='ocrx_word' id='word_1_210' title='bbox 3244 1256 3481 1326; x_wconf 84' lang='lat' dir='ltr'><strong>ejusdem</strong></span> 
     </span>
    </p>
   </div>
   <div class='ocr_carea' id='block_1_28' title="bbox 1891 1344 3484 1415">
    <p class='ocr_par' dir='ltr' id='par_1_28' title="bbox 1891 1344 3484 1415">
     <span class='ocr_line' id='line_1_28' title="bbox 1891 1344 3484 1415; baseline 0.002 -16"><span class='ocrx_word' id='word_1_211' title='bbox 1891 1345 2010 1401; x_wconf 85' lang='lat' dir='ltr'><strong>Filii</strong></span> <span class='ocrx_word' id='word_1_212' title='bbox 2031 1345 2146 1410; x_wconf 90' lang='lat' dir='ltr'><strong>Dei,</strong></span> <span class='ocrx_word' id='word_1_213' title='bbox 2166 1354 2356 1401; x_wconf 87' lang='lat' dir='ltr'><strong>contra</strong></span> <span class='ocrx_word' id='word_1_214' title='bbox 2376 1359 2479 1401; x_wconf 90' lang='lat' dir='ltr'><strong>nos</strong></span> <span class='ocrx_word' id='word_1_215' title='bbox 2494 1344 2721 1402; x_wconf 86' lang='lat' dir='ltr'><strong>dicimus</strong></span> <span class='ocrx_word' id='word_1_216' title='bbox 2742 1345 2887 1415; x_wconf 91' lang='lat' dir='ltr'><strong>quod</strong></span> <span class='ocrx_word' id='word_1_217' title='bbox 2912 1346 2965 1400; x_wconf 89' lang='lat' dir='ltr'><strong>in</strong></span> <span class='ocrx_word' id='word_1_218' title='bbox 2988 1361 3115 1401; x_wconf 85' lang='lat' dir='ltr'><strong>vera</strong></span> <span class='ocrx_word' id='word_1_219' title='bbox 3135 1361 3297 1401; x_wconf 89' lang='lat' dir='ltr'><strong>carne</strong></span> <span class='ocrx_word' id='word_1_220' title='bbox 3318 1346 3484 1403; x_wconf 87' lang='lat' dir='ltr'><strong>homo</strong></span> 
     </span>
    </p>
   </div>
   <div class='ocr_carea' id='block_1_29' title="bbox 1890 1436 3484 1509">
    <p class='ocr_par' dir='ltr' id='par_1_29' title="bbox 1890 1436 3484 1509">
     <span class='ocr_line' id='line_1_29' title="bbox 1890 1436 3484 1509; baseline 0.002 -18"><span class='ocrx_word' id='word_1_221' title='bbox 1890 1436 2049 1493; x_wconf 80' lang='lat' dir='ltr'><strong>fuerit</strong></span> <span class='ocrx_word' id='word_1_222' title='bbox 2080 1437 2250 1492; x_wconf 87' lang='lat' dir='ltr'><strong>factus</strong></span> <span class='ocrx_word' id='word_1_223' title='bbox 2275 1455 2289 1490; x_wconf 91' lang='lat'><strong>:</strong></span> <span class='ocrx_word' id='word_1_224' title='bbox 2319 1444 2482 1507; x_wconf 91' lang='lat' dir='ltr'><strong>atque</strong></span> <span class='ocrx_word' id='word_1_225' title='bbox 2508 1437 2583 1492; x_wconf 88' lang='lat' dir='ltr'><strong>ita</strong></span> <span class='ocrx_word' id='word_1_226' title='bbox 2612 1443 2669 1492; x_wconf 89' lang='lat' dir='ltr'><strong>et</strong></span> <span class='ocrx_word' id='word_1_227' title='bbox 2698 1438 2773 1492; x_wconf 87' lang='lat' dir='ltr'><strong>illi</strong></span> <span class='ocrx_word' id='word_1_228' title='bbox 2813 1438 3082 1503; x_wconf 76' lang='lat' dir='ltr'><strong>vicissim,</strong></span> <span class='ocrx_word' id='word_1_229' title='bbox 3110 1439 3484 1509; x_wconf 86' lang='lat' dir='ltr'><strong>impugnantes</strong></span> 
     </span>
    </p>
   </div>
   <div class='ocr_carea' id='block_1_30' title="bbox 1890 1528 3484 1601">
    <p class='ocr_par' dir='ltr' id='par_1_30' title="bbox 1890 1528 3484 1601">
     <span class='ocr_line' id='line_1_30' title="bbox 1890 1528 3484 1601; baseline 0.002 -17"><span class='ocrx_word' id='word_1_230' title='bbox 1890 1529 2034 1599; x_wconf 89' lang='lat' dir='ltr'><strong>quod</strong></span> <span class='ocrx_word' id='word_1_231' title='bbox 2063 1543 2250 1585; x_wconf 85' lang='lat' dir='ltr'><strong>verum</strong></span> <span class='ocrx_word' id='word_1_232' title='bbox 2278 1536 2361 1585; x_wconf 89' lang='lat' dir='ltr'><strong>est</strong></span> <span class='ocrx_word' id='word_1_233' title='bbox 2389 1537 2551 1598; x_wconf 86' lang='lat' dir='ltr'><strong>atque</strong></span> <span class='ocrx_word' id='word_1_234' title='bbox 2577 1528 2904 1585; x_wconf 88' lang='lat' dir='ltr'><strong>catholicum</strong></span> <span class='ocrx_word' id='word_1_235' title='bbox 2922 1570 2937 1595; x_wconf 95' lang='lat'><strong>,</strong></span> <span class='ocrx_word' id='word_1_236' title='bbox 2987 1530 3257 1585; x_wconf 85' lang='lat' dir='ltr'><strong>aiiirmant</strong></span> <span class='ocrx_word' id='word_1_237' title='bbox 3283 1532 3484 1601; x_wconf 89' lang='lat' dir='ltr'><strong>aliquid</strong></span> 
     </span>
    </p>
   </div>
   <div class='ocr_carea' id='block_1_31' title="bbox 1890 1620 3477 1691">
    <p class='ocr_par' dir='ltr' id='par_1_31' title="bbox 1890 1620 3477 1691">
     <span class='ocr_line' id='line_1_31' title="bbox 1890 1620 3477 1691; baseline 0.003 -15"><span class='ocrx_word' id='word_1_238' title='bbox 1890 1636 2071 1676; x_wconf 90' lang='lat' dir='ltr'><strong>suum.</strong></span> <span class='ocrx_word' id='word_1_239' title='bbox 2100 1621 2211 1678; x_wconf 86' lang='lat' dir='ltr'><strong>Nec</strong></span> <span class='ocrx_word' id='word_1_240' title='bbox 2234 1623 2520 1691; x_wconf 87' lang='lat' dir='ltr'><strong>quisquam</strong></span> <span class='ocrx_word' id='word_1_241' title='bbox 2548 1621 2703 1676; x_wconf 88' lang='lat' dir='ltr'><strong>aliter</strong></span> <span class='ocrx_word' id='word_1_242' title='bbox 2731 1620 2993 1678; x_wconf 80' lang='lat' dir='ltr'><strong>doctrina:</strong></span> <span class='ocrx_word' id='word_1_243' title='bbox 3014 1622 3217 1678; x_wconf 83' lang='lat' dir='ltr'><strong>resistit</strong></span> <span class='ocrx_word' id='word_1_244' title='bbox 3242 1624 3477 1691; x_wconf 81' lang='lat' dir='ltr'><strong>alterius,</strong></span> 
     </span>
    </p>
   </div>
   <div class='ocr_carea' id='block_1_32' title="bbox 1891 1706 3485 1785">
    <p class='ocr_par' dir='ltr' id='par_1_32' title="bbox 1891 1706 3485 1785">
     <span class='ocr_line' id='line_1_32' title="bbox 1891 1706 3485 1785; baseline 0.003 -18"><span class='ocrx_word' id='word_1_245' title='bbox 1891 1713 1994 1769; x_wconf 89' lang='lat' dir='ltr'><strong>nisi</strong></span> <span class='ocrx_word' id='word_1_246' title='bbox 2037 1720 2230 1769; x_wconf 86' lang='lat' dir='ltr'><strong>contra</strong></span> <span class='ocrx_word' id='word_1_247' title='bbox 2275 1713 2478 1783; x_wconf 87' lang='lat' dir='ltr'><strong>aliquid</strong></span> <span class='ocrx_word' id='word_1_248' title='bbox 2505 1713 2650 1769; x_wconf 81' lang='lat' dir='ltr'><strong>dicat</strong></span> <span class='ocrx_word' id='word_1_249' title='bbox 2681 1731 2695 1767; x_wconf 88' lang='lat'><strong>:</strong></span> <span class='ocrx_word' id='word_1_250' title='bbox 2728 1730 2849 1770; x_wconf 91' lang='lat' dir='ltr'><strong>cum</strong></span> <span class='ocrx_word' id='word_1_251' title='bbox 2877 1706 3015 1770; x_wconf 87' lang='lat' dir='ltr'><strong>vero</strong></span> <span class='ocrx_word' id='word_1_252' title='bbox 3038 1715 3236 1785; x_wconf 85' lang='lat' dir='ltr'><strong>aliquid</strong></span> <span class='ocrx_word' id='word_1_253' title='bbox 3265 1723 3485 1771; x_wconf 89' lang='lat' dir='ltr'><strong>contra-</strong></span> 
     </span>
    </p>
   </div>
   <div class='ocr_carea' id='block_1_33' title="bbox 185 1799 3485 1882">
    <p class='ocr_par' dir='ltr' id='par_1_33' title="bbox 185 1799 3485 1882">
     <span class='ocr_line' id='line_1_33' title="bbox 185 1799 3485 1882; baseline 0.003 -28"><span class='ocrx_word' id='word_1_254' title='bbox 185 1800 341 1869; x_wconf 74' lang='lat' dir='ltr'><strong>quod</strong></span> <span class='ocrx_word' id='word_1_255' title='bbox 364 1799 664 1869; x_wconf 82' lang='lat' dir='ltr'><strong>incapabile</strong></span> <span class='ocrx_word' id='word_1_256' title='bbox 684 1807 789 1868; x_wconf 86' lang='lat' dir='ltr'><strong>est,</strong></span> <span class='ocrx_word' id='word_1_257' title='bbox 819 1809 875 1854; x_wconf 89' lang='lat' dir='ltr'><strong>et</strong></span> <span class='ocrx_word' id='word_1_258' title='bbox 896 1800 1053 1855; x_wconf 91' lang='lat' dir='ltr'><strong>unius</strong></span> <span class='ocrx_word' id='word_1_259' title='bbox 1071 1799 1417 1869; x_wconf 86' lang='lat' dir='ltr'><strong>singulariter</strong></span> <span class='ocrx_word' id='word_1_260' title='bbox 1457 1802 1667 1867; x_wconf 85' lang='lat' dir='ltr'><strong>matris,</strong></span> <span class='ocrx_word' id='word_1_261' title='bbox 1692 1816 1789 1857; x_wconf 90' lang='lat' dir='ltr'><strong>cur</strong></span> <span class='ocrx_word' id='word_1_262' title='bbox 1821 1821 1867 1882; x_wconf 81' lang='grc' dir='ltr'><strong>Β</strong></span> <span class='ocrx_word' id='word_1_263' title='bbox 1892 1806 2125 1873; x_wconf 76' lang='lat' dir='ltr'><strong>dixerit,</strong></span> <span class='ocrx_word' id='word_1_264' title='bbox 2166 1817 2278 1861; x_wconf 91' lang='lat' dir='ltr'><strong>tum</strong></span> <span class='ocrx_word' id='word_1_265' title='bbox 2327 1807 2542 1863; x_wconf 86' lang='lat' dir='ltr'><strong>demum</strong></span> <span class='ocrx_word' id='word_1_266' title='bbox 2589 1807 2635 1863; x_wconf 92' lang='lat' dir='ltr'><strong>si</strong></span> <span class='ocrx_word' id='word_1_267' title='bbox 2664 1808 3009 1877; x_wconf 89' lang='lat' dir='ltr'><strong>acceptabilis</strong></span> <span class='ocrx_word' id='word_1_268' title='bbox 3054 1809 3126 1863; x_wconf 87' lang='lat' dir='ltr'><strong>sit</strong></span> <span class='ocrx_word' id='word_1_269' title='bbox 3152 1810 3243 1863; x_wconf 87' lang='lat' dir='ltr'><strong>illa</strong></span> <span class='ocrx_word' id='word_1_270' title='bbox 3268 1822 3485 1864; x_wconf 80' lang='lat' dir='ltr'><strong>contra-</strong></span> 
     </span>
    </p>
   </div>
   <div class='ocr_carea' id='block_1_34' title="bbox 186 1892 1792 1963">
    <p class='ocr_par' dir='ltr' id='par_1_34' title="bbox 186 1892 1792 1963">
     <span class='ocr_line' id='line_1_34' title="bbox 186 1892 1792 1963; baseline 0 -14"><span class='ocrx_word' id='word_1_271' title='bbox 186 1908 316 1949; x_wconf 79' lang='lat' dir='ltr'><strong>eam</strong></span> <span class='ocrx_word' id='word_1_272' title='bbox 343 1899 543 1961; x_wconf 89' lang='lat' dir='ltr'><strong>negant</strong></span> <span class='ocrx_word' id='word_1_273' title='bbox 564 1908 691 1948; x_wconf 83' lang='lat' dir='ltr'><strong>vere</strong></span> <span class='ocrx_word' id='word_1_274' title='bbox 718 1899 779 1948; x_wconf 89' lang='lat' dir='ltr'><strong>et</strong></span> <span class='ocrx_word' id='word_1_275' title='bbox 796 1893 1012 1963; x_wconf 88' lang='lat' dir='ltr'><strong>proprie</strong></span> <span class='ocrx_word' id='word_1_276' title='bbox 1037 1893 1306 1960; x_wconf 84' lang='lat' dir='ltr'><strong>genuisse,</strong></span> <span class='ocrx_word' id='word_1_277' title='bbox 1338 1892 1481 1961; x_wconf 87' lang='lat' dir='ltr'><strong>quod</strong></span> <span class='ocrx_word' id='word_1_278' title='bbox 1504 1908 1792 1949; x_wconf 86' lang='lat' dir='ltr'><strong>commune</strong></span> 
     </span>
    </p>
   </div>
   <div class='ocr_carea' id='block_1_35' title="bbox 186 1984 1789 2054">
    <p class='ocr_par' dir='ltr' id='par_1_35' title="bbox 186 1984 1789 2054">
     <span class='ocr_line' id='line_1_35' title="bbox 186 1984 1789 2054; baseline 0.001 -14"><span class='ocrx_word' id='word_1_279' title='bbox 186 1986 446 2041; x_wconf 86' lang='lat' dir='ltr'><strong>omnibus</strong></span> <span class='ocrx_word' id='word_1_280' title='bbox 471 1985 752 2050; x_wconf 88' lang='lat' dir='ltr'><strong>matribus,</strong></span> <span class='ocrx_word' id='word_1_281' title='bbox 777 1992 833 2041; x_wconf 90' lang='lat' dir='ltr'><strong>et</strong></span> <span class='ocrx_word' id='word_1_282' title='bbox 862 1984 1058 2040; x_wconf 88' lang='lat' dir='ltr'><strong>nullius</strong></span> <span class='ocrx_word' id='word_1_283' title='bbox 1081 1984 1300 2053; x_wconf 85' lang='lat' dir='ltr'><strong>dignum</strong></span> <span class='ocrx_word' id='word_1_284' title='bbox 1330 1991 1415 2041; x_wconf 87' lang='lat' dir='ltr'><strong>est</strong></span> <span class='ocrx_word' id='word_1_285' title='bbox 1439 1985 1789 2054; x_wconf 65' lang='lat' dir='ltr'><strong>quaestionis?</strong></span> 
     </span>
    </p>
   </div>
   <div class='ocr_carea' id='block_1_36' title="bbox 185 2076 1790 2149">
    <p class='ocr_par' dir='ltr' id='par_1_36' title="bbox 185 2076 1790 2149">
     <span class='ocr_line' id='line_1_36' title="bbox 185 2076 1790 2149; baseline -0.001 -16"><span class='ocrx_word' id='word_1_286' title='bbox 185 2076 259 2133; x_wconf 79' lang='lat' dir='ltr'><strong>Et</strong></span> <span class='ocrx_word' id='word_1_287' title='bbox 287 2079 489 2134; x_wconf 88' lang='lat' dir='ltr'><strong>audent</strong></span> <span class='ocrx_word' id='word_1_288' title='bbox 510 2080 730 2149; x_wconf 72' lang='lat' dir='ltr'><strong>insuper</strong></span> <span class='ocrx_word' id='word_1_289' title='bbox 755 2079 881 2144; x_wconf 79' lang='lat' dir='ltr'><strong>hoc,</strong></span> <span class='ocrx_word' id='word_1_290' title='bbox 906 2079 1052 2147; x_wconf 90' lang='lat' dir='ltr'><strong>quod</strong></span> <span class='ocrx_word' id='word_1_291' title='bbox 1075 2078 1302 2133; x_wconf 81' lang='lat' dir='ltr'><strong>dicimus</strong></span> <span class='ocrx_word' id='word_1_292' title='bbox 1328 2078 1541 2133; x_wconf 87' lang='lat' dir='ltr'><strong>beatam</strong></span> <span class='ocrx_word' id='word_1_293' title='bbox 1570 2078 1790 2133; x_wconf 83' lang='lat' dir='ltr'><strong>Mariam</strong></span> 
     </span>
    </p>
   </div>
   <div class='ocr_carea' id='block_1_37' title="bbox 187 2170 1795 2244">
    <p class='ocr_par' dir='ltr' id='par_1_37' title="bbox 187 2170 1795 2244">
     <span class='ocr_line' id='line_1_37' title="bbox 187 2170 1795 2244; baseline 0 -17"><span class='ocrx_word' id='word_1_294' title='bbox 187 2186 327 2227; x_wconf 77' lang='lat' dir='ltr'><strong>vere</strong></span> <span class='ocrx_word' id='word_1_295' title='bbox 351 2180 408 2228; x_wconf 90' lang='lat' dir='ltr'><strong>et</strong></span> <span class='ocrx_word' id='word_1_296' title='bbox 435 2173 651 2244; x_wconf 79' lang='lat' dir='ltr'><strong>proprie</strong></span> <span class='ocrx_word' id='word_1_297' title='bbox 679 2181 906 2227; x_wconf 90' lang='lat' dir='ltr'><strong>matrem</strong></span> <span class='ocrx_word' id='word_1_298' title='bbox 928 2172 1045 2239; x_wconf 89' lang='lat' dir='ltr'><strong>Dei,</strong></span> <span class='ocrx_word' id='word_1_299' title='bbox 1075 2170 1410 2244; x_wconf 82' lang='lat' dir='ltr'><strong>Entycbiano</strong></span> <span class='ocrx_word' id='word_1_300' title='bbox 1438 2171 1677 2240; x_wconf 86' lang='lat' dir='ltr'><strong>dogmati</strong></span> <span class='ocrx_word' id='word_1_301' title='bbox 1700 2170 1795 2227; x_wconf 85' lang='lat' dir='ltr'><strong>de-</strong></span> 
     </span>
    </p>
   </div>
   <div class='ocr_carea' id='block_1_38' title="bbox 186 2263 1794 2333">
    <p class='ocr_par' dir='ltr' id='par_1_38' title="bbox 186 2263 1794 2333">
     <span class='ocr_line' id='line_1_38' title="bbox 186 2263 1794 2333; baseline 0.002 -17"><span class='ocrx_word' id='word_1_302' title='bbox 186 2270 411 2333; x_wconf 86' lang='lat' dir='ltr'><strong>putare,</strong></span> <span class='ocrx_word' id='word_1_303' title='bbox 445 2278 551 2318; x_wconf 86' lang='lat' dir='ltr'><strong>non</strong></span> <span class='ocrx_word' id='word_1_304' title='bbox 579 2263 938 2332; x_wconf 84' lang='lat' dir='ltr'><strong>intelligentes</strong></span> <span class='ocrx_word' id='word_1_305' title='bbox 962 2278 1139 2333; x_wconf 90' lang='lat' dir='ltr'><strong>neque</strong></span> <span class='ocrx_word' id='word_1_306' title='bbox 1160 2278 1283 2333; x_wconf 62' lang='lat' dir='ltr'><strong>quae</strong></span> <span class='ocrx_word' id='word_1_307' title='bbox 1321 2264 1632 2333; x_wconf 86' lang='lat' dir='ltr'><strong>loquuntur,</strong></span> <span class='ocrx_word' id='word_1_308' title='bbox 1655 2265 1794 2319; x_wconf 90' lang='lat' dir='ltr'><strong>sicut</strong></span> 
     </span>
    </p>
   </div>
   <div class='ocr_carea' id='block_1_39' title="bbox 188 2352 1790 2426">
    <p class='ocr_par' dir='ltr' id='par_1_39' title="bbox 188 2352 1790 2426">
     <span class='ocr_line' id='line_1_39' title="bbox 188 2352 1790 2426; baseline 0.001 -18"><span class='ocrx_word' id='word_1_309' title='bbox 188 2353 325 2408; x_wconf 83' lang='lat' dir='ltr'><strong>dicit</strong></span> <span class='ocrx_word' id='word_1_310' title='bbox 364 2352 656 2424; x_wconf 80' lang='lat' dir='ltr'><strong>Apostolus</strong></span> <span class='ocrx_word' id='word_1_311' title='bbox 686 2352 741 2425; x_wconf 91' lang='lat'><strong>(1</strong></span> <span class='ocrx_word' id='word_1_312' title='bbox 773 2353 910 2409; x_wconf 81' lang='lat' dir='ltr'><strong>Tim.</strong></span> <span class='ocrx_word' id='word_1_313' title='bbox 940 2370 989 2420; x_wconf 77' lang='grc' dir='ltr'>ι,</span> <span class='ocrx_word' id='word_1_314' title='bbox 1020 2355 1099 2424; x_wconf 84' lang='lat'><strong>7),</strong></span> <span class='ocrx_word' id='word_1_315' title='bbox 1129 2370 1305 2425; x_wconf 82' lang='lat' dir='ltr'><strong>neque</strong></span> <span class='ocrx_word' id='word_1_316' title='bbox 1331 2356 1399 2411; x_wconf 89' lang='lat' dir='ltr'><strong>de</strong></span> <span class='ocrx_word' id='word_1_317' title='bbox 1422 2356 1617 2426; x_wconf 89' lang='lat' dir='ltr'><strong>quibus</strong></span> <span class='ocrx_word' id='word_1_318' title='bbox 1642 2354 1790 2411; x_wconf 82' lang='lat' dir='ltr'><strong>aflir-</strong></span> 
     </span>
    </p>
   </div>
   <div class='ocr_carea' id='block_1_40' title="bbox 190 2446 1790 2521">
    <p class='ocr_par' dir='ltr' id='par_1_40' title="bbox 190 2446 1790 2521">
     <span class='ocr_line' id='line_1_40' title="bbox 190 2446 1790 2521; baseline 0.001 -19"><span class='ocrx_word' id='word_1_319' title='bbox 190 2456 380 2516; x_wconf 86' lang='lat' dir='ltr'><strong>mant,</strong></span> <span class='ocrx_word' id='word_1_320' title='bbox 410 2463 532 2503; x_wconf 86' lang='lat' dir='ltr'><strong>cum</strong></span> <span class='ocrx_word' id='word_1_321' title='bbox 561 2455 751 2503; x_wconf 87' lang='lat' dir='ltr'><strong>sancta</strong></span> <span class='ocrx_word' id='word_1_322' title='bbox 796 2446 1253 2503; x_wconf 84' lang='lat' dir='ltr'><strong>Chalcedonensis</strong></span> <span class='ocrx_word' id='word_1_323' title='bbox 1289 2448 1563 2521; x_wconf 81' lang='lat' dir='ltr'><strong>synodus,</strong></span> <span class='ocrx_word' id='word_1_324' title='bbox 1607 2464 1641 2504; x_wconf 89' lang='lat' dir='ltr'><strong>a</strong></span> <span class='ocrx_word' id='word_1_325' title='bbox 1685 2463 1790 2518; x_wconf 91' lang='lat' dir='ltr'><strong>qua</strong></span> 
     </span>
    </p>
   </div>
   <div class='ocr_carea' id='block_1_41' title="bbox 189 2537 1791 2611">
    <p class='ocr_par' dir='ltr' id='par_1_41' title="bbox 189 2537 1791 2611">
     <span class='ocr_line' id='line_1_41' title="bbox 189 2537 1791 2611; baseline 0.002 -19"><span class='ocrx_word' id='word_1_326' title='bbox 189 2538 312 2608; x_wconf 78' lang='lat' dir='ltr'><strong>ipse</strong></span> <span class='ocrx_word' id='word_1_327' title='bbox 340 2538 625 2594; x_wconf 88' lang='lat' dir='ltr'><strong>damnatus</strong></span> <span class='ocrx_word' id='word_1_328' title='bbox 652 2548 734 2594; x_wconf 89' lang='lat' dir='ltr'><strong>est</strong></span> <span class='ocrx_word' id='word_1_329' title='bbox 762 2537 1057 2609; x_wconf 77' lang='lat' dir='ltr'><strong>Eutyches,</strong></span> <span class='ocrx_word' id='word_1_330' title='bbox 1085 2540 1225 2594; x_wconf 88' lang='lat' dir='ltr'><strong>sicut</strong></span> <span class='ocrx_word' id='word_1_331' title='bbox 1252 2540 1669 2595; x_wconf 80' lang='lat' dir='ltr'><strong>memoravimus</strong></span> <span class='ocrx_word' id='word_1_332' title='bbox 1700 2539 1791 2611; x_wconf 83' lang='lat' dir='ltr'><strong>(In</strong></span> 
     </span>
    </p>
   </div>
   <div class='ocr_carea' id='block_1_42' title="bbox 190 2628 1792 2704">
    <p class='ocr_par' dir='ltr' id='par_1_42' title="bbox 190 2628 1792 2704">
     <span class='ocr_line' id='line_1_42' title="bbox 190 2628 1792 2704; baseline 0.001 -19"><span class='ocrx_word' id='word_1_333' title='bbox 190 2632 409 2688; x_wconf 79' lang='lat' dir='ltr'><strong>allocut.</strong></span> <span class='ocrx_word' id='word_1_334' title='bbox 438 2632 507 2685; x_wconf 85' lang='lat' dir='ltr'><strong>ad</strong></span> <span class='ocrx_word' id='word_1_335' title='bbox 535 2628 843 2704; x_wconf 67' lang='lat' dir='ltr'><strong>Marciam),</strong></span> <span class='ocrx_word' id='word_1_336' title='bbox 866 2632 1007 2687; x_wconf 89' lang='lat' dir='ltr'><strong>dicat</strong></span> <span class='ocrx_word' id='word_1_337' title='bbox 1032 2650 1045 2686; x_wconf 90' lang='lat'><strong>:</strong></span> <span class='ocrx_word' id='word_1_338' title='bbox 1084 2652 1103 2685; x_wconf 73' lang='grc' dir='ltr'><strong>ι</strong></span> <span class='ocrx_word' id='word_1_339' title='bbox 1132 2632 1414 2700; x_wconf 90' lang='lat' dir='ltr'><strong>Quomodo</strong></span> <span class='ocrx_word' id='word_1_340' title='bbox 1437 2632 1532 2688; x_wconf 90' lang='lat' dir='ltr'><strong>Dei</strong></span> <span class='ocrx_word' id='word_1_341' title='bbox 1559 2634 1792 2702; x_wconf 85' lang='lat' dir='ltr'><strong>genitrix</strong></span> 
     </span>
    </p>
   </div>
   <div class='ocr_carea' id='block_1_43' title="bbox 192 2721 1797 2794">
    <p class='ocr_par' dir='ltr' id='par_1_43' title="bbox 192 2721 1797 2794">
     <span class='ocr_line' id='line_1_43' title="bbox 192 2721 1797 2794; baseline 0.003 -18"><span class='ocrx_word' id='word_1_342' title='bbox 192 2722 266 2777; x_wconf 89' lang='lat' dir='ltr'><strong>sit</strong></span> <span class='ocrx_word' id='word_1_343' title='bbox 295 2721 447 2791; x_wconf 87' lang='lat' dir='ltr'><strong>virgo</strong></span> <span class='ocrx_word' id='word_1_344' title='bbox 478 2721 712 2777; x_wconf 89' lang='lat' dir='ltr'><strong>vocitata</strong></span> <span class='ocrx_word' id='word_1_345' title='bbox 742 2733 965 2794; x_wconf 85' lang='lat' dir='ltr'><strong>propter</strong></span> <span class='ocrx_word' id='word_1_346' title='bbox 989 2736 1113 2779; x_wconf 87' lang='lat' dir='ltr'><strong>eum</strong></span> <span class='ocrx_word' id='word_1_347' title='bbox 1156 2725 1246 2794; x_wconf 91' lang='lat' dir='ltr'><strong>qui</strong></span> <span class='ocrx_word' id='word_1_348' title='bbox 1275 2726 1633 2794; x_wconf 80' lang='lat' dir='ltr'><strong>virginitatem</strong></span> <span class='ocrx_word' id='word_1_349' title='bbox 1676 2724 1797 2794; x_wconf 80' lang='lat' dir='ltr'><strong>ejus</strong></span> 
     </span>
    </p>
   </div>
   <div class='ocr_carea' id='block_1_44' title="bbox 196 2812 1790 2887">
    <p class='ocr_par' dir='ltr' id='par_1_44' title="bbox 196 2812 1790 2887">
     <span class='ocr_line' id='line_1_44' title="bbox 196 2812 1790 2887; baseline 0.002 -19"><span class='ocrx_word' id='word_1_350' title='bbox 196 2812 452 2884; x_wconf 80' lang='lat' dir='ltr'><strong>dignatus</strong></span> <span class='ocrx_word' id='word_1_351' title='bbox 480 2823 565 2868; x_wconf 89' lang='lat' dir='ltr'><strong>est</strong></span> <span class='ocrx_word' id='word_1_352' title='bbox 590 2814 750 2868; x_wconf 87' lang='lat' dir='ltr'><strong>etiam</strong></span> <span class='ocrx_word' id='word_1_353' title='bbox 781 2828 1002 2871; x_wconf 87' lang='lat' dir='ltr'><strong>sacrare</strong></span> <span class='ocrx_word' id='word_1_354' title='bbox 1029 2825 1156 2887; x_wconf 91' lang='lat' dir='ltr'><strong>post</strong></span> <span class='ocrx_word' id='word_1_355' title='bbox 1177 2824 1388 2886; x_wconf 90' lang='lat' dir='ltr'><strong>partum</strong></span> <span class='ocrx_word' id='word_1_356' title='bbox 1406 2858 1422 2883; x_wconf 95' lang='lat'><strong>,</strong></span> <span class='ocrx_word' id='word_1_357' title='bbox 1450 2816 1790 2885; x_wconf 88' lang='lat' dir='ltr'><strong>vulvamque,</strong></span> 
     </span>
    </p>
   </div>
   <div class='ocr_carea' id='block_1_45' title="bbox 193 2902 1797 2977">
    <p class='ocr_par' dir='ltr' id='par_1_45' title="bbox 193 2902 1797 2977">
     <span class='ocr_line' id='line_1_45' title="bbox 193 2902 1797 2977; baseline 0.002 -19"><span class='ocrx_word' id='word_1_358' title='bbox 193 2912 259 2958; x_wconf 84' lang='lat' dir='ltr'><strong>ut</strong></span> <span class='ocrx_word' id='word_1_359' title='bbox 293 2903 524 2959; x_wconf 87' lang='lat' dir='ltr'><strong>decebat</strong></span> <span class='ocrx_word' id='word_1_360' title='bbox 569 2902 761 2971; x_wconf 79' lang='lat' dir='ltr'><strong>Deum,</strong></span> <span class='ocrx_word' id='word_1_361' title='bbox 792 2906 1099 2973; x_wconf 88' lang='lat' dir='ltr'><strong>integritate</strong></span> <span class='ocrx_word' id='word_1_362' title='bbox 1133 2906 1375 2973; x_wconf 84' lang='lat' dir='ltr'><strong>signare,</strong></span> <span class='ocrx_word' id='word_1_363' title='bbox 1408 2906 1679 2977; x_wconf 90' lang='lat' dir='ltr'><strong>quomodo</strong></span> <span class='ocrx_word' id='word_1_364' title='bbox 1705 2922 1797 2962; x_wconf 86' lang='lat' dir='ltr'><strong>se-</strong></span> 
     </span>
    </p>
   </div>
   <div class='ocr_carea' id='block_1_46' title="bbox 196 2993 1795 3067">
    <p class='ocr_par' dir='ltr' id='par_1_46' title="bbox 196 2993 1795 3067">
     <span class='ocr_line' id='line_1_46' title="bbox 196 2993 1795 3067; baseline 0.001 -18"><span class='ocrx_word' id='word_1_365' title='bbox 196 2993 437 3049; x_wconf 89' lang='lat' dir='ltr'><strong>cundum</strong></span> <span class='ocrx_word' id='word_1_366' title='bbox 475 2994 760 3050; x_wconf 86' lang='lat' dir='ltr'><strong>veritatem</strong></span> <span class='ocrx_word' id='word_1_367' title='bbox 803 3004 979 3051; x_wconf 89' lang='lat' dir='ltr'><strong>mater</strong></span> <span class='ocrx_word' id='word_1_368' title='bbox 1006 2995 1149 3051; x_wconf 84' lang='lat' dir='ltr'><strong>dicta</strong></span> <span class='ocrx_word' id='word_1_369' title='bbox 1192 2995 1263 3052; x_wconf 90' lang='lat' dir='ltr'><strong>sit</strong></span> <span class='ocrx_word' id='word_1_370' title='bbox 1305 3004 1527 3067; x_wconf 85' lang='lat' dir='ltr'><strong>propter</strong></span> <span class='ocrx_word' id='word_1_371' title='bbox 1554 3012 1795 3065; x_wconf 88' lang='lat' dir='ltr'><strong>carnem,</strong></span> 
     </span>
    </p>
   </div>
   <div class='ocr_carea' id='block_1_47' title="bbox 198 3087 1795 3159">
    <p class='ocr_par' dir='ltr' id='par_1_47' title="bbox 198 3087 1795 3159">
     <span class='ocr_line' id='line_1_47' title="bbox 198 3087 1795 3159; baseline 0.002 -18"><span class='ocrx_word' id='word_1_372' title='bbox 198 3102 360 3159; x_wconf 80' lang='lat' dir='ltr'><strong>quam</strong></span> <span class='ocrx_word' id='word_1_373' title='bbox 408 3102 480 3143; x_wconf 82' lang='lat' dir='ltr'><strong>ex</strong></span> <span class='ocrx_word' id='word_1_374' title='bbox 527 3103 589 3144; x_wconf 79' lang='lat' dir='ltr'><strong>se</strong></span> <span class='ocrx_word' id='word_1_375' title='bbox 637 3088 876 3144; x_wconf 90' lang='lat' dir='ltr'><strong>omnium</strong></span> <span class='ocrx_word' id='word_1_376' title='bbox 928 3087 1157 3144; x_wconf 86' lang='lat' dir='ltr'><strong>Domino</strong></span> <span class='ocrx_word' id='word_1_377' title='bbox 1208 3090 1551 3144; x_wconf 86' lang='lat' dir='ltr'><strong>ministravit.</strong></span> <span class='ocrx_word' id='word_1_378' title='bbox 1588 3108 1608 3143; x_wconf 74' lang='grc' dir='ltr'><strong>ι</strong></span> <span class='ocrx_word' id='word_1_379' title='bbox 1659 3087 1795 3144; x_wconf 89' lang='lat' dir='ltr'><strong>Cum</strong></span> 
     </span>
    </p>
   </div>
   <div class='ocr_carea' id='block_1_48' title="bbox 1895 1896 3485 1970">
    <p class='ocr_par' dir='ltr' id='par_1_48' title="bbox 1895 1896 3485 1970">
     <span class='ocr_line' id='line_1_48' title="bbox 1895 1896 3485 1970; baseline 0.002 -17"><span class='ocrx_word' id='word_1_380' title='bbox 1895 1898 2079 1964; x_wconf 90' lang='lat' dir='ltr'><strong>dictio,</strong></span> <span class='ocrx_word' id='word_1_381' title='bbox 2110 1899 2445 1968; x_wconf 88' lang='lat' dir='ltr'><strong>disquiritur.</strong></span> <span class='ocrx_word' id='word_1_382' title='bbox 2477 1896 2679 1953; x_wconf 80' lang='lat' dir='ltr'><strong>Horum</strong></span> <span class='ocrx_word' id='word_1_383' title='bbox 2701 1915 2830 1954; x_wconf 86' lang='lat' dir='ltr'><strong>vero</strong></span> <span class='ocrx_word' id='word_1_384' title='bbox 2857 1901 2948 1969; x_wconf 90' lang='lat' dir='ltr'><strong>qui</strong></span> <span class='ocrx_word' id='word_1_385' title='bbox 2979 1916 3078 1955; x_wconf 91' lang='lat' dir='ltr'><strong>nos</strong></span> <span class='ocrx_word' id='word_1_386' title='bbox 3104 1901 3392 1970; x_wconf 89' lang='lat' dir='ltr'><strong>prohibent</strong></span> <span class='ocrx_word' id='word_1_387' title='bbox 3413 1901 3485 1956; x_wconf 88' lang='lat' dir='ltr'><strong>di-</strong></span> 
     </span>
    </p>
   </div>
   <div class='ocr_carea' id='block_1_49' title="bbox 1894 1990 3485 2062">
    <p class='ocr_par' dir='ltr' id='par_1_49' title="bbox 1894 1990 3485 2062">
     <span class='ocr_line' id='line_1_49' title="bbox 1894 1990 3485 2062; baseline -0.003 -14"><span class='ocrx_word' id='word_1_388' title='bbox 1894 2007 2019 2048; x_wconf 86' lang='lat' dir='ltr'><strong>cere</strong></span> <span class='ocrx_word' id='word_1_389' title='bbox 2038 2006 2166 2047; x_wconf 86' lang='lat' dir='ltr'><strong>vere</strong></span> <span class='ocrx_word' id='word_1_390' title='bbox 2194 2000 2251 2047; x_wconf 90' lang='lat' dir='ltr'><strong>et</strong></span> <span class='ocrx_word' id='word_1_391' title='bbox 2277 1991 2496 2062; x_wconf 86' lang='lat' dir='ltr'><strong>proprie</strong></span> <span class='ocrx_word' id='word_1_392' title='bbox 2524 1998 2749 2046; x_wconf 87' lang='lat' dir='ltr'><strong>matrem</strong></span> <span class='ocrx_word' id='word_1_393' title='bbox 2776 1991 2873 2046; x_wconf 87' lang='lat' dir='ltr'><strong>Dei</strong></span> <span class='ocrx_word' id='word_1_394' title='bbox 2900 1990 3143 2055; x_wconf 82' lang='lat' dir='ltr'><strong>Mariam,</strong></span> <span class='ocrx_word' id='word_1_395' title='bbox 3174 2006 3276 2046; x_wconf 88' lang='lat' dir='ltr'><strong>nec</strong></span> <span class='ocrx_word' id='word_1_396' title='bbox 3302 1990 3485 2047; x_wconf 89' lang='lat' dir='ltr'><strong>dicunt</strong></span> 
     </span>
    </p>
   </div>
   <div class='ocr_carea' id='block_1_50' title="bbox 1895 2080 3486 2151">
    <p class='ocr_par' dir='ltr' id='par_1_50' title="bbox 1895 2080 3486 2151">
     <span class='ocr_line' id='line_1_50' title="bbox 1895 2080 3486 2151; baseline -0.001 -13"><span class='ocrx_word' id='word_1_397' title='bbox 1895 2082 2181 2139; x_wconf 66' lang='lat' dir='ltr'><strong>secundum</strong></span> <span class='ocrx_word' id='word_1_398' title='bbox 2219 2097 2381 2151; x_wconf 87' lang='lat' dir='ltr'><strong>quem</strong></span> <span class='ocrx_word' id='word_1_399' title='bbox 2413 2080 2631 2137; x_wconf 90' lang='lat' dir='ltr'><strong>modum</strong></span> <span class='ocrx_word' id='word_1_400' title='bbox 2657 2080 2886 2136; x_wconf 86' lang='lat' dir='ltr'><strong>dicenda</strong></span> <span class='ocrx_word' id='word_1_401' title='bbox 2914 2081 2985 2135; x_wconf 92' lang='lat' dir='ltr'><strong>sit</strong></span> <span class='ocrx_word' id='word_1_402' title='bbox 3012 2090 3185 2136; x_wconf 84' lang='lat' dir='ltr'><strong>mater</strong></span> <span class='ocrx_word' id='word_1_403' title='bbox 3213 2081 3339 2148; x_wconf 88' lang='lat' dir='ltr'><strong>Dei,</strong></span> <span class='ocrx_word' id='word_1_404' title='bbox 3378 2096 3486 2136; x_wconf 89' lang='lat' dir='ltr'><strong>non</strong></span> 
     </span>
    </p>
   </div>
   <div class='ocr_carea' id='block_1_51' title="bbox 1894 2172 3487 2243">
    <p class='ocr_par' dir='ltr' id='par_1_51' title="bbox 1894 2172 3487 2243">
     <span class='ocr_line' id='line_1_51' title="bbox 1894 2172 3487 2243; baseline -0.001 -14"><span class='ocrx_word' id='word_1_405' title='bbox 1894 2183 1979 2229; x_wconf 90' lang='lat' dir='ltr'><strong>est</strong></span> <span class='ocrx_word' id='word_1_406' title='bbox 2006 2173 2354 2243; x_wconf 68' lang='lat' dir='ltr'><strong>quaerendum</strong></span> <span class='ocrx_word' id='word_1_407' title='bbox 2384 2172 2426 2226; x_wconf 96' lang='lat' dir='ltr'><strong>si</strong></span> <span class='ocrx_word' id='word_1_408' title='bbox 2457 2173 2804 2242; x_wconf 87' lang='lat' dir='ltr'><strong>acceptabilis</strong></span> <span class='ocrx_word' id='word_1_409' title='bbox 2833 2172 2904 2227; x_wconf 90' lang='lat' dir='ltr'><strong>sit</strong></span> <span class='ocrx_word' id='word_1_410' title='bbox 2930 2172 3306 2228; x_wconf 88' lang='lat' dir='ltr'><strong>contradictio.</strong></span> <span class='ocrx_word' id='word_1_411' title='bbox 3348 2172 3487 2229; x_wconf 79' lang='lat' dir='ltr'><strong>Nam</strong></span> 
     </span>
    </p>
   </div>
   <div class='ocr_carea' id='block_1_52' title="bbox 1895 2262 3487 2336">
    <p class='ocr_par' dir='ltr' id='par_1_52' title="bbox 1895 2262 3487 2336">
     <span class='ocr_line' id='line_1_52' title="bbox 1895 2262 3487 2336; baseline -0.002 -17"><span class='ocrx_word' id='word_1_412' title='bbox 1895 2265 1988 2336; x_wconf 87' lang='lat' dir='ltr'><strong>qui</strong></span> <span class='ocrx_word' id='word_1_413' title='bbox 2015 2272 2206 2320; x_wconf 88' lang='lat' dir='ltr'><strong>contra</strong></span> <span class='ocrx_word' id='word_1_414' title='bbox 2236 2264 2367 2319; x_wconf 85' lang='lat' dir='ltr'><strong>nihil</strong></span> <span class='ocrx_word' id='word_1_415' title='bbox 2393 2263 2600 2332; x_wconf 87' lang='lat' dir='ltr'><strong>dicunt,</strong></span> <span class='ocrx_word' id='word_1_416' title='bbox 2632 2263 2905 2333; x_wconf 87' lang='lat' dir='ltr'><strong>quomodo</strong></span> <span class='ocrx_word' id='word_1_417' title='bbox 2931 2263 3019 2317; x_wconf 89' lang='lat' dir='ltr'><strong>vel</strong></span> <span class='ocrx_word' id='word_1_418' title='bbox 3056 2262 3237 2319; x_wconf 88' lang='lat' dir='ltr'><strong>dicere</strong></span> <span class='ocrx_word' id='word_1_419' title='bbox 3266 2263 3487 2320; x_wconf 84' lang='lat' dir='ltr'><strong>videan-</strong></span> 
     </span>
    </p>
   </div>
   <div class='ocr_carea' id='block_1_53' title="bbox 1896 2354 3487 2413">
    <p class='ocr_par' dir='ltr' id='par_1_53' title="bbox 1896 2354 3487 2413">
     <span class='ocr_line' id='line_1_53' title="bbox 1896 2354 3487 2413; baseline 0 -1"><span class='ocrx_word' id='word_1_420' title='bbox 1896 2358 2021 2413; x_wconf 80' lang='lat' dir='ltr'><strong>tur?</strong></span> <span class='ocrx_word' id='word_1_421' title='bbox 2067 2355 2132 2410; x_wconf 83' lang='lat' dir='ltr'><strong>Et</strong></span> <span class='ocrx_word' id='word_1_422' title='bbox 2161 2356 2283 2411; x_wconf 88' lang='lat' dir='ltr'><strong>ideo</strong></span> <span class='ocrx_word' id='word_1_423' title='bbox 2325 2371 2433 2409; x_wconf 85' lang='lat' dir='ltr'><strong>non</strong></span> <span class='ocrx_word' id='word_1_424' title='bbox 2465 2363 2573 2409; x_wconf 87' lang='lat' dir='ltr'><strong>tam</strong></span> <span class='ocrx_word' id='word_1_425' title='bbox 2604 2355 2931 2410; x_wconf 85' lang='lat' dir='ltr'><strong>laboriosum</strong></span> <span class='ocrx_word' id='word_1_426' title='bbox 2970 2354 3147 2411; x_wconf 84' lang='lat' dir='ltr'><strong>studio</strong></span> <span class='ocrx_word' id='word_1_427' title='bbox 3190 2363 3376 2411; x_wconf 91' lang='lat' dir='ltr'><strong>nostro</strong></span> <span class='ocrx_word' id='word_1_428' title='bbox 3403 2365 3487 2412; x_wconf 89' lang='lat' dir='ltr'><strong>est</strong></span> 
     </span>
    </p>
   </div>
   <div class='ocr_carea' id='block_1_54' title="bbox 1897 2444 3488 2516">
    <p class='ocr_par' dir='ltr' id='par_1_54' title="bbox 1897 2444 3488 2516">
     <span class='ocr_line' id='line_1_54' title="bbox 1897 2444 3488 2516; baseline -0.002 -12"><span class='ocrx_word' id='word_1_429' title='bbox 1897 2463 2085 2504; x_wconf 87' lang='lat' dir='ltr'><strong>eorum</strong></span> <span class='ocrx_word' id='word_1_430' title='bbox 2110 2446 2429 2504; x_wconf 84' lang='lat' dir='ltr'><strong>absurditati</strong></span> <span class='ocrx_word' id='word_1_431' title='bbox 2452 2446 2723 2511; x_wconf 86' lang='lat' dir='ltr'><strong>resistere,</strong></span> <span class='ocrx_word' id='word_1_432' title='bbox 2754 2460 2915 2513; x_wconf 90' lang='lat' dir='ltr'><strong>quam</strong></span> <span class='ocrx_word' id='word_1_433' title='bbox 2941 2444 3321 2501; x_wconf 75' lang='lat' dir='ltr'><strong>existimationi</strong></span> <span class='ocrx_word' id='word_1_434' title='bbox 3346 2446 3488 2516; x_wconf 76' lang='lat' dir='ltr'><strong>peri-</strong></span> 
     </span>
    </p>
   </div>
   <div class='ocr_carea' id='block_1_55' title="bbox 1898 2534 3487 2607">
    <p class='ocr_par' dir='ltr' id='par_1_55' title="bbox 1898 2534 3487 2607">
     <span class='ocr_line' id='line_1_55' title="bbox 1898 2534 3487 2607; baseline -0.003 -13"><span class='ocrx_word' id='word_1_435' title='bbox 1898 2540 2163 2603; x_wconf 90' lang='lat' dir='ltr'><strong>culosum,</strong></span> <span class='ocrx_word' id='word_1_436' title='bbox 2191 2554 2258 2595; x_wconf 90' lang='lat' dir='ltr'><strong>ne</strong></span> <span class='ocrx_word' id='word_1_437' title='bbox 2279 2538 2557 2593; x_wconf 88' lang='lat' dir='ltr'><strong>videamur</strong></span> <span class='ocrx_word' id='word_1_438' title='bbox 2577 2534 2846 2607; x_wconf 84' lang='lat' dir='ltr'><strong>superﬂue</strong></span> <span class='ocrx_word' id='word_1_439' title='bbox 2864 2551 2970 2591; x_wconf 91' lang='lat' dir='ltr'><strong>non</strong></span> <span class='ocrx_word' id='word_1_440' title='bbox 2996 2535 3487 2592; x_wconf 81' lang='lat' dir='ltr'><strong>contradicentibus</strong></span> 
     </span>
    </p>
   </div>
   <div class='ocr_carea' id='block_1_56' title="bbox 1897 2627 3565 2701">
    <p class='ocr_par' dir='ltr' id='par_1_56' title="bbox 1897 2627 3565 2701">
     <span class='ocr_line' id='line_1_56' title="bbox 1897 2627 3565 2701; baseline -0.003 -14"><span class='ocrx_word' id='word_1_441' title='bbox 1897 2630 2246 2701; x_wconf 86' lang='lat' dir='ltr'><strong>respondere.</strong></span> <span class='ocrx_word' id='word_1_442' title='bbox 2289 2628 2544 2696; x_wconf 86' lang='lat' dir='ltr'><strong>Quamvis</strong></span> <span class='ocrx_word' id='word_1_443' title='bbox 2589 2636 2767 2683; x_wconf 87' lang='lat' dir='ltr'><strong>autem</strong></span> <span class='ocrx_word' id='word_1_444' title='bbox 2807 2636 3066 2696; x_wconf 88' lang='lat' dir='ltr'><strong>negantes</strong></span> <span class='ocrx_word' id='word_1_445' title='bbox 3093 2627 3198 2682; x_wconf 89' lang='lat' dir='ltr'><strong>hoc</strong></span> <span class='ocrx_word' id='word_1_446' title='bbox 3242 2636 3488 2683; x_wconf 85' lang='lat' dir='ltr'><strong>nostrum</strong></span> <span class='ocrx_word' id='word_1_447' title='bbox 3562 2656 3565 2657; x_wconf 53' lang='grc' dir='ltr'><em>ν</em></span> 
     </span>
    </p>
   </div>
   <div class='ocr_carea' id='block_1_57' title="bbox 1897 2715 3488 2789">
    <p class='ocr_par' dir='ltr' id='par_1_57' title="bbox 1897 2715 3488 2789">
     <span class='ocr_line' id='line_1_57' title="bbox 1897 2715 3488 2789; baseline -0.003 -14"><span class='ocrx_word' id='word_1_448' title='bbox 1897 2719 2042 2789; x_wconf 82' lang='lat' dir='ltr'><strong>quod</strong></span> <span class='ocrx_word' id='word_1_449' title='bbox 2080 2718 2324 2781; x_wconf 86' lang='lat' dir='ltr'><strong>dicimus,</strong></span> <span class='ocrx_word' id='word_1_450' title='bbox 2354 2732 2483 2774; x_wconf 90' lang='lat' dir='ltr'><strong>vere</strong></span> <span class='ocrx_word' id='word_1_451' title='bbox 2509 2725 2566 2773; x_wconf 92' lang='lat' dir='ltr'><strong>et</strong></span> <span class='ocrx_word' id='word_1_452' title='bbox 2592 2718 2809 2789; x_wconf 89' lang='lat' dir='ltr'><strong>proprie</strong></span> <span class='ocrx_word' id='word_1_453' title='bbox 2838 2722 2957 2772; x_wconf 82' lang='lat' dir='ltr'><strong>esse</strong></span> <span class='ocrx_word' id='word_1_454' title='bbox 2985 2726 3211 2772; x_wconf 90' lang='lat' dir='ltr'><strong>matrem</strong></span> <span class='ocrx_word' id='word_1_455' title='bbox 3253 2717 3347 2773; x_wconf 90' lang='lat' dir='ltr'><strong>Dei</strong></span> <span class='ocrx_word' id='word_1_456' title='bbox 3376 2715 3488 2771; x_wconf 67' lang='lat' dir='ltr'><strong>lla-</strong></span> 
     </span>
    </p>
   </div>
   <div class='ocr_carea' id='block_1_58' title="bbox 1898 2809 3487 2877">
    <p class='ocr_par' dir='ltr' id='par_1_58' title="bbox 1898 2809 3487 2877">
     <span class='ocr_line' id='line_1_58' title="bbox 1898 2809 3487 2877; baseline 0 -13"><span class='ocrx_word' id='word_1_457' title='bbox 1898 2811 2062 2873; x_wconf 89' lang='lat' dir='ltr'><strong>riam,</strong></span> <span class='ocrx_word' id='word_1_458' title='bbox 2114 2811 2246 2865; x_wconf 90' lang='lat' dir='ltr'><strong>nihil</strong></span> <span class='ocrx_word' id='word_1_459' title='bbox 2293 2811 2553 2866; x_wconf 88' lang='lat' dir='ltr'><strong>hactenus</strong></span> <span class='ocrx_word' id='word_1_460' title='bbox 2602 2809 2988 2864; x_wconf 87' lang='lat' dir='ltr'><strong>aflirmaverint</strong></span> <span class='ocrx_word' id='word_1_461' title='bbox 3027 2824 3205 2877; x_wconf 90' lang='lat' dir='ltr'><strong>suum,</strong></span> <span class='ocrx_word' id='word_1_462' title='bbox 3254 2809 3487 2864; x_wconf 85' lang='lat' dir='ltr'><strong>interro-</strong></span> 
     </span>
    </p>
   </div>
   <div class='ocr_carea' id='block_1_59' title="bbox 1897 2899 3486 2972">
    <p class='ocr_par' dir='ltr' id='par_1_59' title="bbox 1897 2899 3486 2972">
     <span class='ocr_line' id='line_1_59' title="bbox 1897 2899 3486 2972; baseline -0.003 -15"><span class='ocrx_word' id='word_1_463' title='bbox 1897 2903 2057 2972; x_wconf 85' lang='lat' dir='ltr'><strong>gandi</strong></span> <span class='ocrx_word' id='word_1_464' title='bbox 2087 2911 2213 2957; x_wconf 91' lang='lat' dir='ltr'><strong>sunt</strong></span> <span class='ocrx_word' id='word_1_465' title='bbox 2252 2909 2431 2957; x_wconf 90' lang='lat' dir='ltr'><strong>tamen</strong></span> <span class='ocrx_word' id='word_1_466' title='bbox 2452 2911 2673 2970; x_wconf 42' lang='lat' dir='ltr'><strong>,utrum,</strong></span> <span class='ocrx_word' id='word_1_467' title='bbox 2706 2900 2847 2970; x_wconf 91' lang='lat' dir='ltr'><strong>quod</strong></span> <span class='ocrx_word' id='word_1_468' title='bbox 2879 2899 3185 2956; x_wconf 87' lang='lat' dir='ltr'><strong>necessario</strong></span> <span class='ocrx_word' id='word_1_469' title='bbox 3223 2900 3486 2969; x_wconf 84' lang='lat' dir='ltr'><strong>sequitur,</strong></span> 
     </span>
    </p>
   </div>
   <div class='ocr_carea' id='block_1_60' title="bbox 1902 2991 3489 3066">
    <p class='ocr_par' dir='ltr' id='par_1_60' title="bbox 1902 2991 3489 3066">
     <span class='ocr_line' id='line_1_60' title="bbox 1902 2991 3489 3066; baseline -0.004 -13"><span class='ocrx_word' id='word_1_470' title='bbox 1902 2998 1985 3053; x_wconf 81' lang='lat' dir='ltr'><strong>vel</strong></span> <span class='ocrx_word' id='word_1_471' title='bbox 2012 3011 2208 3066; x_wconf 83' lang='lat' dir='ltr'><strong>negare</strong></span> <span class='ocrx_word' id='word_1_472' title='bbox 2236 2996 2471 3050; x_wconf 88' lang='lat' dir='ltr'><strong>audeant</strong></span> <span class='ocrx_word' id='word_1_473' title='bbox 2496 2994 2643 3066; x_wconf 83' lang='lat' dir='ltr'><strong>quod</strong></span> <span class='ocrx_word' id='word_1_474' title='bbox 2670 3010 2770 3049; x_wconf 88' lang='lat' dir='ltr'><strong>nos</strong></span> <span class='ocrx_word' id='word_1_475' title='bbox 2799 2993 3086 3062; x_wconf 86' lang='lat' dir='ltr'><strong>prohibent</strong></span> <span class='ocrx_word' id='word_1_476' title='bbox 3124 2991 3366 3047; x_wconf 76' lang='lat' dir='ltr'><strong>conﬁteri</strong></span> <span class='ocrx_word' id='word_1_477' title='bbox 3384 3032 3399 3057; x_wconf 90' lang='lat'><strong>,</strong></span> <span class='ocrx_word' id='word_1_478' title='bbox 3432 3000 3489 3046; x_wconf 91' lang='lat' dir='ltr'><strong>ut</strong></span> 
     </span>
    </p>
   </div>
   <div class='ocr_carea' id='block_1_61' title="bbox 1901 3086 3491 3158">
    <p class='ocr_par' dir='ltr' id='par_1_61' title="bbox 1901 3086 3491 3158">
     <span class='ocr_line' id='line_1_61' title="bbox 1901 3086 3491 3158; baseline -0.004 -13"><span class='ocrx_word' id='word_1_479' title='bbox 1901 3090 2083 3145; x_wconf 87' lang='lat' dir='ltr'><strong>addita</strong></span> <span class='ocrx_word' id='word_1_480' title='bbox 2113 3089 2399 3158; x_wconf 80' lang='lat' dir='ltr'><strong>negatione</strong></span> <span class='ocrx_word' id='word_1_481' title='bbox 2425 3088 2608 3143; x_wconf 90' lang='lat' dir='ltr'><strong>dicant</strong></span> <span class='ocrx_word' id='word_1_482' title='bbox 2628 3102 2747 3141; x_wconf 89' lang='lat' dir='ltr'><strong>eam</strong></span> <span class='ocrx_word' id='word_1_483' title='bbox 2776 3102 2883 3140; x_wconf 91' lang='lat' dir='ltr'><strong>non</strong></span> <span class='ocrx_word' id='word_1_484' title='bbox 2906 3100 3033 3141; x_wconf 88' lang='lat' dir='ltr'><strong>vere</strong></span> <span class='ocrx_word' id='word_1_485' title='bbox 3058 3093 3114 3141; x_wconf 90' lang='lat' dir='ltr'><strong>et</strong></span> <span class='ocrx_word' id='word_1_486' title='bbox 3138 3086 3353 3155; x_wconf 89' lang='lat' dir='ltr'><strong>proprie</strong></span> <span class='ocrx_word' id='word_1_487' title='bbox 3375 3100 3491 3139; x_wconf 77' lang='lat' dir='ltr'><strong>ma-</strong></span> 
     </span>
    </p>
   </div>
   <div class='ocr_carea' id='block_1_62' title="bbox 196 3179 3490 3268">
    <p class='ocr_par' dir='ltr' id='par_1_62' title="bbox 196 3179 3490 3268">
     <span class='ocr_line' id='line_1_62' title="bbox 196 3179 3490 3268; baseline 0.001 -35"><span class='ocrx_word' id='word_1_488' title='bbox 196 3179 378 3248; x_wconf 85' lang='lat' dir='ltr'><strong>igitur,</strong></span> <span class='ocrx_word' id='word_1_489' title='bbox 410 3188 473 3235; x_wconf 89' lang='lat' dir='ltr'><strong>ut</strong></span> <span class='ocrx_word' id='word_1_490' title='bbox 498 3180 586 3235; x_wconf 87' lang='lat' dir='ltr'><strong>isti</strong></span> <span class='ocrx_word' id='word_1_491' title='bbox 614 3179 801 3235; x_wconf 91' lang='lat' dir='ltr'><strong>Patres</strong></span> <span class='ocrx_word' id='word_1_492' title='bbox 827 3180 1159 3247; x_wconf 81' lang='lat' dir='ltr'><strong>docuerunt,</strong></span> <span class='ocrx_word' id='word_1_493' title='bbox 1189 3189 1473 3251; x_wconf 89' lang='lat' dir='ltr'><strong>propterea</strong></span> <span class='ocrx_word' id='word_1_494' title='bbox 1499 3179 1793 3236; x_wconf 90' lang='lat' dir='ltr'><strong>secundum</strong></span> <span class='ocrx_word' id='word_1_495' title='bbox 1822 3204 1867 3268; x_wconf 70' lang='grc' dir='ltr'>ο</span> <span class='ocrx_word' id='word_1_496' title='bbox 1903 3193 2040 3239; x_wconf 89' lang='lat' dir='ltr'><strong>trem</strong></span> <span class='ocrx_word' id='word_1_497' title='bbox 2070 3183 2188 3239; x_wconf 89' lang='lat' dir='ltr'><strong>Dei.</strong></span> <span class='ocrx_word' id='word_1_498' title='bbox 2218 3180 2284 3236; x_wconf 87' lang='lat' dir='ltr'><strong>Et</strong></span> <span class='ocrx_word' id='word_1_499' title='bbox 2306 3181 2419 3251; x_wconf 91' lang='lat' dir='ltr'><strong>jam</strong></span> <span class='ocrx_word' id='word_1_500' title='bbox 2446 3195 2555 3236; x_wconf 91' lang='lat' dir='ltr'><strong>non</strong></span> <span class='ocrx_word' id='word_1_501' title='bbox 2583 3180 2757 3236; x_wconf 86' lang='lat' dir='ltr'><strong>dicam</strong></span> <span class='ocrx_word' id='word_1_502' title='bbox 2781 3193 2940 3236; x_wconf 86' lang='lat' dir='ltr'><strong>aures</strong></span> <span class='ocrx_word' id='word_1_503' title='bbox 2965 3179 3375 3247; x_wconf 86' lang='lat' dir='ltr'><strong>catholicorum,</strong></span> <span class='ocrx_word' id='word_1_504' title='bbox 3395 3181 3490 3237; x_wconf 84' lang='lat' dir='ltr'><strong>sed</strong></span> 
     </span>
    </p>
   </div>
   <div class='ocr_carea' id='block_1_63' title="bbox 197 3270 1795 3342">
    <p class='ocr_par' dir='ltr' id='par_1_63' title="bbox 197 3270 1795 3342">
     <span class='ocr_line' id='line_1_63' title="bbox 197 3270 1795 3342; baseline 0.001 -17"><span class='ocrx_word' id='word_1_505' title='bbox 197 3270 484 3325; x_wconf 82' lang='lat' dir='ltr'><strong>veritatem</strong></span> <span class='ocrx_word' id='word_1_506' title='bbox 527 3279 703 3326; x_wconf 85' lang='lat' dir='ltr'><strong>mater</strong></span> <span class='ocrx_word' id='word_1_507' title='bbox 742 3271 764 3303; x_wconf 83' lang='grc'><em>³</em></span> <span class='ocrx_word' id='word_1_508' title='bbox 814 3270 958 3327; x_wconf 88' lang='lat' dir='ltr'><strong>dicta</strong></span> <span class='ocrx_word' id='word_1_509' title='bbox 1015 3272 1117 3335; x_wconf 84' lang='lat' dir='ltr'><strong>sit,</strong></span> <span class='ocrx_word' id='word_1_510' title='bbox 1167 3272 1293 3342; x_wconf 85' lang='lat' dir='ltr'><strong>quia</strong></span> <span class='ocrx_word' id='word_1_511' title='bbox 1347 3285 1566 3328; x_wconf 86' lang='lat' dir='ltr'><strong>carnem</strong></span> <span class='ocrx_word' id='word_1_512' title='bbox 1617 3287 1683 3327; x_wconf 85' lang='lat' dir='ltr'><strong>ex</strong></span> <span class='ocrx_word' id='word_1_513' title='bbox 1734 3286 1795 3327; x_wconf 88' lang='lat' dir='ltr'><strong>se</strong></span> 
     </span>
    </p>
   </div>
   <div class='ocr_carea' id='block_1_64' title="bbox 197 3360 1798 3435">
    <p class='ocr_par' dir='ltr' id='par_1_64' title="bbox 197 3360 1798 3435">
     <span class='ocr_line' id='line_1_64' title="bbox 197 3360 1798 3435; baseline 0.002 -21"><span class='ocrx_word' id='word_1_514' title='bbox 197 3360 439 3415; x_wconf 87' lang='lat' dir='ltr'><strong>omnium</strong></span> <span class='ocrx_word' id='word_1_515' title='bbox 478 3360 708 3417; x_wconf 89' lang='lat' dir='ltr'><strong>Domino</strong></span> <span class='ocrx_word' id='word_1_516' title='bbox 736 3362 1081 3429; x_wconf 87' lang='lat' dir='ltr'><strong>ministravit,</strong></span> <span class='ocrx_word' id='word_1_517' title='bbox 1110 3363 1257 3432; x_wconf 87' lang='lat' dir='ltr'><strong>quod</strong></span> <span class='ocrx_word' id='word_1_518' title='bbox 1287 3361 1557 3435; x_wconf 79' lang='lat' dir='ltr'><strong>Eutyches</strong></span> <span class='ocrx_word' id='word_1_519' title='bbox 1610 3371 1798 3431; x_wconf 79' lang='lat' dir='ltr'><strong>negat,</strong></span> 
     </span>
    </p>
   </div>
   <div class='ocr_carea' id='block_1_65' title="bbox 199 3453 1793 3526">
    <p class='ocr_par' dir='ltr' id='par_1_65' title="bbox 199 3453 1793 3526">
     <span class='ocr_line' id='line_1_65' title="bbox 199 3453 1793 3526; baseline 0.002 -19"><span class='ocrx_word' id='word_1_520' title='bbox 199 3453 474 3524; x_wconf 78' lang='lat' dir='ltr'><strong>quomodo</strong></span> <span class='ocrx_word' id='word_1_521' title='bbox 503 3460 723 3524; x_wconf 88' lang='lat' dir='ltr'><strong>putatur</strong></span> <span class='ocrx_word' id='word_1_522' title='bbox 760 3453 1097 3526; x_wconf 82' lang='lat' dir='ltr'><strong>Eutychiano</strong></span> <span class='ocrx_word' id='word_1_523' title='bbox 1124 3454 1365 3525; x_wconf 84' lang='lat' dir='ltr'><strong>dogmati</strong></span> <span class='ocrx_word' id='word_1_524' title='bbox 1394 3454 1793 3525; x_wconf 90' lang='lat' dir='ltr'><strong>deputandum,</strong></span> 
     </span>
    </p>
   </div>
   <div class='ocr_carea' id='block_1_66' title="bbox 200 3545 1797 3616">
    <p class='ocr_par' dir='ltr' id='par_1_66' title="bbox 200 3545 1797 3616">
     <span class='ocr_line' id='line_1_66' title="bbox 200 3545 1797 3616; baseline -0.001 -16"><span class='ocrx_word' id='word_1_525' title='bbox 200 3545 286 3600; x_wconf 79' lang='lat' dir='ltr'><strong>cui</strong></span> <span class='ocrx_word' id='word_1_526' title='bbox 314 3546 482 3615; x_wconf 87' lang='lat' dir='ltr'><strong>magis</strong></span> <span class='ocrx_word' id='word_1_527' title='bbox 526 3546 797 3601; x_wconf 84' lang='lat' dir='ltr'><strong>invenitur</strong></span> <span class='ocrx_word' id='word_1_528' title='bbox 823 3560 944 3602; x_wconf 90' lang='lat' dir='ltr'><strong>esse</strong></span> <span class='ocrx_word' id='word_1_529' title='bbox 968 3547 1299 3601; x_wconf 89' lang='lat' dir='ltr'><strong>contrarium</strong></span> <span class='ocrx_word' id='word_1_530' title='bbox 1319 3548 1344 3600; x_wconf 67' lang='grc' dir='ltr'><em>ἲ</em></span> <span class='ocrx_word' id='word_1_531' title='bbox 1371 3545 1488 3601; x_wconf 85' lang='grc' dir='ltr'><strong>Νοη</strong></span> <span class='ocrx_word' id='word_1_532' title='bbox 1527 3546 1670 3603; x_wconf 88' lang='lat' dir='ltr'><strong>enim</strong></span> <span class='ocrx_word' id='word_1_533' title='bbox 1697 3560 1797 3616; x_wconf 84' lang='lat' dir='ltr'><strong>po-</strong></span> 
     </span>
    </p>
   </div>
   <div class='ocr_carea' id='block_1_67' title="bbox 200 3636 1795 3710">
    <p class='ocr_par' dir='ltr' id='par_1_67' title="bbox 200 3636 1795 3710">
     <span class='ocr_line' id='line_1_67' title="bbox 200 3636 1795 3710; baseline 0.003 -19"><span class='ocrx_word' id='word_1_534' title='bbox 200 3644 307 3692; x_wconf 89' lang='lat' dir='ltr'><strong>test</strong></span> <span class='ocrx_word' id='word_1_535' title='bbox 332 3636 544 3692; x_wconf 87' lang='lat' dir='ltr'><strong>beatam</strong></span> <span class='ocrx_word' id='word_1_536' title='bbox 571 3637 843 3707; x_wconf 80' lang='lat' dir='ltr'><strong>Virginem</strong></span> <span class='ocrx_word' id='word_1_537' title='bbox 872 3653 1001 3694; x_wconf 89' lang='lat' dir='ltr'><strong>vere</strong></span> <span class='ocrx_word' id='word_1_538' title='bbox 1026 3647 1083 3694; x_wconf 90' lang='lat' dir='ltr'><strong>et</strong></span> <span class='ocrx_word' id='word_1_539' title='bbox 1110 3640 1330 3710; x_wconf 88' lang='lat' dir='ltr'><strong>proprie</strong></span> <span class='ocrx_word' id='word_1_540' title='bbox 1356 3639 1539 3695; x_wconf 89' lang='lat' dir='ltr'><strong>dicere</strong></span> <span class='ocrx_word' id='word_1_541' title='bbox 1567 3647 1795 3695; x_wconf 84' lang='lat' dir='ltr'><strong>matrem</strong></span> 
     </span>
    </p>
   </div>
   <div class='ocr_carea' id='block_1_68' title="bbox 199 3729 1796 3807">
    <p class='ocr_par' dir='ltr' id='par_1_68' title="bbox 199 3729 1796 3807">
     <span class='ocr_line' id='line_1_68' title="bbox 199 3729 1796 3807; baseline 0.001 -21"><span class='ocrx_word' id='word_1_542' title='bbox 199 3729 333 3801; x_wconf 83' lang='lat' dir='ltr'><strong>Dei,</strong></span> <span class='ocrx_word' id='word_1_543' title='bbox 368 3732 463 3787; x_wconf 89' lang='lat' dir='ltr'><strong>sed</strong></span> <span class='ocrx_word' id='word_1_544' title='bbox 494 3733 857 3807; x_wconf 85' lang='lat' dir='ltr'><strong>nuncupative</strong></span> <span class='ocrx_word' id='word_1_545' title='bbox 882 3733 1060 3804; x_wconf 88' lang='lat' dir='ltr'><strong>potius</strong></span> <span class='ocrx_word' id='word_1_546' title='bbox 1107 3749 1171 3789; x_wconf 90' lang='lat' dir='ltr'><strong>ac</strong></span> <span class='ocrx_word' id='word_1_547' title='bbox 1209 3734 1606 3804; x_wconf 75' lang='lat' dir='ltr'><strong>perfunctorie,</strong></span> <span class='ocrx_word' id='word_1_548' title='bbox 1635 3748 1796 3802; x_wconf 90' lang='lat' dir='ltr'><strong>quam</strong></span> 
     </span>
    </p>
   </div>
   <div class='ocr_carea' id='block_1_69' title="bbox 197 3824 1797 3881">
    <p class='ocr_par' dir='ltr' id='par_1_69' title="bbox 197 3824 1797 3881">
     <span class='ocr_line' id='line_1_69' title="bbox 197 3824 1797 3881; baseline 0.001 -3"><span class='ocrx_word' id='word_1_549' title='bbox 197 3837 307 3879; x_wconf 84' lang='lat' dir='ltr'><strong>non</strong></span> <span class='ocrx_word' id='word_1_550' title='bbox 329 3825 501 3880; x_wconf 82' lang='lat' dir='ltr'><strong>credit</strong></span> <span class='ocrx_word' id='word_1_551' title='bbox 523 3840 741 3881; x_wconf 90' lang='lat' dir='ltr'><strong>carnem</strong></span> <span class='ocrx_word' id='word_1_552' title='bbox 763 3840 831 3880; x_wconf 87' lang='lat' dir='ltr'><strong>ex</strong></span> <span class='ocrx_word' id='word_1_553' title='bbox 852 3840 912 3881; x_wconf 90' lang='lat' dir='ltr'><strong>se</strong></span> <span class='ocrx_word' id='word_1_554' title='bbox 930 3826 1171 3881; x_wconf 90' lang='lat' dir='ltr'><strong>omnium</strong></span> <span class='ocrx_word' id='word_1_555' title='bbox 1195 3826 1422 3881; x_wconf 90' lang='lat' dir='ltr'><strong>Domino</strong></span> <span class='ocrx_word' id='word_1_556' title='bbox 1444 3824 1797 3879; x_wconf 88' lang='lat' dir='ltr'><strong>ministrasse.</strong></span> 
     </span>
    </p>
   </div>
   <div class='ocr_carea' id='block_1_70' title="bbox 198 3913 1797 3987">
    <p class='ocr_par' dir='ltr' id='par_1_70' title="bbox 198 3913 1797 3987">
     <span class='ocr_line' id='line_1_70' title="bbox 198 3913 1797 3987; baseline 0 -18"><span class='ocrx_word' id='word_1_557' title='bbox 198 3913 320 3969; x_wconf 74' lang='lat' dir='ltr'><strong>Non</strong></span> <span class='ocrx_word' id='word_1_558' title='bbox 367 3930 496 3985; x_wconf 89' lang='lat' dir='ltr'><strong>ergo</strong></span> <span class='ocrx_word' id='word_1_559' title='bbox 526 3915 900 3971; x_wconf 86' lang='lat' dir='ltr'><strong>Nestorianam</strong></span> <span class='ocrx_word' id='word_1_560' title='bbox 930 3925 1136 3971; x_wconf 90' lang='lat' dir='ltr'><strong>tantum</strong></span> <span class='ocrx_word' id='word_1_561' title='bbox 1158 3958 1174 3983; x_wconf 95' lang='lat'><strong>,</strong></span> <span class='ocrx_word' id='word_1_562' title='bbox 1206 3932 1394 3971; x_wconf 89' lang='lat' dir='ltr'><strong>verum</strong></span> <span class='ocrx_word' id='word_1_563' title='bbox 1422 3916 1587 3972; x_wconf 87' lang='lat' dir='ltr'><strong>etiam</strong></span> <span class='ocrx_word' id='word_1_564' title='bbox 1630 3914 1797 3987; x_wconf 86' lang='lat' dir='ltr'><strong>Euty-</strong></span> 
     </span>
    </p>
   </div>
   <div class='ocr_carea' id='block_1_71' title="bbox 199 4005 1801 4078">
    <p class='ocr_par' dir='ltr' id='par_1_71' title="bbox 199 4005 1801 4078">
     <span class='ocr_line' id='line_1_71' title="bbox 199 4005 1801 4078; baseline 0.004 -19"><span class='ocrx_word' id='word_1_565' title='bbox 199 4005 451 4060; x_wconf 86' lang='lat' dir='ltr'><strong>chianam</strong></span> <span class='ocrx_word' id='word_1_566' title='bbox 478 4006 723 4061; x_wconf 66' lang='lat' dir='ltr'><strong>bteresim</strong></span> <span class='ocrx_word' id='word_1_567' title='bbox 752 4007 984 4063; x_wconf 90' lang='lat' dir='ltr'><strong>destruit</strong></span> <span class='ocrx_word' id='word_1_568' title='bbox 1010 4007 1112 4062; x_wconf 89' lang='lat' dir='ltr'><strong>ista</strong></span> <span class='ocrx_word' id='word_1_569' title='bbox 1140 4006 1428 4075; x_wconf 77' lang='lat' dir='ltr'><strong>confessio,</strong></span> <span class='ocrx_word' id='word_1_570' title='bbox 1460 4024 1566 4078; x_wconf 89' lang='lat' dir='ltr'><strong>qua</strong></span> <span class='ocrx_word' id='word_1_571' title='bbox 1603 4009 1801 4066; x_wconf 90' lang='lat' dir='ltr'><strong>dicitur</strong></span> 
     </span>
    </p>
   </div>
   <div class='ocr_carea' id='block_1_72' title="bbox 200 4097 1802 4171">
    <p class='ocr_par' dir='ltr' id='par_1_72' title="bbox 200 4097 1802 4171">
     <span class='ocr_line' id='line_1_72' title="bbox 200 4097 1802 4171; baseline 0.002 -20"><span class='ocrx_word' id='word_1_572' title='bbox 200 4098 360 4151; x_wconf 88' lang='lat' dir='ltr'><strong>beata</strong></span> <span class='ocrx_word' id='word_1_573' title='bbox 405 4097 571 4152; x_wconf 82' lang='lat' dir='ltr'><strong>Maria</strong></span> <span class='ocrx_word' id='word_1_574' title='bbox 596 4112 726 4153; x_wconf 88' lang='lat' dir='ltr'><strong>vere</strong></span> <span class='ocrx_word' id='word_1_575' title='bbox 753 4107 811 4153; x_wconf 86' lang='lat' dir='ltr'><strong>et</strong></span> <span class='ocrx_word' id='word_1_576' title='bbox 836 4100 1054 4171; x_wconf 87' lang='lat' dir='ltr'><strong>proprie</strong></span> <span class='ocrx_word' id='word_1_577' title='bbox 1083 4110 1255 4156; x_wconf 89' lang='lat' dir='ltr'><strong>mater</strong></span> <span class='ocrx_word' id='word_1_578' title='bbox 1294 4100 1415 4156; x_wconf 87' lang='lat' dir='ltr'><strong>Dei.</strong></span> <span class='ocrx_word' id='word_1_579' title='bbox 1447 4101 1601 4168; x_wconf 89' lang='lat' dir='ltr'><strong>Quod</strong></span> <span class='ocrx_word' id='word_1_580' title='bbox 1626 4102 1672 4157; x_wconf 89' lang='lat' dir='ltr'><strong>si</strong></span> <span class='ocrx_word' id='word_1_581' title='bbox 1701 4116 1802 4156; x_wconf 87' lang='lat' dir='ltr'><strong>nos</strong></span> 
     </span>
    </p>
   </div>
   <div class='ocr_carea' id='block_1_73' title="bbox 195 4185 1803 4262">
    <p class='ocr_par' dir='ltr' id='par_1_73' title="bbox 195 4185 1803 4262">
     <span class='ocr_line' id='line_1_73' title="bbox 195 4185 1803 4262; baseline 0.003 -20"><span class='ocrx_word' id='word_1_582' title='bbox 195 4197 366 4242; x_wconf 68' lang='lat' dir='ltr'><strong>recta:</strong></span> <span class='ocrx_word' id='word_1_583' title='bbox 395 4185 518 4242; x_wconf 80' lang='lat' dir='ltr'><strong>ﬁdei</strong></span> <span class='ocrx_word' id='word_1_584' title='bbox 560 4204 681 4243; x_wconf 85' lang='lat' dir='ltr'><strong>esse</strong></span> <span class='ocrx_word' id='word_1_585' title='bbox 709 4204 818 4244; x_wconf 86' lang='lat' dir='ltr'><strong>non</strong></span> <span class='ocrx_word' id='word_1_586' title='bbox 847 4191 1109 4259; x_wconf 84' lang='lat' dir='ltr'><strong>credunt,</strong></span> <span class='ocrx_word' id='word_1_587' title='bbox 1137 4198 1193 4246; x_wconf 88' lang='lat' dir='ltr'><strong>et</strong></span> <span class='ocrx_word' id='word_1_588' title='bbox 1220 4191 1420 4260; x_wconf 90' lang='lat' dir='ltr'><strong>aliquid</strong></span> <span class='ocrx_word' id='word_1_589' title='bbox 1462 4193 1803 4262; x_wconf 87' lang='lat' dir='ltr'><strong>suspicantur</strong></span> 
     </span>
    </p>
   </div>
   <div class='ocr_carea' id='block_1_74' title="bbox 200 4281 1799 4355">
    <p class='ocr_par' dir='ltr' id='par_1_74' title="bbox 200 4281 1799 4355">
     <span class='ocr_line' id='line_1_74' title="bbox 200 4281 1799 4355; baseline 0.003 -20"><span class='ocrx_word' id='word_1_590' title='bbox 200 4281 258 4335; x_wconf 72' lang='lat' dir='ltr'><strong>in</strong></span> <span class='ocrx_word' id='word_1_591' title='bbox 287 4281 373 4335; x_wconf 90' lang='lat' dir='ltr'><strong>bis</strong></span> <span class='ocrx_word' id='word_1_592' title='bbox 398 4281 580 4336; x_wconf 86' lang='lat' dir='ltr'><strong>verbis</strong></span> <span class='ocrx_word' id='word_1_593' title='bbox 608 4283 895 4347; x_wconf 87' lang='lat' dir='ltr'><strong>occulere,</strong></span> <span class='ocrx_word' id='word_1_594' title='bbox 944 4284 1216 4352; x_wconf 89' lang='lat' dir='ltr'><strong>inquirant</strong></span> <span class='ocrx_word' id='word_1_595' title='bbox 1260 4299 1293 4338; x_wconf 91' lang='lat' dir='ltr'><strong>a</strong></span> <span class='ocrx_word' id='word_1_596' title='bbox 1341 4284 1495 4340; x_wconf 90' lang='lat' dir='ltr'><strong>nobis</strong></span> <span class='ocrx_word' id='word_1_597' title='bbox 1523 4285 1575 4339; x_wconf 92' lang='lat' dir='ltr'><strong>id</strong></span> <span class='ocrx_word' id='word_1_598' title='bbox 1623 4285 1799 4355; x_wconf 91' lang='lat' dir='ltr'><strong>ipsum</strong></span> 
     </span>
    </p>
   </div>
   <div class='ocr_carea' id='block_1_75' title="bbox 204 4374 1800 4447">
    <p class='ocr_par' dir='ltr' id='par_1_75' title="bbox 204 4374 1800 4447">
     <span class='ocr_line' id='line_1_75' title="bbox 204 4374 1800 4447; baseline 0.003 -20"><span class='ocrx_word' id='word_1_599' title='bbox 204 4374 654 4445; x_wconf 78' lang='lat' dir='ltr'><strong>quemadmodum</strong></span> <span class='ocrx_word' id='word_1_600' title='bbox 676 4377 890 4445; x_wconf 85' lang='lat' dir='ltr'><strong>volunt,</strong></span> <span class='ocrx_word' id='word_1_601' title='bbox 922 4385 978 4431; x_wconf 88' lang='lat' dir='ltr'><strong>et</strong></span> <span class='ocrx_word' id='word_1_602' title='bbox 1001 4376 1511 4446; x_wconf 84' lang='lat' dir='ltr'><strong>interrogationibus</strong></span> <span class='ocrx_word' id='word_1_603' title='bbox 1537 4378 1650 4432; x_wconf 88' lang='lat' dir='ltr'><strong>suis</strong></span> <span class='ocrx_word' id='word_1_604' title='bbox 1670 4377 1800 4447; x_wconf 88' lang='lat' dir='ltr'><strong>quid</strong></span> 
     </span>
    </p>
   </div>
   <div class='ocr_carea' id='block_1_76' title="bbox 200 4467 1799 4538">
    <p class='ocr_par' dir='ltr' id='par_1_76' title="bbox 200 4467 1799 4538">
     <span class='ocr_line' id='line_1_76' title="bbox 200 4467 1799 4538; baseline 0 -16"><span class='ocrx_word' id='word_1_605' title='bbox 200 4467 498 4524; x_wconf 87' lang='lat' dir='ltr'><strong>sentiamus</strong></span> <span class='ocrx_word' id='word_1_606' title='bbox 525 4467 764 4523; x_wconf 89' lang='lat' dir='ltr'><strong>eliciant.</strong></span> <span class='ocrx_word' id='word_1_607' title='bbox 796 4467 853 4522; x_wconf 90' lang='lat' dir='ltr'><strong>Si</strong></span> <span class='ocrx_word' id='word_1_608' title='bbox 896 4477 1074 4522; x_wconf 86' lang='lat' dir='ltr'><strong>autem</strong></span> <span class='ocrx_word' id='word_1_609' title='bbox 1119 4467 1189 4523; x_wconf 90' lang='lat' dir='ltr'><strong>de</strong></span> <span class='ocrx_word' id='word_1_610' title='bbox 1228 4468 1556 4524; x_wconf 86' lang='lat' dir='ltr'><strong>rectitudine</strong></span> <span class='ocrx_word' id='word_1_611' title='bbox 1582 4468 1799 4538; x_wconf 76' lang='lat' dir='ltr'><strong>quidem</strong></span> 
     </span>
    </p>
   </div>
   <div class='ocr_carea' id='block_1_77' title="bbox 204 4557 1797 4630">
    <p class='ocr_par' dir='ltr' id='par_1_77' title="bbox 204 4557 1797 4630">
     <span class='ocr_line' id='line_1_77' title="bbox 204 4557 1797 4630; baseline 0.001 -19"><span class='ocrx_word' id='word_1_612' title='bbox 204 4557 323 4613; x_wconf 83' lang='lat' dir='ltr'><strong>lidei</strong></span> <span class='ocrx_word' id='word_1_613' title='bbox 356 4569 554 4614; x_wconf 67' lang='lat' dir='ltr'><strong>nostra:</strong></span> <span class='ocrx_word' id='word_1_614' title='bbox 582 4574 689 4614; x_wconf 91' lang='lat' dir='ltr'><strong>non</strong></span> <span class='ocrx_word' id='word_1_615' title='bbox 720 4558 984 4625; x_wconf 89' lang='lat' dir='ltr'><strong>dubitant,</strong></span> <span class='ocrx_word' id='word_1_616' title='bbox 1028 4558 1121 4614; x_wconf 89' lang='lat' dir='ltr'><strong>sed</strong></span> <span class='ocrx_word' id='word_1_617' title='bbox 1153 4569 1403 4629; x_wconf 90' lang='lat' dir='ltr'><strong>putantes</strong></span> <span class='ocrx_word' id='word_1_618' title='bbox 1431 4560 1599 4630; x_wconf 89' lang='lat' dir='ltr'><strong>ipsam</strong></span> <span class='ocrx_word' id='word_1_619' title='bbox 1641 4558 1797 4614; x_wconf 82' lang='lat' dir='ltr'><strong>fidem</strong></span> 
     </span>
    </p>
   </div>
   <div class='ocr_carea' id='block_1_78' title="bbox 202 4651 1800 4721">
    <p class='ocr_par' dir='ltr' id='par_1_78' title="bbox 202 4651 1800 4721">
     <span class='ocr_line' id='line_1_78' title="bbox 202 4651 1800 4721; baseline -0.001 -15"><span class='ocrx_word' id='word_1_620' title='bbox 202 4660 406 4706; x_wconf 85' lang='lat' dir='ltr'><strong>rectam</strong></span> <span class='ocrx_word' id='word_1_621' title='bbox 453 4668 563 4707; x_wconf 92' lang='lat' dir='ltr'><strong>non</strong></span> <span class='ocrx_word' id='word_1_622' title='bbox 592 4652 758 4707; x_wconf 87' lang='lat' dir='ltr'><strong>rectis</strong></span> <span class='ocrx_word' id='word_1_623' title='bbox 788 4651 966 4706; x_wconf 90' lang='lat' dir='ltr'><strong>verbis</strong></span> <span class='ocrx_word' id='word_1_624' title='bbox 1009 4653 1379 4721; x_wconf 89' lang='lat' dir='ltr'><strong>pronuntiari,</strong></span> <span class='ocrx_word' id='word_1_625' title='bbox 1428 4651 1613 4707; x_wconf 91' lang='lat' dir='ltr'><strong>dicunt</strong></span> <span class='ocrx_word' id='word_1_626' title='bbox 1656 4651 1800 4721; x_wconf 91' lang='lat' dir='ltr'><strong>quod</strong></span> 
     </span>
    </p>
   </div>
   <div class='ocr_carea' id='block_1_79' title="bbox 201 4741 1799 4814">
    <p class='ocr_par' dir='ltr' id='par_1_79' title="bbox 201 4741 1799 4814">
     <span class='ocr_line' id='line_1_79' title="bbox 201 4741 1799 4814; baseline 0.001 -18"><span class='ocrx_word' id='word_1_627' title='bbox 201 4756 367 4796; x_wconf 89' lang='lat' dir='ltr'><strong>sensu</strong></span> <span class='ocrx_word' id='word_1_628' title='bbox 393 4744 610 4811; x_wconf 88' lang='lat' dir='ltr'><strong>quidem</strong></span> <span class='ocrx_word' id='word_1_629' title='bbox 640 4758 825 4798; x_wconf 89' lang='lat' dir='ltr'><strong>sumus</strong></span> <span class='ocrx_word' id='word_1_630' title='bbox 849 4741 1096 4811; x_wconf 87' lang='lat' dir='ltr'><strong>perfecti,</strong></span> <span class='ocrx_word' id='word_1_631' title='bbox 1124 4758 1230 4796; x_wconf 91' lang='lat' dir='ltr'><strong>non</strong></span> <span class='ocrx_word' id='word_1_632' title='bbox 1260 4752 1439 4797; x_wconf 89' lang='lat' dir='ltr'><strong>autem</strong></span> <span class='ocrx_word' id='word_1_633' title='bbox 1460 4758 1647 4797; x_wconf 87' lang='lat' dir='ltr'><strong>sumus</strong></span> <span class='ocrx_word' id='word_1_634' title='bbox 1673 4759 1799 4814; x_wconf 88' lang='lat' dir='ltr'><strong>per-</strong></span> 
     </span>
    </p>
   </div>
   <div class='ocr_carea' id='block_1_80' title="bbox 100 4828 1802 4903">
    <p class='ocr_par' dir='ltr' id='par_1_80' title="bbox 100 4828 1802 4903">
     <span class='ocr_line' id='line_1_80' title="bbox 100 4828 1802 4903; baseline 0.002 -19"><span class='ocrx_word' id='word_1_635' title='bbox 100 4856 103 4859; x_wconf 55' lang='grc' dir='ltr'>ν</span> <span class='ocrx_word' id='word_1_636' title='bbox 205 4828 332 4884; x_wconf 69' lang='lat' dir='ltr'><strong>fecti</strong></span> <span class='ocrx_word' id='word_1_637' title='bbox 365 4833 647 4899; x_wconf 88' lang='lat' dir='ltr'><strong>sententia,</strong></span> <span class='ocrx_word' id='word_1_638' title='bbox 677 4848 798 4888; x_wconf 89' lang='lat' dir='ltr'><strong>cum</strong></span> <span class='ocrx_word' id='word_1_639' title='bbox 829 4834 1121 4903; x_wconf 84' lang='lat' dir='ltr'><strong>Apostolus</strong></span> <span class='ocrx_word' id='word_1_640' title='bbox 1147 4835 1200 4888; x_wconf 92' lang='lat' dir='ltr'><strong>in</strong></span> <span class='ocrx_word' id='word_1_641' title='bbox 1230 4843 1460 4903; x_wconf 89' lang='lat' dir='ltr'><strong>utroque</strong></span> <span class='ocrx_word' id='word_1_642' title='bbox 1488 4850 1589 4889; x_wconf 90' lang='lat' dir='ltr'><strong>nos</strong></span> <span class='ocrx_word' id='word_1_643' title='bbox 1617 4834 1802 4889; x_wconf 84' lang='lat' dir='ltr'><strong>horte—</strong></span> 
     </span>
    </p>
   </div>
   <div class='ocr_carea' id='block_1_81' title="bbox 204 4924 1803 5000">
    <p class='ocr_par' dir='ltr' id='par_1_81' title="bbox 204 4924 1803 5000">
     <span class='ocr_line' id='line_1_81' title="bbox 204 4924 1803 5000; baseline 0.003 -21"><span class='ocrx_word' id='word_1_644' title='bbox 204 4931 295 4979; x_wconf 88' lang='lat' dir='ltr'><strong>tur</strong></span> <span class='ocrx_word' id='word_1_645' title='bbox 320 4924 590 4993; x_wconf 87' lang='lat' dir='ltr'><strong>perfectos</strong></span> <span class='ocrx_word' id='word_1_646' title='bbox 615 4927 636 4957; x_wconf 70' lang='grc'>⁸</span> <span class='ocrx_word' id='word_1_647' title='bbox 663 4926 849 4983; x_wconf 89' lang='lat' dir='ltr'><strong>dicens</strong></span> <span class='ocrx_word' id='word_1_648' title='bbox 876 4945 889 4981; x_wconf 92' lang='lat'><strong>:</strong></span> <span class='ocrx_word' id='word_1_649' title='bbox 924 4927 1055 4982; x_wconf 78' lang='lat' dir='ltr'><strong>Sitis</strong></span> <span class='ocrx_word' id='word_1_650' title='bbox 1099 4938 1267 4983; x_wconf 77' lang='lat' dir='ltr'><strong>autem</strong></span> <span class='ocrx_word' id='word_1_651' title='bbox 1297 4931 1510 5000; x_wconf 70' lang='lat' dir='ltr'><strong>perfecti</strong></span> <span class='ocrx_word' id='word_1_652' title='bbox 1532 4931 1587 4983; x_wconf 82' lang='lat' dir='ltr'><strong>in</strong></span> <span class='ocrx_word' id='word_1_653' title='bbox 1623 4929 1803 4983; x_wconf 80' lang='lat' dir='ltr'><strong>eodem</strong></span> 
     </span>
    </p>
   </div>
   <div class='ocr_carea' id='block_1_82' title="bbox 201 5016 1803 5089">
    <p class='ocr_par' dir='ltr' id='par_1_82' title="bbox 201 5016 1803 5089">
     <span class='ocr_line' id='line_1_82' title="bbox 201 5016 1803 5089; baseline 0.002 -21"><span class='ocrx_word' id='word_1_654' title='bbox 201 5029 359 5069; x_wconf 74' lang='lat' dir='ltr'><strong>censu</strong></span> <span class='ocrx_word' id='word_1_655' title='bbox 381 5023 433 5069; x_wconf 80' lang='lat' dir='ltr'><strong>et</strong></span> <span class='ocrx_word' id='word_1_656' title='bbox 452 5016 506 5069; x_wconf 83' lang='lat' dir='ltr'><strong>in</strong></span> <span class='ocrx_word' id='word_1_657' title='bbox 531 5016 705 5071; x_wconf 82' lang='lat' dir='ltr'><strong>eadem</strong></span> <span class='ocrx_word' id='word_1_658' title='bbox 727 5020 980 5073; x_wconf 79' lang='lat' dir='ltr'><strong>sententia</strong></span> <span class='ocrx_word' id='word_1_659' title='bbox 1002 5017 1058 5089; x_wconf 88' lang='grc' dir='ltr'><strong>(Ι</strong></span> <span class='ocrx_word' id='word_1_660' title='bbox 1080 5017 1201 5074; x_wconf 84' lang='lat' dir='ltr'><strong>Cor.</strong></span> <span class='ocrx_word' id='word_1_661' title='bbox 1226 5036 1265 5087; x_wconf 84' lang='grc' dir='ltr'>ι,</span> <span class='ocrx_word' id='word_1_662' title='bbox 1290 5019 1377 5088; x_wconf 77' lang='grc'><strong>10)</strong></span> <span class='ocrx_word' id='word_1_663' title='bbox 1406 5038 1418 5072; x_wconf 90' lang='lat'><strong>:</strong></span> <span class='ocrx_word' id='word_1_664' title='bbox 1451 5019 1552 5089; x_wconf 91' lang='lat' dir='ltr'><strong>ipsi</strong></span> <span class='ocrx_word' id='word_1_665' title='bbox 1573 5019 1803 5073; x_wconf 81' lang='lat' dir='ltr'><strong>doceant</strong></span> 
     </span>
    </p>
   </div>
   <div class='ocr_carea' id='block_1_83' title="bbox 202 5105 1803 5178">
    <p class='ocr_par' dir='ltr' id='par_1_83' title="bbox 202 5105 1803 5178">
     <span class='ocr_line' id='line_1_83' title="bbox 202 5105 1803 5178; baseline 0.002 -19"><span class='ocrx_word' id='word_1_666' title='bbox 202 5112 471 5177; x_wconf 79' lang='lat' dir='ltr'><strong>quatenus</strong></span> <span class='ocrx_word' id='word_1_667' title='bbox 497 5105 585 5162; x_wconf 84' lang='lat' dir='ltr'><strong>ilia</strong></span> <span class='ocrx_word' id='word_1_668' title='bbox 609 5107 799 5178; x_wconf 78' lang='lat' dir='ltr'><strong>Virgo,</strong></span> <span class='ocrx_word' id='word_1_669' title='bbox 818 5109 965 5178; x_wconf 91' lang='lat' dir='ltr'><strong>quod</strong></span> <span class='ocrx_word' id='word_1_670' title='bbox 990 5125 1096 5164; x_wconf 92' lang='lat' dir='ltr'><strong>non</strong></span> <span class='ocrx_word' id='word_1_671' title='bbox 1122 5110 1384 5175; x_wconf 88' lang='lat' dir='ltr'><strong>abnuunt,</strong></span> <span class='ocrx_word' id='word_1_672' title='bbox 1404 5116 1577 5164; x_wconf 89' lang='lat' dir='ltr'><strong>mater</strong></span> <span class='ocrx_word' id='word_1_673' title='bbox 1597 5107 1693 5163; x_wconf 89' lang='lat' dir='ltr'><strong>Dei</strong></span> <span class='ocrx_word' id='word_1_674' title='bbox 1719 5107 1803 5162; x_wconf 87' lang='lat' dir='ltr'><strong>di-</strong></span> 
     </span>
    </p>
   </div>
   <div class='ocr_carea' id='block_1_84' title="bbox 275 5281 1795 5357">
    <p class='ocr_par' dir='ltr' id='par_1_84' title="bbox 275 5281 1795 5357">
     <span class='ocr_line' id='line_1_84' title="bbox 275 5281 1795 5357; baseline 0.004 -20"><span class='ocrx_word' id='word_1_675' title='bbox 275 5292 306 5321; x_wconf 76' lang='grc' dir='ltr'><strong>ι</strong></span> <span class='ocrx_word' id='word_1_676' title='bbox 340 5281 577 5357; x_wconf 64' lang='lat' dir='ltr'><strong>Tametsi</strong></span> <span class='ocrx_word' id='word_1_677' title='bbox 607 5284 675 5339; x_wconf 84' lang='lat' dir='ltr'><strong>de</strong></span> <span class='ocrx_word' id='word_1_678' title='bbox 700 5283 868 5340; x_wconf 82' lang='lat' dir='ltr'><strong>Maria</strong></span> <span class='ocrx_word' id='word_1_679' title='bbox 893 5286 1132 5355; x_wconf 75' lang='lat' dir='ltr'><strong>Virgine,</strong></span> <span class='ocrx_word' id='word_1_680' title='bbox 1163 5287 1293 5357; x_wconf 88' lang='lat' dir='ltr'><strong>quin</strong></span> <span class='ocrx_word' id='word_1_681' title='bbox 1335 5303 1465 5343; x_wconf 90' lang='lat' dir='ltr'><strong>vere</strong></span> <span class='ocrx_word' id='word_1_682' title='bbox 1490 5303 1553 5342; x_wconf 90' lang='lat' dir='ltr'><strong>ac</strong></span> <span class='ocrx_word' id='word_1_683' title='bbox 1576 5288 1795 5357; x_wconf 84' lang='lat' dir='ltr'><strong>proprie</strong></span> 
     </span>
    </p>
   </div>
   <div class='ocr_carea' id='block_1_85' title="bbox 202 5353 1797 5424">
    <p class='ocr_par' dir='ltr' id='par_1_85' title="bbox 202 5353 1797 5424">
     <span class='ocr_line' id='line_1_85' title="bbox 202 5353 1797 5424; baseline 0.001 -14"><span class='ocrx_word' id='word_1_684' title='bbox 202 5354 429 5411; x_wconf 86' lang='lat' dir='ltr'><strong>dicenda</strong></span> <span class='ocrx_word' id='word_1_685' title='bbox 457 5356 524 5408; x_wconf 87' lang='lat' dir='ltr'><strong>sit</strong></span> <span class='ocrx_word' id='word_1_686' title='bbox 544 5353 774 5424; x_wconf 87' lang='lat' dir='ltr'><strong>Deipara</strong></span> <span class='ocrx_word' id='word_1_687' title='bbox 805 5353 1057 5419; x_wconf 71' lang='grc' dir='ltr'><strong>θεοτόκᾱς,</strong></span> <span class='ocrx_word' id='word_1_688' title='bbox 1088 5353 1360 5423; x_wconf 83' lang='lat' dir='ltr'><strong>ambigere</strong></span> <span class='ocrx_word' id='word_1_689' title='bbox 1391 5359 1532 5411; x_wconf 85' lang='lat' dir='ltr'><strong>inter</strong></span> <span class='ocrx_word' id='word_1_690' title='bbox 1561 5353 1797 5411; x_wconf 71' lang='lat' dir='ltr'><strong>catholi-</strong></span> 
     </span>
    </p>
   </div>
   <div class='ocr_carea' id='block_1_86' title="bbox 202 5426 1799 5498">
    <p class='ocr_par' dir='ltr' id='par_1_86' title="bbox 202 5426 1799 5498">
     <span class='ocr_line' id='line_1_86' title="bbox 202 5426 1799 5498; baseline 0.003 -21"><span class='ocrx_word' id='word_1_691' title='bbox 202 5441 297 5498; x_wconf 75' lang='lat' dir='ltr'><strong>eos</strong></span> <span class='ocrx_word' id='word_1_692' title='bbox 322 5426 592 5498; x_wconf 75' lang='lat' dir='ltr'><strong>integrum</strong></span> <span class='ocrx_word' id='word_1_693' title='bbox 611 5441 721 5498; x_wconf 85' lang='lat' dir='ltr'><strong>non</strong></span> <span class='ocrx_word' id='word_1_694' title='bbox 742 5437 860 5480; x_wconf 90' lang='lat' dir='ltr'><strong>erat</strong></span> <span class='ocrx_word' id='word_1_695' title='bbox 881 5436 1001 5498; x_wconf 84' lang='lat' dir='ltr'><strong>post</strong></span> <span class='ocrx_word' id='word_1_696' title='bbox 1022 5427 1285 5498; x_wconf 76' lang='lat' dir='ltr'><strong>synodum</strong></span> <span class='ocrx_word' id='word_1_697' title='bbox 1314 5426 1659 5498; x_wconf 78' lang='lat' dir='ltr'><strong>Ephesinam,</strong></span> <span class='ocrx_word' id='word_1_698' title='bbox 1680 5443 1799 5497; x_wconf 75' lang='lat' dir='ltr'><strong>qua:</strong></span> 
     </span>
    </p>
   </div>
   <div class='ocr_carea' id='block_1_87' title="bbox 203 5495 1800 5568">
    <p class='ocr_par' dir='ltr' id='par_1_87' title="bbox 203 5495 1800 5568">
     <span class='ocr_line' id='line_1_87' title="bbox 203 5495 1800 5568; baseline 0.001 -17"><span class='ocrx_word' id='word_1_699' title='bbox 203 5495 404 5568; x_wconf 83' lang='lat' dir='ltr'><strong>liquido</strong></span> <span class='ocrx_word' id='word_1_700' title='bbox 430 5495 481 5550; x_wconf 91' lang='lat' dir='ltr'><strong>id</strong></span> <span class='ocrx_word' id='word_1_701' title='bbox 503 5495 683 5550; x_wconf 88' lang='lat' dir='ltr'><strong>sanxit</strong></span> <span class='ocrx_word' id='word_1_702' title='bbox 720 5495 908 5552; x_wconf 88' lang='lat' dir='ltr'><strong>contra</strong></span> <span class='ocrx_word' id='word_1_703' title='bbox 936 5495 1241 5554; x_wconf 83' lang='lat' dir='ltr'><strong>Nestorium</strong></span> <span class='ocrx_word' id='word_1_704' title='bbox 1273 5515 1286 5551; x_wconf 92' lang='lat'>:</span> <span class='ocrx_word' id='word_1_705' title='bbox 1320 5514 1425 5554; x_wconf 92' lang='lat' dir='ltr'><strong>non</strong></span> <span class='ocrx_word' id='word_1_706' title='bbox 1453 5495 1800 5554; x_wconf 37' lang='lat' dir='ltr'><strong>defuisse—ta-</strong></span> 
     </span>
    </p>
   </div>
   <div class='ocr_carea' id='block_1_88' title="bbox 275 5700 1224 5770">
    <p class='ocr_par' dir='ltr' id='par_1_88' title="bbox 275 5700 1224 5770">
     <span class='ocr_line' id='line_1_88' title="bbox 275 5700 1224 5770; baseline 0.001 -14"><span class='ocrx_word' id='word_1_707' title='bbox 275 5702 291 5733; x_wconf 89' lang='grc'>¹</span> <span class='ocrx_word' id='word_1_708' title='bbox 325 5700 462 5770; x_wconf 77' lang='lat' dir='ltr'><strong>Cod.</strong></span> <span class='ocrx_word' id='word_1_709' title='bbox 488 5700 719 5770; x_wconf 73' lang='lat' dir='ltr'><strong>Verum,</strong></span> <span class='ocrx_word' id='word_1_710' title='bbox 745 5702 1224 5759; x_wconf 77' lang='lat' dir='ltr'><strong>demonstrandum.</strong></span> 
     </span>
    </p>
   </div>
   <div class='ocr_carea' id='block_1_89' title="bbox 274 5769 875 5839">
    <p class='ocr_par' dir='ltr' id='par_1_89' title="bbox 274 5769 875 5839">
     <span class='ocr_line' id='line_1_89' title="bbox 274 5769 875 5839; baseline 0.008 -15"><span class='ocrx_word' id='word_1_711' title='bbox 274 5773 295 5804; x_wconf 80' lang='grc'><strong><em>⁸</em></strong></span> <span class='ocrx_word' id='word_1_712' title='bbox 323 5769 471 5828; x_wconf 73' lang='lat' dir='ltr'><strong>hieto</strong></span> <span class='ocrx_word' id='word_1_713' title='bbox 492 5772 637 5839; x_wconf 83' lang='lat' dir='ltr'><strong>cod.,</strong></span> <span class='ocrx_word' id='word_1_714' title='bbox 664 5775 875 5831; x_wconf 69' lang='lat' dir='ltr'><strong>nullius.</strong></span> 
     </span>
    </p>
   </div>
   <div class='ocr_carea' id='block_1_90' title="bbox 275 5841 983 5912">
    <p class='ocr_par' dir='ltr' id='par_1_90' title="bbox 275 5841 983 5912">
     <span class='ocr_line' id='line_1_90' title="bbox 275 5841 983 5912; baseline 0.006 -13"><span class='ocrx_word' id='word_1_715' title='bbox 275 5841 303 5876; x_wconf 78' lang='grc'>⁸</span> <span class='ocrx_word' id='word_1_716' title='bbox 327 5841 472 5899; x_wconf 76' lang='lat' dir='ltr'><strong>[dem</strong></span> <span class='ocrx_word' id='word_1_717' title='bbox 497 5843 655 5912; x_wconf 41' lang='lat' dir='ltr'><strong>cuti,</strong></span> <span class='ocrx_word' id='word_1_718' title='bbox 673 5856 836 5902; x_wconf 78' lang='lat' dir='ltr'><strong>mater</strong></span> <span class='ocrx_word' id='word_1_719' title='bbox 861 5845 983 5904; x_wconf 84' lang='lat' dir='ltr'><strong>Dei.</strong></span> 
     </span>
    </p>
   </div>
   <div class='ocr_carea' id='block_1_91' title="bbox 1898 3266 3492 3342">
    <p class='ocr_par' dir='ltr' id='par_1_91' title="bbox 1898 3266 3492 3342">
     <span class='ocr_line' id='line_1_91' title="bbox 1898 3266 3492 3342; baseline -0.004 -12"><span class='ocrx_word' id='word_1_720' title='bbox 1898 3276 2049 3331; x_wconf 92' lang='lat' dir='ltr'><strong>frons</strong></span> <span class='ocrx_word' id='word_1_721' title='bbox 2078 3274 2292 3330; x_wconf 90' lang='lat' dir='ltr'><strong>illorum</strong></span> <span class='ocrx_word' id='word_1_722' title='bbox 2332 3272 2505 3339; x_wconf 84' lang='lat' dir='ltr'><strong>ferat,</strong></span> <span class='ocrx_word' id='word_1_723' title='bbox 2533 3271 2581 3326; x_wconf 92' lang='lat' dir='ltr'><strong>si</strong></span> <span class='ocrx_word' id='word_1_724' title='bbox 2608 3278 2810 3342; x_wconf 89' lang='lat' dir='ltr'><strong>potest,</strong></span> <span class='ocrx_word' id='word_1_725' title='bbox 2841 3266 2982 3325; x_wconf 89' lang='lat' dir='ltr'><strong>hanc</strong></span> <span class='ocrx_word' id='word_1_726' title='bbox 3008 3268 3286 3340; x_wconf 85' lang='lat' dir='ltr'><strong>profanam</strong></span> <span class='ocrx_word' id='word_1_727' title='bbox 3312 3277 3371 3327; x_wconf 85' lang='lat' dir='ltr'><strong>et</strong></span> <span class='ocrx_word' id='word_1_728' title='bbox 3393 3268 3492 3324; x_wconf 65' lang='lat' dir='ltr'><strong>de~</strong></span> 
     </span>
    </p>
   </div>
   <div class='ocr_carea' id='block_1_92' title="bbox 1900 3359 3493 3425">
    <p class='ocr_par' dir='ltr' id='par_1_92' title="bbox 1900 3359 3493 3425">
     <span class='ocr_line' id='line_1_92' title="bbox 1900 3359 3493 3425; baseline -0.004 -3"><span class='ocrx_word' id='word_1_729' title='bbox 1900 3366 2200 3422; x_wconf 85' lang='lat' dir='ltr'><strong>testabilem</strong></span> <span class='ocrx_word' id='word_1_730' title='bbox 2230 3378 2442 3420; x_wconf 89' lang='lat' dir='ltr'><strong>vocem.</strong></span> <span class='ocrx_word' id='word_1_731' title='bbox 2474 3362 2530 3418; x_wconf 89' lang='lat' dir='ltr'><strong>Si</strong></span> <span class='ocrx_word' id='word_1_732' title='bbox 2563 3369 2744 3418; x_wconf 88' lang='lat' dir='ltr'><strong>autem</strong></span> <span class='ocrx_word' id='word_1_733' title='bbox 2773 3376 2881 3416; x_wconf 89' lang='lat' dir='ltr'><strong>non</strong></span> <span class='ocrx_word' id='word_1_734' title='bbox 2904 3360 3104 3416; x_wconf 90' lang='lat' dir='ltr'><strong>audent</strong></span> <span class='ocrx_word' id='word_1_735' title='bbox 3129 3359 3331 3425; x_wconf 90' lang='lat' dir='ltr'><strong>dicere,</strong></span> <span class='ocrx_word' id='word_1_736' title='bbox 3372 3359 3493 3416; x_wconf 83' lang='lat' dir='ltr'><strong>Non</strong></span> 
     </span>
    </p>
   </div>
   <div class='ocr_carea' id='block_1_93' title="bbox 1898 3452 3492 3527">
    <p class='ocr_par' dir='ltr' id='par_1_93' title="bbox 1898 3452 3492 3527">
     <span class='ocr_line' id='line_1_93' title="bbox 1898 3452 3492 3527; baseline -0.003 -14"><span class='ocrx_word' id='word_1_737' title='bbox 1898 3473 2027 3514; x_wconf 83' lang='lat' dir='ltr'><strong>vero</strong></span> <span class='ocrx_word' id='word_1_738' title='bbox 2045 3464 2102 3513; x_wconf 90' lang='lat' dir='ltr'><strong>et</strong></span> <span class='ocrx_word' id='word_1_739' title='bbox 2129 3455 2348 3527; x_wconf 90' lang='lat' dir='ltr'><strong>proprie</strong></span> <span class='ocrx_word' id='word_1_740' title='bbox 2368 3462 2541 3510; x_wconf 89' lang='lat' dir='ltr'><strong>mater</strong></span> <span class='ocrx_word' id='word_1_741' title='bbox 2567 3462 2653 3509; x_wconf 90' lang='lat' dir='ltr'><strong>est</strong></span> <span class='ocrx_word' id='word_1_742' title='bbox 2678 3452 2794 3515; x_wconf 87' lang='lat' dir='ltr'><strong>Dei,</strong></span> <span class='ocrx_word' id='word_1_743' title='bbox 2814 3468 2911 3509; x_wconf 91' lang='lat' dir='ltr'><strong>cur</strong></span> <span class='ocrx_word' id='word_1_744' title='bbox 2932 3467 3034 3508; x_wconf 90' lang='lat' dir='ltr'><strong>nos</strong></span> <span class='ocrx_word' id='word_1_745' title='bbox 3052 3452 3340 3522; x_wconf 85' lang='lat' dir='ltr'><strong>prohibent</strong></span> <span class='ocrx_word' id='word_1_746' title='bbox 3361 3467 3492 3508; x_wconf 84' lang='lat' dir='ltr'><strong>con-</strong></span> 
     </span>
    </p>
   </div>
   <div class='ocr_carea' id='block_1_94' title="bbox 1899 3543 3492 3619">
    <p class='ocr_par' dir='ltr' id='par_1_94' title="bbox 1899 3543 3492 3619">
     <span class='ocr_line' id='line_1_94' title="bbox 1899 3543 3492 3619; baseline -0.001 -16"><span class='ocrx_word' id='word_1_747' title='bbox 1899 3550 2037 3606; x_wconf 77' lang='lat' dir='ltr'><strong>ﬁteri</strong></span> <span class='ocrx_word' id='word_1_748' title='bbox 2094 3549 2239 3619; x_wconf 90' lang='lat' dir='ltr'><strong>quod</strong></span> <span class='ocrx_word' id='word_1_749' title='bbox 2284 3562 2482 3617; x_wconf 88' lang='lat' dir='ltr'><strong>negare</strong></span> <span class='ocrx_word' id='word_1_750' title='bbox 2526 3562 2634 3603; x_wconf 88' lang='lat' dir='ltr'><strong>non</strong></span> <span class='ocrx_word' id='word_1_751' title='bbox 2677 3543 2918 3601; x_wconf 84' lang='lat' dir='ltr'><strong>audent?</strong></span> <span class='ocrx_word' id='word_1_752' title='bbox 2964 3544 3308 3614; x_wconf 85' lang='lat' dir='ltr'><strong>Cognoscant</strong></span> <span class='ocrx_word' id='word_1_753' title='bbox 3336 3545 3492 3612; x_wconf 77' lang='lat' dir='ltr'><strong>igitur</strong></span> 
     </span>
    </p>
   </div>
   <div class='ocr_carea' id='block_1_95' title="bbox 1898 3637 3495 3714">
    <p class='ocr_par' dir='ltr' id='par_1_95' title="bbox 1898 3637 3495 3714">
     <span class='ocr_line' id='line_1_95' title="bbox 1898 3637 3495 3714; baseline -0.004 -15"><span class='ocrx_word' id='word_1_754' title='bbox 1898 3658 2023 3699; x_wconf 89' lang='lat' dir='ltr'><strong>cum</strong></span> <span class='ocrx_word' id='word_1_755' title='bbox 2050 3651 2236 3699; x_wconf 88' lang='lat' dir='ltr'><strong>sancta</strong></span> <span class='ocrx_word' id='word_1_756' title='bbox 2262 3640 2490 3714; x_wconf 83' lang='lat' dir='ltr'><strong>synodo,</strong></span> <span class='ocrx_word' id='word_1_757' title='bbox 2518 3640 2672 3711; x_wconf 90' lang='lat' dir='ltr'><strong>cujus</strong></span> <span class='ocrx_word' id='word_1_758' title='bbox 2698 3653 2758 3696; x_wconf 86' lang='lat' dir='ltr'><strong>se</strong></span> <span class='ocrx_word' id='word_1_759' title='bbox 2779 3637 3101 3709; x_wconf 84' lang='lat' dir='ltr'><strong>proﬁtentur</strong></span> <span class='ocrx_word' id='word_1_760' title='bbox 3126 3638 3343 3695; x_wconf 84' lang='lat' dir='ltr'><strong>decreta</strong></span> <span class='ocrx_word' id='word_1_761' title='bbox 3373 3654 3495 3694; x_wconf 79' lang='lat' dir='ltr'><strong>sus-</strong></span> 
     </span>
    </p>
   </div>
   <div class='ocr_carea' id='block_1_96' title="bbox 1898 3730 3495 3809">
    <p class='ocr_par' dir='ltr' id='par_1_96' title="bbox 1898 3730 3495 3809">
     <span class='ocr_line' id='line_1_96' title="bbox 1898 3730 3495 3809; baseline -0.003 -17"><span class='ocrx_word' id='word_1_762' title='bbox 1898 3738 2113 3806; x_wconf 87' lang='lat' dir='ltr'><strong>cipere,</strong></span> <span class='ocrx_word' id='word_1_763' title='bbox 2171 3735 2317 3806; x_wconf 88' lang='lat' dir='ltr'><strong>quod</strong></span> <span class='ocrx_word' id='word_1_764' title='bbox 2355 3746 2644 3809; x_wconf 86' lang='lat' dir='ltr'><strong>propterea</strong></span> <span class='ocrx_word' id='word_1_765' title='bbox 2681 3733 2840 3791; x_wconf 77' lang='lat' dir='ltr'><strong>beata</strong></span> <span class='ocrx_word' id='word_1_766' title='bbox 2887 3733 2974 3789; x_wconf 88' lang='lat' dir='ltr'><strong>illa</strong></span> <span class='ocrx_word' id='word_1_767' title='bbox 3004 3732 3168 3799; x_wconf 83' lang='lat' dir='ltr'><strong>Virgo</strong></span> <span class='ocrx_word' id='word_1_768' title='bbox 3196 3730 3495 3789; x_wconf 83' lang='lat' dir='ltr'><strong>secundum</strong></span> 
     </span>
    </p>
   </div>
   <div class='ocr_carea' id='block_1_97' title="bbox 1876 3829 3493 3901">
    <p class='ocr_par' dir='ltr' id='par_1_97' title="bbox 1876 3829 3493 3901">
     <span class='ocr_line' id='line_1_97' title="bbox 1876 3829 3493 3901; baseline -0.003 -15"><span class='ocrx_word' id='word_1_769' title='bbox 1876 3831 2182 3889; x_wconf 76' lang='lat' dir='ltr'><strong>&#39;vetitatem</strong></span> <span class='ocrx_word' id='word_1_770' title='bbox 2207 3841 2381 3888; x_wconf 89' lang='lat' dir='ltr'><strong>mater</strong></span> <span class='ocrx_word' id='word_1_771' title='bbox 2409 3833 2548 3888; x_wconf 89' lang='lat' dir='ltr'><strong>dicta</strong></span> <span class='ocrx_word' id='word_1_772' title='bbox 2574 3833 2647 3888; x_wconf 90' lang='lat' dir='ltr'><strong>sit</strong></span> <span class='ocrx_word' id='word_1_773' title='bbox 2671 3831 2788 3896; x_wconf 90' lang='lat' dir='ltr'><strong>Dei,</strong></span> <span class='ocrx_word' id='word_1_774' title='bbox 2817 3829 3073 3901; x_wconf 84' lang='lat' dir='ltr'><strong>quoniam</strong></span> <span class='ocrx_word' id='word_1_775' title='bbox 3101 3841 3318 3882; x_wconf 91' lang='lat' dir='ltr'><strong>carnem</strong></span> <span class='ocrx_word' id='word_1_776' title='bbox 3346 3841 3416 3880; x_wconf 86' lang='lat' dir='ltr'><strong>ex</strong></span> <span class='ocrx_word' id='word_1_777' title='bbox 3436 3841 3493 3881; x_wconf 85' lang='lat' dir='ltr'><strong>su</strong></span> 
     </span>
    </p>
   </div>
   <div class='ocr_carea' id='block_1_98' title="bbox 1900 3912 3492 3986">
    <p class='ocr_par' dir='ltr' id='par_1_98' title="bbox 1900 3912 3492 3986">
     <span class='ocr_line' id='line_1_98' title="bbox 1900 3912 3492 3986; baseline -0.007 -7"><span class='ocrx_word' id='word_1_778' title='bbox 1900 3924 2141 3979; x_wconf 87' lang='lat' dir='ltr'><strong>omnium</strong></span> <span class='ocrx_word' id='word_1_779' title='bbox 2169 3922 2401 3978; x_wconf 90' lang='lat' dir='ltr'><strong>Domino</strong></span> <span class='ocrx_word' id='word_1_780' title='bbox 2430 3922 2784 3986; x_wconf 81' lang='lat' dir='ltr'><strong>ministravit,</strong></span> <span class='ocrx_word' id='word_1_781' title='bbox 2815 3928 2873 3976; x_wconf 90' lang='lat' dir='ltr'><strong>et</strong></span> <span class='ocrx_word' id='word_1_782' title='bbox 2899 3935 3007 3974; x_wconf 88' lang='lat' dir='ltr'><strong>non</strong></span> <span class='ocrx_word' id='word_1_783' title='bbox 3034 3933 3094 3973; x_wconf 90' lang='lat' dir='ltr'><strong>se</strong></span> <span class='ocrx_word' id='word_1_784' title='bbox 3120 3917 3302 3973; x_wconf 89' lang='lat' dir='ltr'><strong>dicant</strong></span> <span class='ocrx_word' id='word_1_785' title='bbox 3325 3912 3492 3985; x_wconf 76' lang='lat' dir='ltr'><strong>Euty-</strong></span> 
     </span>
    </p>
   </div>
   <div class='ocr_carea' id='block_1_99' title="bbox 1898 4008 3492 4082">
    <p class='ocr_par' dir='ltr' id='par_1_99' title="bbox 1898 4008 3492 4082">
     <span class='ocr_line' id='line_1_99' title="bbox 1898 4008 3492 4082; baseline -0.003 -15"><span class='ocrx_word' id='word_1_786' title='bbox 1898 4014 2108 4068; x_wconf 86' lang='lat' dir='ltr'><strong>chianis</strong></span> <span class='ocrx_word' id='word_1_787' title='bbox 2130 4026 2434 4082; x_wconf 89' lang='lat' dir='ltr'><strong>repugnare</strong></span> <span class='ocrx_word' id='word_1_788' title='bbox 2454 4054 2474 4080; x_wconf 94' lang='lat'><strong>,</strong></span> <span class='ocrx_word' id='word_1_789' title='bbox 2504 4020 2763 4080; x_wconf 85' lang='lat' dir='ltr'><strong>negantes</strong></span> <span class='ocrx_word' id='word_1_790' title='bbox 2788 4025 2917 4066; x_wconf 87' lang='lat' dir='ltr'><strong>vere</strong></span> <span class='ocrx_word' id='word_1_791' title='bbox 2945 4018 3001 4065; x_wconf 91' lang='lat' dir='ltr'><strong>et</strong></span> <span class='ocrx_word' id='word_1_792' title='bbox 3024 4008 3242 4079; x_wconf 88' lang='lat' dir='ltr'><strong>proprie</strong></span> <span class='ocrx_word' id='word_1_793' title='bbox 3266 4014 3492 4062; x_wconf 88' lang='lat' dir='ltr'><strong>matrem</strong></span> 
     </span>
    </p>
   </div>
   <div class='ocr_carea' id='block_1_100' title="bbox 1901 4102 3493 4175">
    <p class='ocr_par' dir='ltr' id='par_1_100' title="bbox 1901 4102 3493 4175">
     <span class='ocr_line' id='line_1_100' title="bbox 1901 4102 3493 4175; baseline -0.006 -14"><span class='ocrx_word' id='word_1_794' title='bbox 1901 4106 1996 4161; x_wconf 91' lang='lat' dir='ltr'><strong>Dei</strong></span> <span class='ocrx_word' id='word_1_795' title='bbox 2021 4105 2239 4160; x_wconf 79' lang='lat' dir='ltr'><strong>Mariam</strong></span> <span class='ocrx_word' id='word_1_796' title='bbox 2260 4146 2274 4171; x_wconf 94' lang='lat'><strong>,</strong></span> <span class='ocrx_word' id='word_1_797' title='bbox 2306 4122 2430 4161; x_wconf 92' lang='lat' dir='ltr'><strong>cum</strong></span> <span class='ocrx_word' id='word_1_798' title='bbox 2458 4105 2638 4175; x_wconf 90' lang='lat' dir='ltr'><strong>potius</strong></span> <span class='ocrx_word' id='word_1_799' title='bbox 2663 4104 2744 4159; x_wconf 91' lang='lat' dir='ltr'><strong>eis</strong></span> <span class='ocrx_word' id='word_1_800' title='bbox 2782 4103 2947 4158; x_wconf 90' lang='lat' dir='ltr'><strong>nescii</strong></span> <span class='ocrx_word' id='word_1_801' title='bbox 2976 4102 3155 4156; x_wconf 87' lang='lat' dir='ltr'><strong>favere</strong></span> <span class='ocrx_word' id='word_1_802' title='bbox 3185 4107 3493 4156; x_wconf 59' lang='lat' dir='ltr'><strong>monstren.</strong></span> 
     </span>
    </p>
   </div>
   <div class='ocr_carea' id='block_1_101' title="bbox 1902 4189 3492 4265">
    <p class='ocr_par' dir='ltr' id='par_1_101' title="bbox 1902 4189 3492 4265">
     <span class='ocr_line' id='line_1_101' title="bbox 1902 4189 3492 4265; baseline -0.006 -14"><span class='ocrx_word' id='word_1_803' title='bbox 1902 4204 2006 4259; x_wconf 88' lang='lat' dir='ltr'><strong>tur,</strong></span> <span class='ocrx_word' id='word_1_804' title='bbox 2047 4195 2347 4250; x_wconf 89' lang='lat' dir='ltr'><strong>resistendo</strong></span> <span class='ocrx_word' id='word_1_805' title='bbox 2375 4194 2657 4250; x_wconf 59' lang='lat' dir='ltr'><strong>sententias</strong></span> <span class='ocrx_word' id='word_1_806' title='bbox 2689 4193 2881 4265; x_wconf 89' lang='lat' dir='ltr'><strong>synodi</strong></span> <span class='ocrx_word' id='word_1_807' title='bbox 2919 4190 3407 4254; x_wconf 87' lang='lat' dir='ltr'><strong>Chalcedonensis,</strong></span> <span class='ocrx_word' id='word_1_808' title='bbox 3441 4189 3492 4242; x_wconf 90' lang='lat' dir='ltr'><strong>in</strong></span> 
     </span>
    </p>
   </div>
   <div class='ocr_carea' id='block_1_102' title="bbox 1901 4278 3493 4354">
    <p class='ocr_par' dir='ltr' id='par_1_102' title="bbox 1901 4278 3493 4354">
     <span class='ocr_line' id='line_1_102' title="bbox 1901 4278 3493 4354; baseline -0.004 -15"><span class='ocrx_word' id='word_1_809' title='bbox 1901 4299 2005 4354; x_wconf 90' lang='lat' dir='ltr'><strong>qua</strong></span> <span class='ocrx_word' id='word_1_810' title='bbox 2028 4283 2265 4339; x_wconf 89' lang='lat' dir='ltr'><strong>damnati</strong></span> <span class='ocrx_word' id='word_1_811' title='bbox 2306 4291 2471 4348; x_wconf 89' lang='lat' dir='ltr'><strong>sunt,</strong></span> <span class='ocrx_word' id='word_1_812' title='bbox 2501 4290 2556 4338; x_wconf 94' lang='lat' dir='ltr'><strong>et</strong></span> <span class='ocrx_word' id='word_1_813' title='bbox 2584 4281 2830 4351; x_wconf 87' lang='lat' dir='ltr'><strong>negando</strong></span> <span class='ocrx_word' id='word_1_814' title='bbox 2858 4281 3001 4351; x_wconf 89' lang='lat' dir='ltr'><strong>quod</strong></span> <span class='ocrx_word' id='word_1_815' title='bbox 3025 4295 3212 4336; x_wconf 83' lang='lat' dir='ltr'><strong>eorum</strong></span> <span class='ocrx_word' id='word_1_816' title='bbox 3234 4286 3319 4335; x_wconf 89' lang='lat' dir='ltr'><strong>est</strong></span> <span class='ocrx_word' id='word_1_817' title='bbox 3344 4278 3493 4333; x_wconf 76' lang='lat' dir='ltr'><strong>vani-</strong></span> 
     </span>
    </p>
   </div>
   <div class='ocr_carea' id='block_1_103' title="bbox 1902 4370 3492 4431">
    <p class='ocr_par' dir='ltr' id='par_1_103' title="bbox 1902 4370 3492 4431">
     <span class='ocr_line' id='line_1_103' title="bbox 1902 4370 3492 4431; baseline -0.004 0"><span class='ocrx_word' id='word_1_818' title='bbox 1902 4376 2001 4431; x_wconf 90' lang='lat' dir='ltr'><strong>tati</strong></span> <span class='ocrx_word' id='word_1_819' title='bbox 2030 4374 2381 4431; x_wconf 91' lang='lat' dir='ltr'><strong>contrarium.</strong></span> <span class='ocrx_word' id='word_1_820' title='bbox 2413 4374 2547 4430; x_wconf 88' lang='lat' dir='ltr'><strong>illud</strong></span> <span class='ocrx_word' id='word_1_821' title='bbox 2587 4374 2751 4429; x_wconf 90' lang='lat' dir='ltr'><strong>etiam</strong></span> <span class='ocrx_word' id='word_1_822' title='bbox 2777 4380 3008 4429; x_wconf 86' lang='lat' dir='ltr'><strong>caveant</strong></span> <span class='ocrx_word' id='word_1_823' title='bbox 3049 4370 3492 4429; x_wconf 85' lang='lat' dir='ltr'><strong>Nestorianorum</strong></span> 
     </span>
    </p>
   </div>
   <div class='ocr_carea' id='block_1_104' title="bbox 1900 4464 3492 4540">
    <p class='ocr_par' dir='ltr' id='par_1_104' title="bbox 1900 4464 3492 4540">
     <span class='ocr_line' id='line_1_104' title="bbox 1900 4464 3492 4540; baseline -0.003 -16"><span class='ocrx_word' id='word_1_824' title='bbox 1900 4469 2112 4540; x_wconf 87' lang='lat' dir='ltr'><strong>experti</strong></span> <span class='ocrx_word' id='word_1_825' title='bbox 2132 4468 2434 4539; x_wconf 88' lang='lat' dir='ltr'><strong>perﬁdiam,</strong></span> <span class='ocrx_word' id='word_1_826' title='bbox 2456 4468 2653 4538; x_wconf 81' lang='lat' dir='ltr'><strong>quibus</strong></span> <span class='ocrx_word' id='word_1_827' title='bbox 2672 4482 2771 4538; x_wconf 87' lang='lat' dir='ltr'><strong>pro</strong></span> <span class='ocrx_word' id='word_1_828' title='bbox 2794 4467 2897 4524; x_wconf 90' lang='lat' dir='ltr'><strong>hac</strong></span> <span class='ocrx_word' id='word_1_829' title='bbox 2916 4481 3133 4537; x_wconf 84' lang='lat' dir='ltr'><strong>quoque</strong></span> <span class='ocrx_word' id='word_1_830' title='bbox 3156 4464 3492 4521; x_wconf 79' lang='lat' dir='ltr'><strong>confessione</strong></span> 
     </span>
    </p>
   </div>
   <div class='ocr_carea' id='block_1_105' title="bbox 1833 4558 3496 4650">
    <p class='ocr_par' dir='ltr' id='par_1_105' title="bbox 1833 4558 3496 4650">
     <span class='ocr_line' id='line_1_105' title="bbox 1833 4558 3496 4650; baseline -0.001 -35"><span class='ocrx_word' id='word_1_831' title='bbox 1833 4591 1881 4650; x_wconf 69' lang='grc' dir='ltr'><strong>Ι)</strong></span> <span class='ocrx_word' id='word_1_832' title='bbox 1898 4560 2012 4631; x_wconf 87' lang='lat' dir='ltr'><strong>jam</strong></span> <span class='ocrx_word' id='word_1_833' title='bbox 2041 4560 2371 4631; x_wconf 86' lang='lat' dir='ltr'><strong>respondere</strong></span> <span class='ocrx_word' id='word_1_834' title='bbox 2394 4558 2686 4628; x_wconf 89' lang='lat' dir='ltr'><strong>debemus,</strong></span> <span class='ocrx_word' id='word_1_835' title='bbox 2725 4574 2795 4615; x_wconf 91' lang='lat' dir='ltr'><strong>ne</strong></span> <span class='ocrx_word' id='word_1_836' title='bbox 2832 4559 2987 4650; x_wconf 84' lang='lat' dir='ltr'><strong>quasi</strong></span> <span class='ocrx_word' id='word_1_837' title='bbox 3034 4564 3496 4650; x_wconf 7' lang='lat' dir='ltr'><strong>prognaturarum</strong></span> 
     </span>
    </p>
   </div>
   <div class='ocr_carea' id='block_1_106' title="bbox 1903 4646 3498 4719">
    <p class='ocr_par' dir='ltr' id='par_1_106' title="bbox 1903 4646 3498 4719">
     <span class='ocr_line' id='line_1_106' title="bbox 1903 4646 3498 4719; baseline -0.002 -13"><span class='ocrx_word' id='word_1_838' title='bbox 1903 4650 2229 4706; x_wconf 89' lang='lat' dir='ltr'><strong>discretione</strong></span> <span class='ocrx_word' id='word_1_839' title='bbox 2257 4650 2499 4705; x_wconf 84' lang='lat' dir='ltr'><strong>dientes</strong></span> <span class='ocrx_word' id='word_1_840' title='bbox 2522 4650 2667 4719; x_wconf 89' lang='lat' dir='ltr'><strong>quod</strong></span> <span class='ocrx_word' id='word_1_841' title='bbox 2696 4664 2804 4705; x_wconf 89' lang='lat' dir='ltr'><strong>non</strong></span> <span class='ocrx_word' id='word_1_842' title='bbox 2830 4648 2998 4705; x_wconf 86' lang='lat' dir='ltr'><strong>homo</strong></span> <span class='ocrx_word' id='word_1_843' title='bbox 3037 4647 3282 4704; x_wconf 80' lang='lat' dir='ltr'><strong>Christus</strong></span> <span class='ocrx_word' id='word_1_844' title='bbox 3318 4646 3498 4711; x_wconf 78' lang='lat' dir='ltr'><strong>Jesus,</strong></span> 
     </span>
    </p>
   </div>
   <div class='ocr_carea' id='block_1_107' title="bbox 1903 4737 3499 4812">
    <p class='ocr_par' dir='ltr' id='par_1_107' title="bbox 1903 4737 3499 4812">
     <span class='ocr_line' id='line_1_107' title="bbox 1903 4737 3499 4812; baseline -0.004 -13"><span class='ocrx_word' id='word_1_845' title='bbox 1903 4743 2001 4800; x_wconf 90' lang='lat' dir='ltr'><strong>sed</strong></span> <span class='ocrx_word' id='word_1_846' title='bbox 2028 4744 2171 4800; x_wconf 89' lang='lat' dir='ltr'><strong>Deus</strong></span> <span class='ocrx_word' id='word_1_847' title='bbox 2196 4743 2433 4798; x_wconf 80' lang='lat' dir='ltr'><strong>Verbum</strong></span> <span class='ocrx_word' id='word_1_848' title='bbox 2461 4742 2713 4812; x_wconf 90' lang='lat' dir='ltr'><strong>proprius</strong></span> <span class='ocrx_word' id='word_1_849' title='bbox 2741 4754 2798 4796; x_wconf 85' lang='lat' dir='ltr'><strong>et</strong></span> <span class='ocrx_word' id='word_1_850' title='bbox 2838 4756 2996 4797; x_wconf 86' lang='lat' dir='ltr'><strong>verus</strong></span> <span class='ocrx_word' id='word_1_851' title='bbox 3037 4740 3109 4796; x_wconf 87' lang='lat' dir='ltr'><strong>sit</strong></span> <span class='ocrx_word' id='word_1_852' title='bbox 3149 4738 3313 4793; x_wconf 82' lang='lat' dir='ltr'><strong>Filius</strong></span> <span class='ocrx_word' id='word_1_853' title='bbox 3356 4737 3449 4793; x_wconf 87' lang='lat' dir='ltr'><strong>Dei</strong></span> <span class='ocrx_word' id='word_1_854' title='bbox 3479 4755 3499 4803; x_wconf 87' lang='lat'><strong>;</strong></span> 
     </span>
    </p>
   </div>
   <div class='ocr_carea' id='block_1_108' title="bbox 1906 4827 3499 4904">
    <p class='ocr_par' dir='ltr' id='par_1_108' title="bbox 1906 4827 3499 4904">
     <span class='ocr_line' id='line_1_108' title="bbox 1906 4827 3499 4904; baseline -0.003 -16"><span class='ocrx_word' id='word_1_855' title='bbox 1906 4842 2001 4888; x_wconf 83' lang='lat' dir='ltr'><strong>aut</strong></span> <span class='ocrx_word' id='word_1_856' title='bbox 2023 4834 2167 4904; x_wconf 89' lang='lat' dir='ltr'><strong>quod</strong></span> <span class='ocrx_word' id='word_1_857' title='bbox 2188 4850 2296 4889; x_wconf 91' lang='lat' dir='ltr'><strong>non</strong></span> <span class='ocrx_word' id='word_1_858' title='bbox 2323 4833 2467 4889; x_wconf 89' lang='lat' dir='ltr'><strong>Deus</strong></span> <span class='ocrx_word' id='word_1_859' title='bbox 2494 4832 2748 4900; x_wconf 84' lang='lat' dir='ltr'><strong>Verbum,</strong></span> <span class='ocrx_word' id='word_1_860' title='bbox 2775 4832 2867 4887; x_wconf 89' lang='lat' dir='ltr'><strong>sed</strong></span> <span class='ocrx_word' id='word_1_861' title='bbox 2891 4832 3055 4887; x_wconf 86' lang='lat' dir='ltr'><strong>homo</strong></span> <span class='ocrx_word' id='word_1_862' title='bbox 3076 4830 3324 4885; x_wconf 84' lang='lat' dir='ltr'><strong>Christus</strong></span> <span class='ocrx_word' id='word_1_863' title='bbox 3341 4827 3499 4885; x_wconf 76' lang='lat' dir='ltr'><strong>Jesus</strong></span> 
     </span>
    </p>
   </div>
   <div class='ocr_carea' id='block_1_109' title="bbox 1908 4918 3494 4996">
    <p class='ocr_par' dir='ltr' id='par_1_109' title="bbox 1908 4918 3494 4996">
     <span class='ocr_line' id='line_1_109' title="bbox 1908 4918 3494 4996; baseline -0.004 -17"><span class='ocrx_word' id='word_1_864' title='bbox 1908 4926 2158 4996; x_wconf 88' lang='lat' dir='ltr'><strong>proprius</strong></span> <span class='ocrx_word' id='word_1_865' title='bbox 2185 4934 2242 4981; x_wconf 88' lang='lat' dir='ltr'><strong>et</strong></span> <span class='ocrx_word' id='word_1_866' title='bbox 2264 4941 2423 4981; x_wconf 89' lang='lat' dir='ltr'><strong>verus</strong></span> <span class='ocrx_word' id='word_1_867' title='bbox 2451 4926 2521 4980; x_wconf 90' lang='lat' dir='ltr'><strong>sit</strong></span> <span class='ocrx_word' id='word_1_868' title='bbox 2548 4924 2688 4980; x_wconf 89' lang='lat' dir='ltr'><strong>illius</strong></span> <span class='ocrx_word' id='word_1_869' title='bbox 2715 4924 2972 4989; x_wconf 88' lang='lat' dir='ltr'><strong>hominis;</strong></span> <span class='ocrx_word' id='word_1_870' title='bbox 3005 4922 3287 4979; x_wconf 84' lang='lat' dir='ltr'><strong>videantur</strong></span> <span class='ocrx_word' id='word_1_871' title='bbox 3309 4927 3365 4975; x_wconf 86' lang='lat' dir='ltr'><strong>et</strong></span> <span class='ocrx_word' id='word_1_872' title='bbox 3394 4918 3494 4987; x_wconf 85' lang='lat' dir='ltr'><strong>ipsi</strong></span> 
     </span>
    </p>
   </div>
   <div class='ocr_carea' id='block_1_110' title="bbox 1907 5009 3495 5083">
    <p class='ocr_par' dir='ltr' id='par_1_110' title="bbox 1907 5009 3495 5083">
     <span class='ocr_line' id='line_1_110' title="bbox 1907 5009 3495 5083; baseline -0.008 -10"><span class='ocrx_word' id='word_1_873' title='bbox 1907 5033 2017 5073; x_wconf 88' lang='lat' dir='ltr'><strong>non</strong></span> <span class='ocrx_word' id='word_1_874' title='bbox 2040 5016 2286 5072; x_wconf 89' lang='lat' dir='ltr'><strong>eumdem</strong></span> <span class='ocrx_word' id='word_1_875' title='bbox 2308 5016 2532 5072; x_wconf 91' lang='lat' dir='ltr'><strong>credere</strong></span> <span class='ocrx_word' id='word_1_876' title='bbox 2559 5017 2727 5071; x_wconf 90' lang='lat' dir='ltr'><strong>Deum</strong></span> <span class='ocrx_word' id='word_1_877' title='bbox 2757 5015 2989 5071; x_wconf 88' lang='lat' dir='ltr'><strong>Verlmm</strong></span> <span class='ocrx_word' id='word_1_878' title='bbox 3011 5029 3171 5083; x_wconf 87' lang='lat' dir='ltr'><strong>quem</strong></span> <span class='ocrx_word' id='word_1_879' title='bbox 3198 5009 3495 5071; x_wconf 78' lang='lat' dir='ltr'><strong>hominem,</strong></span> 
     </span>
    </p>
   </div>
   <div class='ocr_carea' id='block_1_111' title="bbox 1906 5101 3498 5182">
    <p class='ocr_par' dir='ltr' id='par_1_111' title="bbox 1906 5101 3498 5182">
     <span class='ocr_line' id='line_1_111' title="bbox 1906 5101 3498 5182; baseline -0.008 -15"><span class='ocrx_word' id='word_1_880' title='bbox 1906 5110 2000 5167; x_wconf 86' lang='lat' dir='ltr'><strong>sed</strong></span> <span class='ocrx_word' id='word_1_881' title='bbox 2015 5110 2239 5165; x_wconf 87' lang='lat' dir='ltr'><strong>alteram</strong></span> <span class='ocrx_word' id='word_1_882' title='bbox 2261 5126 2547 5182; x_wconf 80' lang='lat' dir='ltr'><strong>personant</strong></span> <span class='ocrx_word' id='word_1_883' title='bbox 2572 5110 2693 5179; x_wconf 88' lang='lat' dir='ltr'><strong>Dei,</strong></span> <span class='ocrx_word' id='word_1_884' title='bbox 2715 5108 2940 5165; x_wconf 88' lang='lat' dir='ltr'><strong>alteram</strong></span> <span class='ocrx_word' id='word_1_885' title='bbox 2962 5106 3194 5164; x_wconf 72' lang='lat' dir='ltr'><strong>hominis</strong></span> <span class='ocrx_word' id='word_1_886' title='bbox 3220 5101 3498 5159; x_wconf 81' lang='lat' dir='ltr'><strong>arbitrari.</strong></span> 
     </span>
    </p>
   </div>
   <div class='ocr_carea' id='block_1_112' title="bbox 1902 5284 3495 5363">
    <p class='ocr_par' dir='ltr' id='par_1_112' title="bbox 1902 5284 3495 5363">
     <span class='ocr_line' id='line_1_112' title="bbox 1902 5284 3495 5363; baseline -0.012 -13"><span class='ocrx_word' id='word_1_887' title='bbox 1902 5304 2023 5363; x_wconf 69' lang='lat' dir='ltr'><strong>men</strong></span> <span class='ocrx_word' id='word_1_888' title='bbox 2048 5285 2139 5361; x_wconf 86' lang='lat' dir='ltr'><strong>qui</strong></span> <span class='ocrx_word' id='word_1_889' title='bbox 2163 5291 2232 5348; x_wconf 92' lang='lat' dir='ltr'><strong>de</strong></span> <span class='ocrx_word' id='word_1_890' title='bbox 2252 5308 2317 5348; x_wconf 89' lang='lat' dir='ltr'><strong>ea</strong></span> <span class='ocrx_word' id='word_1_891' title='bbox 2340 5308 2474 5347; x_wconf 89' lang='lat' dir='ltr'><strong>voce</strong></span> <span class='ocrx_word' id='word_1_892' title='bbox 2502 5292 2587 5347; x_wconf 88' lang='lat' dir='ltr'><strong>bis</strong></span> <span class='ocrx_word' id='word_1_893' title='bbox 2616 5288 2951 5363; x_wconf 80' lang='lat' dir='ltr'><strong>temporibus</strong></span> <span class='ocrx_word' id='word_1_894' title='bbox 2973 5284 3242 5363; x_wconf 76' lang='lat' dir='ltr'><strong>immerito</strong></span> <span class='ocrx_word' id='word_1_895' title='bbox 3270 5289 3495 5363; x_wconf 57' lang='lat' dir='ltr'><strong>cuinon-</strong></span> 
     </span>
    </p>
   </div>
   <div class='ocr_carea' id='block_1_113' title="bbox 1905 5352 3493 5433">
    <p class='ocr_par' dir='ltr' id='par_1_113' title="bbox 1905 5352 3493 5433">
     <span class='ocr_line' id='line_1_113' title="bbox 1905 5352 3493 5433; baseline -0.004 -20"><span class='ocrx_word' id='word_1_896' title='bbox 1905 5352 2119 5433; x_wconf 61' lang='lat' dir='ltr'><strong>deren],</strong></span> <span class='ocrx_word' id='word_1_897' title='bbox 2149 5373 2347 5433; x_wconf 71' lang='lat' dir='ltr'><strong>prmtcr</strong></span> <span class='ocrx_word' id='word_1_898' title='bbox 2373 5362 2706 5423; x_wconf 84' lang='lat' dir='ltr'><strong>Facundum,</strong></span> <span class='ocrx_word' id='word_1_899' title='bbox 2730 5352 2973 5433; x_wconf 74' lang='lat' dir='ltr'><strong>ostendit</strong></span> <span class='ocrx_word' id='word_1_900' title='bbox 3012 5353 3385 5433; x_wconf 37' lang='lat' dir='ltr'><strong>ex-Justiniani</strong></span> <span class='ocrx_word' id='word_1_901' title='bbox 3411 5352 3493 5407; x_wconf 86' lang='lat' dir='ltr'><strong>lit-</strong></span> 
     </span>
    </p>
   </div>
   <div class='ocr_carea' id='block_1_114' title="bbox 1910 5426 3424 5505">
    <p class='ocr_par' dir='ltr' id='par_1_114' title="bbox 1910 5426 3424 5505">
     <span class='ocr_line' id='line_1_114' title="bbox 1910 5426 3424 5505; baseline -0.004 -21"><span class='ocrx_word' id='word_1_902' title='bbox 1910 5433 2037 5487; x_wconf 68' lang='lat' dir='ltr'><strong>tiris</strong></span> <span class='ocrx_word' id='word_1_903' title='bbox 2058 5426 2294 5489; x_wconf 69' lang='lat' dir='ltr'><strong>Joannes</strong></span> <span class='ocrx_word' id='word_1_904' title='bbox 2322 5450 2459 5505; x_wconf 89' lang='lat' dir='ltr'><strong>papa</strong></span> <span class='ocrx_word' id='word_1_905' title='bbox 2483 5434 2537 5489; x_wconf 92' lang='lat' dir='ltr'><strong>in</strong></span> <span class='ocrx_word' id='word_1_906' title='bbox 2567 5433 2753 5488; x_wconf 88' lang='lat' dir='ltr'><strong>eadem</strong></span> <span class='ocrx_word' id='word_1_907' title='bbox 2781 5429 3006 5501; x_wconf 88' lang='lat' dir='ltr'><strong>cpistola</strong></span> <span class='ocrx_word' id='word_1_908' title='bbox 3032 5426 3097 5483; x_wconf 89' lang='lat' dir='ltr'><strong>ad</strong></span> <span class='ocrx_word' id='word_1_909' title='bbox 3126 5431 3424 5481; x_wconf 84' lang='lat' dir='ltr'><strong>senatores.</strong></span> 
     </span>
    </p>
   </div>
   <div class='ocr_carea' id='block_1_115' title="bbox 1986 5698 2787 5769">
    <p class='ocr_par' dir='ltr' id='par_1_115' title="bbox 1986 5698 2787 5769">
     <span class='ocr_line' id='line_1_115' title="bbox 1986 5698 2787 5769; baseline -0.011 -12"><span class='ocrx_word' id='word_1_910' title='bbox 1986 5701 2005 5734; x_wconf 76' lang='grc'><strong>⁸</strong></span> <span class='ocrx_word' id='word_1_911' title='bbox 2034 5701 2178 5756; x_wconf 82' lang='lat' dir='ltr'><strong>Idem</strong></span> <span class='ocrx_word' id='word_1_912' title='bbox 2204 5699 2349 5757; x_wconf 62' lang='grc' dir='ltr'><strong>σού..</strong></span> <span class='ocrx_word' id='word_1_913' title='bbox 2377 5698 2629 5769; x_wconf 66' lang='lat' dir='ltr'><strong>perfectos</strong></span> <span class='ocrx_word' id='word_1_914' title='bbox 2657 5710 2787 5749; x_wconf 76' lang='lat' dir='ltr'><strong>csse.</strong></span> 
     </span>
    </p>
   </div>
   <div class='ocr_carea' id='block_1_116' title="bbox 1983 5771 2480 5835">
    <p class='ocr_par' dir='ltr' id='par_1_116' title="bbox 1983 5771 2480 5835">
     <span class='ocr_line' id='line_1_116' title="bbox 1983 5771 2480 5835; baseline -0.014 -6"><span class='ocrx_word' id='word_1_915' title='bbox 1983 5775 2001 5804; x_wconf 82' lang='grc'><strong><em>⁸</em></strong></span> <span class='ocrx_word' id='word_1_916' title='bbox 2031 5774 2177 5828; x_wconf 62' lang='grc' dir='ltr'>[θυι</span> <span class='ocrx_word' id='word_1_917' title='bbox 2205 5772 2306 5825; x_wconf 76' lang='lat' dir='ltr'><strong>tod</strong></span> <span class='ocrx_word' id='word_1_918' title='bbox 2336 5810 2354 5835; x_wconf 74' lang='lat'><strong>,</strong></span> <span class='ocrx_word' id='word_1_919' title='bbox 2382 5771 2480 5824; x_wconf 77' lang='lat' dir='ltr'><strong>sic.</strong></span> 
     </span>
    </p>
   </div>
  </div>
