4060 6364
609 287 714 345 ωδ

1628 291 1658 335 ,“
1700 279 1995 338 FACUNDI
2035 277 2247 336 EPISC.
2289 274 2796 336 HERMIANENSIS
3793 281 3867 338 δα

611 409 780 466 Porro
803 411 846 465 si
877 408 1016 466 idem
1045 415 1128 465 est
1156 407 1295 463 Deus
1324 405 1413 477 qui
1443 404 1631 472 homo,
1664 413 1720 459 et
1748 405 1888 461 idem
1915 405 2080 461 homo
2107 405 2200 475 qui
2233 406 2280 467 Α
2305 405 2534 478 simplici
2558 414 2758 460 natura
2772 403 2948 460 Patris
2966 397 3475 460 consubstantialis
3497 397 3699 467 ell‘ecta,
3720 401 3777 457 ita
3795 419 3871 462 non

613 502 785 567 Deus;
833 509 939 554 tam
983 508 1128 555 recte
1173 498 1368 554 dicitur
1418 497 1562 554 Deus
1591 496 1828 552 Verbum
1858 497 2111 568 preprius
2147 506 2202 552 et

614 607 772 648 verus
801 592 938 646 ﬁlius
965 592 1224 660 hominis,
1270 606 1432 662 quam
1478 598 1628 646 recte
1673 590 1868 646 dicitur
1913 591 2057 646 idem
2087 591 2203 662 ipse

612 682 876 737 mediator
901 682 994 737 Dei
1020 691 1073 736 et
1101 682 1379 737 hominum
1411 683 1575 738 homo
1601 681 1845 738 Christus
1871 680 2047 747 Iesus,
2078 699 2204 754 pro-

613 774 759 843 prius
787 782 842 828 et
871 789 1031 829 verus
1070 774 1234 830 Filius
1263 775 1357 830 Dei
1385 793 1399 828 :
1433 791 1533 831 nec
1562 776 1670 831 ulla
1719 777 1962 832 confusio
1992 785 2206 833 natura-

611 879 729 918 rum
761 879 827 920 cx
857 865 961 921 hoc
990 865 1278 938 inducitur,
1311 866 1404 922 sed
1428 883 1675 939 persona:
1704 869 1880 923 unitas
1905 869 2203 923 intimatur.

612 953 796 1024 Neque
825 956 968 1010 enim
1015 957 1384 1013 confusionem
1416 969 1728 1015 naturarum
1768 959 2004 1017 Joannes
2049 961 2209 1017 indu-

613 1045 770 1099 cebat
806 1047 1082 1116 apostolus
1121 1048 1304 1104 dicens
1336 1067 1348 1104 :
1384 1049 1587 1106 Scimus
1632 1054 1876 1124 quoniam
1913 1053 2083 1110 Filius
2113 1053 2208 1110 Dei

614 1139 766 1203 renit,
793 1148 845 1193 et
871 1139 1014 1193 dedit
1034 1141 1346 1197 intellectum
1375 1145 1413 1208 ί,
1447 1155 1503 1198 ut
1529 1148 1752 1201 sciamus
1774 1148 1912 1220 quod
1937 1155 2012 1203 est
2041 1165 2206 1216 verus,

615 1239 664 1282 et
681 1247 859 1284 smnus
882 1240 905 1267 ι
927 1231 982 1285 in
1005 1248 1120 1287 vero
1143 1233 1279 1288 Filio
1298 1235 1410 1306 ejus
1428 1235 1458 1288 J
1466 1253 1554 1290 esu
1576 1236 1779 1293 Christo
1804 1238 1983 1309 (loan.
2009 1255 2064 1308 v,
2086 1238 2207 1310 90);

617 1323 702 1376 vel
754 1323 950 1378 Paulus
996 1341 1116 1380 cum
1147 1325 1400 1381 diceret:
1453 1327 1514 1382 Si
1559 1328 1699 1383 Deus
1747 1347 1840 1401 pro
1887 1333 2068 1397 nobis,
2099 1333 2211 1404 quis

619 1421 800 1466 contra
823 1415 955 1467 nos?
981 1415 1068 1485 qui
1095 1415 1251 1468 etiam
1292 1414 1431 1472 Filio
1461 1421 1670 1489 proprio
1711 1436 1814 1474 non
1842 1424 2087 1492 pepercit,
2119 1424 2212 1476 sed
2243 1486 2250 1495 δ

619 1519 713 1572 pro
754 1503 902 1556 nobis
941 1505 1174 1559 omnibus
1209 1507 1428 1561 tradidit
1456 1509 1604 1563 illum
1634 1509 1811 1581 (Rom.
1841 1527 1961 1578 vut,
1993 1512 2106 1583 3|).
2153 1512 2211 1568 Si

619 1601 799 1648 autem
824 1593 1060 1651 Joannes
1077 1595 1381 1666 Christum,
1417 1599 1467 1654 id
1498 1610 1582 1656 est
1620 1612 1861 1670 unctum,
1891 1620 2076 1660 verum
2119 1604 2213 1660 Dei

619 1682 811 1738 Filium
841 1685 988 1748 dicit,
1018 1703 1176 1757 quem
1208 1698 1264 1744 et
1292 1691 1504 1747 venisse
1529 1700 1790 1758 testatur;
1818 1695 2004 1751 venire
2031 1702 2212 1750 autem

2305 500 2567 572 sequitur,
2615 513 2736 554 cum
2767 497 2996 552 dicimus
3036 511 3173 552 vere
3215 503 3278 549 et
3312 492 3541 564 proprie
3579 502 3783 550 matrem
3805 497 3870 553 ηεξ

2305 592 2548 657 Mariam,
2575 600 2634 646 ut
2656 590 2831 646 deitas
2849 590 3011 645 Verbi
3035 601 3320 645 conversa
3345 584 3600 640 videatur
3617 585 3667 640 in
3689 601 3870 657 carnem,

2307 693 2362 739 et
2382 693 2572 739 natura
2603 683 2806 749 divina,
2830 697 2948 752 qua:
2974 681 3214 752 simplex
3247 686 3358 743 est,
3387 677 3700 747 composita).
3724 690 3875 738 natura

2307 777 2498 830 matris
2526 774 2997 830 consubstantialis
3036 771 3266 828 ell‘ecta.
3303 770 3569 838 Alioquin
3611 770 3654 825 si
3680 770 3875 843 blasphe-

2307 886 2453 926 mum
2484 879 2538 924 et
2564 869 2848 925 absurdum
2878 877 2960 924 est
2989 867 3133 940 quod
3169 868 3342 922 beata
3369 863 3544 921 Maria
3575 883 3694 923 vere
3717 878 3763 923 et
3785 887 3875 940 pro-

2311 963 2426 1034 prie
2454 962 2648 1018 dicitur
2688 974 2862 1017 mater
2904 963 3017 1028 Dei,
3045 961 3166 1017 sine
3200 960 3320 1016 ulla
3354 959 3743 1029 disceptatione
3779 963 3877 1020 blas-

2309 1057 2564 1126 phemum
2594 1063 2650 1110 et
2676 1055 2962 1109 absurdum
3001 1063 3104 1122 est,
3133 1052 3294 1122 qum]
3325 1051 3478 1107 Deus
3505 1051 3726 1107 Verbum
3751 1055 3767 1084 ⁸
3789 1072 3877 1112 vere

2313 1157 2367 1202 et
2395 1146 2611 1217 proprie
2656 1146 2852 1200 dicitur
2899 1143 3038 1200 ﬁlius
3083 1142 3362 1200 hominis.
3411 1141 3472 1198 Si
3523 1152 3697 1196 autem
3731 1146 3877 1202 ethoc

2312 1238 2682 1308 blasphemum
2715 1247 2770 1292 et
2796 1237 3082 1292 absurdqu
3125 1236 3386 1303 videtur,
3437 1243 3499 1289 ut
3537 1234 3674 1290 Deus
3700 1234 3876 1291 Verbum

2313 1347 2442 1387 vere
2488 1339 2538 1385 et
2568 1330 2788 1401 proprie
2817 1330 3026 1384 dicatur
3055 1329 3197 1383 ﬁlius
3229 1326 3486 1382 hominis
3505 1366 3520 1392 ,
3551 1336 3878 1395 consequenter

2313 1419 2684 1489 blasphemutn
2731 1417 2994 1472 videbitur
3035 1425 3090 1472 et
3159 1413 3479 1470 absurdum
3544 1422 3601 1468 ut
3645 1413 3765 1469 idem
3797 1416 3876 1484 ipse

2315 1510 2582 1565 mediator
2609 1508 2704 1563 Dei
2734 1519 2791 1563 et
2829 1508 3106 1562 hominum
3135 1507 3317 1562 homo
3359 1505 3613 1559 Christus
3640 1503 3773 1560 Iesus
3789 1521 3877 1561 vere

2317 1611 2372 1658 et
2401 1603 2618 1673 proprie
2641 1601 2854 1656 dicatur
2875 1599 3040 1654 Filius
3065 1598 3178 1654 Dei.
3216 1598 3406 1653 Porro
3432 1596 3704 1668 Scriptura
3729 1596 3873 1664 divina,

2317 1711 2438 1766 qua:
2477 1694 2609 1750 nihil
2653 1694 3025 1764 blaSphemum
3073 1691 3330 1761 loquitur
3367 1690 3460 1745 vel
3488 1689 3876 1758 absurduin,pro

619 1785 676 1830 et
700 1777 844 1845 ungi,
869 1788 1127 1846 quantum
1149 1780 1217 1834 ad
1240 1790 1552 1838 naturarum
1576 1783 1957 1842 discretionem
1979 1797 2208 1858 spectat,
2248 1789 2287 1848 Β
2319 1788 2525 1841 unitate
2554 1800 2797 1854 persona:
2822 1799 3008 1838 verum
3038 1791 3093 1838 et
3121 1781 3425 1853 pr0prium
3459 1779 3555 1834 Dei
3587 1777 3758 1834 Filium
3789 1778 3874 1832 dicit

620 1869 940 1925 humanitati
962 1874 1136 1942 potius
1157 1888 1320 1943 quam
1344 1875 1529 1931 deitati
1552 1879 1914 1944 conveniunt;
1937 1889 1992 1935 et
2013 1883 2055 1935 si
2079 1883 2219 1936 Pau-

621 1957 704 2015 lus
729 1977 894 2032 quem
938 1966 1216 2035 proprium
1254 1967 1350 2024 Dei
1380 1981 1540 2025 vocat
1579 1971 1802 2038 Filium,
1851 1974 1952 2043 ipsi
2000 1973 2216 2030 Patrem

623 2065 730 2107 non
757 2057 1064 2127 pepercisse
1109 2059 1306 2130 docet,
1337 2063 1433 2118 sed
1463 2079 1585 2119 eum
1628 2081 1726 2136 pro
1773 2067 1928 2122 nobis
1971 2070 2220 2126 omnibus

623 2147 942 2216 tradidisse,
990 2159 1045 2206 et
1076 2155 1258 2209 omnia
1287 2156 1335 2210 ei
1365 2157 1624 2224 donasse;
1655 2174 1775 2228 qua:
1803 2161 2067 2228 similiter,
2098 2179 2219 2218 cum

624 2237 693 2294 de
723 2241 928 2297 naturis
957 2244 1134 2312 agitur
1160 2245 1577 2315 distinguendis,
1627 2249 1812 2304 deitati
1855 2267 1962 2306 non
1995 2264 2222 2323 possunt

625 2331 879 2399 attribui;
911 2342 968 2393 et
1009 2343 1200 2391 neuter
1243 2337 1434 2392 horum
1479 2339 1604 2394 talia
1652 2342 1949 2411 prtedicans
1988 2344 2224 2400 creditur

625 2422 932 2480 confudisse
977 2435 1226 2495 naturas,
1266 2429 1358 2484 sed
1390 2431 1650 2486 unitatem
1683 2434 1853 2502 magis
1895 2437 2223 2505 expressisse

626 2530 872 2586 persona:
900 2535 912 2571 :
944 2520 1308 2588 respondeant
1340 2522 1658 2587 Nestoriani,
1691 2527 1964 2594 quomodo
1995 2543 2104 2582 non
2135 2543 2226 2583 ea-

627 2605 749 2661 dem
789 2611 1087 2680 personalis
1127 2613 1347 2671 unitatis
1392 2617 1552 2682 ratio,
1603 2618 1722 2673 sine
1763 2619 1867 2674 ulla
1911 2628 2223 2676 naturarum

629 2697 964 2767 confusione,
1000 2700 1069 2757 de
1093 2693 1247 2759 nobis
1273 2704 1494 2774 ﬂagitat,
1523 2717 1581 2763 ut
1613 2725 1739 2765 vere
1759 2719 1813 2766 et
1840 2716 2056 2783 proprie
2080 2713 2227 2769 dica-

629 2804 752 2846 mus
783 2791 946 2847 tilium
976 2794 1209 2852 hominis
1231 2798 1402 2854 Deum
1425 2801 1690 2870 Verbum,
1720 2811 1774 2857 et
1810 2803 2020 2858 beatam
2046 2805 2225 2876 Virgi-

630 2897 752 2940 nem
779 2899 904 2940 vere
932 2895 986 2941 et
1011 2889 1230 2958 proprie
1257 2900 1483 2946 matrem
1515 2893 1629 2947 Dei.
1663 2892 1796 2947 Nam
1837 2903 1893 2950 et
1922 2896 2009 2952 ille
2037 2907 2227 2953 centu-

629 2977 732 3044 rio,
765 2977 856 3048 qui
880 2995 1076 3050 corpus
1096 2980 1306 3038 Domini
1333 2983 1516 3054 gloriae
1541 2985 1781 3041 cruciﬁxi
1807 2988 2073 3055 servabat,
2105 3004 2225 3044 cum

629 3071 942 3140 esspirante
963 3071 1144 3127 mundi
1169 3077 1189 3106 '
1212 3075 1491 3143 Creatore,
1522 3077 1707 3132 mundi
1729 3078 1938 3134 videret
1957 3080 2226 3136 elementa

2320 1877 2670 1934 tne-diutorem
2709 1876 2803 1931 Dei
2833 1884 2887 1930 et
2916 1875 3217 1940 hominum,
3253 1872 3548 1928 hominem
3577 1868 3742 1924 Iesum
3763 1866 3874 1922 Chri-

2320 1977 2463 2024 stum
2509 1985 2522 2021 :
2575 1967 2666 2038 qui
2717 1964 2865 2021 dedit
2925 1966 3287 2036 semetipsum
3357 1962 3771 2032 redemptionem
3808 1975 3872 2029 pro

2321 2060 2588 2126 omnibus,
2622 2059 2674 2112 in
2704 2073 2812 2128 quo
2837 2071 2967 2112 vero
2995 2057 3090 2110 Dei
3116 2049 3508 2116 Filiosumus,
3538 2061 3595 2107 et
3618 2052 3696 2107 cui
3716 2049 3872 2120 proprio

2321 2151 2459 2206 Filio
2487 2150 2651 2206 Pater
2672 2165 2780 2204 non
2810 2148 3071 2219 pepercit,
3102 2147 3194 2202 sed
3225 2161 3336 2217 pro
3368 2145 3536 2200 nobis
3557 2143 3780 2200 omnibus
3801 2152 3871 2195 tra-

2321 2245 2452 2301 didit
2474 2245 2639 2299 illum.
2667 2242 2832 2298 Recte
2857 2242 3018 2311 igitur
3037 2243 3199 2296 etiam
3221 2241 3396 2296 beata
3420 2238 3610 2301 Maria,
3633 2252 3722 2307 pro
3739 2234 3870 2289 eadem

2325 2339 2529 2394 unitate
2549 2351 2815 2407 personae,
2848 2350 2976 2390 vere
3001 2343 3056 2390 et
3081 2333 3311 2404 pr0prie
3343 2339 3528 2387 mater
3554 2329 3734 2384 dicitur
3757 2327 3870 2397 ipsius

2324 2431 2584 2498 unigeniti
2628 2430 2723 2484 Dei
2765 2427 2949 2483 Verbi.
3010 2426 3248 2495 Ideoque
3294 2423 3724 2495 sapientissimus
3761 2428 3870 2487 atque

2326 2522 2656 2576 clarissimus
2684 2519 3044 2576 Ecclesiarum
3074 2517 3280 2574 Christi
3323 2515 3593 2585 magister
3619 2508 3870 2578 Augustinus

2327 2613 2378 2668 in
2410 2628 2574 2682 opere
2602 2618 2902 2665 memorato
2931 2609 3075 2680 quod
3104 2607 3446 2678 conscripsit
3486 2606 3554 2660 de
3585 2601 3868 2658 Drzedestina-

2327 2703 2473 2758 tione
2494 2710 2548 2756 et
2567 2699 2967 2771 perseverantia
2989 2706 3308 2754 sanctorum
3335 2695 3496 2767 (Cap.
3527 2692 3645 2763 15):
3671 2711 3686 2742 ‹
3705 2690 3866 2747 Clamat,

2328 2794 2520 2862 inquit,
2543 2790 2747 2847 Doctor
2766 2791 3002 2858 gentium
3030 2791 3081 2844 in
3103 2789 3287 2858 capite
3307 2785 3673 2856 Epistolarum
3693 2792 3866 2836 suarum.

2329 2883 2528 2937 Paulus
2557 2899 2733 2937 seruus
2761 2881 2885 2936 Jesu
2909 2879 3103 2936 Christi
3131 2888 3348 2934 vocatus
3381 2876 3664 2949 apostolus,
3691 2885 3869 2942 διατεθε-

2330 2986 2409 3030 tus
2431 2976 2485 3029 in
2511 2973 2850 3046 Evangelium
2882 2971 3002 3038 Dei,
3033 2971 3169 3044 quod
3210 2979 3338 3024 ante
3370 2969 3674 3040 promiserat
3697 2979 3772 3032 per
3791 2974 3868 3027 pro-

2330 3069 2509 3140 phetas
2530 3083 2649 3123 suos
2671 3068 2725 3120 in
2744 3065 3030 3136 Scripturis
3051 3065 3250 3118 sanctis
3272 3064 3340 3117 de
3360 3059 3508 3116 Filio
3529 3076 3640 3123 suo,
3664 3057 3736 3129 qui
3753 3056 3868 3125 Ῑαίιυε

631 3159 857 3226 turbari,
902 3161 1094 3218 Filium
1126 3164 1221 3220 Dei
1248 3182 1372 3222 eum
1400 3184 1589 3223 verum
1620 3168 1641 3200 ³
1672 3184 1794 3225 esse
1838 3171 2123 3238 cognovit;
2156 3173 2225 3227 ait

2335 3173 2411 3216 est
2436 3163 2483 3215 ei
2511 3179 2576 3216 ex
2603 3160 2800 3215 semine
2837 3157 3009 3213 David
3055 3156 3345 3211 secundum
3387 3168 3627 3210 carnem:
3668 3156 3741 3220 qui
3778 3158 3868 3214 Ρτθ⁴

632 3252 772 3306 enim
801 3271 816 3305 :
862 3253 990 3308 Vere
1022 3255 1192 3311 Filius
1224 3256 1322 3311 Dei
1361 3268 1476 3312 erat
1523 3261 1620 3314 iste
1651 3259 1866 3327 (Matth.
1899 3278 2074 3330 xxvu,
2116 3262 2232 3336 55).

634 3343 798 3414 Cujus
835 3348 985 3402 verbi
1037 3348 1194 3403 ﬁdem
1223 3349 1414 3405 beatus
1461 3350 1590 3406 facit
1637 3351 1901 3418 Hilarius,
1952 3353 2025 3409 ita
2053 3353 2237 3411 dicens

637 3435 776 3507 (Lib.
810 3451 868 3491 tu
909 3437 972 3491 de
1002 3437 1320 3510 Trinitate):
1361 3459 1379 3492 ι
1409 3442 1511 3507 Qui
1553 3443 1699 3498 cruci
1745 3443 2059 3511 aﬁixerant,
2108 3461 2236 3501 vere

638 3525 732 3580 Dei
763 3524 954 3580 Filium
983 3528 1308 3583 confitentur
1339 3547 1352 3596 ;
1383 3531 1753 3600 prtedicationi
1806 3535 2075 3589 consentit
2103 3535 2235 3591 eﬁ‘e-

637 3623 776 3672 ctus.
807 3615 1066 3672 Dominus
1090 3617 1301 3673 dixerat
1333 3637 1346 3672 :
1380 3619 1625 3690 Cleri/ica
1657 3621 1851 3677 Filium
1883 3633 2020 3677 tuum
2053 3623 2232 3695 (Joan.

638 3723 775 3772 xvn,
807 3707 880 3777 i).
916 3706 1034 3762 Non
1073 3708 1247 3763 solum
1277 3709 1496 3766 nomine
1521 3719 1852 3768 contestatus
1895 3723 1977 3771 est
2018 3714 2232 3782 Filium,

638 3800 734 3855 sed
775 3808 830 3853 et
856 3800 1191 3869 proprietate
1220 3817 1324 3871 qua
1369 3801 1560 3858 dicitur
1593 3814 1752 3861 tuum.
1786 3806 1936 3861 Multi
1966 3808 2108 3863 enim
2137 3825 2237 3865 nos

639 3891 732 3947 lilii
754 3890 869 3958 Dei,
895 3892 989 3947 sed
1019 3909 1126 3948 non
1151 3894 1273 3949 talis
1297 3896 1382 3950 hic
1405 3895 1568 3952 Filius
1598 3906 1700 3954 est.
1734 3897 1829 3955 Hic
1854 3900 1997 3954 enim
2025 3911 2078 3956 et
2107 3917 2237 3972 pro-

639 3984 792 4055 prius
816 3993 869 4039 et
897 4000 1059 4041 verus
1087 3995 1168 4042 est
1198 3987 1381 4054 Filius,
1415 3990 1622 4060 origine
1653 4007 1760 4047 non
1785 3990 2082 4063 adoptione
2102 4036 2116 4060 ,
2144 4009 2238 4050 ve-

641 4074 800 4129 ritate
829 4090 937 4130 non
982 4077 1412 4148 nuncupatione,
1460 4081 1746 4137 nativitate
1785 4098 1894 4138 non
1938 4083 2234 4139 creatione.

641 4161 784 4235 Ergo
824 4175 948 4237 post
990 4167 1432 4226 clariﬁcationem
1481 4171 1598 4241 ejus
1642 4174 1925 4230 veritatem
1973 4175 2239 4232 confessio

640 4264 824 4313 secuta
845 4267 945 4315 est.
970 4258 1102 4316 Nam
1127 4276 1311 4317 verum
1334 4261 1428 4317 Dei
1445 4262 1635 4318 Filium
1657 4267 1902 4320 centurio
1925 4265 2237 4332 conﬁtetur,

640 4362 710 4403 ne
737 4349 858 4419 quis
886 4353 1222 4407 credentium
1252 4353 1551 4421 ambigeret
1577 4355 1720 4424 quod
1752 4372 1887 4410 unus
1909 4371 2240 4427 persequen-

643 4440 774 4495 tium
807 4458 914 4497 non
944 4453 1213 4513 negasset.
1248 4463 1266 4497 ι
1302 4444 1358 4500 Si
1390 4447 1570 4516 igitur,
1618 4446 1821 4502 Hilario
1846 4461 2088 4517 quoque,
2137 4449 2240 4505 do-

2337 3254 2625 3308 destinatus
2645 3262 2721 3308 est
2752 3251 2922 3306 Filius
2944 3250 3042 3305 Dei
3065 3251 3119 3304 in
3141 3251 3358 3315 virtute,
3385 3246 3667 3303 secundum
3687 3241 3871 3310 Spiritus

2337 3347 2767 3418 sanctificationis
2785 3362 2849 3400 e1:
2867 3345 3240 3400 resurrectione
3261 3352 3595 3398 mortuorum
3611 3335 3763 3408 (Rom.
3783 3347 3808 3392 t,
3823 3329 3869 3392 il.

2339 3437 2754 3494 Prmdestinatus
2778 3445 2861 3492 est
2889 3451 3019 3505 ego
3047 3435 3222 3500 Jesus,
3261 3444 3332 3489 ut
3360 3435 3454 3505 qui
3484 3432 3685 3486 futurus
3708 3433 3801 3481 erat
3820 3437 3871 3477 se-

2338 3529 2569 3585 cundum
2601 3545 2819 3584 carnem
2866 3527 3003 3582 ﬁlius
3045 3527 3234 3593 David,
3265 3533 3422 3581 esset
3449 3533 3624 3579 tamen
3667 3520 3712 3574 in
3735 3517 3870 3570 virtute

2339 3621 2505 3676 Filius
2547 3621 2640 3675 Dei
2683 3619 2978 3675 secundum
3002 3618 3261 3689 Spiritum
3308 3605 3871 3675 sanctiﬁcationis,quia

2340 3721 2494 3767 natus
2523 3721 2606 3767 est
2632 3711 2697 3766 de
2726 3709 2926 3781 Spiritu
2949 3717 3139 3764 sancto
3167 3724 3236 3764 ex
3261 3709 3479 3778 virgine
3509 3704 3686 3760 Maria.
3713 3699 3804 3768 Ipsa
3820 3701 3870 3793 est

2341 3806 2428 3861 illa
2457 3803 2794 3859 inefl'abiliter
2821 3801 2959 3857 facta
2999 3801 3232 3856 hominis
3262 3815 3292 3853 a
3326 3800 3445 3855 Deo
3470 3796 3643 3853 Verbo
3669 3792 3871 3856 susceptio

2339 3899 2622 3968 singularis
2645 3938 2659 3962 ,
2691 3905 2751 3952 ut
2790 3896 2957 3951 Filius
2995 3895 3090 3949 Dei
3131 3902 3187 3950 et
3215 3891 3361 3948 ﬁlius
3388 3888 3617 3947 hominis
3653 3880 3870 3982 sirnttllfl

2342 3991 2482 4046 ﬁlius
2511 3989 2744 4046 hominis
2767 3996 2991 4060 propter
3018 3994 3324 4056 susceptum
3364 3984 3652 4044 hominem,
3690 3983 3737 4030 et
3756 3969 3871 4074 Filius

2344 4084 2438 4139 Dei
2467 4093 2688 4155 prepter
2711 4082 3092 4152 suscipientem
3115 4077 3455 4147 unigenitum
3489 4075 3647 4129 Deum
3674 4067 3870 4164 veraciter

2344 4184 2401 4230 et
2424 4175 2639 4246 proprie
2665 4173 2960 4240 diceretur,
2991 4187 3058 4226 ne
3088 4188 3196 4225 non
3221 4169 3463 4224 Trinitas
3490 4165 3582 4222 sed
3610 4159 3870 4246 quaternus!

2344 4243 2674 4323 crederetur.
2709 4285 2727 4318 ι
2755 4263 2919 4333 Igitur
2960 4265 3060 4318 iste
3087 4263 3171 4318 vir
3198 4265 3395 4318 doctus
3423 4269 3481 4317 et
3507 4243 3869 4341 susceptutnﬁbtt-

2343 4359 2543 4413 minem
2568 4357 2837 4412 veraciter
2866 4357 2886 4388 ⁸
2917 4364 2972 4410 et
2999 4355 3217 4426 proprie
3241 4353 3430 4409 docuit
3455 4349 3558 4405 dici
3588 4343 3754 4435 Filium
3773 4334 3867 4435 Dei;

2344 4455 2400 4502 et
2427 4446 2807 4516 suscipientem
2849 4445 3019 4499 Deum
3060 4453 3284 4514 propter
3321 4447 3624 4510 susceptum
3661 4432 3868 4516 hominen

644 4531 884 4586 ctissimo
911 4535 1148 4588 antistite
1171 4544 1228 4588 et
1249 4533 1542 4590 fortissimo
1571 4536 1880 4593 confessore
1900 4580 1916 4606 ,
1944 4539 2237 4594 secundum
2267 4558 2320 4618 ι)
2349 4539 2617 4594 veraciter
2654 4545 2712 4591 et
2750 4536 2968 4606 proprie
2995 4535 3099 4589 dici
3132 4533 3296 4589 lilium
3341 4530 3592 4589 hominis.
3620 4523 3671 4578 Si
3697 4524 3866 4618 ιιυςξιηις

645 4619 943 4676 doctrinam
990 4624 1344 4692 apostolicam
1382 4634 1645 4691 testante,
1693 4628 1945 4698 proprius
1988 4637 2044 4684 et
2080 4645 2238 4686 verus

645 4718 729 4763 est
751 4709 918 4765 Filius
946 4711 1041 4767 Dei
1060 4715 1148 4782 qui
1175 4715 1464 4770 crucifixus
1491 4725 1594 4779 est,
1623 4733 1730 4773 non
1759 4728 1841 4773 est
1865 4719 2081 4778 dubium
2110 4724 2239 4791 quin

647 4806 808 4860 etiam
840 4806 981 4865 Deus
1008 4823 1135 4864 vere
1168 4818 1223 4865 et
1265 4811 1484 4881 proprie
1513 4809 1675 4866 Pater
1717 4812 1786 4866 sit
1815 4814 2052 4868 cruciﬁxi
2100 4815 2237 4870 Filii.

647 4894 778 4964 Quae
801 4913 923 4953 cum
953 4899 1025 4953 ita
1051 4899 1192 4962 sint,
1222 4901 1673 4971 quemadmodum
1717 4903 1850 4958 nihil
1879 4920 1947 4959 ex
1977 4904 2083 4960 hoc
2127 4922 2240 4962 me-

647 4989 907 5046 tuendum
936 5001 1050 5059 est,
1100 5009 1169 5049 ne
1197 5010 1318 5050 cum
1366 4994 1562 5050 dicitur
1590 4995 1732 5051 Deus
1760 5012 1886 5053 vere
1930 5007 1983 5052 et
2028 5000 2244 5070 proprie

648 5081 811 5139 Pater
837 5083 955 5139 Filii
984 5085 1245 5153 cruciﬁxi,
1269 5087 1421 5156 sequi
1450 5086 1698 5148 videatur
1716 5089 1860 5157 quod
1883 5089 1971 5144 illa
1993 5090 2238 5146 humani-

649 5181 732 5230 tas
772 5191 803 5230 a
837 5175 1012 5232 Verbo
1047 5177 1142 5233 Dei
1184 5189 1434 5250 suscepta
1480 5187 1537 5234 et
1581 5177 1836 5234 cruciﬁxa
1884 5180 1937 5234 in
1983 5180 2238 5235 deitatem

646 5280 910 5323 conversa
939 5269 1042 5334 sit,
1087 5278 1144 5326 et
1170 5280 1359 5326 natura
1384 5271 1636 5339 humana,
1661 5287 1777 5343 qua:
1806 5271 2104 5342 composita
2133 5278 2235 5337 est,

724 5499 752 5529 ⁸
784 5491 948 5549 Forte
972 5495 1153 5552 simus.

724 5687 744 5723 ⁸
773 5686 908 5745 Cod.
939 5691 1161 5754 νει-οη..
1191 5694 1336 5750 nobis
1366 5695 1699 5749 intellectum.

722 5760 748 5833 ξ
780 5758 926 5833 idem
957 5764 1103 5828 cod.,
1136 5767 1313 5818 eodem
1342 5766 1541 5833 mundi,
1571 5773 1681 5821 etc.

727 5832 750 5867 ³
776 5830 922 5891 Idem
952 5833 1098 5906 c0d.,
1128 5851 1258 5890 rere.

2344 4644 2465 4693 nus,
2498 4643 2719 4682 necesse
2747 4642 2854 4681 non
2876 4636 2994 4681 erat
3021 4625 3201 4680 dicere
3221 4625 3363 4695 quod
3386 4621 3603 4691 adjecit,
3625 4607 3867 4701 ventilet“

2346 4721 2584 4790 proprie,
2631 4718 2733 4772 nisi
2763 4717 2830 4772 ad
2861 4717 3019 4785 hujus
3047 4717 3223 4784 magni
3255 4714 3490 4787 mysterii
3521 4699 3864 4791 cormnetulﬂatlo'

2348 4781 2493 4874 item,
2519 4822 2616 4877 per
2643 4807 2788 4875 quod
2818 4817 2873 4860 et
2901 4781 3044 4861 Deus
3075 4781 3213 4859 ﬁli—us
3242 4781 3474 4859 hominis
3503 4808 3557 4855 et
3585 4797 3728 4851 homo
3753 4781 3866 4878 Filius

2350 4899 2442 4954 Dei
2472 4897 2644 4954 factus
2685 4907 2785 4954 est.
2819 4898 2950 4954 Nam
2992 4901 3256 4953 veraciter
3295 4906 3351 4951 et
3389 4892 3598 4967 proprie
3623 4882 3713 4941 dici
3739 4879 3861 4969 home

2347 5008 2471 5047 nent
2500 4991 2665 5046 filium
2693 4991 2952 5058 hominis,
2995 5000 3051 5045 et
3088 4990 3255 5045 Deum
3287 4989 3477 5044 Filium
3508 4981 3598 5039 Diti
3623 4975 3728 5072 ιιιιίξ

2346 5085 2661 5154 ambigere?
2691 5082 2834 5138 Idem
2876 5083 3056 5151 itaque
3084 5089 3136 5136 el
3177 5081 3319 5136 Deus
3341 5078 3570 5135 Verbum
3590 5112 3604 5138 ,
3652 5064 3728 5136 qui
3749 5064 3861 5112 etlam

2346 5178 2612 5231 mediator
2634 5176 2727 5230 Dei
2767 5185 2819 5230 et
2847 5175 3144 5237 hominum,
3181 5175 3344 5228 homo
3372 5170 3610 5228 Christus
3643 5156 3867 5254 leuis—Sf:

2346 5268 2580 5325 cundum
2605 5267 2763 5339 hujus
2793 5269 2890 5324 viri
2921 5267 3094 5324 sancti
3125 5265 3449 5332 doctrinam,
3472 5271 3574 5316 tam
3594 5244 3812 5309 veraciter
3831 5236 3865 5284 ει

2423 5691 2442 5722 ⁵
2474 5689 2614 5744 litem
2644 5689 2790 5777 cod.,
2818 5688 2958 5777 gnati
2982 5691 3141 5742 etiam
3162 5688 3419 5757 reciproce
3453 5676 3860 5777 ρςξιξειξξοέηἰαηί,

2424 5764 2444 5794 ⁵
2811 5741 3071 5814 imminent
3092 5741 3310 5832 ᾖδ’ὸῇιᾶ
3330 5741 3667 5826 suscipientem
3689 5741 3808 5803 επις(

2352 5841 2458 5890 tum
2485 5833 2649 5889 Deum
2679 5834 2943 5902 veraciter,
2976 5840 3084 5887 etc.
