4060 6364
227 279 352 338 ω

1217 279 1356 336 PRO
1382 275 1802 352 DEFENSIONE
1829 271 2048 334 TNUI
2085 274 2403 334 CAPITUL.
2441 273 2569 334 LIB.
2611 272 2656 334 Ι.

3439 277 3550 336 Siti

236 395 462 468 proprie
487 393 686 450 dicitur
709 392 848 450 filius
875 392 1128 474 hominis,
1158 408 1318 463 quam
1348 393 1616 449 veraciter
1636 400 1688 448 et
1718 407 1846 465 pro.
1873 400 1922 460 Α
1949 400 2005 450 et
2031 391 2198 448 Maria
2229 392 2449 463 Virgine
2477 394 2495 424 ⁸
2518 393 2664 452 Deus
2684 393 2850 451 homo
2887 390 3044 453 Iesus
3083 394 3331 452 Christus
3377 395 3548 455 Filius

238 489 362 561 prie
387 487 551 542 Filius
584 488 695 542 Dei.
725 487 780 542 Si
808 495 988 542 autem
1018 486 1284 542 veraciter
1306 496 1360 540 et
1399 487 1618 558 proprie
1655 486 1850 542 dicitur

242 581 391 636 iilius
419 581 655 637 hominis
683 578 848 648 Deus,
887 596 1110 636 necesse
1139 587 1222 636 est
1252 587 1309 633 ut
1339 581 1616 650 reciproce
1641 578 1852 634 dicatur

243 681 304 726 et
332 671 488 725 beata
518 671 685 725 Maria
717 672 984 726 veraciter
1023 679 1078 725 et
1119 672 1336 741 proprie
1366 679 1540 727 mater
1569 670 1685 725 Dei.
1716 670 1852 725 Cum

244 777 381 817 vero
414 763 518 818 hoc
548 762 743 831 adjecit
776 763 982 829 dicens,
1022 780 1040 814 ε
1074 777 1140 816 ne
1169 777 1278 816 non
1309 760 1561 825 Trinitas,
1594 760 1688 816 5rd
1715 777 1852 830 qua-

247 855 481 908 ternitas
506 853 840 917 crederetur,
872 873 890 905 ι
927 857 1101 922 coegit
1131 853 1354 909 omnino
1396 861 1454 908 ut
1493 854 1707 908 beatam
1739 852 1853 907 Ma-

249 944 389 998 riam
418 945 684 998 veraciter
709 953 764 999 et
793 945 1011 1016 preprie
1039 954 1266 999 matrem
1297 944 1390 999 Dei
1431 959 1550 1000 esse
1590 944 1851 1009 dicamus,

248 1049 321 1088 ne
349 1050 455 1089 non
484 1033 825 1101 Trinitatem,
849 1034 946 1090 sed
975 1035 1392 1103 quaternitatem
1423 1034 1644 1090 credcre
1669 1034 1855 1088 videa-

247 1140 394 1178 mur.
426 1121 493 1178 Et
517 1123 640 1179 ideo
666 1125 928 1193 religiosa:
953 1140 1016 1180 ac
1042 1126 1364 1180 necessaria:
1395 1126 1541 1180 vocis
1580 1125 1739 1195 hujus
1761 1141 1858 1179 ne-

248 1218 401 1286 gatio
433 1234 540 1272 non
563 1217 701 1274 levis
724 1227 964 1289 putetur,
997 1235 1158 1290 quam
1185 1227 1332 1274 tanta
1364 1219 1696 1291 blasphemia
1722 1235 1855 1275 con-

249 1308 513 1375 sequitur.
564 1307 709 1364 Sane
739 1309 1043 1364 mirandum
1083 1326 1192 1364 non
1223 1318 1304 1364 est
1343 1310 1485 1380 quod
1527 1310 1857 1381 Augustinus

250 1399 522 1452 veraciter
565 1405 620 1454 et
663 1400 880 1470 proprie
923 1400 1028 1455 dici
1075 1401 1390 1471 pronuntiat
1432 1399 1596 1456 filium
1627 1402 1859 1456 hominis

253 1487 445 1554 Deum,
491 1504 614 1544 cum
661 1490 714 1544 in
761 1490 996 1559 quodam
1044 1507 1295 1547 sermone
1324 1493 1391 1547 de
1431 1492 1724 1563 Epiphania
1759 1493 1859 1565 (De

257 1589 486 1648 tempore
510 1597 666 1633 scrm.
689 1579 804 1649 53),
835 1581 989 1651 cujus
1014 1583 1334 1652 principium
1363 1592 1445 1637 est
1469 1601 1481 1636 :
1521 1602 1538 1635 ‹
1569 1582 1749 1653 Nuper
1770 1598 1861 1638 ce-

254 1670 585 1724 lebravimus
615 1669 758 1725 diem
781 1686 888 1741 quo
914 1687 981 1726 ex
1010 1671 1206 1728 Judazis
1253 1672 1512 1729 Dominus
1552 1683 1711 1730 natus
1753 1683 1856 1740 est,

1955 484 2070 550 Dei,
2095 499 2160 539 ac
2180 484 2256 539 sic
2285 484 2337 540 in
2367 486 2684 542 alterutrum
2715 502 2880 542 unum
2910 486 2968 542 tit
2996 486 3295 544 etVerbum
3315 494 3371 544 et
3394 501 3545 556 caro,

1953 586 2015 632 ut
2042 585 2296 633 manente
2331 578 2387 633 in
2412 593 2509 633 sua
2563 578 2897 650 perfectione
2951 580 3267 635 naturaliter
3317 587 3548 650 utraque

1952 667 2275 734 substantia,
2305 667 2423 723 sine
2449 667 2534 724 sui
2555 669 2869 738 prmjudicio
2897 678 2954 724 et
2999 670 3318 725 humanitati
3364 670 3547 726 divina

1955 758 2377 824 communicent,
2411 768 2468 815 et
2501 760 2765 815 divinitati
2797 759 3029 816 humana
3053 761 3414 830 participem;
3447 776 3550 816 nec

1955 850 2094 905 alter
2119 849 2278 915 Deus,
2311 852 2448 906 alter
2476 850 2662 919 homo,
2711 851 2806 906 sed
2835 850 2976 906 idem
3019 851 3134 921 ipse
3175 852 3316 906 Deus
3363 850 3454 920 qui
3495 856 3552 904 et

1956 943 2140 1007 homo,
2169 951 2224 996 et
2252 942 2487 998 vicissim
2511 943 2674 998 homo
2720 943 2812 1012 qui
2852 951 2909 998 et
2956 943 3093 998 Deus
3124 942 3280 998 Jesus
3306 943 3552 997 Christus

1956 1029 2123 1085 Filius
2148 1031 2240 1086 Dei
2271 1040 2610 1102 nuncupetur
2630 1041 2687 1087 et
2709 1048 2836 1088 vere
2859 1033 2948 1086 sit.
2987 1051 3007 1085 ›
3054 1033 3188 1087 Cum
3245 1033 3427 1103 itaque
3453 1047 3554 1088 ne-

1956 1120 2146 1177 fandus
2173 1138 2343 1189 error,
2371 1123 2463 1192 qui
2489 1137 2756 1179 evacuans
2785 1132 2958 1180 totum
2985 1123 3171 1178 salutis
3201 1133 3396 1178 nostrae
3430 1139 3550 1195 my~

1956 1213 2180 1267 sterium
2208 1223 2398 1268 cautus
2421 1214 2522 1270 sibi
2549 1213 2758 1270 videtur
2782 1230 2846 1270 ae
2892 1214 3143 1282 diligens,
3201 1214 3253 1268 in
3309 1212 3551 1267 Ecclesia

1959 1309 2274 1364 Latinorum
2305 1309 2452 1380 prius
2477 1325 2766 1380 apparens,
2815 1324 2924 1364 non
2969 1309 3107 1364 sicut
3149 1306 3290 1378 apud
3336 1307 3553 1360 (ΣΙ-’.θυοδ

1961 1401 2399 1456 contentionibus
2420 1409 2727 1470 augeretur,
2753 1399 2849 1454 sed
2874 1399 3170 1466 satagenllo
3214 1399 3234 1429 ⁵
3252 1410 3443 1464 magna
3499 1404 3556 1451 et

1959 1494 2188 1551 sollicita
2213 1493 2432 1549 Patrum
2461 1495 2687 1565 pietate,
2745 1509 2872 1549 mox
2923 1501 2984 1546 ut
3029 1492 3396 1562 deprehensus
3446 1497 3550 1554 est,

1961 1587 2124 1641 etiam
2148 1602 2176 1640 a
2207 1603 2308 1642 suo
2336 1586 2788 1642 condemnaretur
2811 1593 3032 1640 auctore
3062 1602 3076 1637 :
3101 1600 3208 1640 non
3233 1583 3391 1637 aliter
3409 1582 3554 1638 visus

1963 1686 2046 1732 est
2085 1677 2288 1734 eisdem
2319 1679 2523 1734 sanctis
2575 1675 2823 1733 Patribus
2874 1677 3192 1740 abolendus,
3239 1677 3342 1730 nisi
3390 1683 3454 1729 ut
3487 1675 3555 1730 de

253 1759 420 1816 hodie
448 1761 787 1817 celebramus
805 1777 914 1832 quo
944 1779 974 1817 a
1003 1763 1252 1831 gentibus
1281 1763 1537 1820 adoratus
1564 1773 1666 1829 est,
1699 1785 1720 1817 ι
1780 1765 1856 1820 ita
1891 1775 1932 1834 Β
1962 1768 2183 1838 Virgine
2241 1768 2406 1824 Maria
2461 1769 2679 1840 proprie
2728 1768 2897 1824 Deum
2953 1783 3074 1825 esse
3121 1777 3305 1823 natum
3351 1767 3555 1836 scripto

255 1851 510 1921 loquatur
543 1871 556 1905 :
611 1871 629 1906 ι
662 1852 846 1923 Magos
874 1869 1006 1910 sane
1046 1854 1116 1909 ad
1163 1855 1339 1925 ipsum
1375 1856 1593 1927 proprie
1640 1856 1850 1923 locum,

259 1947 348 2002 ubi
389 1945 533 2002 Deus
563 1945 797 2002 Verbum
847 1945 1024 2003 infans
1067 1956 1207 2014 erat,
1288 1949 1444 2004 stella
1509 1949 1776 2018 perduxit.
1831 1967 1849 2000 ι

259 2037 416 2105 Quod
444 2041 459 2070 ¹
485 2053 615 2108 ergo
647 2047 674 2076 ι
703 2038 940 2094 Verbum
971 2038 1140 2094 Deum
1171 2039 1303 2094 dicit
1330 2039 1604 2104 infantem,
1629 2056 1858 2109 quomo-

257 2131 328 2185 do
359 2146 468 2185 non
489 2130 757 2185 veraciter
777 2137 831 2185 et
859 2131 1080 2202 proprie
1131 2130 1334 2186 diceret
1365 2131 1643 2202 praedicari
1691 2130 1858 2186 lilium

257 2221 496 2277 hominis
519 2219 729 2276 Deum?
781 2221 914 2275 Nam
941 2220 984 2276 si
1015 2219 1189 2278 infans
1237 2222 1328 2278 ille
1357 2222 1619 2278 veraciter
1648 2231 1702 2279 et
1729 2239 1858 2294 pro-

258 2317 377 2389 prie
431 2316 628 2371 dicitur
657 2312 797 2371 ﬁlius
846 2316 1098 2382 hominis,
1156 2317 1270 2387 ipse
1319 2323 1499 2371 autem
1549 2317 1726 2370 infans
1777 2324 1862 2371 est

260 2407 404 2465 Deus
438 2406 692 2472 Verbum,
723 2407 988 2462 veraciter
1015 2416 1070 2461 et
1099 2408 1317 2477 proprie
1344 2407 1541 2461 dicitur
1570 2406 1709 2461 lilius
1758 2407 1860 2462 ho-

258 2499 423 2556 minis
451 2498 595 2555 Deus
621 2498 878 2554 Verbum.
906 2497 1111 2555 Rursus
1141 2499 1194 2554 in
1225 2499 1331 2554 alio
1353 2497 1592 2567 ejusdem
1623 2499 1726 2552 diei
1743 2513 1860 2553 ser-

258 2608 424 2649 mone
453 2591 554 2664 (De
582 2601 806 2661 tempore
833 2607 988 2644 serm.
1021 2589 1137 2658 50),
1165 2587 1320 2658 cujus
1362 2598 1444 2646 est
1495 2589 1816 2659 principium
1844 2606 1858 2643 :

264 2706 286 2742 α
326 2687 407 2743 Ad
435 2695 648 2759 partum
687 2683 922 2754 Virginis
969 2683 1302 2738 adorandum
1337 2683 1475 2751 magi
1530 2683 1598 2735 ab
1644 2680 1864 2736 Oriente

259 2787 546 2848 venerunt,
584 2798 602 2832 ι
635 2781 712 2836 sic
735 2781 813 2834 ait
847 2794 859 2829 :
899 2795 917 2828 ‹
951 2773 1066 2830 Jam
1095 2791 1223 2830 vero
1274 2773 1416 2845 quod
1469 2773 1659 2828 cadent
1707 2773 1860 2827 stella

259 2885 384 2942 qua:
438 2884 622 2939 magos
650 2870 906 2942 perduxit
935 2868 1000 2922 ad
1032 2868 1235 2932 locum,
1262 2865 1352 2919 ubi
1376 2873 1494 2919 erat
1520 2881 1640 2920 etim
1690 2873 1862 2918 matre

265 2960 486 3030 Virgine
514 2960 654 3016 Deus
686 2960 880 3027 infans,
913 2968 1018 3014 etc.
1059 2977 1077 3010 ι
1104 2957 1155 3012 ls
1183 2971 1312 3026 ergo
1339 2970 1534 3024 negare
1563 2964 1741 3026 potest
1770 2970 1863 3009 ve-

264 3056 464 3111 raciter
492 3064 547 3110 et
569 3055 787 3126 proprie
808 3053 910 3108 dici
944 3053 1109 3106 lilium
1137 3049 1369 3104 hominis
1394 3047 1582 3110 Deum,
1629 3047 1720 3116 qui
1764 3047 1862 3100 hu-

261 3146 352 3218 jus
375 3145 753 3216 sapientissimi
779 3143 874 3198 viri
898 3142 1158 3198 doctrina:
1188 3154 1514 3209 repugnans,
1567 3147 1659 3192 aut
1691 3138 1856 3193 Deum
1888 3172 1932 3234 Ο

264 3250 429 3311 negat
451 3239 729 3307 infantem,
761 3248 853 3293 aut
883 3252 1009 3292 vere
1033 3245 1087 3292 et
1109 3235 1326 3306 proprie
1373 3232 1537 3288 filium
1588 3249 1708 3288 esse
1762 3233 1860 3288 ho-

261 3333 426 3390 minis
449 3343 606 3402 negat
633 3332 913 3387 infantem.
939 3329 1074 3397 Quia
1104 3343 1232 3398 ergo
1258 3327 1386 3382 illud
1411 3327 1603 3397 pietas,
1637 3327 1741 3381 hoc
1761 3341 1860 3381 au-

263 3435 377 3483 tem
404 3427 710 3481 humanitas
753 3439 947 3494 negare
977 3439 1085 3478 non
1114 3424 1346 3493 patitur,
1373 3437 1500 3477 vere
1547 3429 1602 3476 et
1643 3420 1862 3490 proprie

264 3532 385 3574 esse
414 3517 579 3572 lilium
603 3516 837 3572 hominis
866 3515 1035 3570 Deum
1085 3514 1202 3568 sine
1252 3512 1588 3568 dubitatione
1637 3511 1862 3567 creden-

262 3611 392 3666 dum
421 3619 521 3665 est.
549 3609 664 3664 Hoc
689 3620 866 3664 autem
891 3610 1206 3672 constituto,
1238 3622 1347 3660 non
1375 3616 1458 3661 est
1486 3605 1705 3660 dubium
1731 3605 1861 3676 quin

264 3706 428 3762 etiam
460 3705 545 3759 illa
576 3703 739 3773 Virgo
764 3702 998 3758 vicissim
1041 3716 1169 3756 vere
1210 3709 1265 3755 et
1313 3699 1528 3770 proprie
1575 3707 1748 3752 mater
1769 3696 1862 3753 Dei

264 3813 385 3853 esse
416 3797 646 3852 dicatur.
669 3796 801 3851 Item
825 3812 945 3851 cum
977 3794 1192 3866 quidam
1246 3792 1504 3864 Leporius
1532 3794 1810 3865 presbyter
1834 3792 1861 3832 δ

264 3888 408 3958 apud
437 3887 638 3942 Gallias
660 3890 703 3951 ',
731 3885 1059 3957 depravatus
1084 3903 1113 3940 a
1145 3901 1269 3940 vera
1315 3895 1364 3939 et
1423 3885 1644 3955 antiqua
1671 3885 1861 3940 Eccle-

264 3979 358 4034 sia:
390 3977 512 4042 ﬁde,
537 3978 726 4033 eadem
754 3978 952 4033 docere
975 3985 1326 4049 praesumeret
1353 3993 1473 4048 qua:
1523 3986 1711 4046 postea
1761 3976 1865 4032 Ne-

265 4072 468 4128 storius
489 4072 689 4136 docuit,
724 4080 905 4140 atque,
936 4071 1059 4126 inde
1099 4086 1198 4141 pro
1229 4071 1321 4125 tali
1373 4085 1560 4126 errore
1588 4071 1862 4141 depulsus,

265 4163 320 4216 in
347 4162 521 4218 Africa
550 4162 828 4218 docendus
855 4164 1081 4229 veniret,
1116 4162 1225 4218 illic
1255 4163 1568 4224 instructus,
1601 4170 1659 4216 ut
1705 4161 1866 4216 docet

265 4257 558 4327 Apostolus
585 4254 730 4327 (Gal.
763 4274 834 4322 vt,
889 4259 966 4327 Ι),
1013 4257 1067 4312 in
1122 4256 1314 4327 spiritu
1362 4256 1788 4311 mansuetudinis
1832 4271 1864 4310 a

265 4349 597 4418 Spiritalibus
623 4347 872 4404 Patribus
902 4348 1121 4403 Aurelio
1147 4346 1574 4416 Carthaginiensi
1616 4355 1674 4401 et
1726 4361 1864 4416 pra:-

266 4440 411 4496 dicto
442 4439 765 4509 Augustino,
790 4447 952 4510 atque
997 4439 1116 4494 aliis
1144 4437 1407 4494 Africanis
1432 4438 1718 4507 episcopis,
1743 4453 1863 4508 pra-

267 4530 541 4585 vissimam
566 4531 859 4586 novitatem
886 4530 969 4585 sui
993 4530 1260 4599 dogmatis
1304 4528 1589 4584 abdicavit.
1639 4527 1866 4599 Scripsit

265 4632 448 4677 autem
480 4624 716 4678 libellum
739 4623 1122 4679 satisfactiouis
1167 4624 1307 4680 idem
1366 4620 1626 4695 Leporius
1657 4625 1720 4679 ad
1749 4622 1870 4680 Gal-

267 4711 350 4767 los
378 4713 686 4786 episcopos,
737 4729 899 4783 quem
954 4715 1238 4770 memorati
1292 4716 1625 4770 venerabiles
1673 4714 1864 4772 Patres

270 4801 520 4858 Aurelius
545 4813 706 4876 atque
727 4805 1057 4874 Augustinus
1077 4814 1132 4860 et
1158 4808 1338 4862 ceteri
1367 4807 1446 4864 sic
1475 4809 1861 4878 probaverunt,

269 4900 334 4946 ut
360 4895 428 4948 ad
449 4894 742 4950 faciendam
771 4896 1010 4952 veritatis
1053 4895 1233 4962 fidem,
1267 4898 1432 4952 etiam
1488 4915 1614 4954 suas
1651 4900 1702 4954 ei
1749 4902 1863 4957 sub-

267 4983 596 5054 scriptiones
624 4985 937 5054 adjicerent.
970 4986 1028 5040 In
1058 5002 1166 5056 quo
1199 4987 1380 5044 libello
1411 4998 1533 5059 post
1588 4991 1814 5045 multum
1844 4991 1864 5022 ³

266 5075 351 5132 sic
377 5073 513 5132 dicit
563 5093 577 5131 :
628 5094 646 5129 ι
681 5075 928 5133 Nascitur
947 5091 1078 5147 ergo
1097 5079 1318 5149 proprie
1347 5077 1414 5135 de
1438 5079 1642 5152 Spiritu
1671 5090 1864 5137 sancto

342 5307 370 5374 ξι
398 5297 564 5374 Forte
589 5299 690 5374 Qui
718 5319 860 5374 ergo.

341 5367 372 5408 ³
395 5370 612 5446 beporii
641 5367 889 5446 libellum
939 5371 1340 5446 satisfactionis,
1371 5373 1526 5444 cujus
1551 5385 1758 5446 partem
1790 5393 1856 5432 ex

259 5440 530 5498 Cassiano
551 5443 795 5501 dedituris
821 5453 968 5501 tomo
997 5441 1404 5500 lConciliorum
1440 5440 1658 5514 Calliae,
1719 5448 1858 5504 inte-

347 5651 365 5683 ⁸
394 5649 529 5705 Cod.
564 5649 788 5716 γει-οη..
821 5649 942 5714 Qui.

345 5723 365 5753 '
386 5720 534 5775 Idem
556 5721 700 5785 cod.,
735 5721 982 5781 Galliam.

347 5791 532 5848 'ldem
553 5793 699 5858 eod.,
730 5792 912 5848 multa.

1958 1861 2309 1918 confiteretur
2337 1861 2505 1932 ipsius
2520 1869 2712 1918 auctor
2735 1860 2956 1916 erroris.
2974 1860 3064 1914 Ait
3083 1861 3246 1924 enim,
3274 1859 3412 1915 sicut
3437 1872 3556 1912 me-

1957 1953 2286 2008 moravimus
2312 1970 2325 2004 :
2359 1971 2376 2005 ι
2399 1951 2648 2007 Nascitur
2668 1966 2798 2020 ergo
2820 1952 3038 2024 proprie
3049 1950 3117 2006 de
3137 1951 3340 2020 Spiritu
3368 1957 3556 2004 sancto

1961 2052 2016 2097 et
2035 2042 2203 2098 Maria
2226 2059 2441 2114 semper
2469 2043 2689 2112 Virgine
2721 2043 2882 2099 Deus.
2920 2061 2939 2096 ι
2974 2041 3151 2113 Atque
3194 2041 3269 2096 ita
3317 2040 3459 2097 Deus
3486 2041 3555 2094 ah

1961 2147 2029 2188 eo
2049 2133 2246 2189 dicitur
2265 2134 2484 2204 proprie
2513 2142 2673 2190 natus
2702 2149 2770 2189 ex
2799 2133 3041 2202 Virgine,
3075 2141 3134 2188 ut
3184 2134 3348 2189 etiam
3389 2133 3556 2188 homo

1961 2220 2116 2278 Jesus
2143 2223 2388 2279 Christus
2404 2224 2638 2279 vicissim
2659 2223 2752 2279 Dei
2783 2223 2952 2280 Filius
2979 2225 3278 2294 nuncupari
3330 2232 3387 2279 et
3428 2239 3556 2279 vere

1962 2331 2084 2372 esse
2110 2315 2340 2371 dicatur.
2377 2315 2530 2372 Unde
2557 2325 2613 2372 et
2638 2317 2766 2372 illud
2796 2316 3028 2387 adjecit:
3070 2337 3089 2370 ι
3124 2318 3201 2373 Ac
3216 2319 3295 2373 sic
3343 2318 3397 2373 in
3421 2317 3559 2372 alte-

1963 2418 2173 2464 rutrum
2201 2424 2364 2463 unum
2389 2409 2446 2463 lit
2467 2417 2522 2464 et
2547 2408 2784 2464 Verbum
2814 2416 2869 2464 et
2895 2425 3043 2465 caro.
3081 2427 3099 2462 i
3156 2408 3265 2464 Nec
3308 2424 3402 2481 per
3456 2409 3558 2464 hoc

1963 2501 2274 2557 discretioni
2305 2502 2583 2572 utriusque
2612 2513 2818 2558 natura:
2853 2503 3223 2573 praajudicium
3247 2503 3442 2568 intulit,
3467 2503 3558 2574 qui

1965 2593 2243 2649 confessus
2267 2604 2352 2650 est
2371 2595 2512 2666 quod
2541 2605 2793 2650 manente
2819 2596 2872 2650 in
2895 2610 2994 2651 sua
3047 2595 3380 2667 perfectione
3405 2606 3560 2651 natu-

1962 2685 2148 2739 raliter
2171 2693 2398 2755 utraque
2425 2686 2748 2754 substantia,
2777 2687 2895 2742 sine
2937 2687 3018 2742 sui
3049 2687 3360 2757 przcjudicio
3386 2696 3441 2741 ct
3469 2688 3561 2742 hu-

1965 2776 2208 2830 manitati
2239 2776 2418 2831 divina
2440 2778 2860 2844 communicent,
2900 2787 2955 2832 et
3005 2777 3271 2832 divinitati
3325 2779 3560 2833 humana

1964 2865 2291 2936 participem
2321 2885 2334 2920 ς
2363 2883 2469 2922 non
2506 2867 2954 2926 alterunudieens
2983 2865 3172 2932 Deum,
3209 2868 3436 2922 alterum
3462 2869 3560 2924 ho-

1963 2958 2198 3025 minem;
2231 2960 2323 3015 sed
2353 2961 2602 3016 eumdem
2632 2962 2804 3031 ipsum
2838 2963 3026 3032 Deum,
3077 2980 3237 3034 quem
3281 2973 3337 3017 et
3385 2964 3560 3018 homi-

1964 3064 2110 3114 nem,
2141 3058 2195 3104 et
2218 3050 2447 3105 vicissim
2479 3051 2775 3117 hominem,
2807 3069 2969 3124 quem
3001 3055 3170 3109 Deum
3193 3053 3374 3109 Jesum
3401 3055 3557 3110 Chri-

1963 3146 2102 3192 stum
2151 3138 2247 3195 Dei
2299 3140 2491 3195 Filium
2544 3145 2841 3214 nuncupari
2886 3153 2941 3199 et
2969 3159 3096 3201 vere
3116 3161 3236 3202 esse
3283 3147 3562 3203 confessus

1963 3239 2067 3286 est.
2100 3233 2155 3286 Si
2179 3241 2359 3288 autem
2389 3235 2530 3290 Deus
2559 3252 2688 3291 vere
2717 3245 2799 3292 est
2822 3238 3009 3307 homo,
3051 3254 3153 3295 nec
3188 3241 3408 3298 aliunde
3434 3259 3563 3298 vere

1962 3322 2127 3378 homo
2156 3324 2255 3378 nisi
2289 3326 2559 3382 nascendo
2581 3327 2648 3381 de
2673 3327 2910 3396 Virgine,
2933 3344 3030 3385 cur
3052 3346 3160 3385 non
3181 3331 3392 3387 dicatur
3421 3331 3564 3388 Deus

1965 3429 2091 3468 vere
2120 3425 2277 3470 natus
2307 3433 2370 3472 ex
2401 3418 2642 3487 virgine?
2673 3419 2739 3474 Et
2767 3421 2811 3474 si
2842 3419 2983 3476 Deus
3031 3423 3248 3492 proprie
3286 3423 3460 3479 factus
3481 3433 3564 3480 est

1964 3506 2151 3576 homo,
2173 3523 2270 3564 nec
2294 3510 2507 3566 aliunde
2533 3513 2933 3583 propriefactus
2975 3524 3058 3570 est
3088 3517 3271 3582 homo,
3321 3518 3422 3573 nisi
3474 3533 3564 3572 na-

1964 3600 2161 3653 scendo
2191 3599 2258 3654 de
2288 3600 2526 3671 Virgine,
2545 3618 2642 3658 cur
2669 3620 2777 3659 non
2803 3604 3016 3661 dicatur
3041 3608 3202 3662 etiam
3231 3610 3448 3679 proprie
3467 3626 3565 3666 na-

1966 3696 2052 3744 tus
2082 3705 2148 3744 ex
2173 3689 2428 3760 Virgine“!
2459 3692 2761 3749 Absurdum
2785 3695 2945 3752 nimis
2966 3705 3049 3753 est
3079 3708 3136 3752 ut
3166 3699 3325 3767 Deus,
3349 3702 3441 3770 qui
3464 3718 3563 3757 nao-
3621 3725 3642 3748 ο

1965 3780 2167 3836 scendo
2189 3782 2256 3836 de
2288 3784 2493 3852 virgine
2519 3800 2642 3840 vere
2671 3795 2724 3841 et
2761 3788 2979 3857 proprie
3021 3788 3194 3844 factus
3239 3800 3323 3845 est
3376 3792 3562 3858 homo,

1967 3887 2075 3927 non
2108 3889 2233 3929 vere
2265 3885 2319 3929 et
2348 3877 2566 3946 proprie
2616 3876 2687 3932 de
2735 3877 2825 3931 illa
2879 3886 3038 3935 natus
3066 3895 3187 3935 esse
3215 3881 3429 3936 dicatur
3458 3900 3471 3936 :
3507 3891 3566 3938 ut

1968 3981 2096 4019 vera
2127 3967 2196 4020 sit
2227 3981 2312 4021 res
2339 3983 2498 4037 quam
2521 3967 2814 4030 ellecitilla
2841 3971 3120 4036 nativitas,
3141 3981 3196 4026 et
3224 3973 3338 4043 ipsa
3359 3972 3566 4042 rciejus

1967 4056 2210 4112 effectrix
2241 4073 2348 4112 non
2379 4059 2449 4113 sit
2477 4075 2604 4115 vera
2634 4060 2907 4116 nativitas.
2944 4061 3137 4117 Verum
3167 4079 3271 4118 nec
3299 4065 3429 4119 illud
3458 4065 3565 4118 mi-

1968 4163 2071 4202 nus
2100 4148 2400 4202 absurdum
2415 4157 2518 4215 est,
2543 4158 2602 4204 ut
2624 4151 2715 4220 qui
2747 4166 2853 4206 non
2883 4151 3173 4208 offenditur
3192 4156 3454 4225 propheta
3481 4157 3566 4211 di—

1969 4249 2125 4295 cente
2159 4257 2172 4292 :
2203 4237 2379 4292 Mater
2405 4239 2536 4296 Sion
2567 4241 2712 4308 dicit,
2769 4243 2943 4309 homo,
2973 4253 3024 4296 et
3069 4245 3221 4298 homo
3271 4247 3440 4315 [actus
3490 4255 3566 4300 est

1969 4334 2023 4388 in
2046 4351 2130 4401 ea,
2154 4343 2202 4386 et
2217 4334 2326 4403 ipse
2336 4334 2570 4405 fundarit
2598 4350 2715 4387 eam
2737 4335 3034 4390 Altissimus
3051 4336 3223 4406 (Ptol.
3243 4353 3459 4406 Lxxxw,
3483 4337 3563 4408 5),

1971 4434 2027 4481 et
2056 4434 2335 4481 mansuete
2350 4436 2403 4480 et
2431 4425 2657 4481 fideliter
2677 4427 2897 4497 accipit,
2927 4427 3073 4497 quod
3105 4428 3220 4498 ipse
3243 4429 3567 4495 Altissimus,

1897 4566 1948 4628 Β
1975 4520 2068 4590 qui
2094 4520 2224 4576 Sion
2247 4519 2509 4587 fundavit,
2538 4521 2700 4576 homo
2725 4520 2899 4577 factus
2925 4530 3008 4576 est
3039 4522 3090 4577 in
3129 4537 3224 4590 ea;
3256 4532 3312 4578 et
3339 4524 3429 4595 qui
3461 4541 3567 4580 non

1971 4614 2262 4670 offenditur
2282 4615 2614 4684 evangelista
2636 4615 2847 4670 dicente
2892 4633 2905 4669 :
2941 4615 3165 4670 Verbum
3211 4634 3334 4672 caro
3374 4619 3568 4688 factum

1968 4708 2250 4779 ett(Joan.
2281 4725 2320 4776 ι,
2351 4707 2439 4780 14)
2496 4727 2509 4762 :
2568 4710 2614 4763 si
2663 4707 2852 4764 audiat
2889 4725 2950 4763 ea
2997 4725 3118 4779 qua:
3172 4719 3297 4765 sunt
3337 4710 3570 4766 hominis

1968 4802 2247 4858 Altissimo
2281 4803 2444 4858 tribui
2475 4803 2566 4870 qui
2598 4802 2772 4858 factus
2796 4811 2878 4858 est
2905 4804 3089 4870 homo,
3115 4811 3172 4859 et
3207 4819 3270 4859 ea
3300 4820 3419 4875 quze
3444 4812 3570 4861 sunt

1967 4895 2147 4949 carnis
2167 4892 2357 4952 ,Verbo
2389 4894 2546 4948 tribui
2569 4894 2714 4964 quod
2744 4891 2946 4949 factum
2972 4901 3056 4949 est
3073 4909 3224 4962 caro,
3254 4893 3569 4949 scandalum

1969 4990 2224 5058 patiatur,
2269 4997 2525 5056 tanquam
2557 5002 2664 5040 non
2696 4986 2892 5040 horum
2921 5002 3136 5040 causam
3164 4993 3290 5040 ante
3319 4984 3570 5040 credide-

1967 5082 2058 5144 rit,
2082 5079 2297 5152 quando
2327 5079 2658 5135 Altissimum
2683 5077 2884 5134 factum
2921 5079 3194 5134 hominem
3225 5085 3281 5131 et
3333 5075 3570 5133 Verbum

1963 5319 2115 5375 grum
2146 5314 2335 5376 postea
2372 5307 2512 5363 nacti
2533 5322 2718 5361 sumus
2747 5319 2870 5362 cum
2897 5304 3098 5360 Aurelii
3127 5302 3571 5376 Augustiniialio-

1965 5374 2192 5448 rumque
2219 5379 2698 5446 snhscriptionibus
2727 5392 2972 5448 quarunt
3011 5376 3098 5430 hic
3141 5374 3364 5429 mentio.
3416 5375 3571 5432 llurc

1965 5445 2120 5517 ergo_
2152 5449 2350 5518 publici
2393 5445 2529 5517 juris
2579 5445 2897 5518 propediem
2948 5445 3186 5500 futurum
3232 5461 3537 5517 speramus.

2037 5657 2059 5688 ⁵
2086 5657 2228 5712 Hem
2262 5659 2410 5722 co:l.,
2441 5673 2640 5728 semper
2664 5659 2883 5728 uirgine.

2040 5731 2060 5759 ⁸
2090 5729 2236 5786 idem
2268 5730 2412 5795 cod.,
2451 5740 2736 5800 satageme.
