4060 6364
620 261 732 317 an
1458 316 1473 325 ι
1746 252 2045 309 meum
2084 248 2297 325 EPISC.

630 389 851 433 carnem
865 372 1096 432 credidit
1116 372 1337 429 factum.
1364 362 1602 426 Plus'est
1645 374 1828 422 autem
1856 364 2041 422 dicere
2063 362 2227 419 Altis-
2260 371 2307 426 Α

628 468 827 523 simum
845 464 1119 521 hominem
1154 462 1374 528 factum,
1400 473 1565 529 quam
1588 458 1826 513 tribuere
1850 469 1970 525 qua:
1984 461 2112 508 sunt
2126 453 2230 509 ho-
2278 462 2281 465 ‘

631 557 793 612 minis
814 555 1126 621 AltiSsimo;
1158 561 1214 607 et
1235 552 1357 623 plus
1383 558 1468 606 est
1493 549 1695 615 dicere,
1727 545 1963 601 Verbum
1994 558 2124 598 caro
2152 541 2232 597 la-

632 655 779 703 etum
807 632 911 714 est,
936 658 1101 716 quam
1120 643 1363 699 tribuere
1383 656 1502 713 qum
1527 639 1711 697 carnis
1736 644 1864 693 sunt
1889 635 2004 691 Deo
2027 633 2227 691 Verbo.
2284 668 2285 671 η

619 735 767 792 Cum
797 736 977 805 itaque
1004 733 1240 805 Spiritus
1280 732 1401 801 Dei,
1430 731 1499 786 ad
1543 724 2025 785 commendandam
2079 724 2235 780 nobis
2283 749 2291 752 ν

626 828 686 882 in
715 827 820 883 hoc
848 825 1109 898 mysterio
1140 823 1523 879 adunationem
1545 819 1739 875 divinae
1750 819 2110 886 humanmque
2138 830 2236 870 na-

631 927 785 987 turae,
808 918 915 975 hoc
940 917 1088 989 quod
1125 924 1212 973 est
1266 915 1498 986 amplius
1544 913 1727 969 dicere
1769 910 2153 980 congruentius
2182 916 2238 964 et
2285 944 2293 955 ο

622 1010 818 1065 utilius
842 1008 1124 1079 judicavit,
1148 1008 1277 1077 quia
1306 1005 1612 1062 Altissimus
1639 1000 1997 1059 homott‘actus
2025 1008 2127 1064 est,
2158 1008 2236 1068 et,

632 1097 872 1155 Verbum
900 1114 1027 1154 caro
1056 1099 1257 1154 factum
1279 1105 1364 1153 est
1388 1113 1403 1149 :
1433 1110 1532 1151 cur
1552 1093 1838 1164 quisquam
1898 1098 2106 1147 metuat
2134 1090 2238 1145 bac
2284 1112 2293 1117 ν

633 1191 963 1247 auctoritate
980 1188 1257 1257 fundatus,
1288 1188 1405 1242 sine
1430 1183 1739 1257 pnejudicio
1772 1182 2050 1251 utriusque
2064 1187 2237 1234 uatu-

634 1298 740 1349 rte,
776 1297 837 1337 ea
868 1297 989 1351 qua:
1016 1288 1141 1335 sunt
1160 1278 1511 1334 humanitatis
1530 1275 1827 1341 Altissimo,
1860 1282 1916 1329 et
1960 1287 2077 1343 qua:
2114 1278 2241 1326 sunt

626 1376 818 1431 carnis
846 1374 1024 1430 Verbo
1053 1374 1307 1439 tribuere,
1341 1378 1566 1441 propter
1606 1374 2004 1424 sacramentum
2039 1380 2105 1421 ac
2123 1365 2239 1420 dis-

635 1468 1010 1541 pensationem
1043 1464 1427 1523 incarnationis
1449 1464 1593 1521 sum?
1618 1461 1693 1518 De
1708 1476 1816 1532 quo
1834 1461 1945 1516 Deo
1965 1459 2146 1515 Verbo
2162 1459 2243 1515 lo-

632 1574 817 1630 quens
843 1560 986 1615 idem
1013 1557 1253 1614 Joannes
1291 1556 1346 1611 in
1375 1554 1617 1625 Epistula
1646 1569 1763 1618 sua,
1793 1553 1845 1608 ei
1896 1566 2018 1623 qua:
2062 1549 2242 1606 carnis

622 1660 761 1709 sunt
780 1650 1040 1722 deputare
1064 1652 1078 1681 ί
1105 1665 1223 1713 non
1242 1648 1471 1717 dubitat,
1496 1653 1557 1700 ut
1582 1653 1709 1716 pote
1734 1658 1895 1713 quem
1927 1656 2091 1698 carne
2109 1642 2131 1673 ⁸
2160 1640 2241 1694 la-

2334 248 2848 309 «ιιεῐυηΑΜξΝεΒ
3822 260 3888 321 ΜΒ

2960 362 3206 451 CAPUT
3244 362 3346 449 ν.⁶

2337 478 2488 547 Quod
2514 475 2709 553 Christi
2754 476 2876 553 duce
2916 477 3015 533 sint
3061 487 3312 553 natura,
3358 492 3621 553 uernum:
3664 490 3890 553 composita,
3954 475 3955 519 1

2406 560 2586 605 contra
2639 549 2994 617 Eutychianos
3040 561 3091 604 et
3148 548 3677 617 Semieutgchianos.
3716 548 3778 606 ne
3798 548 3891 613 tam?

2407 638 2567 699 papa,
2612 630 2666 676 et
2717 626 2781 699 de
2825 618 3025 699 Cyrittp
3068 621 3486 686 Alexandrino,
3524 636 3732 691 quorum
3763 631 3892 699 scripta

2406 695 2659 764 objiciunt
2698 692 3004 747 aduersarii.

2408 821 2533 878 llaec
2554 821 2813 879 adversus
2840 821 3309 879 Nestoriunorum
3343 821 3632 894 perﬁdiam
3646 825 3810 885 dixisse
3826 832 3894 887 sui

2340 913 2500 979 liciat,
2524 929 2644 984 quae
2671 929 2793 982 nos,
2823 915 2964 969 sicut
2986 916 3255 981 arbitror,
3286 930 3320 969 a
3358 914 3652 971 calumniis
3672 916 3891 993 Eutychu-

2339 1022 2533 1061 norum
2558 1005 2689 1061 satis
2711 1021 2981 1077 superque
3002 1006 3353 1074 defendunt;
3400 1006 3498 1076 qui
3543 1023 3663 1063 cum
3713 1010 3894 1069 refellun-

2340 1108 2427 1152 tur
2456 1112 2488 1151 a
2518 1096 2803 1153 catholicis
2818 1136 2842 1163 ,
2895 1096 3366 1153 Nestorianorum
3386 1099 3480 1153 eis
3501 1099 3699 1154 crimen
3719 1100 3892 1171 adigunt.

2339 1186 2406 1241 Et
2435 1186 2560 1243 ideo
2580 1187 2692 1256 jam
2721 1186 2848 1243 illud
2872 1188 3091 1243 tertium
3120 1187 3421 1259 praedictis
3473 1186 3792 1261 Eutychianis
3812 1210 3891 1249 eoa.

2340 1279 2563 1333 trarium
2582 1286 2788 1333 rectum
2808 1293 2928 1334 esse
2942 1288 3357 1345 monstremus,
3382 1278 3539 1350 quod
3563 1279 3810 1337 Dominum
3834 1301 3893 1339 no-

2338 1379 2509 1426 strum
2532 1368 2717 1425 Jesum
2740 1366 3013 1427 Christum
3042 1372 3392 1429 conﬁtemur
3422 1372 3477 1426 in
3509 1372 3708 1429 duabus
3732 1380 3889 1448 naturis,

2336 1463 2394 1518 id
2421 1471 2502 1518 est
2529 1464 2582 1519 in
2605 1463 2890 1520 divinitate
2936 1472 3099 1535 atque
3129 1466 3187 1519 in
3247 1463 3607 1519 humanitate
3651 1464 3888 1535 perlectum

2343 1554 2461 1621 Quo
2486 1553 2930 1611 Nestorianorum
2958 1570 3178 1627 quoque
3222 1554 3559 1611 calumnias
3597 1563 3885 1625 evertemus‘,

2341 1649 2432 1719 qui
2462 1663 2561 1704 nos
2589 1657 2781 1719 putant
2805 1648 2873 1703 ad
2888 1649 3279 1706 confusionem
3310 1648 3553 1703 duarum
3580 1646 3759 1704 Christi
3784 1664 3887 1706 nata-

635 1751 784 1798 ctum
813 1743 869 1797 in
894 1758 993 1798 suo
1021 1740 1318 1810 Evangelia
1338 1736 1675 1810 praedicavit.
1704 1734 1839 1789 Nam
1864 1734 2006 1789 sicut
2033 1732 2105 1787 ibi
2124 1745 2241 1786 ser-
2272 1754 2318 1813 Β
2344 1755 2525 1795 rarum
2547 1740 2899 1812 dicm-etquod
2950 1758 3085 1798 unus
3112 1758 3182 1797 οι
3218 1740 3507 1797 Trium“;
3524 1740 3597 1796 si;
3617 1741 3885 1799 nominum

626 1851 851 1893 mortem
880 1836 1005 1891 inde
1045 1849 1271 1889 exorsus
1294 1840 1379 1888 est
1419 1831 1602 1886 dicens
1658 1846 1671 1881 :
1723 1826 1788 1881 In
1834 1825 2088 1898 principio
2126 1833 2241 1878 erat

646 1928 895 1997 Verbum,
917 1938 966 1982 et
1001 1926 1225 1980 Verbum
1254 1932 1368 1989 erat
1412 1921 1553 1994 apud
1597 1919 1785 1984 Deum,
1839 1928 1890 1972 et
1946 1915 2085 1971 Deus
2118 1925 2243 1970 erat

645 2023 867 2079 Verbum
891 2022 1127 2097 (Joau.-t,
1153 2021 1230 2090 l).
1257 2018 1323 2072 Et
1345 2016 1513 2072 inira:
1538 2013 1762 2069 Verbum
1788 2029 1911 2067 caro
1933 2013 2126 2082 factum
2141 2018 2237 2075 est,

636 2125 689 2172 et
709 2116 964 2169 habitavit
991 2115 1048 2167 in
1075 2112 1223 2167 nobis
1241 2126 1260 2165 :
1284 2109 1356 2164 ita
1380 2116 1435 2163 et
1465 2108 1517 2161 in
1540 2105 1782 2177 Epistola
1810 2118 1906 2159 sua
1937 2101 2061 2159 inde
2087 2101 2239 2185 simi-

638 2205 764 2261 liter
784 2204 950 2275 cmpit
982 2221 994 2255 :
1019 2200 1169 2267 Quod
1197 2198 1393 2256 eratab
1420 2200 1592 2264 initio,
1612 2197 1749 2265 quod
1768 2196 2077 2260 audivimus,
2104 2194 2241 2267 quod

630 2297 857 2353 vidimus
887 2295 1047 2351 oculis
1074 2292 1292 2357 nostris,
1324 2290 1461 2362 quod
1484 2288 1825 2361 inspeximus,
1854 2294 1904 2341 et
1931 2303 2117 2341 manus
2146 2303 2242 2341 uo-

630 2399 764 2445 strw
789 2392 1233 2443 contrectaveruut
1254 2383 1319 2437 de
1374 2380 1541 2436 Verbo
1589 2380 1727 2445 vitae,
1750 2388 1801 2433 et
1826 2380 1927 2433 vita
1954 2378 2129 2450 palam
2159 2379 2241 2449 {a-

638 2490 725 2537 cta
753 2490 849 2542 est,
880 2488 931 2533 et
958 2477 1175 2533 vidimus
1203 2485 1254 2528 et
1296 2482 1567 2539 testamur,
1591 2480 1642 2525 et
1672 2472 1969 2525 nuntiamus
1998 2469 2138 2525 vobis
2167 2470 2235 2524 vi-

641 2581 750 2625 tam
778 2578 1045 2632 cateruam,
1076 2582 1191 2637 quin
1224 2574 1339 2620 erat
1363 2563 1500 2635 apud
1521 2562 1756 2627 Patrem,
1797 2571 1849 2616 et
1876 2561 2052 2632 palam
2100 2563 2244 2633 [aeta

638 2671 719 2716 est
742 2660 889 2716 nobis
920 2658 988 2733 (ι’
1024 2659 1188 2714 Joau.
1209 2657 1271 2729 ι).
1331 2654 1674 2710 Annuntians
1724 2654 1910 2723 itaque
1954 2652 2112 2708 nobis
2173 2651 2242 2707 de

639 2750 822 2808 Verbo
846 2752 985 2820 vine,
1013 2750 1159 2822 quod
1186 2747 1394 2804 eratab
1422 2747 1599 2810 initio,
1633 2760 1735 2801 nec
1761 2745 1816 2800 in
1843 2744 1928 2800 his
1974 2760 2094 2816 quae
2122 2760 2240 2801 me—

632 2843 970 2900 moravimus
992 2854 1260 2913 susceptae
1286 2845 1354 2899 ab
1381 2857 1449 2899 es
1467 2842 1647 2899 carnis
1668 2856 1864 2898 nomen
1888 2840 2238 2908 interserens,

633 2933 709 2988 de
736 2933 855 3003 ipso
879 2932 1059 2990 Verbo
1077 2934 1228 3001 dicit,
1264 2934 1409 3005 quod
1438 2933 1611 2990 oculis
1637 2933 1749 2989 suis
1775 2933 1925 2989 illum
1988 2932 2242 3004 inspexe-

632 3024 728 3091 rit,
750 3031 814 3080 et
837 3025 1087 3081 manibus
1112 3026 1552 3093 contrectaverit,
1582 3040 1693 3080 non
1713 3024 1965 3080 dubitans
1984 3039 2105 3094 qua:
2117 3032 2242 3080 sunt

2300 1856 2305 1861 ·
2342 1846 2435 1887 sus
2460 1830 2725 1898 Christus,
2754 1841 2810 1887 et
2832 1848 2962 1888 vere
3000 1841 3056 1887 et
3108 1833 3347 1903 proprie
3396 1840 3579 1888 mater
3626 1832 3714 1889 Dei
3757 1831 3883 1889 Maria.

2343 1921 2620 1978 Christum
2648 1923 2810 1992 igitur
2832 1922 3029 1979 Filium
3060 1922 3177 1991 Dei,
3238 1922 3705 1993 quemadmodum
3748 1926 3881 1982 dictum

2343 2026 2445 2083 est,
2478 2019 2533 2073 in
2554 2019 2761 2074 duabus
2783 2018 3139 2089 praedicamus
3166 2031 3299 2073 esse
3332 2018 3572 2074 naturis.
3599 2017 3701 2073 Nec
3732 2019 3883 2090 dicipa-

2344 2112 2510 2167 timur
2538 2126 2698 2167 unam
2729 2111 2845 2181 ejus
2875 2126 2942 2167 ex
2965 2111 3253 2167 divinitate
3283 2118 3345 2166 et
3374 2111 3707 2167 humanitate
3731 2128 3880 2184 compo-

2342 2203 2499 2261 sitam
2523 2219 2643 2260 esse
2668 2212 2941 2269 naturam,
2970 2219 3041 2260 ne
3070 2202 3243 2273 Patri,
3275 2205 3443 2275 cujus
3491 2205 3709 2277 simplex
3752 2216 3879 2261 natura

2343 2305 2447 2367 est,
2473 2296 2947 2354 consubstantialis
2962 2312 3074 2352 non
3098 2297 3201 2364 sit;
3229 2305 3293 2353 et
3321 2298 3473 2353 sicut
3493 2297 3704 2353 alterius
3726 2307 3788 2353 est
3801 2314 3878 2369 per-

2342 2405 2509 2456 sonae,
2540 2403 2700 2461 quam
2730 2387 2919 2453 Pater,
2952 2389 3025 2443 ita
3049 2389 3215 2444 etiam
3247 2388 3511 2455 alterius,
3534 2390 3587 2446 id
3616 2390 3876 2456 estdiversa,

2343 2482 2554 2538 dicatur
2583 2496 2703 2537 esse
2731 2490 2955 2536 naturae.
2984 2479 3188 2538 Verum
3234 2485 3433 2551 neque
3477 2481 3633 2537 nobis
3679 2481 3763 2537 erit
3795 2498 3877 2536 con-

2342 2575 2732 2642 substantialis,
2762 2574 2864 2630 nisi
2892 2574 3010 2645 ejus
3051 2574 3171 2631 dua:
3220 2585 3442 2632 natura:
3466 2575 3573 2631 sint
3605 2594 3617 2629 :
3650 2585 3701 2630 ut
3737 2576 3876 2630 scilicet

2344 2669 2515 2724 altera
2544 2670 2614 2724 sit
2642 2668 2695 2723 in
2726 2683 2830 2738 qua
2851 2668 3337 2726 consubstanti-alis
3368 2668 3643 2732 estPatri,
3672 2668 3803 2723 altera
3819 2683 3875 2729 ve-

2343 2776 2406 2817 ro
2436 2761 2488 2816 in
2511 2775 2616 2831 qua
2642 2760 3116 2816 consubstantialis
3141 2772 3225 2818 est
3273 2761 3461 2818 nobis.
3495 2761 3563 2816 At
3590 2761 3700 2816 huic
3722 2758 3873 2814 eviden-

2340 2854 2565 2911 tissimze
2586 2854 2783 2909 rationi
2813 2854 2971 2908 bruta
2988 2852 3467 2925 Eutychianortun
3490 2852 3745 2909 contentio
3763 2849 3872 2907 τείως

2342 2954 2521 3016 gatur,
2552 2943 2826 3000 afﬁrmans
2854 2943 2948 2999 Dei
2995 2943 3156 3000 Verbi
3185 2949 3461 3003 unitatem
3500 2940 3870 2999 incommutabili-

2340 3048 2428 3096 ter
2447 3038 2745 3110 simplicem
2796 3051 2922 3093 cum
2979 3046 3228 3108 suscepta
3290 3038 3633 3093 humanitate
3672 3036 3717 3089 in
3763 3047 3869 3086 unam

630 3117 815 3173 carnis
837 3117 1122 3174 incarnato
1150 3117 1331 3174 Verbo
1358 3119 1614 3175 tribuere.
1642 3117 1782 3185 Quid
1807 3132 1939 3187 ergo
1960 3118 2233 3174 Nestoria-

2341 3129 2596 3200 componi
2621 3128 2862 3200 potuisse
2885 3136 3154 3183 naturam.
3202 3129 3451 3196 Quorum
3497 3127 3867 3200 Eutychianorun

637 3208 713 3274 ni,
745 3207 899 3287 quasi
928 3208 1202 3267 cautiores
1222 3217 1280 3264 et
1299 3209 1669 3280 diligentiores
1700 3209 1818 3280 ipso
1861 3207 2071 3264 Joanne
2099 3225 2236 3280 apo-

636 3299 800 3366 stolo,
824 3301 935 3357 imo
962 3302 1081 3372 ipso
1102 3301 1214 3357 Deo
1243 3300 1442 3368 Verbo,
1472 3303 1565 3372 qui
1609 3302 1688 3358 sic
1726 3302 1795 3358 de
1832 3317 1891 3357 se
1944 3302 2000 3356 in
2029 3300 2238 3359 Joanne

637 3390 960 3461 loquebatur
1002 3392 1275 3463 apostolo,
1297 3393 1566 3460 refugiunt
1592 3408 1711 3464 qua:
1734 3400 1857 3449 sunt
1890 3392 2238 3449 humanitatis

637 3481 752 3538 Deo
775 3484 1032 3549 tribuere,
1060 3493 1115 3541 et
1142 3486 1358 3541 beatam
1385 3484 1607 3540 Mariam
1637 3485 1819 3541 dicere
1857 3500 1986 3540 vere
2013 3492 2069 3540 et
2112 3501 2241 3556 pro-

638 3576 755 3647 prie
781 3585 1009 3632 matrem
1029 3575 1162 3644 Dei;
1192 3592 1358 3647 quam
1382 3592 1492 3632 non
1530 3575 1801 3646 refugiunt
1822 3576 2005 3633 dicere
2030 3592 2158 3634 vere
2183 3587 2239 3635 et

530 3706 543 3721 .
639 3668 859 3741 proprie
883 3669 1117 3725 hominis
1146 3678 1396 3737 matrem,
1423 3669 1524 3723 nisi
1551 3669 1677 3740 quia
1706 3684 1817 3724 non
1841 3668 2091 3725 eumdem
2117 3685 2238 3726 cre-

636 3764 829 3819 dentes
856 3778 977 3819 esse
996 3762 1187 3830 Deum,
1217 3777 1382 3833 quem
1400 3763 1698 3828 hominem,
1730 3762 1867 3817 duos
1892 3762 2048 3818 nobis
2077 3760 2234 3828 ﬁlios,

637 3853 766 3911 licet
793 3870 902 3911 non
928 3855 1122 3921 verbis,
1166 3856 1324 3910 rebus
1382 3863 1562 3909 tamen
1616 3853 1640 3885 ³
1699 3852 1889 3909 volunt
1942 3853 2236 3909 inducere?

638 3945 749 4002 Nos
776 3956 957 4003 autem
1012 3947 1244 4003 scientes
1295 3947 1612 4019 Apostolum
1669 3944 1918 4001 dixisse:
1978 3945 2236 4017 Optabam

630 4038 777 4091 enim
801 4055 894 4111 ego
922 4038 1034 4106 ipse
1053 4038 1332 4094 anathema
1377 4055 1491 4093 esse
1519 4055 1553 4092 a
1596 4037 1812 4094 Cln'isto
1852 4055 1947 4108 pro
1987 4039 2236 4111 fratribus

640 4130 788 4195 meis,
816 4129 903 4197 qui
927 4136 1048 4181 sunt
1076 4130 1283 4200 cognati
1313 4130 1410 4183 mei
1430 4130 1712 4184 secundum
1741 4124 1972 4193 carnem,
2005 4130 2090 4202 qui
2118 4140 2237 4185 sunt

636 4217 918 4285 Israelitte,
948 4234 1159 4289 alterum
1174 4219 1384 4290 adoptio
1400 4228 1481 4273 est
1508 4219 1755 4289 filiorum,
1786 4228 1837 4272 et
1861 4221 2049 4291 gloria,
2100 4229 2148 4275 et
2172 4230 2240 4275 te-

638 4318 915 4376 stamenta,
939 4318 987 4365 et
1009 4311 1289 4382 legislatio,
1309 4318 1359 4364 et
1388 4312 1579 4377 altum,
1610 4319 1659 4364 et
1688 4312 1945 4381 promissa
1976 4298 2237 4381 :quorum

638 4411 835 4472 patres,
864 4410 916 4457 et
940 4418 1004 4456 ea:
1037 4400 1219 4473 quibus
1275 4400 1508 4456 Christus
1547 4400 1828 4455 securtdum
1873 4415 2104 4465 carnem,
2151 4403 2238 4472 qui

2340 3223 2458 3278 duae
2473 3230 2597 3278 sunt
2622 3230 2804 3293 partes
2834 3238 2845 3275 :
2878 3237 3004 3285 una,
3034 3236 3153 3291 qua:
3183 3237 3283 3293 per
3312 3229 3491 3277 totum
3514 3219 3737 3290 sequitur
3759 3215 3868 3286 Euty-

2311 3314 2456 3371 'chis
2476 3313 2733 3384 principis
2761 3313 2845 3368 sui
2875 3313 3201 3369 sententiam
3226 3331 3242 3381 ;
3268 3314 3376 3369 alia
3408 3329 3561 3380 vero,
3583 3326 3689 3382 qum
3711 3310 3754 3363 in
3790 3304 3865 3376 qui-

2338 3402 2563 3457 busdam
2585 3402 2654 3457 ab
2675 3417 2742 3458 co
2772 3402 3115 3469 dissentiens,
3147 3418 3247 3473 per
3275 3403 3595 3475 superbiam
3632 3409 3785 3455 tamen
3816 3393 3868 3447 dt-

2339 3493 2588 3563 dignatur
2616 3494 2681 3549 ad
2704 3492 2998 3550 Ecclesium
3020 3495 3340 3565 paenitendo
3374 3492 3609 3561 reverti,
3639 3498 3689 3545 ut
3709 3489 3762 3544 de
3778 3484 3865 3556 ipsis

2338 3584 2542 3641 dictum
2567 3584 2815 3640 videatur
2871 3587 2922 3641 in
2945 3586 3164 3656 psalmis
3196 3604 3209 3640 :
3241 3585 3475 3641 Discissi
3503 3592 3636 3648 sunt,
3663 3597 3739 3637 uec
3772 3593 3866 3632 com-

2337 3677 2513 3747 puncti
2539 3684 2660 3731 sunt
2691 3675 2863 3748 (Psal.
2892 3693 3075 3745 ηυγ,
3110 3677 3218 3748 l7).
3250 3678 3394 3733 Nam
3425 3679 3548 3747 quia
3598 3671 3862 3730 contentiosa

2338 3767 2579 3822 vanitate
2606 3778 3063 3837 prtnsunlpserunt
3090 3768 3247 3837 longe
3274 3769 3517 3837 diversa,
3549 3764 3598 3820 id
3647 3771 3719 3818 est
3760 3771 3864 3814 crea-

2328 3857 2529 3912 tricem
2559 3865 2808 3912 naturam
2859 3866 3204 3928 creatamque
3228 3858 3581 3920 confundere,
3613 3850 3761 3909 traditi
3795 3847 3861 3913 π’

2339 3949 2535 4004 mentis
2563 3958 2621 4003 et
2658 3948 2935 4004 erroribus
2984 3947 3164 4004 cordis
3190 3950 3289 4014 sui,
3350 3946 3594 4020 quamvis
3635 3960 3693 4000 ex
3726 3938 3861 3995 eodem

2320 4055 2564 4096 caenoso
2612 4038 2762 4095 fonte
2808 4046 3110 4105 manantes,
3162 4038 3307 4109 juste
3376 4040 3668 4107 meritoque
3712 4024 3861 4086 discissi

2318 4141 2485 4190 sunt.
2517 4132 2624 4189 Sed
2650 4132 2724 4188 illi
2744 4132 2836 4202 qui
2860 4132 3004 4197 licet,
3026 4140 3087 4185 ut
3113 4132 3371 4203 diximus,
3405 4130 3700 4189 recedentes
3723 4123 3765 4178 in
3786 4117 3860 4187 qui

2337 4224 2562 4280 busdam
2611 4224 2680 4280 ab
2711 4224 2878 4294 ipsius
2925 4221 3186 4296 Eutychis
3240 4224 3481 4281 auctoris
3525 4230 3579 4277 et
3619 4213 3778 4287 capitis
3805 4205 3860 4262 ξύ

2339 4317 2623 4383 sententia,
2654 4316 2807 4385 sequi
2834 4324 3014 4370 tamen
3060 4315 3430 4386 dedignantur
3452 4309 3693 4369 Ecclesia
3730 4299 3860 4358 who-

2326 4408 2455 4463 ‘lica:
2483 4408 2803 4473 doctrinam,
2828 4406 2982 4477 cujus
3012 4416 3178 4476 caput
3220 4416 3307 4463 est
3346 4405 3598 4462 Christus
3641 4400 3688 4454 in
3709 4390 3858 4450 ἁωδῧ

639 4503 716 4548 est
738 4511 890 4561 super
913 4495 1089 4547 omnia
1116 4492 1257 4547 Deus
1284 4492 1579 4546 benedictus
1628 4491 1684 4545 in
1734 4492 1929 4546 secuta
1956 4489 2130 4561 (Rom.
2159 4508 2233 4555 ix,
2269 4523 2317 4580 υ
2343 4500 2569 4564 naturis,
2600 4497 2655 4553 id
2683 4507 2767 4553 est
2791 4498 2842 4553 in
2871 4499 3157 4554 divinitate
3200 4506 3366 4570 atque
3416 4492 3739 4554 humanitate.

642 4586 733 4656 5);
782 4602 892 4641 non
955 4585 1184 4640 alterum
1228 4584 1500 4640 Christum
1555 4592 1831 4655 putamus,
1906 4593 1964 4640 et
2013 4585 2239 4641 alterum
2272 4569 2312 4580 ”
2342 4591 2539 4657 fectus,
2568 4599 2823 4659 tanquam
2867 4593 2986 4647 sine
3027 4592 3210 4661 capite
3264 4569 3619 4654 remanentes,
3663 4569 3854 4645 Acephﬂii

644 4692 812 4747 super
831 4677 1010 4733 omnia
1031 4678 1227 4743 Deum;
1272 4677 1367 4732 sed
1393 4677 1644 4732 eumdem
1699 4676 1971 4732 Christum
2021 4677 2245 4733 creden-

645 4781 728 4828 tes
757 4786 919 4843 super
937 4772 1118 4828 omnia
1159 4773 1344 4838 Deum,
1374 4772 1491 4843 ejus
1518 4780 1749 4827 matrem
1776 4772 1989 4826 beatam
2017 4770 2240 4827 Mariam

646 4862 920 4934 Virginem
948 4876 1076 4918 vere
1094 4863 1378 4933 etproprie
1402 4862 1628 4918 dicimus
1653 4870 1882 4918 matrem
1908 4863 2029 4919 Dei.

715 5030 741 5059 α
775 5020 876 5092 Alii
902 5022 1035 5078 alias
1060 5022 1218 5092 hujus
1247 5021 1479 5092 nominis
1491 5036 1683 5078 causas
1705 5020 1957 5092 tradunt,
1978 5029 2035 5076 ut
2058 5020 2227 5076 Leon-

650 5093 757 5163 tius
779 5090 856 5148 De
884 5095 1048 5151 sectis
1073 5090 1193 5163 cap.
1226 5093 1280 5159 5,
1312 5090 1430 5149 Ade
1458 5091 1776 5163 Viennensis
1820 5092 1875 5163 in
1931 5091 2224 5159 Chronico,

644 5162 980 5234 Nicephorus
1008 5166 1102 5220 lib.
1125 5161 1273 5228 ivnt,
1302 5179 1420 5234 cap.
1445 5161 1536 5229 45,
1580 5172 1635 5219 et
1661 5164 1769 5218 alii.
1801 5161 2069 5218 Caeterum
2095 5177 2227 5234 con-

642 5232 1078 5305 stntAcephalos
1124 5232 1734 5305 tandem,'qumcunque
1773 5234 1843 5288 sit
1885 5236 2059 5305 origo,
2107 5232 2231 5305 uni:

644 5317 801 5378 verse
826 5303 1126 5378 appellatos
1154 5303 1561 5377 monophy‘sitas
1590 5303 1796 5378 omnes,
1829 5306 1919 5376 qui
1940 5303 2231 5378 _unicatnin

644 5372 1488 5448 Christo'naturamgstatuébant,
1518 5384 1573 5430 et
1610 5372 1873 5448 synodum
1918 5372 2232 5448 Chalcede—

647 5457 866 5516 nensem
894 5446 1294 5516 oppugnabant,
1320 5447 1442 5503 licet
1472 5447 1613 5502 inter
1639 5443 1697 5501 se
1735 5446 1824 5498 alii
1882 5445 2001 5516 aliis
2029 5443 2234 5516 erroriv

646 5510 747 5568 bus
767 5510 1153 5586 discreparEnt.
1186 5510 1333 5573 Scite
1369 5525 1549 5571 autem
1587 5516 1913 5586 Anastasius
1941 5514 2234 5586 Antioche-

649 5597 771 5652 nus,
799 5591 916 5661 Περὶ
940 5583 1029 5648 ⁴ἰῆς
1052 5595 1275 5662 Χριστοῦ
1297 5590 1599 5658 οἰκονομίας,
1650 5586 1722 5640 ad
1772 5585 1959 5641 decem
2016 5583 2231 5640 illorum

720 5721 738 5795 ξ
766 5718 900 5795 Cod.
923 5722 1152 5791 Verum,
1174 5741 1234 5777 ea
1258 5741 1369 5795 qua:
1387 5724 1558 5779 carnis
1588 5731 1723 5790 siml,
1750 5724 1793 5776 ei
1815 5721 2082 5792 deputare.

717 5794 739 5824 ²
769 5791 910 5851 Ideni
940 5798 1083 5858 001.,
1124 5791 1350 5850 carnem.

2344 4690 2605 4737 vocantur
2624 4691 2651 4720 ι
2672 4698 2704 4736 a
2738 4683 2963 4752 Grzeeis,
2991 4699 3127 4753 quos
3149 4682 3537 4752 significantius
3564 4691 3654 4733 nos
3674 4665 3857 4726 Semicu-

2332 4773 2628 4843 tycliianos
2658 4788 2946 4843 possumus
3000 4773 3292 4843 appellare.
3338 4771 3403 4828 Hi
3460 4785 3582 4839 ergo
3629 4761 3852 4819 scissuram

2340 4860 2800 4936 Eutychianorum
2827 4864 3153 4921 schismatici
3173 4865 3357 4920 dicunt
3376 4865 3638 4936 quoniam,
3658 4856 3697 4910 si
3715 4857 3759 4907 et
3780 4853 3849 4901 una

2329 5024 2649 5095 coryptmos
2683 5025 2964 5104 alludens,
3005 5025 3675 5104 δεκακέρατφὸρκήσερεν,

2330 5088 2592 5167 cornuum
2621 5088 2959 5151 orchestram
3008 5088 3357 5167 nuncupavit.
3395 5088 3755 5167 "Xnoédﬂsrat.

2332 5167 2470 5239 quit,
2502 5170 2532 5225 ἡ
2553 5166 2674 5239 ἁγία
2706 5170 2965 5232 ἐκκλησίκ,
2998 5173 3081 5224 καὶ
3109 5162 3366 5238 edéuxia.
3398 5169 3480 5222 καί
3522 5162 3770 5239 “avo-0.0”

2332 5229 2615 5315 ésodoa'tou',
2647 5243 2729 5315 uari
2759 5229 2963 5315 Uirpmt,
2991 5244 3074 5296 καὶ
3098 5229 3356 5315 Tyrsaga-1.
3381 5310 3401 5315 _
3417 5240 3500 5293 xui

2336 5311 2565 5385 I‘atia‘vbu,
2590 5312 2680 5385 uati
2703 5292 3098 5385 Βαρσέιξδοιὶφιον,
3225 5292 3572 5385 Ἰἀκῶϐονριᾷὶ
3591 5304 3666 5355 τὸν

2337 5386 2426 5457 Τῆς
2450 5367 2997 5457 δεκάκεέἀτοδῖαὗτηέ
3050 5367 3377 5457 buxum-pots.
3418 5367 3635 5457 Σέϐῆρον,
3660 5367 3849 5457 ’τθῖ

2335 5449 2543 5511 locum};
2567 5439 2942 5527 Δ(κ’ἔλφεογιαὶρχαις
2995 5439 3290 5525 τοῦςημὶαἶν
3318 5457 3465 5525 φύσιν
3515 5439 3764 5522 animus?“
3812 5439 3845 5473 η

2336 5530 2539 5594 Χριστῷ
2562 5520 2989 5595 δοᾷματίζιιῖτας.

2408 5722 2430 5754 ³
2457 5721 2598 5776 ltlctn
2622 5720 2765 5787 cod.,
2791 5720 2939 5775 rebus
2965 5729 3136 5776 tamen
3158 5723 3304 5793 ipsis.

2414 5796 2434 5825 ⁸
2463 5794 2626 5850 lieni.
2661 5794 2804 5858 coJ.,
2837 5793 3100 5847 evitemus.
