4060 6364
272 296 383 357 5-ιο

1198 296 1339 358 PRO
1374 294 1794 357 DEFENSIONE
1831 292 2053 352 1‘le!
2087 291 2407 355 CAPITUL.
2441 295 2569 355 LIB.
2608 289 2645 348 ιν

3468 291 3575 352 550

276 414 599 489 praedicetur
622 410 745 470 Filii
776 412 872 471 Dei
902 421 1115 480 natura,
1144 422 1326 484 potest
1344 400 1518 482 accipi
1545 413 1736 468 eadem
1764 427 1870 465 una
1902 415 1951 473 Α
1978 412 2062 468 nis
2080 411 2383 482 passiones.
2416 430 2437 466 ι
2464 412 2630 481 Quasi
2652 409 2794 467 Deus
2817 408 3056 483 loquitur
3074 422 3195 481 qua:
3217 416 3349 466 sunt
3370 408 3573 480 divina,

277 514 471 563 natura
500 505 797 561 secundum
826 504 1031 577 aliquid
1056 514 1262 560 natum
1288 503 1465 561 Patris
1489 518 1610 560 esse
1646 502 1881 559 consub-

277 597 563 664 stantialis,
598 606 653 653 et
681 597 811 654 item
843 597 1140 654 secundum
1168 596 1372 667 aliquid
1402 605 1642 652 nostrae:
1671 595 1776 650 hoc
1797 602 1882 650 est

277 696 462 746 autem
493 689 694 757 dicere,
723 705 826 746 nec
850 688 1024 746 Patris
1043 704 1165 745 eam
1218 696 1428 744 natura:
1448 685 1879 743 consubstantia—

278 778 387 835 lem
417 795 554 845 esse,
578 796 679 836 nec
708 788 931 836 nostrze.
959 780 1203 850 Namque
1257 794 1381 835 cum
1431 777 1635 847 aliquid
1681 775 1883 832 habere
1934 794 1937 795 '

280 868 479 924 dicitur
490 869 604 926 haec
617 885 722 925 una
735 868 854 924 Filii
869 870 963 925 Dei
975 878 1165 925 natura
1189 872 1333 939 quod
1353 868 1532 923 Patris
1553 874 1742 922 natura
1771 882 1881 921 non

282 961 502 1030 habeat,
533 970 589 1017 et
616 977 800 1017 rursus
841 960 1043 1030 aliquid
1094 959 1239 1030 quod
1288 968 1474 1014 nostra
1518 973 1625 1012 non
1664 956 1880 1022 habeat,

283 1068 393 1107 non
423 1052 568 1108 aliud
591 1062 673 1111 est
699 1069 860 1123 quam
886 1069 1006 1109 eam
1030 1068 1232 1124 negare
1263 1049 1783 1109 consubstantialem
1830 1057 1886 1103 et

283 1154 493 1200 natura:
517 1144 662 1200 Patri
692 1152 747 1201 et
774 1154 990 1201 nostrae.
1020 1144 1089 1200 Ut
1116 1145 1259 1200 enim
1315 1159 1415 1199 nos
1450 1150 1600 1199 recte
1638 1140 1887 1197 dieatmis

284 1234 479 1290 Filium
506 1247 562 1291 et
591 1235 735 1291 Patri
766 1252 885 1292 esse
909 1235 1426 1292 consubstantialem
1455 1242 1513 1289 et
1559 1233 1737 1293 nobis.
1767 1246 1890 1302 pro-

286 1339 477 1401 pterea
502 1330 687 1399 utique
715 1328 843 1400 quia
864 1329 993 1384 licet
1016 1344 1179 1384 unam
1226 1326 1470 1384 dicamus
1497 1340 1621 1382 esse
1650 1325 1668 1356 ‘
1714 1337 1891 1393 perso-

287 1434 433 1484 nam,
454 1434 564 1474 non
593 1426 772 1474 tamen
797 1418 1090 1475 difﬁtemur
1116 1417 1263 1490 quod
1298 1418 1357 1472 in
1403 1415 1637 1488 quadam
1677 1421 1891 1489 natura-

286 1526 409 1566 rum
436 1511 695 1566 dualitate
723 1512 999 1577 subsistat,
1027 1519 1087 1566 ut
1113 1509 1410 1567 secundum
1464 1524 1627 1563 unam
1654 1506 1891 1563 consub-

288 1604 559 1658 stantialis
589 1601 735 1658 Patri
760 1604 991 1672 dicatur,
1023 1612 1080 1659 et
1127 1603 1425 1659 secundum
1453 1601 1682 1658 alteram
1709 1599 1886 1656 nobis.

297 1695 468 1751 Unam
498 1713 652 1763 vero,
674 1712 835 1766 quam
859 1697 960 1767 ipsi
981 1696 1166 1753 dicunt
1212 1695 1411 1751 Christi
1454 1709 1576 1752 esse
1618 1699 1889 1756 naturam,

1978 506 2105 576 quia
2122 504 2355 562 Verbum
2376 490 2488 572 esi;
2508 504 2669 576 quasi
2688 504 2857 561 homo
2877 504 3007 561 dicit
3023 518 3147 575 quzr.
3167 513 3294 560 sunt
3315 505 3576 573 humana,

1979 598 2109 668 quia
2142 598 2198 654 in
2245 598 2694 654 measubstantia
2740 597 3082 668 loquebatur,
3126 606 3232 654 etc.
3287 616 3306 652 ι
3342 594 3579 681 Audiunt

1966 690 2098 745 haec
2141 689 2409 746 Ambrosii
2458 689 2624 745 verba
2669 690 2897 745 recitata
2932 688 3001 744 'in
3052 687 3323 759 Ephesius
3366 689 3579 779 synodo

1983 784 2223 852 (Actione
2247 780 2305 852 l)
2341 798 2354 835 :
2387 782 2724 852 cognoscunt
2764 796 2832 836 cx
2873 779 2958 835 his
2999 779 3421 836 condemnatum
3461 794 3580 849 esse

1984 875 2314 941 Nestorium,
2366 873 2559 943 quibus
2584 871 2821 928 dicitur:
2852 869 3142 927 Servemus
3178 869 3579 928 distimtionem

1974 966 2281 1023 divinitatis
2308 972 2365 1021 et
2391 963 2589 1028 carnis,
2643 972 2698 1018 et
2740 962 2883 1034 quod
2924 963 3053 1019 licet
3092 978 3251 1030 unus,
3301 971 3481 1018 tamen
3516 946 3580 1017 in

1986 1066 2219 1128 utroque
2239 1056 2477 1127 loquitur
2499 1055 2593 1112 Dei
2616 1054 2802 1122 Filius,
2833 1055 2937 1111 hoc
2958 1062 3042 1111 est
3064 1056 3117 1110 in
3141 1063 3368 1126 utraque
3390 1066 3583 1121 natura

1986 1149 2282 1205 divinitatis
2312 1150 2571 1206 etcarnis
2618 1166 2631 1202 :
2674 1150 2820 1205 unde
2858 1157 3074 1205 secutus
3102 1148 3330 1218 adjecit,
3376 1149 3501 1221 quia
3522 1148 3583 1210 in

1986 1245 2178 1302 eodem
2208 1252 2435 1313 utraque
2463 1253 2654 1298 natura
2685 1249 2788 1298 est.
2820 1240 2889 1297 Et
2911 1256 3017 1297 non
3041 1242 3368 1297 erubescunt
3393 1228 3585 1311 aperte

1987 1336 2206 1393 mentiri
2258 1334 2401 1406 quod
2452 1332 2693 1403 ejusdem
2747 1331 2938 1404 synodi
2992 1338 3192 1387 statuta
3247 1321 3579 1396 custodiant,

1988 1436 2250 1497 negantes
2266 1425 2540 1484 Christum
2564 1425 2617 1480 in
2647 1424 2855 1479 duabus
2884 1438 3003 1479 esse
3030 1422 3343 1497 naturiskgt
3371 1416 3584 1477 conﬁn-

1990 1528 2181 1589 gcutes
2214 1517 2359 1591 quod
2402 1532 2509 1573 una
2530 1517 2713 1588 potius
2740 1525 2934 1571 natura
2965 1516 3105 1569 facta
3135 1514 3206 1569 sit
3243 1512 3315 1570 ἃ
3354 1512 3587 1579 duabus.

1950 1648 1955 1651 -
1992 1613 2194 1670 Verum
2221 1610 2503 1666 advertant
2531 1608 2659 1681 quid
2687 1609 2851 1663 etiam
2882 1622 2949 1663 ex
2988 1605 3144 1662 dictis
3170 1605 3316 1662 beati
3344 1604 3587 1676 Gregorii

1996 1701 2315 1759 Nazianzeni
2343 1699 2613 1772 prolatum
2639 1699 2715 1754 ibi
2765 1698 2925 1754 fuerit
2969 1705 3157 1753 contra
3199 1695 3366 1767 ipsius
3394 1694 3587 1765 dogma

290 1794 495 1855 negant
522 1788 741 1843 omnino
771 1789 825 1843 in
848 1788 1109 1843 dualitate
1138 1788 1315 1859 aliqua
1338 1786 1634 1851 contineri;
1685 1799 1756 1840 ne
1803 1798 1891 1838 re-

2003 1792 2225 1850 Nestorii
2246 1790 2443 1864 (Epist.
2469 1789 2491 1842 i
2521 1789 2590 1843 ad
2615 1786 2943 1857 Cledonium)
2972 1805 2985 1841 :
3019 1806 3037 1838 ‹
3063 1785 3119 1840 Si
3151 1786 3270 1857 quis
3299 1784 3588 1841 introducit

292 1880 477 1948 quisiti
503 1879 656 1949 cujus
681 1880 760 1934 rei
789 1881 862 1934 sit
893 1881 983 1935 illa
1032 1880 1282 1945 dualitas,
1338 1879 1466 1949 quia
1512 1895 1623 1935 non
1667 1883 1894 1948 possunt

2003 1888 2135 1943 duos
2164 1887 2322 1952 liios,
2347 1897 2516 1938 unum
2539 1881 2754 1952 quidem
2781 1895 2847 1937 ex
2877 1878 2990 1935 Deo
3017 1878 3197 1947 Patre,
3229 1879 3458 1933 alterum
3488 1874 3588 1932 au-

290 1971 403 2041 iam
425 1971 604 2027 dicere
630 1980 967 2036 naturarum.
999 1987 1355 2043 Personarum
1405 1971 1586 2028 dicere
1614 1977 1896 2039 0083mm".
2001 1992 2106 2033 teni
2135 1993 2199 2031 ex
2231 1984 2423 2040 matre,
2474 1982 2530 2029 et
2560 1986 2667 2028 non
2694 1986 2861 2026 unum
2891 1980 2945 2026 et
2983 1970 3269 2039 eumdem,
3300 1969 3590 2055 adoptione

293 2063 440 2134 quod
468 2063 749 2118 nobiscum
778 2072 966 2119 contra
995 2062 1306 2119 Nestorium
1362 2071 1579 2130 negant.
1634 2060 1703 2116 Et
1746 2058 1895 2129 quia.

2003 2066 2465 2133 l‘raudabit-urquae
2493 2060 2757 2134 promissa
2785 2068 2869 2116 est
2895 2068 3045 2115 recte
3072 2058 3437 2115 credentibus.
3481 2057 3559 2114 Na
3576 2089 3591 2100 -

294 2170 419 2209 cum
461 2162 666 2211 natura:
705 2164 898 2210 natura
922 2152 1221 2219 confertur,
1255 2170 1364 2209 non
1394 2163 1577 2225 potest
1600 2154 1620 2184 ³
1671 2152 1743 2208 ibi
1770 2166 1898 2220 pro-

296 2248 532 2301 nuntiari
555 2247 1113 2313 consubstantialitas,
1144 2246 1247 2303 nisi
1279 2256 1392 2303 tota
1413 2246 1513 2303 toﬁ
1530 2254 1798 2315 aequetur,
1840 2254 1901 2301 ut

297 2335 628 2392 deﬁnitionis
656 2337 800 2391 nulla
847 2336 1131 2392 diversitas
1186 2335 1516 2403 intercedat,
1566 2350 1674 2390 non
1717 2346 1898 2391 autem

298 2436 477 2499 potest
499 2444 601 2482 una
624 2443 741 2485 esse
770 2427 1015 2484 deﬁnitio
1038 2436 1244 2483 naturae
1291 2443 1361 2483 ex
1382 2427 1663 2482 divinitate
1711 2436 1769 2483 et
1812 2428 1902 2483 hu-

297 2521 561 2575 manitate
585 2521 923 2591 compositae,
951 2520 993 2577 si
1024 2520 1091 2576 de
1114 2520 1251 2576 Filio
1276 2521 1356 2576 sic
1380 2520 1658 2586 credatur,
1686 2528 1745 2576 et
1771 2522 1903 2576 sitn-

299 2611 455 2681 plicis
500 2620 703 2666 natura:
758 2609 933 2668 Patris
983 2628 1101 2685 quae
1167 2621 1372 2667 tantum
1427 2612 1605 2667 divina
1658 2622 1759 2678 est,
1809 2621 1902 2668 aut

301 2712 497 2757 nostra:
518 2718 635 2774 quae
665 2712 871 2759 tantum
896 2705 1128 2760 humana
1159 2714 1274 2770 est,
1323 2721 1433 2761 non
1474 2720 1611 2775 ergo
1659 2706 1765 2763 erit
1814 2705 1905 2760 Fi-

301 2792 404 2849 lius
432 2802 487 2848 et
514 2792 663 2849 Patri
698 2796 1175 2851 consubstantialis
1203 2804 1258 2852 et
1287 2796 1464 2853 nobis.
1492 2796 1647 2852 ’Etsi
1675 2797 1743 2853 de
1770 2797 1907 2853 Filio

303 2885 383 2940 sic
404 2886 672 2953 credatur,
702 2886 836 2941 duas
862 2885 1109 2941 conﬁteri
1136 2886 1336 2942 debent
1367 2888 1527 2941 unius
1557 2886 1676 2941 Filii
1699 2886 1795 2942 Dei
1819 2903 1908 2941 na-

302 2978 641 3047 turas,quod
685 2978 984 3034 innumeris
1040 2978 1365 3035 testimoniis
1417 2979 1762 3048 antiquorum
1811 2976 1909 3033 Pa-

305 3080 447 3125 trum
479 3073 532 3126 in
557 3071 872 3128 defensione
896 3072 917 3104 ⁸
946 3087 1156 3141 magna:
1202 3072 1395 3145 synodi
1425 3071 1903 3141 Chalcedonensis,

1966 2190 1972 2197 -
2000 2167 2133 2211 turae
2157 2155 2362 2209 etenim
2391 2153 2529 2219 dum,
2572 2148 2713 2207 Deus
2741 2160 2797 2207 et
2823 2151 3009 2216 homo,
3054 2149 3508 2221 quemadmodum
3537 2159 3592 2207 et

2000 2248 2176 2302 anima
2220 2254 2277 2301 et
2296 2260 2523 2316 corpus,
2573 2261 2684 2300 non
2710 2254 2895 2300 autem
2926 2243 3019 2299 ﬁlii
3049 2242 3158 2299 duo
3188 2261 3205 2311 ;
3237 2259 3410 2316 neque
3448 2245 3593 2300 enim

2001 2338 2089 2393 hic
2104 2338 2212 2391 duo
2232 2336 2498 2401 homines,
2526 2334 2654 2391 licet
2671 2335 2749 2392 sic
2769 2334 2966 2390 Paulus
2989 2331 3076 2407 (11
3099 2333 3217 2391 Cor.
3244 2334 3418 2408 1v,16)
3450 2322 3594 2406 quod

2002 2428 2226 2483 interius
2252 2436 2337 2482 est
2364 2427 2598 2482 hominis
2626 2434 2683 2481 et
2710 2426 2734 2459 ¹
2763 2427 3001 2481 exterius
3033 2426 3402 2497 appellaverit.
3444 2424 3511 2481 Et
3538 2435 3596 2482 ut

2003 2521 2241 2576 breviter
2272 2519 2506 2585 dicatur,
2551 2518 2696 2574 aliud
2742 2518 2960 2588 quidem
3006 2526 3061 2574 et
3098 2517 3243 2573 aliud
3293 2535 3360 2574 ex
3402 2518 3597 2589 quibus

2002 2613 2240 2668 salvator
2275 2620 2388 2677 est;
2420 2618 2476 2665 et
2500 2612 2631 2667 licet
2659 2627 2767 2666 non
2798 2610 2853 2666 id
2884 2611 2961 2667 sit
2990 2611 3257 2666 invisibile
3285 2610 3429 2681 quod
3467 2612 3598 2668 visi-

2006 2704 2131 2771 bile,
2193 2712 2539 2773 eLtempore
2585 2718 2775 2759 carens
2824 2703 2968 2773 quod
3013 2703 3113 2759 sub
3154 2712 3434 2774 tempore;
3490 2720 3599 2762 non

2009 2805 2187 2852 tarmen
2236 2796 2373 2850 alius
2422 2802 2477 2850 et
2528 2796 2708 2851 alius:
2743 2795 2899 2851 absit.
2954 2795 3128 2852 Ambo
3177 2799 3376 2853 etenim
3436 2791 3600 2875 unum

2008 2896 2518 2960 temperamentum,
2548 2888 2658 2945 Deo
2680 2890 2896 2959 quidem
2927 2891 3227 2955 incarnato,
3262 2892 3482 2948 homine
3503 2907 3603 2959 au,-

2006 2990 2118 3035 tern
2148 2979 2419 3045 deiﬁ‘eato,
2465 2980 2552 3035 vel
2580 2981 2853 3050 quomodo
2882 2982 3003 3050 quis
3034 2984 3313 3039 nominare
3343 2983 3600 3053 poluerit.

2011 3071 2143 3127 Dico
2169 3079 2351 3126 autem
2380 3070 2520 3125 aliud
2549 3079 2605 3126 et
2633 3071 2795 3125 aliud.
2850 3070 3021 3127 Aliter
3050 3082 3233 3128 autem
3260 3073 3313 3128 in
3345 3054 3605 3131 Trinitatis

304 3170 360 3218 et
381 3163 723 3220 convictione
749 3164 771 3195 ⁸
800 3162 1149 3236 Eutycliiana‘.
1193 3164 1479 3231 vecordiat,
1510 3180 1629 3220 cum
1661 3165 1906 3235 plurimis
1936 3179 1980 3241 ρ
2010 3174 2112 3220 est.
2142 3164 2217 3218 ibi
2246 3163 2445 3219 etenim
2475 3161 2611 3217 alius
2640 3170 2694 3217 et
2732 3162 2867 3217 alius
2896 3172 2981 3218 ρει
3011 3171 3069 3219 ut
3100 3180 3207 3219 non
3234 3165 3607 3241 subsistentia;

306 3262 422 3309 tum
455 3256 622 3310 etiam
654 3274 749 3311 vos
779 3257 1069 3328 probastis.
1109 3256 1190 3311 Ex
1239 3257 1436 3326 quibus
1492 3266 1547 3312 et
1589 3272 1688 3312 nos
1734 3256 1909 3313 adhuc

306 3346 487 3417 aliqua
518 3348 859 3417 proferimus,
922 3349 1021 3403 etsi
1053 3365 1160 3403 non
1203 3347 1368 3403 multa
1396 3362 1641 3414 numero,
1672 3348 1912 3418 pondene

308 3446 489 3496 tamen
516 3442 695 3510 gravia
724 3450 779 3496 ut
810 3452 937 3513 pote
964 3458 1084 3513 qua:
1112 3443 1301 3515 synodi
1348 3441 1630 3513 Ephesium
1680 3443 1786 3499 sint
1812 3458 1911 3498 au-

311 3533 564 3588 ctoritate
590 3532 819 3589 ﬁrmata.
853 3534 931 3590 lbi
961 3536 1105 3589 enim
1134 3524 1345 3605 prolata
1397 3543 1526 3591 sunt
1571 3544 1761 3591 contra
1800 3534 1908 3591 Ne—

311 3624 560 3690 storium,
592 3634 649 3679 et
672 3641 738 3679 cx
764 3625 851 3681 his
879 3626 951 3680 ibi
975 3627 1254 3681 convictus
1281 3635 1445 3696 atque
1466 3626 1761 3684 damnatus
1804 3636 1908 3683 est.

312 3714 448 3783 Quia
474 3718 631 3786 igitur
653 3726 877 3788 utraque
910 3734 1035 3789 pars
1060 3716 1513 3791 Eutycliianorum
1534 3719 1702 3790 ipsius
1722 3720 1911 3792 synodi

313 3808 689 3862 auctoritatem
718 3808 871 3879 sequi
899 3825 959 3866 se
984 3807 1133 3875 dicit,
1165 3808 1412 3866 sufﬁcere
1443 3812 1797 3867 confutationi
1818 3828 1915 3869 eo-

2013 3257 2433 3323 eonl'undamus;
2467 3271 2574 3311 non
2601 3255 2743 3311 aliud
2773 3264 2823 3311 et
2857 3256 3028 3327 aliud,
3084 3275 3247 3314 unum
3277 3261 3476 3315 etenim
3508 3262 3608 3317 tria

2013 3358 2070 3404 et
2121 3348 2264 3403 idem
2306 3347 2607 3403 divinitate.
2648 3366 2666 3399 ι
2726 3345 2859 3401 Cum
2917 3348 3077 3417 igitur
3131 3358 3186 3405 et
3239 3350 3325 3406 hic
3355 3353 3607 3433 audiant,,

1998 3444 2138 3513 .quia
2167 3451 2372 3497 natura:
2401 3442 2518 3496 (lose
2544 3448 2672 3496 sunt
2704 3440 2843 3495 Deus
2874 3450 2927 3496 et
2956 3441 3141 3508 homo,
3186 3459 3287 3499 nec
3312 3453 3371 3499 ut
3397 3445 3483 3499 isti
3517 3462 3612 3523 vu-

2012 3535 2132 3589 lunt
2180 3548 2284 3589 una
2332 3533 2546 3588 dicatur
2590 3547 2657 3588 ex
2715 3542 2942 3602 utraque
2984 3536 3320 3605 composita;
3381 3551 3614 3607 cumque

2017 3628 2175 3683 simul
2221 3628 2541 3692 advertant,
2591 3626 2718 3696 quia
2767 3626 2905 3681 sicut
2944 3627 2996 3681 in
3045 3626 3310 3683 Trinitate
3349 3629 3487 3684 alius
3534 3612 3614 3699 est

2020 3719 2199 3785 Pater,
2247 3728 2305 3775 et
2334 3719 2470 3773 alius
2500 3725 2584 3773 est
2613 3717 2807 3783 Filius,
2865 3726 2919 3772 et
2948 3717 3084 3773 alius
3116 3719 3347 3790 Spiritus
3375 3728 3613 3785 sanctus,

2019 3821 2077 3868 et
2118 3813 2232 3867 hate
2272 3812 2373 3866 tria
2423 3811 2643 3865 nomina
2680 3826 2797 3865 'non
2847 3802 3004 3865 Unius
3043 3826 3323 3880 personae,
3371 3812 3618 3885 quamvis

314 3910 433 3954 rum
462 3900 735 3966 existimo,
760 3900 806 3953 si
834 3900 953 3956 aliis
974 3900 1187 3956 omissis
1208 3900 1314 3956 hoc
1331 3901 1507 3957 solum
1528 3901 1751 3968 eiareat,
1770 3901 1919 3972 quod
2008 3905 2181 3959 unius
2225 3912 2428 3958 natum
2466 3902 2591 3966 sint,
2626 3900 2698 3955 ita
2745 3901 2904 3956 etiam
2934 3900 3231 3957 in'Cbristo
3277 3919 3385 3957 non
3416 3918 3519 3957 una
3550 3903 3618 3969 sit

316 3991 432 4061 ipsa
462 4005 677 4061 quoque
742 3992 874 4048 duas
921 3993 1215 4049 ﬁrmaverit
1258 3992 1457 4049 Christi
1506 4008 1629 4050 esse
1676 4003 1916 4061 naturas,
2013 3994 2500 4063 natura,quamvis
2522 4006 2625 4046 una
2648 4006 2879 4061 persona
2906 3990 3309 4063 sitz‘quomodo
3332 3976 3619 4066 EutyehiaQ

317 4099 440 4139 cum
468 4086 688 4154 protulit
711 4086 966 4142 adversus
1004 4085 1308 4142 Nestorium
1363 4101 1432 4141 ex
1493 4086 1731 4142 secundo
1783 4085 1921 4140 libro
2008 4089 2098 4150 ni,
2148 4087 2193 4141 si
2216 4084 2477 4154 Gregorio
2501 4083 2727 4139 credunt
2760 4086 2847 4139 vel
2873 4087 3052 4156 potius
3074 4084 3359 4157 Ephesium
3386 4074 3621 4159 synodo,

316 4172 465 4229 beati
493 4176 761 4231 Ambrosii
792 4174 858 4229 ad
884 4175 1198 4231 Gratianum
1228 4176 1607 4246 imperatorem
1657 4174 1811 4247 (Cap.
1841 4174 1920 4246 4)..
2016 4178 2347 4233 non'vident
2376 4177 2529 4247 quod
2574 4177 2813 4248 ejusdem
2847 4174 3236 4248 profanationis
3280 4177 3372 4245 sit,
3427 4177 3472 4231 si
3512 4192 3621 4236 una

318 4264 500 4319 dicens
533 4264 553 4294 ⁶
586 4282 599 4318 :
639 4285 656 4317 ι
692 4266 899 4321 Sileant
927 4267 1088 4335 igitur
1117 4267 1302 4322 inanes
1327 4266 1394 4321 de
1417 4267 1756 4323 sermonibus
1780 4282 1926 4336 qua:-
2020 4267 2232 4323 dieatur
2256 4267 2455 4322 Christi
2484 4283 2605 4323 esse
2625 4276 2848 4333 natura,
2899 4266 3052 4335 cujus
3092 4267 3484 4337 prot‘anationis
3540 4276 3623 4325 est

322 4354 550 4411 stiones:
572 4356 696 4425 quia
727 4372 949 4425 regnum
978 4358 1093 4421 Dei,
1118 4359 1259 4411 sicut
1286 4358 1546 4427 scriptum
1574 4368 1676 4425 est,
1734 4374 1842 4415 non
1871 4358 1925 4415 in
2022 4360 2074 4414 si
2106 4374 2210 4413 una
2241 4358 2451 4414 dicatur
2497 4357 2673 4414 Patris
2703 4367 2758 4414 et
2796 4355 2917 4413 Filii
2947 4366 3000 4411 et
3028 4354 3258 4428 Spiritus
3288 4357 3459 4413 sancti
3502 4371 3624 4415 esse

324 4449 673 4517 persuasione
693 4450 843 4504 verbi
872 4458 974 4516 est,
997 4450 1090 4505 sed
1126 4452 1178 4505 in
1207 4450 1518 4506 ostensione
1541 4451 1775 4507 virtutis.
1801 4450 1928 4507 Ser-
2026 4462 2262 4519 persona
2284 4448 2310 4502 τ’
2359 4446 2660 4520 Utrumque
2682 4448 2863 4504 simile
2910 4461 3030 4502 esse
3059 4445 3315 4517 praedicta
3364 4446 3623 4520 synodus,

324 4552 511 4593 vernus
538 4539 939 4594 distinctionem
967 4539 1265 4595 divinitatis
1313 4549 1371 4596 et
1404 4540 1582 4595 carnis

323 4640 553 4701 utraque
572 4632 811 4702 loquitur
832 4630 1127 4699 DeiFilius,
1143 4633 1271 4703 quia
1288 4632 1341 4687 in
1365 4632 1560 4690 eodem
1588 4642 1814 4703 utraque
1827 4646 1925 4689 na-

325 4728 446 4776 tura
471 4719 659 4777 est.Et
679 4724 724 4778 si
744 4722 888 4778 idem
914 4723 1176 4792 loquitur,
1208 4739 1316 4778 non
1347 4740 1455 4779 uno
1484 4739 1698 4793 semper
1744 4724 1923 4794 loqui-

330 4822 415 4870 tur
425 4814 609 4872 modo.
632 4835 653 4870 ›
672 4815 897 4873 Intende
909 4817 965 4873 in
983 4832 1051 4873 eo
1072 4832 1215 4873 nunc
1226 4818 1453 4888 gloriam
1470 4818 1585 4885 Dei,
1598 4832 1749 4874 nunc
1760 4817 1929 4872 homi-

404 5013 434 5077 ξ
472 5001 766 5077 Epistolam
786 5003 854 5077 ad
875 5004 1207 5077 Dionysium,
1236 5019 1397 5077 quam
1418 5002 1751 5077 Julio_pa_p:e_
1762 5002 1929 5057 ascri-

330 5071 535 5132 hebant
566 5074 844 5144 Acephali,
876 5071 1227 5131 Julii'revera
1254 5071 1426 5130 inisse
1455 5071 1684 5144 credidit
1714 5072 1932 5144 Genna-

332 5144 452 5216 dius
478 5141 923 5216 inScriptoribus
952 5145 1328 5216 ecclesiasticis
1368 5141 1573 5216 cap.‘_2_,
1600 5142 1932 5216 subdititiam

333 5214 626 5271 Facundus
655 5211 961 5284 suspicatur
990 5217 1093 5271 hoc
1122 5215 1260 5279 loco,
1294 5223 1348 5269 et
1377 5211 1518 5284 apud
1546 5213 1801 5284 i’liotium
1831 5211 1937 5284 Eu—

332 5284 508 5354 logius
529 5282 919 5342 Alexandrinus
936 5295 1075 5340 orat.
1102 5285 1166 5349 ὃς
1192 5282 1444 5338 Leontius
1464 5300 1595 5339 vero
1608 5282 1937 5355 Byzantius,

334 5353 430 5427 qui
470 5364 526 5413 et
571 5357 816 5428 epistol-.e
867 5357 1031 5412 verba
1076 5355 1272 5411 recitat
1319 5355 1515 5425 quibus
1570 5353 1939 5408 abutebantur

411 5513 431 5548 ί
462 5512 579 5569 Cod
611 5513 833 5576 Veram,
864 5513 975 5583 ejus
1003 5529 1144 5577 esse,

412 5587 433 5618 ¹
461 5584 604 5639 Idem
624 5587 770 5651 cod.,
786 5582 1187 5654 totiutiquetotaf
1202 5582 1604 5651 confertur,'non
1619 5589 1806 5652 potest,
1822 5588 1929 5654 etc.

415 5656 436 5688 ³
458 5655 602 5709 Idem
623 5656 745 5711 cod.
764 5697 779 5721 ,
810 5663 859 5709 et
889 5652 1054 5708 nobis.
1082 5653 1188 5708 Sed
1205 5654 1324 5721 quia
1346 5661 1394 5706 et
1425 5669 1599 5706 ven...
1633 5661 1687 5704 ut
1734 5662 1784 5705 et
1830 5652 1933 5719 ipsi

376 5742 541 5794 noque
563 5742 665 5779 non
687 5726 963 5797 denegem,
993 5725 1129 5789 quod
1154 5733 1204 5777 et
1237 5724 1382 5775 l’alri
1408 5722 1475 5775 sit
1508 5721 1928 5775 consubstantia-

337 5746 409 5854 λε
441 5806 490 5850 et
510 5796 676 5854 nobis.
700 5796 832 5850 duas
862 5796 1095 5854 conﬁteri
1134 5792 1316 5850 debent
1363 5793 1514 5848 unius
1549 5790 1677 5847 Filii
1708 5791 1806 5847 Dei
1832 5808 1928 5846 na-

365 5802 409 5853 is
441 5790 490 5850 et
510 5796 676 5858 nobis,
700 5790 839 5850 ὠιπὲ
862 5796 1095 5865 conﬁteri
1134 5792 1316 5850 debent
1363 5793 1514 5848 unius
1549 5790 1677 5847 Filii
1708 5791 1806 5847 Dei
1832 5808 1931 5846 na-

352 5879 493 5921 turas
505 5886 523 5933 ;
548 5866 686 5937 quod
704 5867 1008 5934 innumeris,
1041 5874 1146 5921 ctc.

1623 4557 1637 4593 :
1690 4555 1830 4596 unus
1873 4540 1926 4596 in
1956 4571 2008 4631 Β
2034 4547 2175 4595 teste
2192 4536 2478 4608 Gregorio,
2507 4538 2929 4594 demonstravit.
2952 4536 3090 4605 Quid
3134 4542 3312 4591 autem
3343 4536 3463 4595 illos
3492 4554 3625 4621 conf

2031 4643 2114 4692 tra
2146 4636 2261 4691 haec
2290 4635 2687 4690 evidentissima
2712 4633 2941 4689 Patrum
2969 4632 3276 4689 teStimonia
3304 4632 3494 4702 juvare
3524 4649 3627 4703 po-

2033 4728 2193 4794 terit,
2239 4726 2383 4796 quod
2414 4727 2479 4787 in~
2497 4727 2851 4782 assertionem
2900 4725 3175 4781 vanissimi
3204 4723 3287 4780 sui
3315 4726 3517 4781 erroris
3544 4724 3628 4779 di-

2034 4826 2195 4886 cunt,
2254 4817 2452 4874 iulium
2506 4817 2814 4874 Romanum
2860 4817 3176 4888 episcopum
3225 4826 3251 4853 ιι
3296 4814 3481 4871 nescio
3535 4814 3628 4869 ubi

2038 5000 2376 5074 Eutychiani,
2410 5016 2514 5056 non
2554 4998 2698 5074 Julii,
2745 4997 2837 5074 sed
2880 4996 3205 5074 Apollinaris
3231 4993 3485 5074 breretic_i_
3510 5008 3631 5074 eam

2040 5065 2393 5126 fuisse-docet
2417 5086 2535 5138 cap.
2590 5069 2623 5124 8
2651 5070 2717 5124 de
2753 5065 2953 5125 Sectis.
3007 5068 3161 5136 Quod
3192 5068 3364 5136 ipsum
3398 5065 3632 5138 alllrtnat

2042 5143 2358 5216 Anastasius
2386 5141 2438 5194 iu
2465 5132 2672 5216 Ecloge
2691 5163 2729 5212 χ
2736 5146 2953 5216 piis-sani,
2984 5132 3190 5216 et'ante
3214 5132 3634 5216 utrumqueily-

2043 5213 2221 5283 patius
2263 5214 2549 5283 episcopus
2576 5203 2879 5283 Epli'esinus
2907 5210 2960 5283 in
3000 5206 3452 5283 collatione__cu_m
3492 5203 3633 5259 Ace-

2045 5274 2224 5354 phalis
2268 5274 2465 5337 b'abita'
2482 5274 2951 5351 Constantinopoli
2983 5294 2997 5332 :
3032 5275 3178 5332 Beati
3218 5274 3349 5331 Iulii
3376 5276 3635 5401 [αηιῖἇὲἒ

3549 5361 3633 5400 am

2116 5506 2139 5538 ‘
2162 5504 2305 5562 Idem
2328 5506 2475 5575 cod.,
2506 5506 2876 5576 defensionem.

2116 5578 2138 5611 ³
2181 5578 2325 5632 Idem
2349 5577 2497 5645 cod.,
2520 5579 2911 5631 ronvictionrm.

2119 5650 2139 5680 ‘
2161 5650 2306 5705 Idem
2339 5647 2485 5713 cod.,
2517 5647 2757 5700 dicentis.

2114 5720 2135 5751 ⁷
2174 5718 2318 5774 Idem
2350 5717 2497 5789 cod.,
2526 5717 2626 5787 ﬁlii
2668 5725 2838 5770 autem
2883 5735 2987 5773 non
3034 5720 3157 5783 duo,
3206 5732 3370 5789 neque
3410 5715 3513 5776 dii,
3541 5713 3634 5789 tle:

2002 5788 2005 5793 λ
2041 5807 2146 5877 que
2168 5783 2502 5877 'enin‘tmh’ic,"
2527 5783 2631 5841 etc.
2685 5800 2950 5844 consonat
2977 5800 3156 5846 textus
3177 5783 3382 5857 succus
3414 5804 3427 5840 :
3459 5788 3561 5841 υἱοὶ
3584 5783 3642 5842 δι

2044 5857 2096 5915 ’5-5
2119 5860 2233 5921 δύο,
2260 5857 2374 5912 οὖῗέ
2404 5862 2523 5912 ’ssi.
