4060 6364
472 183 573 240 55!

1583 188 1878 247 FACUNDI
1917 189 2126 250 EPISC.
2162 190 2672 258 HERMIANENSIS

3687 211 3795 275 53!

472 297 812 372 mou-ipsisne
840 297 858 331 ¹
883 294 1027 369 quod
1059 312 1162 354 una
1191 295 1265 354 sit
1306 297 1506 355 Christi
1554 303 1791 356 natura?
1838 316 1964 357 cum
2015 301 2066 356 in
2095 306 2144 365 Α
2171 304 2295 374 quia
2325 306 2492 375 ipsius
2521 307 2806 380 Ephesium
2833 285 3022 387 synodi
3054 317 3258 388 primus
3283 319 3384 377 fuit
3415 322 3559 380 idem
3587 326 3791 386 beatus

473 389 666 446 eadem
704 397 887 444 sancta
933 385 1145 459 synodo
1191 387 1489 460 Ephesius,
1537 389 1643 446 hoc
1688 391 1864 450 solum
1906 392 2072 463 ipsius

473 480 619 537 beati
645 477 770 535 Julii
798 487 985 536 contra
1005 478 1317 536 Nestorium
1345 484 1632 540 recitatum
1662 483 1827 541 fuerit
1857 501 1927 541 ex
1951 485 2072 558 epi-

471 567 615 624 stola
635 567 700 622 ad
722 565 1071 624 Prosdocium
1089 570 1129 636 °,
1165 569 1218 625 in
1247 585 1352 640 qua
1374 572 1452 626 ait
1479 573 1716 644 (Actione
1740 573 1795 644 ι)
1823 592 1837 628 :
1875 593 1892 628 ‹
1924 573 2073 631 Prag-

472 657 681 714 dicatur
708 673 839 715 vero
865 658 934 714 ad
961 660 1399 732 supplementum
1429 663 1554 720 fidei
1586 673 1642 720 et
1669 665 1980 724 incarnatus
2005 683 2075 723 ex

472 745 641 804 Maria
661 747 881 818 Virgine
918 748 1086 808 Filius
1107 753 1148 817 ³,
1177 761 1234 808 et
1254 753 1507 810 habitans
1523 753 1578 825 in
1602 754 1932 822 hominibus,
1964 773 2074 812 non

469 839 526 897 in
551 840 773 897 homine
801 851 1057 913 operatus
1084 886 1100 911 ,
1131 843 1239 899 hoc
1266 845 1412 900 enim
1439 846 1494 901 in
1517 847 1795 918 prophetis
1823 847 2000 903 fuerat
2021 856 2077 903 et

467 931 728 1003 apostolis
765 949 779 986 :
809 932 1080 1004 perfectus
1107 934 1250 990 Deus
1279 935 1333 990 in
1360 951 1546 1003 carne,
1591 946 1648 992 et
1676 938 1840 994 homo
1869 937 2076 1010 perfec-

469 1032 557 1080 tus
586 1024 640 1079 in
668 1024 890 1096 spiritu;
938 1041 1048 1082 non
1077 1027 1184 1083 duo
1215 1028 1307 1084 ﬁlii
1332 1068 1348 1095 ,
1397 1045 1537 1085 unus
1576 1030 1794 1101 quidem
1825 1032 2076 1104 proprius

466 1113 637 1170 Filius
659 1130 944 1172 assumens
964 1116 1257 1184 hominem,
1281 1119 1419 1175 alter
1439 1136 1568 1176 vero
1591 1122 1840 1177 mortalis
1861 1138 2078 1195 suscep-

469 1211 556 1260 tus
585 1219 615 1258 a
645 1203 787 1271 Deo;
820 1204 915 1261 sed
947 1223 1083 1263 unus
1113 1208 1418 1279 unigenitus
1445 1211 1499 1267 iu
1539 1212 1700 1277 caelo,
1757 1213 2069 1284 unigenitus

469 1293 612 1351 Deus
643 1295 694 1351 in
728 1305 888 1352 terra.
929 1318 946 1350 ι
984 1298 1100 1354 Non
1129 1301 1291 1368 aliud,
1338 1311 1535 1374 praeter
1561 1303 1703 1359 hanc
1732 1304 1802 1360 ad
1831 1305 2069 1363 Prosdo-

468 1386 612 1443 cium
638 1388 947 1459 epitolam,
995 1408 1063 1447 ex
1091 1393 1249 1450 dictis
1290 1395 1436 1451 beati
1479 1396 1604 1452 Julii
1636 1398 1690 1454 in
1735 1399 1827 1454 illa
1866 1400 2075 1473 synodo

469 1480 740 1550 prolatum
772 1490 874 1550 est,
905 1483 951 1540 si
981 1500 1086 1554 qua
1116 1485 1341 1544 forsitan
1386 1490 1489 1545 alia
1531 1492 1763 1563 scripsit,
1798 1510 1973 1564 neque
2000 1511 2070 1551 ex

467 1571 572 1628 hac
601 1573 830 1643 epistola
880 1574 1083 1647 aliquid
1130 1580 1379 1649 amplius.
1431 1579 1543 1636 Cur
1589 1584 1754 1652 igitur
1796 1601 1903 1641 non
1944 1586 2072 1641 illud

2174 394 2428 467 Cyrillus,
2458 401 2549 468 qui
2581 417 2688 457 non
2717 411 2919 461 temere
2935 407 3238 466 credendus
3267 420 3347 468 est
3375 413 3479 470 sibi
3505 419 3792 477 exstitisse

2174 491 2498 545 contrarius.
2530 490 2687 559 Quod
2715 495 2762 551 si
2793 497 2954 553 etiam
2985 499 3193 568 fuisset,
3227 520 3334 560 non
3367 505 3418 561 in
3451 524 3518 564 eo
3549 526 3796 581 sequen-

2174 577 2276 634 dus
2301 588 2440 647 erat,
2493 584 2638 653 quod
2679 587 2930 657 privatim
2973 593 3216 662 singulis,
3267 605 3326 650 ut
3364 599 3412 653 ei
3455 577 3647 657 visunr
3681 617 3789 676 est,

2173 669 2395 740 dixisse,
2422 674 2514 730 sed
2541 677 2718 746 potius
2731 681 2877 750 quod
2898 697 3020 738 cum
3045 693 3278 743 tractatu
3296 705 3360 743 ac
3383 669 3788 752 deliberatione

2175 764 2366 834 synodi
2417 766 3105 832 docuisse‘communiter
3153 781 3489 848 probaretur.
3551 784 3692 839 Nam
3737 798 3792 842 et

2175 867 2296 908 cum
2319 865 2538 913 sanctus
2558 858 2794 918 Joannes
2814 864 3180 924 Antiocheuus
3203 880 3257 925 et
3281 877 3461 929 cretcri
3480 877 3789 934 orientales

2176 952 2340 1015 atque
2361 948 2588 1006 aliarum
2606 954 3005 1022 provinciarum
3028 961 3285 1032 episc0pi,
3312 966 3624 1035 pnedictuin
3653 971 3786 1026 bea-

2177 1044 2288 1092 tum
2310 1037 2567 1111 Cyrillum
2595 1054 2868 1116 putarent,
2893 1052 3031 1107 sicut
3056 1071 3200 1111 nunc
3221 1055 3538 1130 Eutychiani
3566 1083 3578 1133 ι
3601 1075 3783 1131 utaut,

2175 1130 2335 1185 unius
2370 1133 2643 1190 Christum
2681 1140 2977 1208 prmdicare
3025 1154 3250 1211 naturae,
3301 1160 3354 1204 et
3385 1153 3454 1207 ob
3499 1155 3606 1208 hoc
3652 1173 3784 1211 eum

2175 1220 2303 1277 licet
2330 1226 2592 1294 probabili
2622 1232 2740 1286 zelo
2771 1233 2927 1302 iidei,
2974 1245 3152 1295 tamen
3184 1241 3428 1313 improbe
3465 1246 3783 1316 judicarent

2175 1312 2489 1372 haereticum
2515 1337 2528 1372 :
2555 1325 2899 1394 omnipotens
2921 1327 3081 1395 Deus,
3117 1333 3270 1402 cujus
3293 1337 3505 1406 sapiens
3525 1349 3584 1394 et
3608 1343 3782 1396 mira-

2175 1407 2297 1465 bilis
2348 1412 2564 1470 bonitas
2609 1417 2857 1476 humana:
2888 1423 3205 1494 ignorantia:
3249 1430 3448 1487 malum
3498 1443 3682 1504 potest
3727 1437 3780 1493 iu

2175 1515 2331 1556 usum
2353 1503 2614 1563 doctrina:
2631 1522 2970 1584 convertere,
2999 1517 3160 1573 talem
3178 1519 3325 1576 dedit
3343 1525 3548 1579 exitum
3573 1543 3778 1597 causae,

2176 1597 2234 1644 ut
2263 1592 2352 1646 illa
2407 1597 2751 1656 orientalium
2800 1605 3136 1678 aliarumque
3185 1615 3585 1681 provinciarum
3639 1621 3779 1675 anti-

466 1664 669 1736 potius,
717 1664 863 1736 quod
892 1667 960 1722 de
991 1684 1096 1723 una
1121 1668 1322 1727 Christi
1352 1681 1542 1728 natura
1571 1673 1659 1728 isti
1683 1674 2070 1731 circumferunt
2103 1696 2148 1756 Β
2174 1686 2360 1740 stitum
2407 1687 2542 1744 falsa
2590 1692 2658 1746 de
2703 1695 2861 1753 beato
2901 1664 3101 1772 Cyrillo
3151 1664 3574 1774 suspicio-nihil
3625 1714 3777 1768 nobis

466 1762 726 1824 tanquam
766 1756 834 1812 ab
865 1757 983 1829 ipso
1022 1759 1183 1814 beato
1210 1760 1355 1818 Julio
1382 1764 1674 1833 scriptmu,
1725 1766 1811 1820 vel
1838 1783 2069 1836 qumque

465 1846 684 1915 similia,
731 1863 850 1917 quae
891 1850 1171 1920 scripsisse
1217 1860 1503 1910 autumant
1539 1855 1684 1911 alios
1727 1858 2068 1915 venerabiles

466 1933 683 2001 Patres,
733 1939 789 1993 in
831 1940 1041 2009 synodo
1080 1943 1308 1998 recitata
1338 1954 1465 2000 sunt
1502 1955 1692 2002 contra
1721 1946 2068 2006 Nestorium?

468 2026 603 2081 Nam
647 2027 760 2098 ipsa
790 2030 961 2099 magis
1003 2030 1120 2102 ejus
1147 2032 1386 2102 dogmati
1415 2038 1691 2093 contraria
1730 2038 2063 2097 viderentur.

466 2119 604 2187 Quid
634 2121 775 2176 enim
797 2122 912 2191 jam
952 2127 1335 2183 controversia:
1364 2130 1736 2197 remansisset,
1780 2131 1926 2201 quod
1961 2149 2065 2188 una

466 2221 614 2268 esset
643 2213 783 2270 illius
808 2214 905 2272 Dei
933 2216 1168 2275 hominis
1191 2220 1566 2292 subsistentia,
1598 2225 1714 2282 sive
1737 2241 1988 2298 persona,
2020 2230 2066 2284 si

463 2302 828 2372 probarentur
855 2303 1045 2363 Patres
1075 2309 1222 2378 quod
1251 2311 1413 2366 etiam
1458 2329 1621 2370 unam
1650 2316 2066 2386 praedicaverint

462 2393 582 2465 ejus
602 2409 723 2452 esse
743 2400 1028 2452 naturam?
1053 2398 1219 2469 Igitur
1239 2409 1297 2458 ut
1316 2404 1494 2460 omnis
1514 2406 1794 2463 auferatur
1813 2411 2062 2480 qumstio,

459 2486 508 2542 si
534 2502 647 2542 non
673 2497 864 2559 postea
885 2491 1116 2562 epistola
1139 2492 1229 2549 illa
1253 2495 1502 2554 conlecta
1524 2508 1626 2565 est,
1657 2510 1753 2556 aut
1771 2502 1914 2558 beati
1933 2502 2064 2561 Julii

459 2591 583 2634 eam
611 2594 719 2635 non
748 2596 889 2649 esse,
936 2583 1076 2640 sicut
1103 2586 1274 2656 magis
1301 2589 1629 2646 credendum
1652 2601 1774 2663 est,
1821 2596 2062 2668 synodus

457 2667 754 2734 indicavit;
802 2679 897 2726 aut
938 2673 1103 2730 etiam
1133 2683 1189 2730 et
1215 2676 1260 2732 si
1291 2677 1407 2748 ejus
1453 2695 1579 2738 esse
1620 2667 1870 2752 credidit,
1917 2689 2062 2757 quod

458 2771 563 2828 ego
609 2773 716 2813 non
747 2759 889 2828 dico,
940 2770 999 2817 ut
1027 2764 1188 2819 aliam
1217 2768 1388 2837 magis
1429 2785 1592 2839 quam
1620 2771 1790 2844 ipsam
1817 2775 2061 2845 ejusdem

457 2853 632 2909 sancti
676 2851 802 2910 Julii
839 2864 1030 2913 contra
1058 2858 1368 2919 Nestorium
1410 2865 1700 2936 proferret,
1753 2884 1864 2925 non
1894 2886 1961 2925 ex
1991 2887 2059 2928 eo

458 2943 606 3016 quod
633 2945 844 3004 incaute
871 2948 1077 3006 dictum
1131 2963 1220 3009 est
1256 2957 1585 3014 contra-rium
1630 2975 1872 3017 errorem
1913 2961 2059 3032 judi-

457 3138 580 3195 quaa
607 3142 674 3182 ex
701 3130 922 3186 nomine
943 3133 1174 3191 aliorum
1198 3137 1540 3208 antiquorum
1563 3141 1845 3212 Ephesium
1865 3147 2060 3218 synodi

457 3215 704 3286 Patrum,
752 3222 838 3278 vel
866 3222 1021 3295 falsa,
1051 3227 1139 3282 vel
1169 3230 1310 3285 male
1339 3231 1615 3289 intellecta
1641 3215 1927 3307 ventilant,
1961 3256 2061 3296 nos

455 3310 788 3379 respondere
826 3325 1205 3385 cognoscant:
1250 3323 1507 3390 quoniam
1554 3325 1600 3380 si
1648 3341 1776 3382 vera
1824 3330 2056 3398 fuerant,

458 3407 554 3454 aut
582 3400 723 3456 sicut
751 3402 854 3476 ipsi
884 3406 1076 3463 volunt
1101 3409 1468 3481 intelligenda,
1501 3415 1582 3471 eis
1611 3419 1858 3487 protinus
1887 3421 2061 3492 Ephe-

454 3491 574 3549 sina
605 3495 844 3567 synodus
865 3498 1172 3558 Nestorium
1195 3505 1476 3564 refutaret.
1511 3509 1652 3567 Nihil
1674 3513 1836 3583 igitur
1857 3491 2057 3574 habent

453 3583 603 3653 quod
656 3585 724 3641 de
752 3603 945 3659 magno
975 3591 1404 3656 Chalcedonensi
1451 3605 1685 3660 concilio
1733 3605 2055 3681 Eutychiani

451 3673 539 3728 vel
567 3674 1032 3752 Semieutychiani
1060 3696 1377 3758 querantur,
1410 3695 1667 3763 quoniam
1697 3673 1969 3757 Christum
1999 3703 2054 3760 in

452 3763 658 3822 duabus
687 3783 809 3827 esse
838 3775 1065 3842 naturis,
1095 3780 1393 3838 secundum
1416 3785 1612 3856 prioris
1642 3787 1931 3861 Ephesium
1959 3812 2052 3867 sy-

450 3855 602 3924 nodi,
643 3874 806 3930 quam
857 3863 1136 3924 nobiscum
1175 3855 1492 3944 suscipiunt,
1542 3855 1744 3936 statuta
1793 3855 2047 3941 firmavit.

449 3945 560 4003 Sed
589 3966 690 4007 nec
719 3968 789 4009 ex
816 3954 975 4014 dictis
999 3959 1144 4017 beati
1173 3962 1381 4037 Cyrilli,
1432 3985 1555 4042 qua:
1581 3973 1711 4044 alia,
1760 3975 1903 4032 sicut
1929 3995 2052 4036 cre-

447 4039 682 4101 dendum
713 4057 814 4116 est,
858 4050 1160 4113 intentione
1189 4061 1400 4130 prolata
1431 4039 1590 4121 simul
1621 4066 1642 4098 ³
1670 4039 1814 4127 male
1843 4071 2046 4129 intelli-

446 4143 598 4202 gunt,
630 4148 818 4196 contra
849 4141 1044 4201 horum
1067 4148 1394 4208 evidentiam
1423 4156 1616 4214 merito
1645 4170 1875 4229 possunt
1902 4163 2044 4233 obji-

446 4237 571 4280 cere
601 4245 613 4281 :
645 4232 902 4300 quoniam
933 4236 1021 4292 vel
1047 4237 1091 4293 si
1121 4241 1189 4296 ab
1212 4241 1297 4298 his
1327 4246 1651 4304 testimoniis
1681 4251 1898 4307 Patrum
1924 4232 2044 4324 qua:

445 4312 500 4369 in
522 4314 785 4388 Ephesiua
800 4328 1008 4396 synodo
1032 4329 1238 4388 firmata
1260 4345 1387 4390 sunt
1408 4337 1688 4396 dissonare
1729 4312 2041 4414 credunlur,

445 4417 555 4460 non
587 4421 810 4477 possunt
831 4417 1074 4483 praeferri
1098 4421 1216 4478 sive
1241 4424 1475 4481 conferri
1503 4427 1738 4486 decretis
1762 4435 2041 4505 synodali-

447 4490 569 4560 bus,
601 4510 720 4567 quae
743 4499 983 4575 suscepit
1007 4507 1608 4591 universalisEcclesia.
1657 4519 1774 4578 Huc
1792 4490 2040 4598 laccedi't,

443 4646 883 4751 illotszpis'to'lgm
905 4661 1506 4751 manifesfedpollinaris
1520 4674 1838 4751 ostendimus
1855 4680 2032 4751 fuisse,

441 4720 646 4814 .3599
665 4724 737 4778 ad
762 4720 1090 4814 υίοηειςεωίι.
1121 4720 1262 4814 Qud!
1277 4720 2036 4814 *éifs'tiéiir'ri'i'iéﬁi'iu'13:5;

442 4788 714 4848 decimum
727 4835 744 4861 ,
793 4812 889 4854 seu
903 4788 1498 4879 'nocium‘épisibléiif;

442 4873 538 4940 [In
569 4871 653 4940 est
676 4868 913 4940 synodus
933 4869 1221 4940 Ephesius,
1252 4895 1353 4936 nec
1379 4881 1548 4940 ipsam
1577 4831 1702 4940 Julii
1732 4887 1897 4940 fuisse
1917 4896 2030 4940 \mll

441 4873 538 4915 usa
569 4871 653 4946 est
676 4868 913 4939 synodus
933 4868 1229 4958 Ephesius;
1252 4895 1353 4961 nec
1379 4868 1550 4964 ipsam
1577 4868 1702 4969 Julii

441 4927 736 5034 gelatus:
765 4939 1204 5034 ng‘.Tlngll5Cl'
1227 4949 1473 5034 discipuli
1525 4953 1866 5027 Apollinaris.
1921 4964 2029 5022 Sed

440 4999 580 5061 hanc
619 4999 737 5064 sine
784 4999 2029 5097 controversiaJuliowalii-quh'qvuela-sgrun’:

439 5075 1017 5173 atquejntencmtegos
1037 5084 1374 5173 Ephrmtnius
1401 5097 1707 5173 patriarcha
1734 5101 2029 5161 Antioche-

439 5145 1592 5256 ἲβιὲρέξὲ·.1¹¹,ὶ¹ξ,.ἓ³ξξὲἒ.ΛιτξείΡῖιξεῘὶιξὲίῖξ
1607 5145 2028 5256 δῖξὶίῖιὶῖἓῖῖἶὶὶὖὲ

438 5212 658 5274 alterius
685 5235 755 5276 ex
778 5223 968 5281 eadem
996 5212 2025 5310 episioia'"éétiiediié'piéiéiﬁiéinisi:

509 5353 532 5443 ξ
569 5357 704 5443 Cod.
735 5359 961 5443 Veron.)
988 5371 1276 5443 scripsisse.

509 5428 532 5510 ξ
569 5426 714 5510 idem
744 5435 890 5510 cod.,
915 5426 1010 5494 Dei
1028 5426 1190 5510 ﬁlius.

510 5495 533 5528 ³
566 5497 714 5557 Idem
743 5495 890 5572 cod.,
916 5495 1174 5570 similiter.

506 5633 528 5659 ⁹
563 5633 621 5693 In
651 5637 794 5696 hunc
821 5642 998 5700 locum
1053 5647 1250 5706 videsis
1289 5650 1622 5710 Mazochium
1664 5657 1847 5727 Spicil.
1898 5662 2034 5723 Bibl.
2077 5675 2208 5728 tom.
2243 5672 2282 5739 l,
2334 5691 2454 5750 pag.
2505 5679 2594 5751 54,

506 5710 673 5751 ina-nd.
709 5712 940 5751 ..Πιῖηίιο
999 5716 1205 5751 nm“...
1262 5719 1463 5751 υη...;η·
1527 5743 1629 5751 -.....
1683 5731 1747 5751 ει,
1800 5749 1821 5751 Η
1873 5743 1886 5751 .

436 5703 677 5779 Append.
708 5712 774 5771 ad
794 5712 960 5786 Epist.
998 5703 1909 5799 ηοιιιδὴίιόιιῖἱῆῑιῖᾆξ.ᾙΞῘ

2173 1775 2502 1847 relinqueret
2533 1784 2936 1854 suspicandum.
2985 1792 3117 1848 Cum
3143 1801 3285 1850 enim
3319 1809 3506 1869 postea
3534 1805 3777 1860 redinte—

2171 1867 2389 1934 grands:
2417 1872 2568 1939 pacis
2598 1872 2963 1934 Ecclesiarum
2992 1899 3120 1939 cura
3151 1889 3484 1957 succederet,
3519 1897 3775 1961 quoniam

2169 1956 2238 2013 de
2281 1960 2384 2016 hac
2422 1965 2731 2034 suspicione
2758 1986 2865 2025 non
2913 1972 3030 2029 leve
3058 1975 3229 2032 fuerat
3259 1981 3497 2036 schisma
3527 2000 3774 2042 commo-

2170 2057 2317 2121 tum,
2370 2060 2658 2113 memorati
2696 2060 2996 2121 Orientales
3027 2084 3122 2138 per
3153 2085 3307 2127 vena
3321 2074 3515 2131 abilem
3546 2076 3773 2134 Paulum

2168 2143 2498 2205 Emeseuum
2526 2154 2845 2224 episcopum
2874 2160 2942 2213 ah
2971 2163 3160 2218 eodem
3187 2165 3348 2222 beato
3376 2167 3579 2240 Cyrillo
3611 2189 3773 2244 expe-

2169 2239 2423 2308 tiverunt,
2477 2253 2535 2298 ut
2577 2246 2622 2302 si
2669 2250 2833 2305 vellet
2881 2267 3043 2309 omne
3083 2258 3393 2314 scandalum
3444 2279 3774 2337 omnemque

2168 2329 2522 2390 offensionem
2552 2335 2619 2392 de
2641 2341 2820 2396 medio
2848 2345 3154 2402 submoveri
3175 2391 3190 2417 ,
3216 2366 3377 2405 unum
3411 2354 3580 2410 Deum
3614 2367 3773 2429 atque

2167 2421 2441 2480 hominem
2482 2427 2759 2488 Christum
2797 2433 2848 2489 in
2879 2434 3085 2494 duabus
3124 2444 3332 2500 naturis
3369 2421 3775 2507 evidentissima

2165 2510 2447 2571 fateretur.
2502 2517 2658 2586 Quod
2699 2532 2755 2579 et
2805 2525 2896 2582 ille
2946 2539 3225 2600 gratanter
3279 2537 3564 2607 amplexus
3612 2552 3773 2614 atque

2164 2605 2445 2663 confessus
2487 2620 2599 2679 est,
2647 2616 2848 2687 quippe
2895 2620 2986 2689 qui
3017 2621 3118 2678 sibi
3149 2605 3398 2682 conscius
3426 2638 3546 2684 erat
3575 2646 3687 2687 non
3715 2649 3773 2688 se

2165 2694 2324 2752 aliter
2343 2706 2399 2753 et
2421 2709 2582 2757 antea
2603 2706 2914 2764 credidisse.
2948 2709 3122 2783 Atque
3145 2715 3217 2770 ita
3238 2715 3380 2773 Deus
3396 2722 3771 2793 omnipotens,

2166 2801 2274 2843 non
2321 2790 2494 2848 solum
2542 2792 2894 2855 Orientalium
2941 2812 2999 2858 et
3037 2806 3265 2864 aliorum
3311 2790 3567 2883 Patrum,
3607 2826 3770 2886 atque

2165 3343 2352 3395 tatem.
2369 3339 2600 3400 Tantum
2617 3363 2744 3404 vero
2758 3363 2946 3409 contra
2961 3357 3100 3436 hunc
3111 3374 3352 3418 errorem
3381 3381 3489 3436 quo
3517 3369 3762 3427 Christus

2159 3425 2358 3484 dicitur
2381 3433 2539 3490 unius
2553 3451 2672 3493 esse
2699 3427 3250 3512 naturae,eorumdcm
3279 3452 3496 3512 Patrum
3525 3462 3760 3517 orienta-

2159 3518 2289 3576 lium
2319 3524 2626 3586 sollicitudo
2657 3547 2720 3589 ac
2749 3535 3025 3605 diligentia
3055 3543 3323 3616 vigilavit,
3356 3559 3414 3604 ut
3442 3551 3498 3606 in
3529 3556 3757 3624 epistola

2156 3625 2318 3680 quam
2349 3617 2400 3672 ei
2430 3620 2711 3690 miserunt,
2745 3625 2912 3699 ipsius
2933 3642 3094 3689 rectae
3116 3637 3476 3700 confessionis
3498 3661 3661 3716 quam
3691 3651 3755 3704 ab

2156 3703 2249 3760 illo
2276 3713 2665 3778 exspectabant
2693 3716 2714 3748 ⁸
2761 3720 2926 3777 verba
2983 3729 3420 3801 conscriberent,
3453 3744 3511 3791 et
3535 3740 3757 3810 prmfato

2156 3795 2326 3855 Paulo
2345 3807 2797 3868 commendarent
2821 3815 3097 3889 episcopo,
3130 3830 3188 3876 ut
3210 3837 3275 3879 ea
3305 3795 3498 3885 beatus
3523 3795 3754 3903 Cyrillus

2154 3889 2209 3946 in
2230 3907 2384 3950 suam
2407 3901 2736 3960 transferens
2759 3908 3043 3978 epistolam
3067 3913 3146 3969 eis
3167 3918 3512 3985 rescriberet,
3536 3940 3606 3980 ne
3627 3927 3755 3996 quid

2153 3995 2464 4043 remaneret
2489 3991 2822 4066 ambiguum,
2872 4000 3013 4057 unde
3043 4005 3367 4077 quandoque
3397 4027 3580 4068 rursus
3608 3991 3754 4085 qua:-

2151 4073 2259 4129 stio
2287 4089 2625 4137 nasceretur.
2675 4083 2830 4152 Quod
2857 4089 3019 4145 etiam
3050 4093 3158 4162 ille,
3191 4073 3334 4153 sicut
3356 4101 3470 4169 jam
3497 4073 3748 4170 diximus,

2150 4178 2340 4240 optato
2365 4175 2680 4246 suscipiens,
2706 4196 2873 4251 seque
2893 4200 2997 4240 non
3022 4187 3179 4244 aliter
3199 4199 3254 4245 et
3275 4203 3432 4249 antea
3458 4199 3749 4256 credidisse

2149 4266 2399 4328 testatus,
2416 4267 2701 4325 sic-eidem
2725 4282 2913 4331 sancto
2927 4274 3126 4334 Joanni
3149 4281 3490 4342 Antiocheno
3514 4294 3750 4362 rescrip-

2148 4351 2218 4404 sit
2250 4370 2264 4406 :
2301 4373 2320 4407 ε
2365 4357 2632 4423 Quoniam
2663 4377 2793 4418 vero
2837 4369 3109 4437 superflua
3140 4381 3194 4427 et
3223 4373 3533 4446 importuna
3562 4379 3752 4437 Eccle-

2073 4471 2122 4532 ι)
2147 4441 2349 4500 siarum
2373 4447 2566 4505 divisio
2591 4450 2727 4507 facta
2751 4464 2853 4523 est,
2887 4473 3027 4514 nunc
3049 4463 3282 4521 maxime
3302 4441 3646 4526 satisfactum
3669 4485 3751 4529 est

2150 4536 2328 4603 nobis,
2360 4538 2580 4597 domino
2627 4559 2749 4602 meo
2789 4551 3227 4612 reverentissimo
3258 4557 3278 4589 ⁶
3307 4556 3477 4616 Paulo
3504 4561 3748 4620 chartam

2141 4704 2304 4816 guam
2336 4695 2599 4768 integram
2629 4703 2835 4773 profert
2859 4707 3175 4769 Anastasius
3205 4715 3344 4773 idem
3371 4721 3657 4794 presbyter
3686 4724 3746 4788 in

2189 4764 2342 4816 cl0tze
2371 4778 2471 4816 τῶν
2503 4779 2744 4816 νοήσεως.
2772 4784 2889 4816 ρρνῖ
2919 4791 3013 4816 -.:-
3043 4787 3178 4816 ἠέ..-
3209 4789 3362 4816 n__\__
3389 4797 3419 4816 3,
3451 4813 3466 4816 _
3569 4800 3578 4812 ι
3647 4801 3657 4813 .

2189 4764 2342 4851 cloge
2371 4764 2472 4824 τῶὗ
2503 4764 2752 4862 χώοθήᾶεῳν.
2772 4784 2890 4854 περὶ
2911 4791 3013 4862 γῆς
3043 4787 3178 4862 aria;
3209 4764 3466 4862 θεολογῗας
3495 4783 3579 4849 nuli
3610 4785 3742 4853 nixo-

2139 4839 2339 4921 νῗμίαςε
2373 4839 2617 4912 cap-7’38,
2654 4846 2752 4900 nisi
2783 4839 2927 4919 quod
2957 4839 3212 4911 Kcaciuln
3240 4839 3737 4952 ibééiﬁréf

2139 4903 2228 4952 Sic
2251 4921 2394 4952 erum
2436 4911 2596 4952 Imhnl
2632 4933 2644 4945 -
2681 4920 2873 4952 l-..\;--.
2900 4925 3137 4952 2----εῂ
3208 4933 3282 4952 ...ο
3537 4943 3557 4952 -
3694 4941 3703 4952 .

2137 4903 2395 5012 §ic’enin't
2436 4903 2644 5012 habet}
2681 4903 2879 5008 lculi-au
2897 4903 3396 5012 ξςτιςκὸπουιῬὼμξς
3419 4903 3472 4988 ἔκ
3496 4943 3587 5012 τῆς
3605 4941 3741 5012 Δπρὸς

2855 4976 2860 4978 ἡ
2967 4976 3174 4984 Ἴρην-
3224 4976 3390 5001 -..μη-η
3419 4976 3472 4988 ..ς
3505 4976 3581 4998 μ..
3617 4976 3644 4990 ιι
3691 4976 3734 4999 ι,

2134 4976 2346 5082 Δκάκξον
2367 4985 2655 5072 ἔπιε-στολῆς·
2683 4996 2787 5078 ne};
2809 4988 2862 5053 ὃς
2883 4995 2969 5050 τὸν
2991 4999 3045 5051 ἐκ
3067 5005 3260 5074 Μαρίας
3287 5004 3395 5058 stay
3415 5013 3484 5077 μή
3509 4976 3745 5082 cimicis?

2134 5049 2254 5082 man
2309 5052 2419 5082 λη--.
2869 5067 2876 5078 .
3061 5077 3083 5082 _
3121 5081 3148 5082 η
3265 5078 3274 5082 -
3388 5079 3398 5082 ,
3595 5075 3617 5082 _

2133 5049 2254 5132 ςεόν
2279 5051 2694 5151 λόγοζλῖνραριον
2729 5061 2992 5135 ὁμοούσιον
3017 5077 3090 5138 τῷ
3119 5049 3276 5144 ιιῗπτρὶ
3297 5077 3348 5138 ἐξ
3375 5049 3574 5151 ἆξχῆξ
3590 5049 3729 5134 ὅντίι.

2338 5115 2352 5124 .
2577 5115 2591 5130 .
2738 5115 2744 5116 γ
2804 5115 2988 5122 νη--ν-
3025 5115 3088 5138 -τ-
3120 5115 3214 5126 ιη’·
3260 5115 3347 5138 ἐ’-ι
3375 5115 3439 5130 *υ
3495 5115 3544 5138 ’δ’
3590 5115 3729 5134 ww"

2135 5115 2356 5208 ᾅτρξπθν
2389 5123 2450 5208 ἒὲ
2493 5128 2540 5180 ἐν
2567 5134 2630 5205 τῇ
2669 5117 2950 5206 σαρκώσειο
2981 5144 3065 5196 καὶ
3088 5115 3257 5204 ἅπαθὲ
3286 5147 3337 5201 ἐν
3364 5115 3487 5208 rei?
3500 5152 3732 5206 πάθεσιν

2135 5191 2356 5262 ἁνᾶθεμα
2381 5192 2545 5254 ἔστω.

2211 5393 2234 5471 ξ
2272 5396 2415 5471 idem
2455 5405 2601 5471 co«l.,
2634 5414 2895 5468 stalu’ssc.

2209 5465 2230 5546 ξ
2266 5467 2413 5546 idem
2442 5465 2599 5544 cod,
2621 5465 2946 5546 expetehririt.

2206 5537 2227 5568 ⁸
2264 5536 2407 5595 idem
2434 5536 2586 5613 cod...
2613 5536 2910 5613 reserenda.

2627 5691 2741 5741 not.
2795 5686 2880 5752 l0,
2936 5701 2988 5746 et
3035 5691 3224 5750 confer
3261 5692 3606 5755 Coutantium
3659 5699 3711 5759 in
