4060 6364
325 281 434 342 653

1211 281 1349 338 PRO
1385 280 1803 340 DEFENSIONE
1842 280 2056 336 TRIUM
2093 281 2409 338 CAPITUL.
2451 282 2577 337 LIB.
2620 283 2656 336 Ι.

3508 284 3656 366 sse

327 401 634 472 proferente
665 397 952 455 habentem
987 397 1515 468 irreprehensibilem
1547 395 1675 452 fidei
1702 395 1911 452 eonfes-
1945 400 1992 458 Α
2019 394 2151 450 falsa
2170 396 2254 450 vel
2270 398 2410 452 male
2431 397 2806 467 interpretata,
2834 405 3020 453 contra
3036 397 3402 454 definitionem
3420 399 3616 472 synodi
3651 370 3658 386 ’

329 495 558 558 sionem,
600 500 653 548 et
683 491 823 546 hanc
847 489 1151 544 affirmante
1179 505 1210 543 a
1243 499 1418 545 vestra
1447 489 1732 544 sanctitate
1759 503 1913 544 com-

329 586 578 656 positam,
610 593 664 638 et
695 584 761 656 ab
790 583 874 637 his
916 582 1005 652 qui
1047 581 1156 636 illic
1183 589 1309 635 sunt
1335 581 1755 650 religiosissimis
1799 579 1917 649 epi-

326 677 526 746 sc0pis.
583 675 756 729 liabet
783 681 963 729 autem
1013 673 1084 728 ita
1116 672 1466 742 conscriptio,
1508 687 1629 742 qua:
1655 679 1712 726 et
1753 671 1809 726 in
1837 670 1920 726 his

331 767 510 821 verbis
551 767 750 820 inserta
780 772 860 819 est
890 764 1014 818 huic
1058 763 1322 832 epistolae.
1381 782 1400 814 ι
1447 761 1515 816 Et
1544 771 1667 833 post
1694 762 1870 830 aliqua
1905 779 1917 813 :

336 876 356 908 ς
379 856 710 911 Confitemur
724 855 882 923 igitur
895 853 1178 908 Dominum
1197 862 1439 907 nostrum
1456 852 1637 908 Jesum
1648 852 1920 909 Christum

332 945 524 1001 Filium
551 946 643 1000 Dei
669 945 1021 1013 unigenitum,
1053 944 1218 998 Deum
1249 942 1548 1013 perfeczum
1572 953 1627 998 et
1648 943 1920 998 hominem

333 1035 632 1108 perfectum
664 1050 729 1088 ex
760 1035 936 1088 anima
962 1033 1210 1088 rationali
1231 1041 1285 1088 et
1308 1047 1554 1103 corpore,
1580 1041 1705 1088 ante
1728 1033 1922 1088 s.'ccula

333 1127 546 1198 quidem
575 1127 642 1181 de
672 1124 830 1179 Patre
853 1133 1036 1178 natum
1079 1123 1373 1179 secundum
1400 1123 1690 1188 deitatem;
1719 1125 1772 1178 in
1801 1123 1926 1175 ulti-

332 1221 433 1276 mis
445 1235 572 1275 vero
584 1218 768 1274 diebus
781 1217 1026 1272 eumdem
1039 1224 1261 1286 propter
1275 1231 1372 1271 nos
1388 1223 1444 1270 et
1455 1223 1675 1285 propter
1686 1222 1922 1269 nostram

333 1313 590 1377 Salutem,
619 1310 688 1366 de
727 1309 892 1363 Maria
933 1310 1141 1378 virgine
1182 1292 1476 1362 Secundum
1501 1307 1922 1371 humanitatem;

334 1399 843 1458 consubstantialem
867 1396 1014 1451 Patri
1047 1396 1296 1451 eumdem
1322 1395 1619 1452 secundum
1645 1395 1922 1460 deitatem,

335 1503 385 1548 et
431 1488 945 1547 consubstantialem
977 1487 1133 1542 nobis
1172 1486 1464 1541 secundum
1513 1485 1923 1540 humanitatem.

336 1582 567 1637 Duarum
600 1581 743 1636 enim
768 1588 1079 1634 naturarum
1109 1578 1365 1633 adunatio
1397 1580 1413 1609 ⁸
1445 1577 1589 1632 facta
1618 1585 1701 1633 est
1727 1595 1740 1630 :
1765 1593 1928 1646 prop-

337 1686 418 1730 ter
445 1672 588 1744 quod
613 1688 776 1728 unum
799 1670 1095 1739 Christum,
1130 1687 1296 1725 unum
1321 1669 1532 1736 Filium,
1567 1685 1732 1726 unum
1760 1670 1928 1725 Deum

2020 485 2496 552 Chalcedonensis,
2539 490 2702 544 etiam
2731 507 2797 545 ex
2827 490 2973 545 beati
3001 490 3184 561 Cyrilli
3231 493 3453 549 nomine
3482 509 3613 563 pro-

2020 577 2282 644 ferantur,
2330 581 2414 634 his
2453 583 2648 650 quibus
2687 590 2769 638 est
2808 583 2862 638 in
2906 578 3177 654 Ephesin'a
3221 585 3451 656 synodo,
3496 585 3616 655 ipso

2022 669 2252 739 primum
2282 670 2629 740 decernente,
2660 673 2936 730 Nestorius
2963 675 3316 745 improbatus,
3342 684 3399 731 et
3421 675 3616 747 quibus

2022 768 2211 828 postea
2239 762 2381 830 apud
2425 765 2842 820 consacerdotes
2882 782 3010 822 suos
3051 768 3168 837 ipse
3211 776 3468 837 purgatus
3510 779 3614 833 est,

2025 851 2264 920 prmferri
2285 853 2368 907 vel
2400 852 2634 908 conferri
2658 871 2765 909 non
2796 865 3068 925 poterunt.
3101 857 3216 913 Hoc
3242 875 3457 929 quoque
3480 875 3616 915 con-

2025 942 2336 999 siderationi
2366 944 2582 1000 lectoris
2603 946 2844 1011 accedat,
2872 947 3015 1016 quod
3035 947 3145 1017 jam
3169 948 3485 1003 Nestoriana
3509 949 3613 1004 hae-

2025 1048 2144 1089 rese
2160 1035 2459 1090 universam
2473 1035 2766 1091 Ecclesiam
2780 1038 3196 1103 scandalizante,
3214 1050 3270 1094 et
3284 1040 3619 1111 Eutychiana

2027 1125 2255 1181 necdum
2285 1137 2496 1191 exorta,
2542 1125 2775 1199 Cyrillus
2806 1125 2905 1184 ista
2937 1130 3251 1199 protulerit;
3296 1141 3351 1186 et
3380 1148 3488 1186 non
3518 1132 3622 1186 mi-

2027 1219 2234 1272 rabitur
2261 1219 2303 1273 si
2328 1219 2504 1275 minus
2533 1228 2722 1274 contra
2751 1220 3211 1292 Eutychianorum
3238 1239 3402 1294 quam
3432 1234 3621 1283 contra

2027 1307 2469 1362 Nestorianorum
2510 1310 2748 1379 vigilavit
2789 1327 3050 1367 errorem.
3103 1312 3301 1368 Verum
3349 1329 3448 1370 nec
3491 1313 3622 1370 illud

2029 1398 2261 1454 arbitror
2289 1400 2664 1466 omittendum,
2698 1402 2749 1455 in
2777 1418 2883 1472 quo
2911 1411 2966 1457 et
2987 1403 3215 1472 amplius
3245 1404 3622 1474 prmdiitorum

2030 1491 2374 1547 orientalium
2408 1491 2624 1548 Patrum
2655 1511 2754 1564 pro
2783 1496 3061 1551 catholicae
3093 1496 3213 1551 fidei
3255 1497 3623 1554 conservanda

2032 1582 2339 1652 integritate
2386 1584 2623 1649 libertas,
2674 1594 2729 1639 et
2775 1585 2940 1654 ipsius
2991 1588 3134 1640 beati
3182 1587 3364 1659 Cyrilli
3411 1589 3464 1642 in
3518 1587 3623 1643 hoc

2036 1675 2207 1744 ipsum
2247 1675 2586 1730 manifestata
2633 1677 2899 1734 confessio
2946 1688 3046 1734 est.
3098 1679 3230 1734 Nam
3273 1697 3393 1734 cum
3445 1681 3622 1770 ιιψιιιε

335 1766 672 1822 confitemur.
714 1763 1020 1818 Secundum
1052 1762 1194 1818 hanc
1238 1760 1528 1816 inconfusa:
1558 1760 1782 1816 unitatis
1809 1775 1931 1816 sen-
1963 1770 2009 1829 Β
2038 1766 2250 1820 utilitati
2277 1765 2532 1821 Ecclesia:
2565 1767 2814 1823 sufficere
2839 1769 3128 1836 videretur,
3158 1769 3363 1823 utsolis
3385 1760 3622 1839 epistolis

337 1859 577 1922 tentiam,
603 1854 926 1912 confitemur
941 1862 1184 1910 sanctam
1199 1853 1474 1923 Virginem
1492 1852 1588 1908 Dei
1610 1853 1925 1922 genitricem

337 1951 581 2019 Mariam,
627 1961 848 2022 propter
893 1949 1038 2020 quod
1089 1950 1230 2006 Deus
1259 1949 1494 2004 Verbum
1536 1949 1845 2003 incarnatus
1873 1958 1928 2003 et

336 2046 499 2102 homo
553 2045 723 2100 factus
755 2085 769 2111 ,
820 2059 886 2098 ex
951 2044 1066 2114 ipsa
1113 2042 1472 2112 conceptione
1516 2042 1776 2096 adunavit
1827 2041 1925 2096 sibi

336 2140 480 2208 quod
507 2154 576 2194 ex
602 2153 666 2193 ea
695 2146 968 2208 sumptum
999 2145 1083 2192 est
1106 2137 1387 2206 templum.
1421 2133 1774 2204 Evangelicas
1796 2150 1927 2190 vero

335 2239 390 2285 et
417 2228 738 2299 apostolieas
766 2227 832 2282 de
861 2227 1091 2282 Domino
1121 2242 1285 2281 voces
1324 2227 1526 2282 scimus
1575 2228 1720 2283 viros
1762 2229 1926 2283 divini

335 2321 487 2376 verbi
535 2321 917 2393 prmdicatores
944 2320 1078 2374 alias
1119 2318 1338 2388 quidem
1368 2319 1757 2389 conjungentes
1805 2330 1924 2376 tan-

335 2429 495 2482 quam
519 2411 587 2467 de
609 2427 712 2467 una
740 2426 991 2481 persona,
1024 2409 1156 2465 alias
1177 2425 1308 2465 vero
1336 2408 1640 2466 dividentes
1671 2419 1924 2481 tanquam

313 2506 403 2570 ,de
425 2506 630 2561 duabus
655 2505 888 2570 naturis;
921 2510 974 2558 et
1001 2503 1133 2557 alias
1155 2503 1373 2573 quidem
1404 2503 1793 2559 convenientes
1814 2503 1927 2560 Deo

334 2597 630 2654 secundum
653 2596 908 2651 deitatem
935 2594 1155 2661 Christi,
1186 2594 1317 2650 alias
1338 2609 1467 2650 vero
1492 2595 1722 2651 humiles
1735 2610 1926 2651 secun-

334 2689 461 2747 dum
489 2690 876 2744 humanitatem
903 2688 1020 2758 ejus
1050 2687 1346 2742 tradentes.
1398 2685 1492 2742 His
1522 2688 1718 2743 vestris
1759 2689 1927 2743 sacris

335 2784 558 2840 vocibus
599 2782 956 2848 intendentes,
986 2790 1041 2837 et
1063 2782 1141 2837 sic
1161 2781 1326 2837 etiam
1348 2783 1713 2852 nosmetipsos
1736 2798 1928 2853 sapere

333 2870 672 2948 reperientes
704 2876 863 2947 (unus
891 2875 1036 2931 enim
1081 2874 1364 2938 Dominus,
1420 2891 1526 2929 una
1558 2874 1710 2941 fides,
1760 2889 1927 2930 unum

333 2969 642 3041 baptisma),
675 2968 1090 3038 glorificavimus
1111 2967 1358 3022 omnium
1379 2966 1721 3021 Salvatorem
1750 2963 1928 3020 Domi-

332 3077 485 3131 num,
514 3062 742 3116 invicem
765 3060 920 3116 nobis
942 3075 1006 3116 ac
1026 3059 1179 3116 vobis
1201 3057 1604 3128 congaudentes
1629 3074 1642 3110 :
1668 3059 1924 3127 quoniam

330 3156 626 3227 Scripturis
655 3155 905 3210 divinitus
947 3154 1245 3225 inspiratis,
1294 3161 1349 3208 et
1387 3152 1662 3208 traditioni
1707 3161 1924 3210 sancto-

2033 1872 2152 1927 quze
2175 1858 2240 1911 ad
2265 1873 2557 1926 paucorum
2585 1869 2807 1928 possent
2831 1861 3112 1930 pervenire
3143 1861 3409 1926 notitiam,
3442 1861 3494 1914 in
3524 1859 3622 1915 hac

2033 1947 2134 2004 fide
2146 1949 2541 2006 confessionem
2558 1960 2744 2007 mutuo
2761 1954 2860 2008 sibi
2874 1954 3337 2008 communicarent
3353 1955 3511 2008 iidem
3530 1953 3622 2008 Do-

2030 2041 2161 2094 mini
2183 2041 2520 2109 sacerdotes;
2553 2052 2883 2099 memoratus
2908 2045 3226 2099 venerabilis
3250 2045 3446 2100 Paulus
3466 2043 3621 2099 Eme-

2028 2149 2191 2189 senus
2221 2135 2508 2205 episcopus
2550 2137 2660 2191 illic
2708 2136 2761 2190 in
2811 2137 3171 2191 Alexandrina
3197 2137 3456 2204 ecclesia,
3506 2137 3622 2206 ipso

2031 2232 2298 2293 praesente
2329 2226 2492 2280 beato
2520 2226 2741 2297 Cyrillo,
2774 2226 2842 2281 de
2871 2227 3244 2282 incarnatione
3273 2227 3482 2281 Domini
3510 2227 3622 2280 dis-

2030 2318 2240 2386 putavit
2269 2335 2282 2368 :
2318 2318 2372 2371 in
2402 2335 2509 2389 quo
2539 2334 2791 2374 sermone
2823 2317 3043 2389 (Concil.
3079 2319 3273 2390 Eplies.
3306 2336 3358 2390 p.
3413 2335 3489 2385 ιιι,
3525 2323 3621 2374 lio-

2030 2409 2139 2462 mit.
2188 2408 2256 2478 2)
2291 2410 2432 2464 inter
2459 2411 2562 2464 alia
2599 2411 2773 2466 dicit:
2823 2430 2841 2462 ‹
2893 2409 3029 2477 Quid
3074 2420 3184 2476 est,
3251 2409 3470 2465 Verbum
3499 2427 3622 2465 caro

2029 2502 2224 2570 factum
2248 2512 2343 2565 est,
2373 2510 2421 2555 et
2445 2502 2689 2556 habitavit
2715 2504 2768 2556 in
2799 2503 2944 2557 nobis
2976 2503 3156 2573 (Joan.
3187 2518 3224 2568 ι,
3250 2501 3362 2572 M),
3393 2501 3497 2558 hoc
3519 2511 3622 2566 est,

2029 2591 2083 2647 in
2112 2601 2295 2648 nostra
2325 2595 2550 2647 natura?
2581 2594 2714 2649 Vide
2741 2593 3005 2649 Joannem
3029 2594 3164 2648 duas
3189 2602 3406 2648 naturas
3432 2592 3622 2663 praedi-

2027 2693 2239 2742 cantem
2261 2695 2317 2741 et
2343 2703 2505 2740 unum
2529 2685 2752 2748 Filium;
2785 2687 2927 2740 aliud
2954 2687 3380 2749 tabernaculum,
3406 2693 3461 2739 et
3480 2684 3622 2740 aliud

2028 2779 2172 2848 quod
2201 2779 2256 2832 in
2290 2779 2670 2846 tabernaculo;
2721 2779 2864 2834 aliud
2891 2779 3170 2848 templum,
3221 2786 3276 2833 et
3304 2776 3446 2831 aliud
3476 2774 3622 2846 quod

2029 2868 2292 2924 inhabitat
2322 2869 2484 2923 Deus.
2501 2868 2732 2924 Attende
2759 2869 2903 2937 quod
2931 2868 3148 2923 dicitur.
3177 2867 3294 2922 Non
3325 2866 3460 2921 dixit
3489 2865 3622 2920 alius

2028 2967 2082 3014 et
2124 2958 2280 3024 alius,
2330 2967 2584 3028 tanquam
2633 2958 2702 3014 de
2746 2960 2952 3015 duabus
2993 2960 3242 3030 personis
3283 2968 3375 3013 aut
3413 2957 3622 3012 duobus

2027 3047 2273 3113 Christis,
2303 3057 2397 3103 aut
2442 3049 2510 3103 de
2553 3049 2762 3104 duobus
2791 3049 2941 3116 filiis;
3000 3049 3092 3105 sed
3144 3047 3287 3102 aliud
3345 3053 3401 3102 et
3453 3046 3621 3113 aliud,

2036 3145 2290 3208 tanquam
2335 3141 2404 3195 de
2445 3140 2654 3195 duabus
2711 3141 2934 3195 naturis.
2989 3139 3211 3206 Quando
3278 3154 3408 3208 ergo
3454 3137 3620 3203 dixit,

332 3219 704 3304 rum-patrum
731 3219 1051 3302 ηοειι-οι-υηί
1091 3219 1504 3301 convenientem
1533 3245 1734 3300 haben,
1763 3245 1922 3302 ﬁdem
1952 3219 1997 3282 C
2028 3231 2276 3285 habitarit
2300 3232 2353 3285 in
2382 3230 2550 3296 nobis,
2580 3240 2634 3287 et
2663 3232 2971 3302 prmdicavit
3008 3232 3142 3285 duas
3188 3239 3440 3295 naturas;
3497 3237 3622 3284 tunc

331 3355 451 3409 qua:
498 3339 638 3410 apud
677 3354 776 3394 nos
825 3347 880 3393 et
925 3353 1045 3406 qua:
1092 3337 1234 3407 apud
1276 3353 1373 3393 vos
1418 3347 1544 3392 sunt
1588 3337 1860 3394 Ecclesiaz.
1897 3357 1917 3392 ι

331 3429 564 3486 Proinde
585 3446 706 3486 cum
729 3430 960 3503 Cyrillus
981 3430 1034 3486 in
1063 3431 1163 3486 hac
1187 3428 1550 3499 confessione,
1577 3447 1674 3501 per
1702 3446 1864 3502 quam
1891 3447 1923 3487 a

333 3539 394 3578 se
444 3524 676 3578 removit
720 3523 949 3592 indigna:
993 3523 1314 3594 suspicionis
1360 3524 1652 3590 invidiam,
1699 3533 1756 3578 et
1799 3540 1923 3580 cum

333 3615 688 3670 orientalibus
717 3615 1050 3686 aliarumque
1078 3616 1478 3685 provinciarum
1502 3615 1755 3673 Ecclesiis
1781 3619 1922 3674 adu-

330 3714 488 3760 natus
515 3713 613 3769 est,
646 3705 723 3760 sic
749 3704 972 3759 duarum
1003 3715 1316 3760 naturarum
1347 3706 1648 3762 unitionem
1671 3711 1690 3739 '
1723 3706 1922 3764 factam

330 3796 476 3850 dicat
506 3795 558 3849 in
587 3795 820 3860 Christo,
852 3796 974 3866 quia
1005 3797 1190 3865 utique
1219 3797 1376 3851 unius
1421 3813 1668 3866 personae
1695 3807 1752 3854 et
1795 3800 1923 3854 sub-

332 3890 542 3944 stantia:
571 3898 695 3943 sunt
723 3888 923 3944 eaadem
970 3889 1088 3944 duae
1132 3895 1359 3956 naturae,
1411 3897 1468 3944 ut
1497 3891 1837 3958 evangelicas
1866 3899 1924 3946 et

334 3980 657 4050 apostolicas
686 3979 753 4034 de
782 3980 1010 4034 Domino
1058 3995 1222 4035 voces
1264 3979 1398 4033 alias
1444 3979 1658 4048 quidem
1690 3980 1918 4048 eonjun--

332 4072 533 4142 gendas
560 4071 792 4126 fateatur
822 4079 1076 4140 tanquam
1105 4069 1172 4124 de
1204 4085 1307 4124 una
1339 4084 1588 4139 persona,
1631 4070 1764 4124 alias
1791 4087 1921 4125 vero

332 4164 645 4220 dividendas
689 4172 944 4232 tanquam
992 4163 1059 4217 de
1100 4162 1316 4216 duabus
1362 4161 1568 4215 naturis
1603 4179 1614 4214 :
1646 4163 1921 4230 quomodo

332 4254 652 4328 Eutychiani
678 4255 764 4310 vel
794 4253 1052 4324 Acephali
1093 4268 1156 4307 ex
1185 4252 1426 4321 ejusdem
1466 4252 1610 4307 beati
1636 4251 1822 4322 Cyrilli
1843 4253 1925 4307 di-

327 4350 453 4415 ctis,
486 4365 594 4404 non
622 4347 758 4402 duas
784 4345 984 4400 Christi
1013 4353 1256 4412 naturas,
1305 4343 1400 4398 sed
1431 4359 1592 4398 unam
1623 4359 1693 4397 ex
1717 4343 1922 4399 duabus

331 4439 688 4509 compositam
721 4437 964 4492 nituntur
984 4437 1263 4492 astruere?
1293 4434 1426 4488 Nam
1453 4434 1494 4489 si
1526 4433 1847 4502 evangelicae
1867 4443 1922 4490 et

330 4527 644 4598 apostolicae
664 4527 730 4581 de
758 4525 987 4581 Domino
1013 4540 1194 4589 voces,
1223 4540 1331 4579 non
1361 4523 1428 4578 de
1458 4539 1565 4578 una
1594 4525 1912 4594 composita,

327 4621 426 4677 sed
449 4631 704 4690 tanquam
729 4618 796 4674 de
818 4617 1023 4673 duabus
1044 4617 1250 4672 naturis
1271 4618 1584 4687 loquuntur,
1615 4617 1732 4672 sine
1751 4618 1914 4674 dubio

325 4711 601 4767 Christum
632 4711 684 4766 in
726 4710 934 4766 duabus
961 4709 1166 4764 naturis
1190 4724 1310 4765 esse
1340 4716 1628 4765 testantur.
1680 4707 1914 4765 Proinde

326 4817 576 4872 quaenam
601 4802 744 4858 dicta
781 4802 923 4858 beati
951 4800 1139 4872 Cyrilli
1167 4801 1283 4856 sine
1319 4800 1427 4856 ulla
1469 4800 1812 4870 expositione
1849 4815 1915 4855 ac

328 4895 710 4964 dijudicatione
735 4894 1006 4966 sequenda
1030 4902 1174 4957 sunt,
1219 4894 1307 4949 vel
1335 4893 1382 4951 si
1407 4893 1544 4962 ejus,
1576 4900 1638 4947 ut
1660 4893 1913 4957 diximus,

327 4984 432 5040 alia
477 4984 640 5039 veluti
689 4985 755 5041 ab
797 4985 883 5040 his
916 4983 1249 5040 dissonantia
1288 4981 1606 5038 videantur?
1652 4997 1788 5038 eane
1815 4999 1916 5053 pro

325 5075 522 5146 quibus
555 5076 641 5131 vel
667 5091 765 5146 pro
790 5091 1021 5146 quorum
1067 5074 1330 5152 similibus
1357 5073 1628 5130 sinistram
1651 5074 1916 5144 suspicio-

325 5181 452 5221 nem
477 5166 732 5231 incurrit;
765 5167 955 5222 anilla
999 5181 1067 5221 ex
1109 5166 1305 5234 quibus
1348 5165 1417 5220 ab
1457 5165 1570 5234 ipsa
1613 5163 1916 5234 suspicione

321 5267 586 5330 purgatus
613 5262 732 5316 est?
759 5261 854 5315 llla
881 5260 1128 5331 profecto
1148 5260 1268 5315 sine
1297 5259 1750 5329 interpretatione
1777 5275 1912 5329 qna-

323 5349 476 5414 libet,
509 5350 649 5406 sicut
674 5352 960 5422 perspicue
984 5351 1172 5418 claret,
1207 5349 1574 5405 indubitanter
1601 5350 1912 5420 accipienda

322 5449 468 5507 sunt,
501 5456 620 5511 quae
645 5457 864 5497 omnem
894 5442 1255 5510 suspicionem
1281 5439 1650 5495 dubitantibus
1677 5440 1914 5494 abstule-

322 5537 472 5586 runt.
521 5530 589 5585 Et
631 5533 752 5588 ideo
797 5546 1130 5602 qumcunque
1173 5539 1229 5585 et
1271 5537 1687 5600 quantacunque
1730 5527 1796 5583 ab
1834 5527 1911 5583 eis

397 5667 415 5698 ¹
455 5665 588 5722 Cod.
623 5668 846 5734 Veron.,
879 5671 1130 5722 adumtio.

399 5738 421 5768 ¹
460 5735 604 5806 Idem
635 5742 780 5806 cod.,
813 5741 1195 5796 adunationem.

393 5805 418 5840 ³
455 5805 601 5864 idem
626 5810 774 5874 cod.,
807 5811 1174 5883 conﬁtendum.

621 5904 895 5966 PATROL.
942 5902 1188 5965 LXVII.

2028 3321 2225 3387 intulit,
2280 3332 2328 3375 et
2365 3323 2584 3376 vidimus
2620 3322 2840 3392 gloriam
2868 3323 2997 3393 ejus,
3039 3321 3262 3392 gloriam
3312 3322 3460 3390 quasi
3493 3319 3623 3376 Uni-

2026 3415 2202 3484 geniti.
2237 3412 2352 3468 Non
2383 3414 2516 3468 dixit
2543 3414 2768 3468 duorum
2806 3413 3073 3479 filiorum,
3106 3414 3199 3468 sed
3245 3414 3400 3484 quasi
3429 3412 3623 3482 linige-

2027 3505 2142 3558 niti.
2183 3524 2201 3556 ι
2239 3503 2365 3560 Post
2394 3505 2538 3559 hunc
2565 3520 2692 3560 vero
2722 3505 3006 3560 memorati
3038 3505 3359 3560 venerabilis
3385 3503 3623 3575 episcopi

2026 3596 2175 3651 Pauli
2197 3612 2524 3664 sermonem,
2545 3606 2762 3653 sanctus
2781 3597 3011 3669 Cyrillus
3032 3599 3322 3669 alloquitur
3343 3597 3622 3668 populum,

2024 3688 2248 3743 dicens:
2289 3707 2306 3740 ‹
2338 3688 2534 3744 Beatus
2569 3689 2831 3758 proyheta
2863 3689 3026 3744 Isaias
3055 3691 3348 3759 praedicans
3388 3688 3623 3744 suaxilo-

2023 3778 2147 3847 quia
2199 3777 2501 3834 futurorum
2556 3779 2610 3833 in
2663 3777 2882 3834 Christo
2937 3781 3357 3849 magistrorum,
3425 3781 3556 3836 dicit
3604 3799 3618 3834 :

2024 3872 2248 3927 Haurite
2273 3890 2433 3946 aquas
2454 3890 2570 3926 cum
2605 3873 2787 3928 lwtitia
2815 3874 2879 3927 de
2903 3873 3130 3945 fontibus
3161 3873 3450 3929 Saluatoris
3481 3871 3621 3943 (Isa.

2024 3981 2116 4031 xn,
2148 3965 2226 4036 5).
2259 3964 2400 4020 Ecce
2429 3965 2591 4035 igitur
2611 3965 2886 4021 hausimus
2909 3981 3104 4035 aquam
3133 3967 3198 4021 de
3225 3974 3413 4022 saneto
3442 3965 3621 4031 fonte;

2023 4056 2145 4112 dico
2173 4063 2356 4110 autem
2385 4057 2452 4112 de
2481 4057 2736 4124 magistro
2759 4057 3108 4126 prmdicante,
3138 4059 3229 4128 qui
3257 4057 3430 4112 sancti
3458 4056 3622 4127 Spiri-

2023 4156 2109 4202 tus
2135 4148 2307 4217 epulis
2333 4147 2646 4212 illustratus,
2691 4147 2943 4202 disseruit
2970 4148 3126 4203 nobis
3154 4162 3404 4217 magnum
3443 4158 3498 4202 et
3533 4163 3624 4204 sae

2023 4252 2173 4292 crum
2201 4237 2495 4292 Salvatoris
2533 4238 2864 4307 mysterium,
2897 4253 2993 4308 per
3019 4236 3165 4308 quod
3203 4237 3393 4292 salvati
3437 4253 3622 4295 sumus

2022 4326 2308 4383 credentes
2344 4329 2399 4382 in
2434 4342 2578 4394 eum,
2606 4335 2713 4383 etc.
2751 4347 2770 4380 ι
2801 4327 2937 4382 Cum
2966 4329 3128 4397 igitur
3149 4327 3202 4382 in
3230 4327 3436 4384 duabus
3465 4339 3618 4385 natu-

2021 4420 2098 4475 ris
2119 4418 2393 4475 Christum
2439 4434 2551 4474 non
2592 4419 2709 4475 sola
2739 4417 2974 4490 synodus
3017 4415 3282 4489 Ephesina
3327 4420 3622 4490 praedican-

2021 4511 2149 4567 dum
2177 4513 2197 4544 ³
2227 4527 2346 4569 esse
2375 4512 2688 4583 perhibeat,
2719 4528 2906 4569 verum
2944 4513 3107 4568 etiam
3157 4513 3345 4569 beatus
3392 4512 3624 4585 Cyrillus

1943 4600 1997 4661 D
2022 4604 2076 4659 in
2105 4620 2200 4660 sua
2230 4620 2325 4675 per
2352 4620 2514 4676 quam
2553 4605 2913 4661 Orientalibus
2940 4606 3359 4661 communicavit
3393 4607 3626 4676 epistola

2022 4711 2213 4752 omnes
2241 4696 2525 4768 Egyptios
2549 4697 2861 4753 sacerdotes
2887 4697 3132 4753 eamdem
3161 4695 3394 4754 fateatur
3420 4697 3627 4753 habere

2016 4787 2338 4852 doctrinam,
2363 4790 2568 4856 dicens,
2615 4789 2905 4860 Scripturis
2948 4789 3202 4845 divinitus
3244 4791 3518 4860 inspiratis
3571 4800 3627 4846 et

2020 4883 2292 4952 traditioni
2323 4891 2636 4939 sanctorum
2680 4891 3012 4948 nostrorum,
3062 4885 3472 4939 convenientem
3519 4883 3620 4938 ha-

2017 4973 2150 5030 bent
2179 4974 2336 5029 fidem
2365 4990 2486 5044 quae
2512 4974 2654 5044 apud
2685 4989 2782 5030 nos
2811 4982 2938 5030 sunt
2965 4983 3020 5030 et
3055 4990 3173 5044 quae
3200 4975 3343 5044 apud
3369 4989 3470 5029 vos
3497 4973 3624 5029 sunt

2019 5063 2313 5120 Ecclesiae:
2347 5066 2566 5136 insuper
2600 5067 2762 5122 etiam
2793 5063 3014 5122 Paulum
3046 5066 3369 5122 Emesenuni
3405 5066 3623 5135 episco-

2020 5173 2148 5227 pum
2176 5173 2358 5213 coram
2388 5174 2448 5214 se
2469 5167 2524 5214 et
2544 5158 2597 5214 in
2627 5175 2723 5215 sua
2750 5160 2979 5217 ecclesia
3007 5159 3366 5228 disputantem
3394 5157 3463 5212 de
3488 5156 3622 5212 dua-

2019 5250 2120 5308 bus
2149 5249 2346 5307 Christi
2400 5254 2622 5318 naturis,
2666 5261 2826 5321 atque
2855 5252 2904 5306 id
2934 5252 3106 5320 ipsum
3150 5249 3472 5318 repetitione
3501 5263 3622 5304 cre-

2018 5342 2253 5398 berrima
2280 5343 2623 5398 commendet
2651 5345 2670 5374 ⁵
2702 5353 2756 5396 et
2802 5343 3007 5409 magnis
3038 5339 3260 5394 extollat
3312 5340 3618 5410 praeconiis,

2016 5434 2218 5504 populo
2255 5433 2416 5488 etiam
2460 5433 2552 5502 qui
2599 5433 2979 5486 sermocinanti
3026 5433 3214 5484 aderat
3261 5431 3617 5500 acclamante,

2016 5526 2154 5581 sicut
2176 5526 2389 5594 legitur,
2416 5535 2576 5595 atque
2599 5523 2831 5587 dicente,
2872 5544 2889 5574 ί
2920 5522 3063 5577 Bene
3092 5523 3268 5579 dixisti
3293 5525 3332 5590 ⁵,
3365 5521 3619 5594 episcope

2104 5665 2126 5696 ⁸
2154 5663 2295 5720 Idem
2325 5663 2444 5720 cod.
2463 5703 2476 5726 ,
2509 5663 2960 5717 commendantem.

2105 5737 2125 5766 ⁵
2155 5734 2300 5792 Idem
2327 5735 2473 5804 cod.,
2503 5735 2702 5788 venisti.

3079 5887 3149 5949 18
