4060 6364
515 268 621 331 ωε

1582 257 1875 316 FACUNDI
1915 257 2125 313 EPISC.
2173 253 2678 311 HERMIANENSIS
3725 265 3803 322 5'50

509 393 833 459 orthodoxe,
865 391 1008 444 orbis
1029 388 1265 443 eruditor
1293 406 1301 438 :
1335 387 1423 454 qui
1451 386 1528 440 sic
1558 385 1749 451 credit,
1779 383 2043 451 diligitur;
2083 398 2101 430 ι
2142 382 2182 438 Α
2216 377 2298 432 vel
2328 377 2648 431 tcslillmlliis
2677 374 2894 430 Patrum
2920 377 3253 446 probarem.
3287 374 3378 429 vel
3409 389 3507 430 sua
3536 376 3808 440 deﬁnitione

510 501 609 539 nec
631 485 681 537 in
715 483 797 538 his
817 483 1062 535 munibus
1079 479 1275 546 aliquid
1303 478 1580 532 audiamus
1602 477 1668 531 de
1689 489 1792 530 una
1822 489 1940 545 qua:
1960 487 2104 527 com-

508 575 682 644 posita
715 571 930 638 dicitur,
959 548 1157 624 Christi
1188 577 1380 622 natura
1407 585 1419 620 :
1459 566 1731 637 quomodo
1762 579 1907 618 nunc
1933 561 2102 632 Euty-

506 664 703 723 chiani,
732 677 957 732 quorum
987 675 1113 730 pars
1142 674 1332 728 magna
1363 667 1445 714 est
1488 655 1840 720 Alexandrize,
1875 671 1985 710 non
2019 669 2105 708 sc-

505 757 736 809 cundum
769 755 905 808 hanc
932 752 1290 808 orthodoxam
1321 761 1376 806 et
1425 751 1698 820 antiquam
1735 748 1881 802 orbis
1921 744 2102 802 erudi-

506 845 983 913 tiuncm‘credunt,
1014 844 1344 898 Nestorianm
1373 858 1492 897 eam
1532 841 1721 898 hmresi
1764 840 2101 911 deputantes,

504 953 661 1006 quam
708 937 791 993 sui
835 937 1074 990 dilexere
1106 937 1371 1003 majores?
1404 935 1658 989 Desinant
1703 934 1861 1001 igitur
1899 933 1966 986 ab
2004 932 2104 986 hac

503 1027 775 1082 horrenda
806 1026 1053 1090 stultitia,
1081 1041 1185 1094 qua
1213 1025 1453 1080 dicentes
1481 1024 1749 1078 Christum
1783 1023 1936 1077 unius
1953 1037 2103 1076 com-

505 1118 693 1187 posita:
722 1132 841 1172 esse
872 1126 1096 1182 natura»,
1130 1117 1292 1169 Deum
1317 1131 1374 1169 se
1405 1113 1772 1184 blasphemare
1801 1129 1906 1167 non
1949 1111 2106 1166 intel-

504 1209 693 1278 ligunt,
717 1208 868 1276 cujus
895 1219 1137 1260 naturam
1169 1205 1394 1261 credunt
1432 1219 1591 1274 posse
1625 1205 1639 1236 ι
1685 1204 1951 1272 componi.
1997 1202 2104 1256 Nec

504 1301 719 1356 beatum
749 1297 1005 1368 Cyrillum
1035 1297 1212 1351 dicant
1252 1296 1350 1350 sibi
1375 1295 1644 1350 centraria
1672 1294 1938 1359 docuisse,
1971 1307 2103 1360 quo-

505 1392 648 1444 niam
691 1404 786 1459 per
823 1390 926 1442 hoc
974 1388 1144 1441 errori
1192 1385 1410 1456 quidem
1460 1402 1558 1440 suo
1613 1385 1739 1439 nihil
1781 1383 2103 1438 defensionis

505 1483 752 1547 all’eruut,
800 1482 873 1534 illi
918 1490 1092 1534 tamen
1147 1480 1437 1533 maximum
1499 1479 1953 1548 prtevaricatiouis
1999 1477 2105 1532 cri-

503 1588 625 1627 men
653 1572 970 1642 impingunt.

588 1697 641 1748 .
1122 1702 1349 1760 CAPUT
1392 1703 1475 1758 Vl.

506 1799 657 1864 Quod
701 1797 1019 1869 Eutychiani
1068 1814 1221 1850 unm:
1274 1795 1465 1850 Christi
1496 1797 1829 1862 contposiunt
1861 1807 2095 1846 natumln
2131 1768 2180 1828 Β

572 1867 856 1922 ustruentés
898 1867 1243 1923 Nestorianos
1286 1868 1566 1937 adjuvant;
1595 1877 1638 1918 tl
1665 1869 1798 1929 qttnd
1833 1881 2099 1931 perperam

575 1951 787 1994 utantur
814 1939 1048 2007 exemplo
1083 1942 1325 1990 humana:
1355 1947 1553 1991 natura:
1583 1954 1644 1990 ea:
1673 1937 1848 1988 anima
1895 1947 1940 1988 ιι
1988 1953 2100 1988 cor-

577 2026 702 2080 pore
723 2013 1037 2078 compositw.

571 2124 680 2180 Sed
705 2122 894 2192 etiam
927 2123 1154 2192 probare
1175 2121 1434 2176 debemus
1458 2119 1732 2190 quomodo
1755 2120 1911 2174 iidem
1940 2119 2102 2192 Euty-

502 2215 675 2271 chiani
698 2213 782 2268 vel
809 2211 1281 2283 Semieutychiani,
1312 2211 1403 2280 qui
1433 2219 1620 2266 contra
1642 2209 2098 2274 Chalcedonense,

502 2310 608 2362 imo
648 2321 779 2360 vero
821 2305 984 2359 etiam
1024 2311 1212 2357 contra
1255 2302 1582 2372 Ephesinum
1617 2302 1926 2368 concilium,
1971 2302 2101 2357 duas

503 2399 614 2455 Filii
641 2399 735 2454 Dei
762 2405 1100 2468 negantcsse
1129 2405 1365 2462 naturas,
1409 2397 1714 2452 econtrario
1759 2395 2103 2452 Nesto;ianos

500 2505 598 2560 per
625 2490 729 2544 hoc
757 2488 1032 2558 adjuveut,
1064 2502 1292 2557 quorum
1338 2486 1557 2542 falsitati
1584 2502 1642 2542 se
1677 2495 1865 2556 putant
1907 2489 2101 2541 verita-

501 2583 569 2637 tis
613 2581 897 2649 negatione
943 2580 1214 2634 resistere.
1251 2581 1570 2634 Asscrentes
1617 2579 1760 2632 enini
1809 2579 1950 2647 quod
1996 2595 2096 2632 una

498 2673 567 2728 sit
593 2671 712 2726 Filii
751 2672 844 2726 Dei
885 2680 1096 2738 natura,
1144 2671 1241 2740 ipsi
1291 2673 1470 2741 potius
1519 2671 1743 2727 alterius
1789 2671 2099 2726 substantiae

499 2763 772 2819 hominem
810 2763 1078 2818 Christum
1121 2761 1302 2817 Jesum
1352 2770 1503 2817 extra
1542 2761 1635 2816 Dei
1684 2761 1870 2815 Filium
1919 2761 2098 2815 dicere

496 2857 923 2912 convincuntur:
955 2857 1099 2926 quod
1143 2855 1297 2911 nobis
1339 2854 1473 2910 falso
1526 2855 1805 2923 imputant,
1839 2854 1926 2922 qui
1963 2853 2096 2908 duas

497 2947 654 3001 unius
679 2945 904 3000 dicimus
932 2945 1025 3000 lilii
1047 2960 1166 3001 esse
1206 2953 1446 2999 naturas.
1478 2943 1613 2998 Nam
1658 2945 1701 2997 si
1733 2952 2000 3013 quaeratur
2029 2945 2096 2997 ab

495 3040 574 3095 eis
602 3047 781 3094 utrum
810 3037 1002 3093 Filium
1033 3038 1154 3103 Dei,
1191 3053 1351 3108 quem
1394 3036 1550 3090 unius
1578 3035 1764 3091 dicunt
1789 3050 1906 3089 esse
1935 3045 2094 3088 natu~

496 3146 588 3195 rm,
619 3131 1131 3186 consubstantialem
1155 3128 1300 3184 Patri
1324 3128 1610 3192 fateantur,
1645 3141 1840 3196 negare
1868 3142 1974 3180 non
2002 3143 2098 3196 po-

496 3233 698 3278 terunt.
733 3223 933 3278 Deinde
957 3223 1002 3278 si
1032 3224 1134 3278 hoc
1162 3223 1230 3276 ab
1259 3221 1336 3276 eis
1367 3229 1654 3290 quaeratur,
1688 3227 1864 3274 utrum
1895 3219 2098 3289 simpli-

498 3317 573 3370 cis
597 3323 803 3368 naturm
831 3315 901 3368 sit
931 3313 1118 3376 Pater,
1153 3315 1256 3368 hoc
1293 3327 1509 3382 quoque
1554 3310 1802 3365 similiter
1854 3311 2097 3365 fatebun-

496 3417 601 3462 tur.
635 3408 800 3476 lgitur
828 3406 1020 3460 Filium
1042 3406 1158 3474 Dei,
1191 3419 1351 3474 quem
1381 3404 1540 3458 unius
1570 3403 1755 3458 dicunt
1787 3418 1904 3457 esse
1941 3412 2097 3456 natu-

497 3512 571 3551 ra:
602 3496 852 3566 Patrique
871 3495 1408 3559 consubstantialem,
1440 3493 1601 3548 etiam
1624 3491 1898 3562 simplicis,
1932 3493 1983 3546 id
2014 3501 2097 3547 cst

497 3588 689 3643 divinae
719 3593 923 3640 tantum
955 3585 1134 3641 dicere
1163 3583 1584 3654 compellentur;
1620 3597 1685 3636 ac
1713 3597 1810 3651 per
1831 3583 1934 3637 hoc
1962 3582 2095 3637 alte-

497 3681 612 3735 rius
629 3679 732 3736 erit
751 3679 1062 3735 substantia:
1085 3680 1104 3709 ²
1129 3677 1291 3732 homo
1312 3675 1557 3732 Christus
1573 3675 1746 3742 Jesus,
1773 3677 1860 3731 cui
1878 3691 2095 3745 separa-

498 3772 595 3825 tim
621 3769 912 3841 deputetur
947 3770 1178 3824 humana
1221 3776 1428 3822 natura.
1475 3766 1651 3836 Atque
1691 3767 1763 3820 ita
1811 3781 1932 3822 cum
1962 3765 2094 3820 duas

497 3865 652 3920 unius
671 3863 792 3918 Filii
820 3871 1014 3932 negant
1040 3877 1158 3917 esse
1180 3869 1417 3927 naturas,
1443 3859 1664 3915 alteram
1696 3859 2094 3914 subsistentiam

497 3951 611 4006 Filii
637 3953 749 4018 Dei,
773 3959 826 4007 et
848 3955 1072 4006 alteram
1096 3951 1355 4020 assumpti
1375 3949 1608 4004 hominis
1627 3956 1920 4017 arguentur
1941 3947 2095 4002 indu-

497 4060 640 4102 cere.
671 4043 835 4117 Cujus
858 4045 1148 4115 probabilis
1174 4044 1398 4099 rationis
1425 4049 1611 4098 sancta
1633 4041 1903 4112 Ephesina
1934 4055 2102 4112 syno~

496 4136 598 4193 dus
624 4153 732 4193 non
762 4139 945 4209 ignara
981 4153 1104 4196 cum
1141 4136 1445 4192 Nestorium
1498 4134 1904 4200 condemnaret,
1950 4132 2096 4203 quod

495 4227 590 4284 Dei
617 4226 810 4283 Filium
851 4243 957 4283 non
987 4229 1163 4284 solum
1206 4228 1258 4281 in
1285 4226 1493 4282 duabus
1529 4225 1755 4292 naturis,
1787 4223 1933 4294 quod
1971 4239 2094 4279 san-

495 4330 639 4377 ctum
669 4330 781 4385 est,
813 4320 907 4377 sed
955 4321 1117 4376 etiam
1166 4320 1217 4374 in
1266 4319 1471 4374 duabus
1517 4317 1897 4382 subsistentiis,
1951 4315 2095 4384 quod

495 4415 777 4484 profanum
808 4421 912 4481 est,
943 4412 1269 4483 praedicabat
1303 4430 1314 4463 :
1350 4426 1456 4466 non
1484 4409 1630 4478 quod
1674 4409 1807 4463 duas
1836 4406 2096 4462 fateretur

494 4505 618 4558 Filii
648 4505 742 4559 Dei
773 4512 1012 4570 naturas,
1061 4503 1156 4558 sed
1186 4501 1330 4571 quod
1357 4501 1492 4557 duas
1529 4499 1903 4556 subsistentias
1939 4514 2091 4555 men-
2125 4523 2170 4581 ι)

494 4594 704 4658 tiretur,
741 4607 863 4648 eum
893 4593 1204 4661 redarguit:
1238 4605 1339 4646 nec
1380 4590 1703 4646 testimoniis
1743 4591 2088 4661 antiquorum

493 4682 710 4736 Patrum
735 4681 929 4750 quibus
948 4697 1070 4736 eum
1098 4682 1166 4736 de
1195 4682 1344 4751 pravi
1381 4681 1648 4750 dogmatis
1682 4681 1922 4737 novitate
1959 4697 2088 4738 con-

494 4772 677 4838 vincit,
710 4786 870 4826 unam
897 4770 1018 4826 Filii
1048 4772 1141 4827 Dei
1170 4779 1416 4827 naturam
1463 4787 1582 4827 esse
1611 4773 1948 4839 monstravit,
1993 4775 2084 4830 sed

496 4879 656 4920 unam
686 4865 866 4935 potius
893 4879 1014 4920 esse
1059 4880 1364 4936 personam.
1399 4864 1464 4919 Et
1504 4865 1689 4935 utique
1735 4865 1802 4921 ad
1851 4869 2085 4938 compri-

493 4955 745 5010 mendum
776 4964 831 5011 et
856 4957 1070 5026 penitus
1090 4955 1536 5024 exstinguendum
1564 4969 1802 5010 errorem
1831 4955 2083 5022 Nestorii,

493 5048 583 5117 qui
615 5047 751 5105 duos
777 5050 935 5105 nobis
966 5049 1102 5104 lilios
1144 5049 1394 5103 inducere
1439 5049 1756 5113 conabatur,
1804 5049 1933 5103 nihil
1982 5049 2085 5104 uti-

495 5139 617 5205 lius,
668 5140 806 5196 sicut
837 5140 948 5209 jam
995 5139 1244 5205 diximus,
1295 5138 1534 5207 nihilque
1574 5139 1799 5194 validius
1833 5149 1995 5205 esset,
2046 5142 2091 5195 si

499 5232 697 5286 veritas
718 5231 939 5297 sineret,
971 5245 1132 5300 quam
1157 5238 1212 5285 ut
1234 5245 1393 5285 unam
1416 5245 1536 5286 esse
1557 5229 1675 5286 Filii
1701 5231 1796 5287 Dei
1824 5243 2088 5300 naturam,

570 5381 822 5456 “fingas
837 5386 996 5439 etiam
1017 5395 1072 5440 et
1100 5385 1651 5456 deliramentaverhis
1686 5386 1969 5456 Epiphanii
2004 5404 2097 5441 vo-,

497 5463 583 5509 cat
609 5451 962 5526 Hieronymus
1002 5457 1157 5526 epist.
1200 5455 1288 5520 60,
1320 5464 1376 5510 et
1419 5451 1616 5526 passim
1644 5451 1937 5526 explodunt
1988 5456 2088 5510 Pa-

500 5533 611 5579 tres
642 5533 752 5578 tum
775 5525 1086 5580 Grtnci'tum
1119 5525 1295 5579 Latini
1329 5544 1341 5578 :
1378 5525 1435 5579 ut
1470 5525 1751 5596 Antipater
1778 5525 2092 5582 Bostrorum

582 5701 597 5722 ι
635 5684 770 5740 Cod.
800 5685 1026 5752 Veram,
1057 5687 1302 5752 potuisse.

572 5759 593 5790 ¹
632 5755 780 5811 Idem
809 5755 951 5822 cod.,
986 5743 1312 5811 subsistentia

2210 479 2580 533 decernerent.
2616 475 2684 528 At
2725 490 2845 529 cum
2894 474 3212 530 Nestorium
3249 489 3366 526 non
3391 473 3568 528 solum
3611 477 3730 531 duas
3768 481 3806 535 in

2210 569 2300 622 illo
2329 567 2584 638 mysterio
2616 575 2857 633 naturas,
2879 581 3064 620 verum
3099 566 3281 619 etiam
3312 564 3454 618 duas
3476 564 3809 628 subsistentias

2207 659 2606 729 prmdicantem,
2640 674 2745 712 non
2775 666 2995 727 propter
3020 667 3357 726 utrumque,
3385 656 3485 711 sed
3509 666 3716 728 propter
3731 661 3811 719 hoc

2208 749 2380 804 solum
2411 749 2651 820 synodus
2706 746 2969 819 Ephesina
3003 750 3332 817 redarguit,
3367 749 3516 818 quod
3557 765 3708 805 unum
3745 743 3812 810 Fi-

2211 840 2341 893 lium
2366 841 2416 894 in
2439 840 2572 893 duas
2599 840 2971 894 subsistentias
3001 839 3309 904 divideret,
3337 839 3428 894 vel
3464 841 3511 894 si
3544 840 3627 894 illa
3655 856 3811 900 contra

2207 944 2328 982 eum
2353 929 2568 983 Patrum
2589 929 2890 985 testimonia
2915 947 3019 984 non
3044 930 3358 999 proferret,
3385 930 3584 997 quibus
3606 930 3812 1000 Christus

2209 1023 2259 1074 in
2287 1022 2493 1076 duabus
2523 1037 2642 1078 esse
2673 1023 2876 1076 naturis
2907 1023 3253 1086 ostenditur,
3300 1019 3614 1078 aliirmaSse
3652 1029 3812 1080 nterim

2202 1112 2260 1182 ju
2286 1115 2536 1167 liearctur
2565 1114 2696 1168 duas
2722 1115 2874 1167 unius
2899 1112 3012 1166 Filii
3038 1114 3130 1168 Dei
3159 1128 3294 1168 esse
3325 1121 3577 1174 naturas,
3609 1117 3736 1182 quod
3772 1118 3811 1172 iu

2208 1203 2480 1268 Nestorio,
2532 1215 2753 1275 prapter
2781 1205 2922 1258 aliud
2955 1205 3298 1274 improbato,
3337 1219 3452 1258 non
3498 1205 3692 1274 pariter
3731 1208 3810 1261 itn-

2207 1295 2470 1362 probavit.
2506 1293 2658 1348 Unde
2689 1295 2771 1348 Vel
2815 1295 2915 1350 hac
2956 1296 3300 1350 auctoritate
3348 1304 3578 1350 ostensa
3624 1300 3808 1367 coerciti

2211 1386 2550 1457 Eutychiani,
2576 1386 2687 1454 jam
2737 1387 2984 1441 desinant
3011 1397 3208 1443 contra
3244 1403 3450 1442 sanam
3497 1396 3553 1442 et
3591 1404 3807 1444 necessa‘

2207 1481 2340 1533 riam
2389 1480 2782 1535 confessionem
2832 1480 3088 1537 Ecclesiae
3140 1483 3446 1553 disputare
3491 1501 3504 1536 :
3566 1499 3678 1552 qua:
3725 1503 3806 1542 non

2210 1579 2418 1624 tantum
2448 1571 2743 1625 secundum
2772 1569 3258 1638 Chalcedonensis,
3309 1574 3413 1630 sed
3445 1575 3610 1630 etiam
3644 1592 3802 1631 secum

2210 1662 2335 1716 dum
2370 1661 2650 1730 Ephesium
2679 1661 2870 1734 synodi
2920 1662 3190 1732 instituta,
3231 1663 3528 1720 Christum
3558 1668 3606 1719 in
3625 1669 3804 1724 duabus

2211 1753 2464 1823 prtetticat
2488 1767 2608 1809 esse
2635 1757 2861 1811 naturis.
2911 1757 3026 1812 Non
3057 1759 3228 1823 enim,
3283 1758 3375 1812 vel
3407 1758 3453 1813 si
3486 1758 3564 1812 eis
3595 1771 3801 1812 constate

2208 1845 2416 1914 possit,
2476 1845 2831 1902 humanorum
2894 1861 3354 1917 argumentorum
3438 1848 3800 1900 l'ﬁliuCitLJiMli

2203 1937 2422 1992 credere
2452 1953 2511 1992 se
2554 1939 2876 2003 debuerunt,
2907 1947 2968 1992 ut
3001 1955 3159 1992 unam
3193 1939 3409 1993 Christi
3446 1937 3798 1991 contenzierent

2203 2045 2322 2085 esse
2354 2039 2640 2094 naturam;
2672 2029 2767 2083 sed
2799 2028 3015 2082 Patrum
3047 2031 3232 2098 potius
3265 2029 3593 2082 (lll(_‘.l.()l'ill‘ali
3623 2042 3675 2079 se
3699 2030 3797 2079 sub-

2197 2122 2386 2190 jicere,
2419 2123 2470 2176 in
2497 2122 2694 2190 quibus
2736 2121 2955 2191 spiritus
2986 2121 3077 2175 Dei
3106 2122 3331 2176 locutus
3363 2129 3471 2174 est.
3503 2119 3689 2174 Verum
3717 2119 3796 2171 hoc

2210 2217 2494 2285 prudentia
2527 2229 2712 2270 eorum
2758 2231 2864 2271 non
2899 2216 3149 2286 patietur,
3183 2215 3257 2269 de
3297 2230 3408 2282 qua
3437 2213 3570 2268 dicit
3598 2213 3794 2279 Aposto-

2203 2309 2281 2363 lus
2307 2328 2318 2362 :
2355 2309 2610 2374 Quoniam
2640 2311 2915 2382 prudentia
2938 2313 3109 2364 carnis
3127 2328 3273 2365 mors
3299 2321 3405 2379 est,
3437 2309 3700 2380 prudentia
3726 2326 3792 2360 mt-

2204 2413 2299 2456 tem
2331 2405 2563 2471 spiritus,
2596 2405 2699 2457 vita
2744 2413 2792 2457 et
2839 2421 2976 2473 pax;
3023 2406 3274 2474 quoniam
3321 2404 3601 2473 prudentia
3649 2401 3790 2453 carnis

2200 2493 2411 2546 inimica
2434 2503 2510 2547 est
2535 2495 2588 2546 in
2615 2493 2779 2546 Deum
2805 2511 2822 2547 :
2846 2494 2945 2564 legi
2974 2495 3109 2545 enim
3142 2493 3238 2546 Dei
3265 2510 3376 2546 non
3409 2492 3692 2562 subjicitur,
3716 2483 3788 2541 nec

2200 2585 2334 2638 enim
2366 2595 2536 2654 potest
2568 2584 2742 2654 (Rom.
2778 2602 2887 2650 vm,
2920 2585 2997 2655 6),
3031 2594 3086 2638 ut
3115 2586 3166 2638 in
3199 2601 3458 2655 persona:
3488 2582 3691 2652 quidem
3729 2596 3777 2635 re

2201 2676 2563 2730 subsistentia:
2609 2679 2835 2738 unitate,
2899 2676 3283 2729 auctoritatem
3346 2673 3629 2728 nobiscum
3676 2668 3787 2724 diri‘

2204 2783 2322 2820 nam
2381 2776 2696 2838 sequantur,
2748 2768 3004 2837 quoniam
3064 2769 3196 2821 tanti
3251 2766 3508 2822 miraculi
3551 2772 3782 2819 secretum

2205 2859 2435 2912 humana
2478 2859 2620 2912 ratio
2652 2858 2900 2927 indagare
2950 2875 3056 2913 non
3113 2859 3283 2912 valet.
3346 2856 3406 2911 In
3458 2857 3562 2912 hoc
3615 2862 3784 2917 autem,

2198 2949 2340 3019 quod
2373 2959 2625 3021 putantes
2654 2965 2813 3003 unam
2848 2965 2912 3004 ex
2939 2949 3144 3004 duabus
3167 2950 3371 3005 factam
3397 2964 3520 3004 esse
3547 2955 3779 3009 naturam,

2199 3060 2225 3096 a
2255 3041 2621 3098 fundatissima
2649 3041 2868 3096 Patrum
2909 3043 3231 3098 auctoritate
3271 3042 3582 3107 discedunt,
3628 3036 3780 3092 videa-

2126 3137 2170 3197 C
2203 3151 2321 3190 mus
2349 3135 2412 3202 si,
2445 3135 2895 3204 quemadmodum
2926 3133 3121 3199 lislunt,
3146 3136 3229 3190 vel
3261 3132 3562 3190 secundum
3587 3131 3773 3199 sapien-

2205 3227 2334 3279 tiam
2383 3224 2566 3280 mundi
2617 3232 2866 3280 constare
2909 3225 3011 3278 illis
3041 3240 3136 3279 sua
3181 3226 3326 3278 ratio
3355 3231 3576 3294 potest.
3622 3219 3779 3274 Dicunt

2202 3314 2379 3384 igitur,
2406 3316 2545 3370 sicut
2593 3331 2657 3370 ex
2704 3315 2908 3370 duabus
2937 3315 3165 3382 naturis,
3212 3316 3264 3369 id
3300 3324 3387 3370 est
3425 3328 3492 3369 ex
3523 3310 3684 3366 anima
3731 3313 3776 3359 et

2200 3422 2380 3473 carne,
2410 3423 2513 3461 una
2535 3406 2830 3477 composita
2859 3415 2942 3461 est
2969 3407 3200 3460 humana
3233 3414 3458 3471 natura,
3490 3403 3568 3456 sic
3596 3415 3655 3456 ex
3682 3394 3772 3450 dei‘

2204 3505 2312 3551 tate
2333 3506 2386 3551 et
2415 3497 2746 3551 humanitate
2773 3511 2875 3550 una
2905 3497 3203 3565 composita
3227 3503 3317 3551 est
3345 3492 3546 3549 Christi
3572 3495 3737 3544 natura
3762 3499 3774 3534 :

2199 3595 2252 3638 et
2283 3586 2402 3641 ideo
2424 3601 2490 3640 ex
2521 3586 2727 3640 duabus
2757 3585 2998 3654 quidem,
3022 3585 3116 3640 sed
3145 3601 3249 3638 non
3282 3586 3344 3639 in
3374 3583 3580 3638 duabus
3601 3576 3777 3633 naturis

2198 3677 2466 3731 Christum
2497 3676 2843 3744 c....,iitcmur.
2888 3677 3145 3745 Equidem
3200 3677 3354 3730 nulla
3403 3687 3564 3730 causa
3593 3676 3669 3725 est
3700 3677 3780 3720 cur

2201 3767 2364 3820 etiam
2397 3767 2759 3836 unusquisque
2785 3768 2945 3822 homo
2974 3769 3026 3821 in
3057 3768 3264 3824 duabus
3294 3775 3530 3838 negetur
3553 3776 3664 3820 esse
3697 3773 3773 3811 na-

2197 3859 2351 3923 turis,
2408 3858 2459 3912 in
2511 3873 2674 3913 carne
2717 3860 2926 3914 scilicet
2979 3869 3140 3928 atque
3183 3861 3386 3916 anima.
3445 3859 3574 3926 Qua:
3618 3863 3779 3909 tamen

2195 3937 2319 4017 quia
2351 3958 2406 4004 et
2431 3965 2534 4004 una
2561 3964 2630 4005 cx
2658 3949 2865 4005 duabus
2894 3951 3212 4021 composita,
3246 3961 3401 4009 recte
3446 3947 3667 4006 hominis
3694 3957 3770 3997 nan

2198 4047 2370 4092 turam
2420 4039 2524 4093 dici
2573 4040 2931 4094 certissimum
2971 4049 3094 4094 est:
3145 4037 3325 4110 p'otuit
3375 4041 3520 4096 enim
3574 4032 3771 4092 hominis

2197 4129 2372 4183 anima
2404 4131 2455 4184 in
2487 4145 2646 4184 unam
2679 4139 2924 4184 naturam
2950 4145 3071 4184 cum
3101 4145 3195 4185 sua
3225 4146 3391 4187 carne
3419 4126 3678 4198 componi.
3704 4123 3767 4174 De

2197 4217 2396 4273 Christi
2428 4235 2555 4276 vero
2583 4220 2863 4275 divinitate
2889 4220 3374 4276 inconvertibiliter
3402 4216 3654 4289 simplici,
3677 4225 3766 4268 non

2196 4312 2313 4367 sine
2343 4313 2546 4383 ingenti
2576 4313 2911 4384 blasphemia
2940 4313 3155 4377 dicitur,
3181 4311 3324 4382 quod
3362 4314 3416 4367 in
3446 4322 3598 4365 unam
3636 4310 3764 4358 natus

2197 4413 2309 4458 ram
2366 4421 2486 4461 cum
2539 4413 2787 4475 suscepta
2841 4405 3173 4458 humanitate
3229 4403 3485 4476 componi
3539 4393 3762 4471 potuerit.

2196 4495 2397 4553 Deinde
2443 4497 2813 4564 considerent,
2865 4496 3011 4565 quod
3066 4496 3179 4552 sive
3227 4498 3428 4562 anima,
3483 4493 3593 4549 sive
3635 4499 3760 4548 caro,

2196 4588 2536 4643 adunationis
2561 4602 2670 4642 sua:
2698 4602 2859 4643 causa
2888 4589 3240 4653 exstiterunt,
3269 4597 3325 4643 et
3370 4605 3480 4645 non
3508 4587 3642 4640 hunc
3681 4579 3760 4632 ha-

2195 4677 2324 4732 bent
2352 4685 2558 4732 naturae
2586 4677 2768 4744 linem,
2817 4677 3160 4746 singulariter
3206 4694 3269 4734 ac
3309 4677 3602 4750 separatim
3647 4683 3757 4726 con-

2195 4772 2416 4836 sistere;
2448 4769 2544 4824 sed
2591 4769 2658 4824 ad
2686 4769 2768 4827 sui
2798 4770 3232 4838 conjunctionem
3261 4773 3517 4837 tendunt,
3552 4774 3603 4823 et
3647 4760 3772 4818 invi--

2195 4878 2311 4918 cem
2341 4863 2442 4917 sibi
2464 4862 2662 4918 debent
2689 4862 3088 4931 quodammodo
3116 4870 3176 4917 ut
3204 4865 3457 4919 existant.
3489 4861 3634 4925 Nam,
3671 4853 3774 4910 sic“

2193 4963 2250 5010 ut
2288 4970 2418 5011 caro
2471 4955 2661 5010 anima:
2700 4955 2840 5009 facta
2890 4966 2990 5020 est,
3043 4958 3113 5010 ita
3163 4965 3217 5011 et
3269 4958 3446 5011 anima
3477 4948 3678 5011 carni';
3713 4943 3775 4998 0‘;

2193 5050 2306 5119 ipse
2336 5049 2594 5103 naturalis
2615 5063 2799 5103 earum
2829 5049 3112 5103 intentioni
3141 5057 3223 5105 est
3254 5049 3371 5105 finis
3419 5047 3606 5119 pariter
3631 5051 3747 5095 esse.

2194 5142 2308 5197 Non
2336 5143 2476 5197 enim
2497 5142 2821 5197 credendum
2852 5151 2936 5197 est
2952 5142 3199 5210 Origenis
3223 5139 3585 5198 deliramentis
3612 5143 3654 5199 ⁸,
3677 5125 3771 5197 (ιυί“

2197 5235 2497 5305 suspicatur
2540 5235 2895 5290 humanarum
2926 5235 3221 5311 animarum
3263 5233 3581 5290 substantias
3619 5225 3746 5289 leniie

2200 5390 2488 5460 epismpus
2513 5392 2916 5465 Dissertationis
2940 5394 2992 5447 in
3015 5394 3302 5463 Origenem
3331 5411 3448 5465 cap.
3481 5391 3532 5446 7.
3606 5457 3614 5465 _

2267 5475 2318 5515 '0
2350 5470 2563 5523 ποιήσας·
2600 5468 2683 5519 τὸν
2731 5459 2990 5540 ἄνθρωπον
3021 5454 3310 5540 ἀπ’-ιὰρχῆς
3354 5454 3508 5534 afﬁnes
3537 5457 3617 5584 τὲαἱ
3638 5454 3744 5537 ’θήλυ

2545 5557 2548 5559 ·
3574 5536 3742 5582 aetati!1

2271 5695 2288 5724 ‘
2328 5695 2468 5750 Idem
2500 5698 2643 5762 eod.,
2678 5709 2726 5751 et
2749 5701 2922 5752 anima
2958 5701 3091 5753 ’κοῖα
3115 5708 3189 5754 est
3212 5701 3357 5755 carni

3957 5134 3961 5205 ί

3956 5395 3961 5527 l
