4060 6364
245 306 352 380 5δῖ

1179 311 1311 371 PRO
1352 314 1770 370 DEFENSIONE
1812 313 2025 368 TRIUM
2059 311 2375 370 CAPITUL.
2420 316 2542 372 [ΑΒ.
2587 315 2648 371 II.
3442 317 3546 375 558

245 440 375 486 ante
428 444 588 494 quam
630 431 680 484 in
712 431 1027 502 corporibus
1057 441 1255 494 essent,
1307 447 1413 487 non
1453 430 1626 486 solum
1664 430 1844 495 fuisse,
1879 435 1926 492 Α
1957 432 2233 502 prudentia
2271 433 2595 502 diffamatus,
2636 435 2685 489 in
2735 437 2872 492 libro
2919 438 2986 493 de
3043 438 3180 508 ﬁde,
3216 447 3269 494 et
3313 453 3429 509 spe,
3491 451 3549 496 et

243 535 433 576 verum
488 522 648 576 etiam
699 538 984 592 peccasse,
1041 531 1094 577 et
1149 525 1296 592 prius
1345 521 1561 592 quidem
1612 531 1839 584 mentes,

245 620 437 682 postea
465 627 595 666 vero
625 613 830 667 animas
851 613 1034 678 factas,
1060 629 1181 668 cum
1212 629 1308 683 pro
1338 620 1682 682 peccatorum
1713 628 1844 667 suo-

245 717 366 757 rum
396 703 599 757 meritis
630 703 681 757 in
703 720 930 774 corpora
962 705 1339 758 truderentur:
1367 719 1486 758 cum
1521 705 1664 758 dicat
1701 703 1848 773 Apo-

242 794 418 849 stolus
445 812 458 846 :
495 793 723 848 Rebecca
740 812 803 848 ea:
833 812 936 848 uno
962 795 1229 848 concubitu
1256 795 1448 848 habens
1478 794 1631 848 Isaac
1648 803 1844 864 patrem

245 895 479 938 nostrum
513 884 689 955 (Rom.
726 901 798 946 tx,
842 884 957 956 20),
991 895 1095 939 etc.
1127 885 1252 938 Cum
1285 888 1423 938 enim
1457 887 1688 940 nondum
1735 886 1847 939 nati

244 978 483 1047 fuissent,
516 986 605 1029 aut
629 977 822 1048 aliquid
849 979 1071 1048 egissent
1115 977 1302 1031 bonum
1346 994 1407 1030 ac
1450 978 1644 1030 malum
1672 993 1848 1030 secun-

245 1068 369 1120 dum
393 1067 720 1132 electionem,
771 1077 825 1120 ut
862 1068 1182 1139 propositum
1216 1067 1310 1121 Dei
1340 1077 1588 1127 maneret,
1630 1085 1733 1121 non
1780 1082 1846 1120 ea:

245 1157 504 1228 operibus,
555 1159 644 1211 sed
694 1175 758 1212 ea:
800 1168 1011 1213 vocante
1040 1160 1234 1212 dictum
1286 1167 1360 1212 est
1403 1160 1472 1224 ei,
1518 1158 1639 1230 quia
1679 1158 1849 1228 major

247 1256 429 1308 serviet
457 1255 666 1306 minori.
703 1252 866 1308 Paulo
897 1253 1079 1322 itaque
1119 1253 1309 1308 melius
1335 1262 1391 1306 et
1436 1249 1644 1306 ﬁdelius
1670 1251 1847 1307 credi-

249 1361 368 1400 mus
395 1345 626 1407 docenti,
675 1346 799 1415 quia
830 1362 949 1399 cum
997 1343 1163 1400 Jacob
1193 1353 1245 1399 et
1287 1343 1432 1398 Esau
1463 1343 1686 1398 necdum
1737 1343 1849 1398 nati

248 1437 494 1504 fuissent,
519 1438 648 1492 nihil
674 1449 898 1506 egerunt
920 1439 1118 1492 bonum
1143 1446 1235 1492 aut
1258 1437 1476 1502 malum,
1503 1451 1602 1492 nec
1631 1452 1698 1490 ex
1719 1451 1850 1506 ope-

249 1528 430 1594 ribus,
462 1527 558 1581 se'd
607 1543 674 1582 ex
720 1527 965 1582 vocantis
1011 1529 1181 1597 gratia
1234 1536 1358 1582 sunt
1401 1527 1635 1591 discreti,
1687 1542 1848 1596 quant

246 1620 465 1689 Origeni
492 1621 778 1676 somnianti
825 1621 988 1691 quod,
1027 1629 1083 1675 ut
1122 1629 1493 1687 nascerentur,
1518 1620 1843 1690 supplicium

248 1712 423 1768 fuerat
453 1714 632 1767 nescio
681 1713 831 1780 cujus
873 1714 1020 1766 mali.
1053 1711 1187 1766 Nam
1228 1721 1430 1768 etcum
1461 1707 1635 1765 morte
1681 1726 1710 1764 a
1739 1710 1851 1766 suis

247 1804 563 1874 corporibus
590 1804 781 1857 anima:
810 1811 1154 1872 separantur,
1187 1801 1254 1856 ad
1292 1802 1372 1856 sui
1413 1809 1592 1856 tamen
1622 1799 1850 1870 conjun-
1882 1831 1927 1888 Β

249 1895 487 1949 ctionem
516 1895 762 1949 similiter
801 1895 1053 1956 tendunt,
1088 1903 1144 1949 et
1177 1901 1462 1963 prepterea
1494 1908 1654 1946 unam
1691 1899 1848 1946 natu-

250 2002 365 2040 ram
413 1987 700 2040 humanam
732 1985 988 2041 efﬁciunt.
1024 1985 1179 2052 Quod
1208 1984 1275 2040 de
1316 1984 1473 2038 Verbi
1522 1983 1616 2038 Dei
1658 1992 1849 2037 natura

251 2077 403 2132 nefas
423 2087 505 2133 est
530 2078 770 2139 credere,
813 2078 1068 2146 quoniam
1105 2075 1394 2146 aliquando
1424 2091 1529 2129 non
1561 2075 1674 2129 sola
1720 2075 1848 2129 sub-

251 2170 465 2234 stiterit,
497 2170 589 2224 sed
619 2172 862 2224 humana:
891 2177 1096 2223 natura)
1120 2168 1375 2222 adunatio
1422 2182 1584 2222 causa
1613 2167 1663 2221 ei
1689 2168 1703 2197 ²
1733 2166 1850 2220 fue-

251 2261 323 2314 rit
351 2260 634 2324 existendi,
662 2268 721 2312 ut
743 2261 857 2329 ipsa
887 2260 986 2313 sibi
1015 2259 1244 2312 adunata
1269 2258 1573 2326 quiesceret
1595 2255 1851 2310 naturalis

253 2351 368 2419 ejus
407 2351 652 2406 intentio.
689 2351 883 2406 Verum
931 2365 1104 2419 neque
1133 2350 1200 2404 de
1244 2349 1475 2402 humana
1508 2354 1698 2402 natura
1747 2346 1851 2404 dici

252 2450 453 2512 potest,
483 2442 625 2512 quod
655 2459 759 2496 non
793 2443 963 2512 possit
993 2443 1108 2497 sine
1139 2441 1232 2495 Dei
1253 2439 1414 2494 Verbi
1440 2440 1489 2492 in
1515 2454 1675 2492 unam
1699 2446 1856 2492 natu-

253 2549 370 2588 ram
401 2535 795 2604 compositione
826 2535 1118 2589 subsistere
1151 2552 1164 2587 :
1197 2547 1357 2603 quam
1388 2532 1630 2586 videmus
1673 2531 1854 2600 specie

255 2642 352 2681 sua
376 2635 710 2690 contentam,
744 2642 850 2681 non
887 2627 941 2680 in
972 2625 1171 2695 aliquid
1203 2625 1437 2688 tendere,
1475 2624 1559 2678 cui
1591 2623 1668 2678 sic
1695 2631 1854 2676 natu-

257 2716 441 2770 raliter
459 2716 806 2781 adhrerescat,
842 2726 898 2771 ut
929 2733 1090 2772 unam
1146 2733 1268 2772 eum
1321 2715 1413 2770 illo
1459 2723 1704 2770 naturam
1741 2712 1856 2769 efﬁ-

258 2808 380 2863 ciat.
414 2807 552 2862 Nihil
590 2809 750 2877 igitur
787 2807 1105 2880 Eutychiani
1158 2810 1404 2862 humanae.
1448 2816 1654 2862 natura:
1701 2807 1854 2876 adju-

259 2908 450 2953 vantur
478 2899 744 2968 exemplo,
776 2908 832 2954 ut
862 2916 1022 2954 unam
1054 2909 1296 2953 asserant
1322 2897 1518 2954 Christi
1549 2913 1669 2954 esse
1699 2908 1852 2951 natu-

259 3003 392 3053 ram,
422 2988 506 3042 vel
536 2989 599 3051 si,
633 2997 842 3044 remota
874 2989 1096 3044 Patrum
1133 2989 1475 3057 auctoritate,
1530 2988 1859 3044 concedatur

261 3076 340 3130 eis
367 3077 660 3132 secundum
692 3081 1188 3148 argumentationes
1214 3081 1474 3135 humanas
1502 3079 1570 3134 de
1609 3079 1856 3133 incarna-

1949 523 2233 592 charitate,
2261 524 2350 592 qui
2397 540 2537 594 pene
2583 526 2650 579 ab
2701 527 2949 582 omnibus
2995 530 3188 598 quibus
3237 538 3395 584 notus
3443 540 3547 600 est,

1950 613 2294 670 Enchiridion
2342 616 2670 685 appellatur,
2722 618 2795 672 ita
2852 617 2918 673 de
2945 618 3160 676 Christo
3206 619 3419 675 locutus
3465 628 3548 676 est

1950 703 2104 776 (Cap.
2134 704 2224 775 56)
2256 723 2268 758 :
2311 724 2327 755 ι
2363 705 2568 778 Nempe
2598 723 2665 762 ex
2717 723 2824 776 quo
2855 723 2974 764 esse
3017 710 3181 764 homo
3208 712 3389 781 erepit,
3437 727 3545 766 non

1950 799 2093 853 aliud
2124 798 2289 868 carpit
2318 813 2437 854 esse
2465 799 2628 854 homo
2657 815 2818 870 quam
2851 801 2944 856 Dei
2972 802 3158 869 Filius,
3192 813 3250 858 et
3287 805 3394 858 hoc
3423 804 3544 858 uni-

1949 906 2064 954 cus,
2100 899 2320 960 propter
2354 889 2520 944 Deum
2542 890 2798 957 Verbum,
2825 894 2970 962 quod
3001 893 3090 947 illo
3121 905 3373 964 suscepto
3419 907 3548 949 caro

1949 981 2149 1034 factum
2179 988 2282 1046 est,
2313 981 2495 1050 utique
2524 979 2664 1035 Deus
2695 999 2707 1033 :
2756 991 2812 1035 ut
2858 983 3307 1052 quemadmodum
3335 993 3418 1039 est
3445 1000 3552 1039 una

1950 1086 2182 1141 persona
2211 1070 2436 1141 quilibet
2465 1070 2650 1137 homo,
2698 1071 2875 1126 anima
2922 1072 3124 1127 scilicet
3171 1075 3450 1130 rationalis
3495 1083 3554 1129 et

1951 1178 2100 1227 caro,
2126 1165 2199 1216 ita
2222 1163 2293 1217 sit
2317 1177 2418 1216 una
2442 1177 2673 1231 persona
2695 1162 2958 1228 Christus,
2983 1163 3216 1218 Verbum
3239 1173 3294 1219 et
3319 1166 3501 1220 homo.
3528 1185 3548 1218 ι

1949 1254 2060 1309 Nec
2090 1256 2185 1320 ait,
2219 1256 2289 1309 ita
2319 1255 2388 1309 sit
2417 1254 2614 1310 Christi
2646 1271 2751 1310 una
2780 1264 2970 1310 natura
3001 1255 3237 1311 Verbum
3266 1264 3321 1312 et
3367 1258 3549 1311 homo.

1951 1344 2055 1399 Sed
2082 1345 2190 1414 jam
2221 1346 2458 1400 breviter
2485 1362 2604 1416 quae
2631 1356 2749 1402 aeta
2779 1354 2905 1403 sunt
2931 1347 3265 1416 colligamus.
3291 1348 3553 1417 Apparuit

1951 1436 2229 1506 imprimis,
2263 1439 2408 1506 quod
2452 1439 2746 1493 secundum
2776 1452 2981 1507 magnae
3021 1438 3211 1509 synodi
3250 1437 3555 1494 Chalcedo-

1952 1528 2132 1582 nensis
2160 1527 2484 1582 sententiam
2515 1526 2794 1583 confessus
2821 1544 2898 1594 es,
2931 1529 3244 1600 imperator,
3278 1537 3334 1582 et
3387 1543 3553 1582 unum

1951 1633 2070 1675 esse
2112 1619 2179 1676 de
2230 1619 2494 1675 Trinitate
2548 1622 2863 1677 cruciﬁxum
2915 1638 3014 1692 pro
3063 1621 3219 1677 nobis
3267 1621 3553 1676 Dominum

1953 1710 2245 1778 Christum,
2278 1720 2334 1767 et
2359 1727 2486 1767 vere
2522 1721 2578 1767 et
2597 1713 2816 1783 proprie
2845 1722 3071 1769 matrem
3101 1712 3196 1768 Dei
3227 1711 3551 1780 Mariamﬁt

1953 1803 2206 1859 eumdem
2231 1803 2518 1859 Dominum
2549 1814 2790 1859 nostrum
2821 1801 3003 1860 Jesutn
3033 1801 3305 1858 Christum
3339 1805 3390 1857 in
3420 1803 3556 1858 dua--

1952 1895 2053 1950 bus
2082 1910 2201 1950 esse
2221 1897 2445 1950 naturis.
2479 1895 2739 1965 Apparuit
2775 1896 2956 1962 etiam,
3001 1897 3056 1950 in
3087 1895 3450 1951 declaratione
3490 1911 3556 1952 ac

1953 1985 2266 2040 defensione
2295 1987 2461 2056 ipsius
2487 1985 2608 2040 ﬁdei
2654 1995 2872 2051 nostm,
2905 1994 3258 2041 memoratam
3289 1986 3554 2056 synodum

1955 2075 2070 2130 haec
2099 2076 2232 2146 ipsa,
2261 2092 2359 2145 pro
2381 2075 2680 2130 divinarum
2711 2075 3108 2145 Scripturarum
3139 2077 3460 2131 auctoritate
3501 2083 3556 2133 et

1956 2167 2171 2224 Patrum
2209 2169 2550 2233 testimoniis,
2597 2165 2848 2223 deﬁnisse
2895 2168 3008 2222 sive
3041 2167 3298 2222 ﬁrmasse.
3331 2167 3435 2223 Ubi
3481 2169 3556 2225 si-

1955 2261 2065 2314 mul
2101 2268 2156 2314 et
2184 2260 2261 2314 illi
2297 2260 2426 2314 licet
2467 2261 2557 2331 qui
2587 2259 3048 2315 communicantes
3079 2258 3348 2324 Ecclesite,
3377 2267 3434 2314 ct
3461 2275 3556 2315 au-

1955 2353 2263 2406 ctoritatem
2293 2359 2614 2406 venerantes
2639 2351 2802 2420 ipsius
2831 2357 3032 2407 sanctae
3058 2349 3270 2420 synodi,
3300 2356 3554 2417 tanquam

1956 2443 2192 2510 dogmati
2225 2441 2556 2512 Eutychiano
2587 2439 2862 2504 contrarii,
2897 2448 3076 2494 tamen
3104 2453 3200 2508 per
3245 2437 3554 2492 contentio-

1957 2553 2078 2591 nem
2110 2535 2258 2590 vcrbi
2299 2531 2643 2604 superﬂuam,
2679 2539 2879 2602 negant
2905 2531 3101 2586 debere
3129 2530 3233 2584 dici
3282 2544 3447 2583 unum
3485 2544 3552 2584 ex

1957 2627 2218 2681 Trinitate
2265 2624 2600 2689 cruciﬁxum,
2642 2632 2698 2679 et
2737 2637 2868 2678 vere
2913 2623 3132 2692 proprie
3179 2629 3408 2676 matrem
3459 2619 3555 2675 Det

1958 2720 2203 2788 Mariam,
2253 2719 2453 2773 inventi
2507 2725 2633 2772 sunt
2689 2716 2944 2771 adversus
2999 2715 3244 2770 eamdem
3291 2711 3556 2785 synodum

1957 2809 2154 2874 facere,
2185 2818 2241 2864 et
2266 2808 2632 2881 Eutychianos
2657 2806 2961 2862 econtrario
2985 2805 3096 2860 suis
3122 2803 3556 2860 contentionibus

1957 2903 2232 2970 adjuvare.
2293 2900 2556 2971 Apparuit
2620 2900 2803 2961 etiam,
2848 2898 2992 2967 ipsos
3031 2895 3415 2966 Eutychianos,
3465 2894 3556 2963 qui

1958 3000 2212 3062 tanquam
2241 2999 2429 3046 contra
2459 2989 2652 3058 dogma
2680 2987 2930 3052 Nestorii,
2959 2987 3092 3041 duas
3124 2985 3281 3040 unius
3307 2985 3427 3038 Filii
3465 2985 3555 3043 Dei

1960 3093 2158 3152 negant
2185 3098 2306 3138 esse
2334 3072 2569 3146 naturas,
2597 3079 2926 3134 Nestorianis
2948 3094 3044 3149 per
3071 3079 3176 3133 hoc
3204 3077 3556 3136 indubitatam

263 3169 424 3223 tionis
469 3169 660 3224 divina:
708 3173 964 3242 mysterio
1016 3173 1308 3242 disputare,
1358 3171 1500 3243 quod
1548 3186 1855 3226 mensuram
1888 3205 1930 3265 Ο
1960 3177 2089 3232 dare
2112 3177 2412 3241 victoriam,
2437 3183 2492 3230 et
2513 3173 2774 3245 synodum
2794 3172 3117 3243 Ephesinam
3138 3169 3558 3240 reprehendere,

264 3259 508 3314 humanae
534 3261 756 3316 rationis
783 3263 1011 3317 excedit.
1042 3262 1120 3316 Ad
1151 3278 1394 3332 persona:
1422 3277 1553 3317 vero
1571 3263 1850 3328 unitatem,

263 3352 597 3421 prmcedente
626 3356 944 3409 auctoritate
973 3355 1171 3422 divina,
1203 3355 1609 3411 convcnientius
1637 3355 1741 3409 hoc
1767 3369 1854 3409 re-

263 3439 434 3497 fertur
456 3445 776 3514 exemplum,
803 3447 870 3500 ad
892 3461 1051 3515 quam
1073 3456 1128 3500 et
1156 3463 1186 3500 a
1216 3447 1415 3502 sanctis
1443 3445 1688 3501 Patribus
1716 3447 1855 3500 rela-

265 3544 379 3589 tum
427 3551 545 3590 esse
571 3542 962 3606 cognoscimus.
1025 3538 1250 3610 Pr0ptrr
1291 3539 1433 3608 quod
1465 3539 1627 3593 etiam
1666 3539 1857 3594 beatus

268 3630 349 3684 vir
386 3630 727 3698 Augustinus,
775 3634 828 3687 in
865 3633 1137 3688 catholicae
1165 3633 1422 3687 doctrinae
1446 3631 1754 3687 sinceritate
1793 3645 1856 3686 ac

269 3784 496 3858 cincinnis
523 3789 707 3846 αὐτους
736 3804 748 3816 ’
799 3790 858 3841 οὐ
895 3795 1104 3858 πρῶτον
1156 3786 1630 3858 νᾲαςικᾳτίαὺτόν,
1681 3785 1764 3858 καὶ
1813 3785 1862 3846 ἐξ

269 3854 530 3928 ἁμαρτιῶν
554 3860 862 3931 ἁνθρῲπους.
895 3853 962 3910 Et
991 3864 1110 3924 post
1137 3857 1268 3908 alias
1293 3854 1384 3908 Dei
1434 3853 1862 3931 benedictionem

271 3923 528 3990 tractans,
561 3923 665 3994 qua
691 3928 966 3981 hominum
990 3923 1157 3994 genus
1186 3933 1539 3994 propagatum
1566 3931 1678 3987 est,
1706 3925 1790 3975 οὐκ
1816 3923 1866 3986 ἐξ

271 3994 529 4072 ᾁιίαρτιῶν
578 4001 658 4051 καὶ
708 4001 1056 4057 ἁποπτὼσεως
1112 3998 1399 4054 π).ηουνοἐν.
1472 3997 1539 4072 ᾡς·
1595 3996 1624 4052 ἡ
1677 3996 1866 4072 coitum:

271 4062 503 4122 διδάσκει
540 4074 730 4146 γραφή·
764 4070 868 4123 ἀλλ’
905 4072 958 4123 ἐκ
1007 4077 1095 4127 τῆς
1145 4074 1234 4122 τοῦ
1263 4072 1389 4121 Θεοῦ
1421 4065 1674 4136 εὐλογίας,
1726 4067 1791 4122 ὡς
1842 4062 1866 4115 ὁ

342 4227 358 4256 ί
399 4224 534 4279 Cod.
569 4225 790 4289 Vcron.,
821 4224 936 4278 sibi.

813 4381 958 4390 _————

1961 3283 2125 3337 quam
2167 3275 2452 3336 acceptare
2482 3281 2540 3320 se
2571 3265 2796 3334 lingunt.
2838 3263 2928 3319 Sic
2964 3271 3204 3318 meretur
3245 3262 3470 3329 erecari,
3501 3270 3558 3321 ut

1962 3358 2062 3411 sibi
2120 3358 2348 3425 primum
2395 3356 2744 3420 contradicat,
2795 3355 2952 3410 obvia
2996 3355 3212 3410 veritati
3259 3355 3558 3421 contentio,

1962 3463 2080 3516 quae
2105 3462 2205 3502 nec
2233 3448 2455 3503 rationis
2475 3455 2559 3502 est
2578 3461 2768 3517 capax,
2800 3460 2897 3502 nec
2911 3453 3164 3500 contenta
3192 3459 3312 3500 esse
3340 3444 3557 3498 Patrum

1964 3540 2282 3595 auctoritate
2295 3539 2562 3610 dignatur.

1968 3787 2228 3856 προςςήῖης
2254 3778 2519 3856 ἐδήλῳςξν.
2549 3783 2624 3856 Ei
2647 3782 2746 3854 γὰρ
2789 3782 2858 3856 de:
2879 3781 3249 3856 napagéqsmc,
3279 3784 3366 3837 καὶ
3394 3783 3450 3856 ἕκγ
3468 3792 3556 3844 τῆς

1969 3851 2057 3906 τὸῦ
2081 3851 2234 3926 gaios
2257 3851 2558 3926 ἀπᾳψύξεως
2577 3855 2635 3926 τὸ
2655 3851 2754 3906 ea».
2777 3851 3050 3926 ᾲγθρὼῖὶνωγ
3079 3852 3382 3926 «laetius-cat
3395 3855 3557 3924 γένος,

1968 3927 2052 3977 οὐκ
2075 3925 2303 3995 εὐλογία,
2332 3917 2678 3995 ἀῖλά-κατοὶρα
2703 3917 2886 3995 μᾶλλρῦ
2929 3917 2992 3995 an
3016 3921 3218 3981 δικαίως
3255 3917 3478 3994 λεχθεῖη,
3505 3931 3558 3979 et

1969 3990 2329 4060 czetera,'qu:e
2358 3991 2576 4060 copiose
2599 3990 2712 4046 toto
2741 3990 2918 4060 capite
2943 3991 3299 4046 disseruntur.

1357 4495 1710 4578 LIBER
1785 4484 2445 4574 SECUNDUS.

1677 4631 1892 4640 Ἠ

781 4716 1008 4775 CAPUT
1048 4715 1336 4770 PRIMUM.

277 4844 426 4911 Quod
454 4837 832 4911 damnationem
863 4833 1013 4911 trium
1046 4830 1406 4911 Capitulornrn
1430 4827 1710 4906 adversarii
1740 4841 1861 4911 con-

349 4913 456 4965 cilii
505 4907 934 4977 Chalcedonensis
979 4906 1397 4970 conscripserint,
1449 4909 1498 4950 et
1539 4907 1865 4950 tinoeratorts

349 4982 500 5037 titulo
528 4979 882 5050 prwnotarint.
945 5013 955 5022 .

345 5093 608 5162 Quoniam
654 5088 1015 5159 integritatem
1071 5083 1212 5148 ﬁdei,
1258 5095 1378 5150 qu:e
1418 5079 1566 5143 mihi,
1620 5077 1873 5146 religiose

278 5187 545 5258 princeps,
573 5195 693 5236 cum
719 5187 808 5234 tua
851 5179 1054 5248 pietate
1079 5173 1380 5228 communis
1420 5177 1522 5235 est,
1555 5178 1609 5224 et
1638 5167 1877 5223 declara-

280 5289 385 5334 tam
415 5274 746 5331 sufﬁcienter
774 5271 1008 5324 arbitror
1037 5275 1093 5320 et
1142 5264 1451 5329 defensam;
1484 5262 1721 5332 nihilque
1757 5260 1875 5314 reli-

279 5378 420 5426 ctum
451 5375 532 5421 est
553 5362 834 5418 calumniis
861 5358 1256 5420 lizcreticorum,
1287 5355 1341 5407 in
1366 5368 1473 5421 quo
1499 5352 1584 5406 vel
1615 5366 1712 5405 nos
1736 5349 1875 5404 male

279 5459 476 5514 sentire
504 5455 569 5509 de
618 5452 875 5524 mysterio
921 5450 1114 5503 divina:
1165 5444 1548 5501 incarnationis
1596 5443 1873 5506 infament,

281 5550 361 5601 rei
395 5560 640 5614 magnam
670 5542 935 5614 synodum
965 5537 1480 5600 Chalcedonensem,
1505 5533 1656 5601 cujus
1683 5533 1873 5586 decre-

281 5644 346 5696 tis
377 5639 618 5694 eamdem
649 5647 884 5691 uostrani
918 5634 1073 5690 ﬁdem
1101 5643 1401 5687 consonare
1430 5625 1872 5680 monstravimus:

281 5731 459 5787 securi
484 5726 595 5798 jam
627 5730 896 5799 pergimus
919 5725 1157 5780 occultas
1190 5736 1377 5775 eorum
1410 5717 1622 5770 fraudes
1651 5709 1716 5770 cf
1731 5730 1882 5770 exse-

281 5823 482 5879 cranda
513 5821 790 5877 mendacia
818 5819 1094 5884 ventilare,
1119 5814 1312 5884 quibus
1342 5827 1438 5883 per
1466 5824 1592 5866 suos
1621 5807 1880 5864 satellites

1897 4629 2169 4640 _—————

1889 4719 1942 4779 ι)
1967 4721 2128 4781 atque
2150 4709 2386 4764 fautores
2415 4705 2719 4776 praedictam
2749 4719 3031 4775 synoaum,
3076 4719 3176 4759 sun
3214 4703 3438 4758 obtentu
3467 4703 3558 4758 de-

1964 4801 2242 4867 fensionis,
2273 4799 2580 4869 expugnare
2603 4797 2772 4852 moliti
2805 4804 2946 4852 sunt.
2973 4793 3198 4851 Conﬁdo
3238 4796 3382 4850 enim
3412 4795 3556 4865 quod

1968 4910 2074 4948 non
2089 4892 2263 4947 solum
2282 4899 2385 4944 tum
2397 4888 2692 4953 serenitati,
2716 4887 2808 4941 sed
2823 4885 2968 4941 omni
2983 4887 3096 4940 lucc
3110 4885 3306 4954 legenti
3321 4886 3411 4953 qui
3434 4885 3557 4937 talis

1970 4989 2172 5041 nonest
2190 4983 2402 5053 qualem
2415 4989 2756 5035 notatsermo
2769 4981 3112 5049 propheticus
3133 4977 3316 5036 dicens
3332 4994 3345 5028 :
3369 4974 3557 5030 Noluit

1971 5077 2255 5146 intelligere
2266 5085 2320 5127 ut
2337 5075 2462 5127 bene
2473 5071 2831 5142 ageretfPsal.
2847 5087 3008 5134 xxxv,
3025 5069 3103 5139 4),
3119 5069 3238 5123 luce
3260 5068 3455 5123 clarius
3473 5083 3558 5136 ap-

1976 5165 2187 5236 parebit
2215 5163 2358 5232 quod
2393 5164 2445 5216 in
2471 5163 2876 5216 evacuationem
2902 5160 3167 5229 praedictae
3195 5157 3387 5230 synodi
3415 5156 3570 5214 facta

1977 5266 2100 5311 sunt
2123 5272 2241 5325 qum
2266 5257 2317 5309 in
2345 5255 2460 5323 ejus
2485 5254 2860 5324 purgationem
2890 5252 3087 5320 scripta
3117 5265 3237 5306 esse
3265 5250 3560 5318 jactantur.

1983 5346 2154 5401 L'num
2183 5346 2356 5401 solum
2387 5345 2617 5414 petimus
2644 5342 2713 5397 de
2738 5352 2827 5396 tua
2855 5341 3162 5407 clementia,
3187 5337 3338 5408 cujus
3363 5351 3567 5406 cogno-

1981 5437 2123 5491 mine
2139 5435 2433 5501 decoraris,
2452 5442 2509 5487 ut
2529 5433 2653 5503 quia
2675 5432 2726 5485 in
2744 5429 2996 5485 Ecclesia
3013 5428 3376 5497 prtejudiciutn
3399 5427 3567 5481 multa

1983 5543 2076 5598 per
2097 5525 2500 5595 subreptionem
2528 5523 2900 5577 hmreticorum
2923 5530 2978 5574 et
3001 5528 3117 5574 acta
3141 5528 3194 5574 et
3218 5517 3416 5589 scripta
3443 5528 3568 5573 sunt

1981 5634 2100 5686 quzc
2129 5616 2274 5670 zelus
2301 5615 2391 5668 Dei
2417 5629 2511 5667 nos
2543 5611 2766 5688 impellit
2790 5625 3033 5679 arguere,
3060 5618 3241 5664 nostra
3267 5617 3321 5663 te
3343 5623 3568 5678 respou-

1981 5709 2062 5763 sio
2085 5707 2215 5760 nihil
2238 5703 2490 5760 offendat.
2515 5701 2748 5771 Egeruut
2767 5702 2908 5759 enim
2933 5701 3123 5755 callide
3144 5717 3241 5770 per
3261 5714 3387 5754 suos
3408 5713 3562 5752 com-

1984 5803 2181 5872 plices,
2221 5799 2361 5856 sicut
2390 5797 2599 5861 solent,
2631 5793 2920 5851 adversarii
2953 5793 3190 5850 veritatis
3213 5833 3227 5860 ,
3270 5800 3327 5846 ut
3355 5804 3420 5845 ea
3456 5788 3569 5856 ipsa
