4060 6364
499 320 610 378 559

1560 314 1855 375 FACUNDl
1896 318 2107 376 EPISC.
2152 306 2646 365 "ERMIANENSIS

3689 311 3807 370 560

498 453 620 511 quae
646 438 807 495 scribi
831 438 1101 505 fecerunt,
1140 436 1301 493 etiam
1344 436 1501 492 titulo
1533 436 1768 491 nominis
1792 436 1867 491 tui
1897 444 1922 473 α
1954 451 2090 507 prze-
2121 443 2165 501 Α
2195 437 2354 491 etiam
2382 436 2509 491 dum
2538 437 2779 503 viveret,
2814 450 2843 490 a
2875 434 3077 491 sanctis
3123 433 3369 490 Patrihus
3413 434 3502 505 qui
3556 449 3686 490 cum
3734 447 3812 489 eo

495 540 815 587 notarentur
840 549 854 584 :
880 532 1252 586 existimantes
1281 528 1425 598 quod
1457 529 1737 599 proposito
1762 536 1967 582 terrore
1991 535 2093 581 tum

499 634 774 691 personzn,
820 622 1329 677 condemnationem
1373 620 1458 675 vel
1497 620 1661 674 etiam
1702 619 2091 675 convictionem

500 728 610 770 sua:
650 712 964 767 temeritatis
1001 720 1056 766 et
1100 712 1350 767 falsitatis
1387 710 1705 781 effugerent.
1755 710 1955 765 Verum
1996 724 2095 764 nos

499 807 589 862 illa
632 807 831 876 scripta
872 807 1123 863 nolumus
1168 816 1258 862 tua
1293 808 1430 874 dici,
1470 823 1588 877 quae
1636 808 1835 864 scimus
1866 806 2095 875 cognita:

499 898 655 955 uobis
684 906 786 953 ture
811 898 933 954 lidei
954 900 1247 956 contraria.
1279 898 1417 955 Nam
1445 900 1490 955 si
1516 900 1723 970 legibus
1744 900 1937 955 vestris
1959 900 2097 954 bene

498 997 661 1059 atque
691 989 891 1045 utiliter
914 991 1218 1057 censuistis,
1250 999 1311 1045 ut
1338 1007 1670 1063 quaecunque
1695 1000 1875 1047 vestra
1902 992 2099 1047 rescri-

500 1088 623 1151 pta,
655 1087 845 1135 contra
875 1080 1019 1150 ipsas
1046 1094 1181 1149 quas
1207 1081 1589 1152 promulgastis
1615 1082 1791 1150 leges,
1824 1082 1877 1136 in
1906 1083 2099 1153 quibus

499 1172 655 1226 vobis
691 1171 1011 1235 deservitur,
1044 1180 1099 1228 et
1127 1187 1263 1242 quas
1297 1172 1455 1228 vobis
1497 1171 1786 1242 infringere
1826 1174 1974 1239 licet,
2002 1188 2100 1243 per

501 1262 910 1333 subreptionem
937 1262 1139 1318 fuerint
1168 1264 1367 1326 elicita,
1392 1272 1706 1329 vacuentur,
1733 1278 1831 1319 nec
1852 1263 2102 1318 dicantur

502 1368 535 1407 a
559 1353 710 1408 vobis
733 1352 880 1423 data,
907 1368 1027 1423 qum
1051 1354 1390 1422 generalibus
1410 1354 1882 1409 constitutionibus
1906 1353 2101 1409 vestris

506 1444 853 1500 inveniuntur
879 1444 1102 1500 adversa
1135 1462 1148 1499 :
1181 1444 1453 1513 quomodo
1485 1444 1573 1498 illa
1604 1460 1723 1514 qua:
1750 1443 2101 1499 adversantur

507 1535 985 1590 constitutionibus
1010 1544 1225 1604 patrum
1263 1544 1507 1601 tuorum,
1538 1536 1734 1605 quibus
1761 1544 1814 1590 te
1842 1536 1983 1591 sicut
2010 1551 2099 1591 re-

506 1626 755 1695 ligiosum
785 1641 1008 1682 necesse
1038 1635 1122 1681 est
1159 1626 1433 1683 deservire
1453 1668 1469 1694 ,
1509 1636 1563 1683 et
1590 1644 1723 1699 quas
1748 1644 1848 1683 nec
1878 1628 1973 1683 tibi
2001 1644 2102 1683 nec

506 1720 756 1775 omnibus
788 1728 964 1774 tecum
1002 1719 1055 1773 in
1086 1734 1373 1775 commune
1405 1720 1719 1775 hominibus
1749 1720 1877 1775 licet
1914 1721 2102 1775 infrin—

2200 527 2347 581 verbi
2379 525 2759 598 prmdicatione
2790 526 3095 582 conversati
3125 534 3269 591 sunt,
3300 534 3353 579 et
3381 523 3720 594 approbatns
3750 529 3813 579 et

2200 635 2392 689 magna
2440 618 2595 672 laude
2634 618 2954 688 prmdicatus
2994 618 3315 680 ostenditur,
3363 618 3501 671 sicut
3526 632 3557 669 a
3586 614 3812 671 Joanne

2199 711 2802 781 Constantinopolitano
2830 719 2885 765 et
2910 710 3171 779 Gregorio
3200 710 3557 773 Nazianzeuo,
3584 716 3645 769 ,et
3675 715 3815 778 post

2202 812 2428 858 mortem
2458 819 2487 857 a
2515 802 2722 859 Joanne
2753 812 2807 857 et
2830 802 3038 857 Domno
3068 800 3439 861 Antiochensi,
3475 815 3535 854 ac
3562 806 3681 852 tota
3711 814 3813 868 sy-

2202 892 2344 949 nodo
2384 891 2617 949 Orientis
2654 893 2793 962 apud
2842 892 3180 946 Antiochiam
3237 898 3560 958 congregata
3584 890 3609 942 ?
3651 886 3813 941 Nun-

2201 984 2329 1055 quid
2351 1000 2480 1055 ergo
2506 995 2560 1040 et
2588 985 2720 1039 istos
2749 1000 2937 1040 omnes
2960 984 3296 1039 venerabiles
3324 982 3578 1037 Ecclesia:
3598 979 3814 1035 Christi

2201 1077 2454 1135 doctores
2478 1117 2492 1141 ,
2527 1077 2611 1132 vel
2653 1078 2794 1132 dicta
2834 1093 3020 1133 eorum
3065 1076 3511 1131 anathematizari
3557 1074 3816 1129 facient?

2204 1167 2371 1222 Aliter
2393 1168 2535 1222 enim
2558 1168 2726 1222 videri
2752 1184 2857 1222 non
2882 1176 3059 1237 potest
3081 1169 3100 1198 ²
3124 1167 3351 1235 epistola
3384 1166 3487 1219 lbze
3514 1181 3612 1234 pro
3644 1164 3817 1217 laude

2205 1257 2473 1315 Theodori
2511 1258 2655 1329 juste
2690 1260 2790 1314 sub
2812 1259 3175 1313 anathemate
3203 1257 3585 1321 condemnata,
3618 1255 3726 1311 nisi
3758 1265 3816 1309 et

2205 1352 2291 1406 isti
2317 1368 2503 1407 omnes
2528 1352 2823 1407 beatissimi
2852 1351 3037 1408 Patres
3059 1394 3074 1419 ,
3104 1362 3199 1407 aut
3226 1368 3416 1407 eorum
3446 1352 3641 1407 saltem
3668 1352 3815 1406 scri-

2207 1455 2296 1518 pta
2319 1489 2334 1513 ,
2378 1447 2626 1501 similiter
2653 1446 2993 1513 abdicentur,
3041 1447 3092 1500 in
3123 1447 3317 1516 quibus
3346 1445 3595 1499 eumdem
3626 1444 3815 1499 Theo-

2204 1541 2396 1596 dorum
2428 1541 2596 1595 multo
2625 1540 2854 1609 amplius
2897 1553 3060 1608 quam
3106 1538 3160 1592 in
3210 1552 3275 1592 ea
3320 1537 3639 1592 docebimus
3682 1551 3813 1590 esse

2206 1635 2500 1689 laudatum.
2546 1633 2651 1689 Sed
2692 1649 2792 1689 nec
2834 1633 2922 1688 illa
2951 1648 3070 1704 qua:
3111 1632 3365 1687 dicuntur
3399 1648 3429 1685 a
3461 1630 3813 1686 Theodoreto

2205 1726 2358 1798 Cyrri
2380 1726 2634 1797 episcopo
2653 1736 2841 1779 contra
2862 1724 3078 1779 beatum
3099 1721 3356 1793 Cyrillum
3382 1723 3564 1777 nescio
3588 1722 3813 1791 quando

507 1824 668 1879 gere,
713 1826 821 1865 non
859 1811 983 1880 jure
1031 1812 1335 1882 meritoque
1382 1819 1468 1865 tua
1517 1828 1626 1866 non
1668 1828 1785 1867 esse
1831 1812 2101 1867 dicimus?
2134 1837 2179 1895 Β
2207 1819 2423 1889 scripta,
2448 1818 2518 1872 ob
2546 1818 2689 1872 aliud
2717 1816 2879 1871 modo
2906 1817 3158 1871 damnata
3188 1823 3333 1876 sunt.
3358 1814 3458 1869 nisi
3486 1824 3543 1868 ut
3565 1831 3665 1884 per
3684 1815 3796 1868 hoc

500 1901 832 1959 Obedientes
872 1904 1054 1973 itaque
1085 1903 1245 1958 Petro
1283 1904 1533 1973 apostolo
1568 1904 1765 1959 dicenti
1800 1922 1811 1957 :
1844 1904 2012 1959 Deum
2039 1905 2105 1957 ti-

510 2004 661 2059 mete,
686 2011 858 2065 regem
881 2006 1051 2047 autem
1073 1995 1415 2065 lionoriﬁcate
1444 1993 1499 2061 (Ι
1523 1993 1666 2049 Petr.
1693 2011 1750 2063 η,
1778 1996 1895 2064 l7);
1928 2005 1982 2050 et
2010 2011 2107 2066 pro

510 2083 605 2139 Dei
634 2085 857 2153 timore,
887 2099 1007 2154 qum
1036 2085 1311 2140 contraria
1338 2094 1463 2139 sunt
1497 2085 1751 2141 Ecclesia:
1791 2086 1988 2141 Christi
2019 2103 2108 2141 re-

513 2175 775 2241 fellimus;
816 2183 871 2230 et
899 2191 998 2246 pro
1026 2175 1168 2243 regis
1195 2175 1633 2238 honorilicentia,
1666 2192 1786 2246 qua:
1816 2176 2106 2230 refellenda

513 2275 659 2337 cunt,
688 2274 780 2321 tua
807 2281 913 2321 non
941 2266 1190 2321 dicimus.
1216 2265 1337 2321 Sint
1365 2267 1525 2337 igitur
1545 2268 1764 2323 illorum
1795 2268 1884 2337 qui
1911 2268 2110 2323 frustra

514 2366 838 2430 putaverunt
865 2358 1008 2429 quod
1038 2356 1171 2414 falso
1202 2359 1280 2414 tui
1320 2361 1552 2415 nominis
1589 2361 1744 2415 titulo
1776 2360 2113 2415 munirentur

516 2466 637 2522 qua:
664 2451 878 2507 ratione
906 2457 1053 2506 stare
1081 2466 1188 2506 non
1216 2460 1474 2522 possunt;
1515 2462 1570 2508 et
1594 2452 1697 2507 illis
1725 2454 1906 2522 potius
1937 2453 2112 2521 impu-

517 2550 698 2597 tentur
722 2557 949 2612 quorum
976 2548 1035 2597 et
1065 2541 1419 2597 lraudulentis
1448 2543 1933 2613 excogitationibus
1954 2542 2109 2597 adin-

518 2638 701 2699 venta,
732 2642 788 2686 et
814 2630 1082 2685 diuturnis
1119 2630 1611 2686 elucubrationibus
1649 2640 1839 2686 contra
1865 2639 2113 2686 sanctam

514 2720 1016 2778 Chalcedonensem
1055 2721 1322 2795 synodum
1353 2723 1599 2778 novimus
1640 2738 1761 2778 esse
1788 2723 2109 2793 composita.

517 2813 650 2870 Nam
695 2812 825 2883 quid
871 2828 1010 2885 opus
1056 2821 1211 2880 erat,
1263 2813 1530 2879 obsecro,
1581 2814 1817 2883 quietem
1862 2811 2114 2869 Ecclesia:

518 2921 968 2979 supervacuarum
991 2907 1370 2978 qumstionum,
1397 2914 1454 2961 ut
1476 2923 1585 2962 non
1609 2906 1781 2962 dicam
1808 2906 2111 2969 noxiarum,

507 3000 959 3056 concursionibus
988 3000 1237 3071 agitare?
1274 2999 1412 3066 Quid
1441 3015 1577 3070 opus
1606 3007 1725 3055 erat
1755 2998 1997 3069 ejusdem
2026 3015 2114 3071 sy-

520 3093 644 3150 nodi
674 3102 970 3151 retractare
1000 3095 1241 3159 decreta,
1278 3110 1383 3149 non
1422 3095 1595 3149 solum
1626 3101 1809 3149 contra
1842 3092 2115 3161 reiigionis

2211 1924 2427 1979 quoque
2457 1909 2693 1980 synodus
2721 1907 3349 1977 Chalcedonensisquasi
3378 1907 3639 1961 notabilis
3660 1906 3814 1960 vide-

2209 2009 2378 2065 retur,
2411 2002 2555 2072 quod
2588 2001 2727 2055 idem
2760 2000 3132 2056 Theodoretus
3170 1999 3544 2054 deliberationi
3575 2014 3644 2053 ac
3672 1998 3810 2052 deli-

2214 2092 2401 2146 nitioni
2432 2092 2549 2160 ejus
2578 2091 2841 2160 interfuit,
2871 2100 3031 2160 atque
3062 2091 3345 2161 epistulam
3392 2106 3545 2160 papa:
3589 2089 3810 2158 Leonis,

2212 2186 2467 2259 Eutychis
2507 2185 2832 2241 dementiam
2881 2186 3248 2241 confutantem
3275 2226 3291 2252 ,
3338 2185 3408 2241 ibi
3437 2183 3718 2249 defendit,
3756 2192 3812 2238 et

2212 2284 2531 2354 quibusdam
2571 2284 2750 2338 minus
2791 2282 3211 2351 intelligentihus
3256 2290 3462 2337 rectam
3492 2295 3615 2335 esse
3654 2295 3812 2333 mon-

2213 2376 2421 2430 stravit.
2473 2375 2608 2429 Nam
2653 2383 2714 2428 ut
2743 2374 2967 2430 inferius
2998 2373 3333 2439 ostendetur,
3374 2382 3430 2427 et
3458 2372 3548 2427 alii
3575 2386 3811 2441 quorum

2216 2466 2490 2522 memoria:
2517 2464 3004 2531 communicamus,
3034 2464 3367 2534 scripserunt
3395 2460 3657 2516 adversus
3685 2460 3811 2516 bea-

2217 2565 2330 2609 tum
2361 2553 2619 2627 Cyrillum
2649 2554 2938 2621 eumdem;
2971 2562 3338 2609 verumtamen
3364 2551 3418 2605 in
3449 2551 3556 2606 hoc
3583 2551 3813 2604 anathe-

2216 2654 2359 2701 mate
2379 2645 2717 2701 denominati
2735 2661 2842 2700 non
2865 2652 3012 2710 sunt,
3028 2645 3281 2715 quoniam
3308 2643 3360 2697 in
3382 2641 3811 2697 Chalcedonensi

2214 2738 2446 2791 concilio
2487 2753 2595 2793 non
2635 2736 2871 2792 fuerunt.
2916 2736 2992 2791 De
3033 2737 3226 2806 quibus
3265 2734 3514 2790 omnibus
3544 2734 3813 2802 dicturus,

2217 2829 2319 2884 hoc
2357 2828 2547 2885 ordine
2592 2838 2758 2885 totam
2803 2844 3021 2884 causam
3065 2836 3299 2883 tractare
3342 2826 3605 2897 disposui.
3657 2823 3813 2880 Prius

2216 2924 2543 2978 evidentium
2587 2922 3033 2978 documentorum
3074 2921 3378 2991 prolatione
3415 2920 3811 2983 demonstrare,

2215 3014 2358 3083 quod
2399 3014 2453 3068 in
2491 3014 2901 3069 evacuationem
2942 3012 3231 3067 memorati
3268 3012 3447 3081 magni
3490 3009 3732 3075 concilii,
3760 3019 3841 3083 et,

2216 3105 2555 3161 decretorum
2586 3122 2738 3177 papa:
2768 3105 2983 3171 Leonis,
3014 3105 3391 3161 haereticorum
3427 3103 3672 3159 fautores
3700 3102 3811 3157 hac

520 3188 876 3243 reverentiam
903 3228 916 3254 ,
965 3187 1061 3243 sed
1106 3188 1269 3242 etiam
1313 3195 1503 3241 contra
1553 3186 1719 3255 ipsius
1766 3185 2110 3239 humanitatis

2219 3198 2447 3266 egerint.
2478 3194 2681 3251 Deinde
2724 3197 2982 3266 quoniam
3023 3194 3220 3251 frustra
3251 3193 3596 3261 contingitur,
3625 3207 3812 3262 supra-

522 3278 803 3347 pudorem,
836 3293 956 3347 quae
994 3290 1261 3333 consensu
1298 3277 1462 3331 totius
1492 3274 1745 3331 Ecclesia:
1775 3291 1873 3345 per
1900 3284 2114 3330 centum

523 3367 689 3423 ferme
716 3384 918 3434 annos,
951 3377 1002 3424 te
1030 3369 1254 3424 custode
1285 3369 1302 3400 ί
1322 3409 1337 3434 ,
1384 3368 1647 3423 hactenus
1679 3367 1934 3422 inviolata
1967 3383 2118 3422 man-

522 3459 747 3515 serunt?
796 3458 893 3513 Vel
938 3458 1065 3527 quid
1106 3473 1241 3528 opus
1281 3464 1400 3512 erat
1442 3456 1712 3512 Theodori
1752 3456 2116 3528 MOpsuesteni

526 3551 786 3621 episcopi,
822 3550 950 3605 olim
979 3551 1033 3606 in
1061 3550 1316 3605 Ecclesia:
1346 3564 1479 3621 pace
1500 3547 1757 3614 defuncti,
1788 3550 2119 3605 calumniose

525 3640 671 3696 dicta
702 3639 972 3695 discutere
991 3681 1007 3707 ,
1049 3648 1104 3694 et
1129 3640 1208 3694 sic
1237 3638 1325 3695 ubi
1356 3639 1536 3709 lapsus
1561 3647 1799 3709 putatur,
1828 3639 1915 3694 vel
1954 3639 2117 3694 etiam

524 3732 691 3788 verbo
738 3731 1089 3787 humanitatis
1119 3731 1298 3802 lapsus
1330 3739 1415 3787 est
1437 3771 1452 3797 ,
1497 3738 1647 3786 tanta
1693 3732 1956 3787 adversus
1993 3747 2116 3787 eum

525 3824 701 3880 furere
723 3823 1075 3891 contumelia,
1101 3832 1321 3893 quanta,
1349 3823 1395 3881 si
1424 3823 1600 3879 adhuc
1622 3823 1675 3877 in
1701 3839 1931 3895 corpore
1952 3824 2115 3892 dege-

524 3924 627 3981 ret,
658 3929 783 3970 eum
826 3912 966 3969 aflici
992 3930 1101 3969 non
1139 3914 1390 3984 deceret,
1424 3915 1527 3970 nisi
1566 3916 1929 3985 reprehensus
1970 3916 2119 3985 prius

524 4015 689 4077 atque
717 4006 1031 4070 convictus,
1065 4014 1186 4076 post
1212 4022 1374 4061 unam
1403 4015 1458 4061 et
1495 4006 1785 4062 secundam
1820 4006 2120 4077 correptio-

524 4113 646 4156 nem
674 4098 1027 4169 pertinaciter
1052 4099 1265 4154 veritati
1288 4100 1603 4155 resisteret?
1639 4099 1745 4155 Sed
1774 4100 1900 4169 quia
1934 4100 2119 4154 lauda-

525 4197 612 4244 tur
633 4189 776 4245 idem
797 4188 1114 4245 Theodorus
1138 4189 1189 4243 in
1212 4189 1443 4260 epistola
1463 4190 1786 4246 venerabilis
1809 4189 1932 4256 lbze,
1956 4206 2118 4261 quam

524 4288 823 4336 memorata
870 4280 1108 4352 synodus
1152 4281 1525 4350 pronuntiavit
1573 4281 1973 4348 orthodoxam,
2023 4298 2122 4353 per

524 4372 627 4428 hoc
656 4373 1037 4427 auctoritatem
1075 4372 1241 4442 ips‘ius
1277 4372 1468 4444 synodi
1513 4370 1825 4426 solvendam
1877 4373 2119 4428 hmretici

524 4462 889 4527 crediderunt,
921 4462 967 4517 si
1005 4477 1148 4518 nunc
1191 4477 1337 4530 eum,
1366 4470 1493 4533 post
1534 4471 1751 4516 centum
1792 4468 1849 4516 et
1890 4463 2120 4531 amplius

524 4550 884 4606 defunctionis
908 4550 1027 4620 ejus
1053 4565 1224 4607 annos
1242 4592 1257 4617 ,
1299 4542 1447 4607 velltt
1472 4559 1752 4607 auctorem
1777 4552 2119 4623 magistrum-

527 4656 634 4711 que
676 4641 905 4697 Nestorii
949 4641 1310 4698 condemnare
1348 4643 1609 4707 facerent,
1640 4651 1695 4698 et
1723 4657 2120 4715 consequenter

527 4731 691 4786 etiam
719 4732 888 4803 ipsam
917 4731 1201 4803 epistolam
1228 4774 1243 4799 ,
1283 4733 1437 4803 quasi
1474 4733 1715 4788 hatretici
1744 4734 2113 4793 laudatricem.

527 4821 665 4889 Quid
694 4831 872 4877 autem
914 4831 1096 4892 agent,
1122 4822 1268 4893 quod
1300 4838 1410 4879 non
1441 4822 1615 4880 solum
1648 4824 1698 4878 in
1730 4825 1844 4895 ipsa
1868 4825 2118 4885 laudatur

528 4912 757 4985 epistola
787 4912 1100 4970 Theodorus
1129 4913 1538 4985 Mopsuestenus
1577 4915 1884 4988 episcopus,
1926 4934 2113 4976 verum

602 5139 741 5214 [De
770 5139 874 5214 hoc
894 5156 1059 5211 opere
1082 5140 1367 5199 Justiniani
1397 5145 1701 5214 Liberatus,
1731 5158 1854 5213 cap.
1885 5142 2115 5197 ultimo:

528 5207 754 5287 Callida,
786 5207 983 5287 inquit,
1010 5214 1197 5287 fraude
1226 5226 1533 5286 rogaverunt
1562 5207 1830 5287 Acen/mli,
1862 5222 1918 5266 ut
1947 5214 2117 5265 dicta-

528 5290 605 5358 ret
632 5280 817 5358 librum
854 5280 915 5358 in
950 5280 1337 5358 damnationem
1382 5289 1535 5358 trium
1579 5280 1935 5358 Capitulorum
1967 5298 1984 5335 :
2014 5298 2115 5352 quo

530 5350 659 5430 libro
687 5351 799 5430 ejus
836 5352 994 5417 edito,
1022 5363 1071 5430 et
1101 5357 1193 5430 toti
1232 5357 1422 5430 mundo
1451 5350 1750 5430 manifesto,
1784 5355 1905 5430 dum
1933 5350 2111 5430 emeti-

529 5420 662 5493 dare
682 5420 913 5493 princeps
939 5426 1215 5489 erubescit,
1247 5420 1610 5483 irrevocabilis
1635 5441 1796 5481 causa
1833 5425 1998 5493 ﬁeret.
2047 5422 2115 5475 Et

529 5491 760 5563 condidit
799 5492 987 5563 librum
1013 5512 1107 5563 pro
1135 5496 1337 5551 delictis
1366 5500 1560 5553 nostris
1588 5496 1736 5553 nobis
1765 5491 1997 5548 omnibus
2021 5509 2116 5546 no-

531 5562 804 5637 tissimign.
836 5561 1074 5637 Meminit
1096 5568 1258 5620 etiam
1288 5566 1509 5637 Vigilius
1537 5570 1589 5622 in
1636 5566 1864 5637 epistola
1893 5564 2113 5637 damna-

530 5631 690 5685 tionis
712 5630 983 5687 Theodori
1005 5630 1378 5692 Cmsariensis:
1393 5637 1511 5694 Non
1549 5630 1830 5694 dubitabat
1850 5647 1977 5702 ergo
2010 5631 2111 5687 Fa-

602 5859 622 5895 ⁸
649 5856 787 5917 Cod.
815 5858 1039 5930 Verum,
1072 5869 1230 5919 etiam
1262 5871 1307 5918 te
1331 5858 1556 5919 custode.

2218 3287 2415 3341 dictam
2461 3287 2744 3357 epistolam
2772 3287 3094 3342 venerabilis
3122 3285 3225 3341 lbre
3254 3285 3321 3339 ab
3350 3283 3543 3339 eodem
3589 3282 3812 3338 Chalce-

2219 3380 2445 3435 donensi
2495 3381 2725 3435 concilio
2772 3398 2880 3437 non
2928 3381 3093 3436 fuisse
3139 3387 3492 3450 susceptam;
3543 3376 3639 3431 sed
3692 3392 3811 3432 cuin

2208 3472 2427 3548 ostendi
2459 3488 2566 3527 non
2597 3475 2802 3543 possit,
2837 3473 2930 3527 tali
2971 3473 3250 3528 ineridacio
3299 3488 3398 3527 nos
3443 3471 3498 3525 in
3529 3471 3646 3540 ejus
3680 3485 3810 3525 con-

2217 3563 2614 3619 demnationem
2646 3564 2914 3619 adducere
2961 3564 3265 3619 voluerunt.
3316 3562 3603 3617 Postremo
3634 3569 3813 3615 autem

2220 3656 2462 3726 probabo
2493 3672 2600 3711 non
2639 3672 2801 3727 posse
2838 3656 2980 3726 juste
3010 3658 3218 3727 culpari
3262 3665 3502 3712 sanctam
3542 3654 3810 3727 synodum

2219 3748 2365 3817 quod
2394 3764 2514 3804 eam
2542 3751 2912 3819 pronuntiavit
2940 3751 3318 3806 orthodoxam.
3368 3749 3467 3805 Ubi
3507 3750 3667 3804 simul
3698 3749 3812 3804 iuo-

2220 3838 2404 3907 piuum
2436 3838 2730 3907 quoddam,
2765 3847 2819 3893 et
2865 3843 3008 3908 quod
3054 3839 3269 3894 difﬁcile
3309 3838 3519 3903 credes,
3553 3837 3809 3907 Auguste.

2220 3927 2626 3981 monstrabitur.
2670 3926 2804 3980 Nam
2835 3942 2956 3981 eum
2986 3926 3308 3998 Entychiani
3340 3933 3698 3979 memoratam
3728 3940 3810 3995 sy-

2224 4016 2420 4071 nodum
2474 4017 2866 4083 criminentur,
2915 4017 3059 4086 quud
3127 4018 3273 4072 velut
3322 4016 3374 4070 in
3424 4015 3813 4085 approbatione

2223 4108 2393 4178 ipsius
2425 4110 2681 4179 vepistolic
2730 4110 2945 4163 beatum
2983 4108 3240 4180 Cyrillum
3288 4108 3602 4161 hmreticum
3652 4107 3812 4162 fuisse

2224 4201 2514 4256 lirmaverit
2533 4239 2548 4264 ,
2581 4210 2634 4256 et
2662 4200 2893 4255 Nestorii
2924 4201 3323 4255 excusationem
3351 4242 3366 4267 ,
3394 4196 3655 4269 Ephesini
3681 4214 3808 4254 vero

2221 4292 2436 4348 concilii
2482 4292 2960 4363 reprehensionem
3009 4292 3275 4361 receperit
3306 4311 3319 4344 :
3354 4305 3455 4359 ego
3500 4298 3691 4346 contra
3722 4290 3813 4345 do-

2222 4398 2398 4446 ceam,
2431 4383 2556 4451 quia
2588 4383 2632 4436 si
2659 4382 2967 4451 prtedictam
2998 4383 3280 4452 epistolam
3322 4382 3479 4451 quasi
3509 4381 3812 4435 bzereticam

2224 4473 2576 4543 improbaret,
2610 4472 2736 4528 hinc
2765 4472 2944 4541 potius
2981 4472 3196 4527 beatum
3230 4470 3488 4543 Cyrillum
3519 4470 3813 4527 credidisse

2224 4566 2556 4630 haereticum,
2582 4573 2638 4620 et
2663 4564 2972 4620 Nestorium
2995 4579 3283 4621 excusasse
3303 4572 3465 4635 atque
3488 4562 3813 4635 Ephesinum

2225 4654 2639 4728 reprehendisse
2668 4655 2955 4712 concilium
2985 4655 3275 4711 videretur.

2852 4811 3079 4867 CAPUT
3118 4811 3181 4866 ll.

2223 4925 2375 4991 Quod
2420 4927 2634 4997 epistola
2692 4925 2817 4989 lbra,
2865 4929 3092 4996 quamvis
3146 4942 3260 4981 eam
3307 4926 3585 4979 concilium
3637 4926 3812 4981 ortho-

2227 5141 2437 5213 cundus
2454 5144 2584 5213 quin
2608 5143 2763 5212 hujus
2786 5143 2905 5198 libri
2936 5153 3127 5199 auctor
3153 5151 3299 5198 esset
3322 5142 3693 5213 Justinianus;
3722 5139 3814 5195 sed

2225 5210 2514 5268 artiﬁciose
2543 5210 2861 5280 dissimulat,
2903 5224 2959 5268 ut
2992 5214 3211 5269 liberius
3239 5215 3535 5283 impugnet.
3569 5210 3703 5283 Nam
3732 5220 3818 5265 to-

2222 5292 2306 5336 tus
2328 5283 2582 5352 deinceps
2610 5282 2660 5335 in
2690 5284 2805 5350 ejus
2832 5285 3255 5352 reprehensione
3277 5282 3603 5339 versabitur.
3629 5282 3814 5349 Itaque

2219 5352 2475 5407 falluntur
2512 5354 2661 5423 quia
2693 5352 2945 5409 Facundo
2992 5356 3294 5424 impugnari
3342 5361 3534 5423 putant
3579 5353 3812 5408 edictum

2217 5438 2311 5477 seu
2334 5424 2616 5495 epistolam
2632 5424 2918 5480 Justiniani
2938 5424 3007 5479 de
3025 5439 3130 5493 qua
3152 5425 3429 5495 superiore
3453 5424 3591 5477 libro
3611 5424 3812 5495 dictum

2217 5439 2311 5477 seu
2334 5439 2616 5549 epltswtam
2632 5439 2918 5480 Jusumam
2938 5439 3007 5479 ae
3025 5439 3130 5493 qua
3152 5439 3429 5495 superiore
3453 5439 3591 5477 noro
3611 5439 3810 5476 uictum

2217 5503 2317 5563 est.
2415 5496 2606 5549 tenim
2644 5497 2885 5549 omittam
2924 5496 3209 5563 epistolam
3255 5497 3428 5548 multo
3457 5501 3587 5563 post
3611 5492 3810 5546 editam

2217 5562 2381 5619 fuisse
2405 5606 2420 5629 ,
2469 5566 2521 5620 in
2552 5581 2615 5620 ea
2643 5574 2791 5619 certe
2821 5567 2908 5619 illa
2938 5562 3044 5619 non
3073 5574 3200 5620 sunt
3225 5580 3345 5635 quas
3374 5562 3663 5619 Facundus
3690 5575 3811 5631 pas-

2215 5635 2317 5688 sim
2345 5636 2501 5689 all'ert
2529 5651 2595 5689 ex
2624 5637 2759 5691 libro
2788 5650 2945 5705 quem
2978 5636 3190 5694 refellit.

2300 5860 2319 5889 ²
2346 5857 2490 5914 Idem
2518 5857 2666 5927 cod.,
