4060 6364
1198 284 1338 343 PRO
1373 283 1793 343 DEFENSIONE
1830 285 2048 344 TRIUM
2084 289 2401 353 CAPITUL.
2443 293 2570 355 LIB.
2601 294 2662 358 11.

3480 299 3592 359 861

369 395 729 488 desuntmnson
750 407 1166 488 pronuntiasset,
1203 404 1441 460 damnari
1474 407 1659 479 absque
1684 408 1892 463 concilii
1918 413 1967 475 Α
1994 410 2337 467 decretorum
2385 413 2545 469 simul
2574 416 2594 446 '
2627 413 2891 470 rationem
2938 430 3099 485 quam
3151 415 3399 488 epistolae
3437 417 3584 473 beau

369 469 763 538 reprehensione
783 486 884 525 non
915 474 1099 540 possit.

368 580 477 638 Sed
501 581 613 651 jam
638 582 869 653 primam
898 582 1177 642 divisionis
1222 584 1383 655 hujus
1420 596 1629 658 partem
1658 596 1889 646 tractare

285 674 577 731 debemus.
601 674 835 732 Dicimus
855 677 1034 746 igitur,
1059 678 1185 748 quia
1214 679 1297 733 vel
1317 679 1388 748 si,
1410 682 1470 735 ut
1494 682 1710 750 quidam
1737 698 1887 738 men-

288 768 383 823 titi
410 776 574 835 sunt,
619 768 905 839 epistolam
934 770 1258 828 venerabilis
1286 770 1391 827 Iba:
1418 773 1641 829 minime
1667 771 1889 829 Chalce-

289 857 553 915 donensis
592 858 833 931 synodus
869 860 1236 930 approbaret,
1285 876 1386 917 nec
1423 863 1643 919 omnino
1672 863 1741 919 ad
1769 863 1886 934 ejus

288 949 601 1007 deferretur
628 965 856 1006 examen
883 993 901 1019 ,
950 951 1029 1007 sic
1056 950 1272 1023 quoque
1301 952 1356 1007 in
1386 952 1555 1025 ipsius
1582 955 1887 1010 evacuatio-

284 1053 421 1096 nem
452 1054 553 1110 pro
579 1038 853 1095 Theodori
892 1039 1049 1095 laude
1088 1040 1458 1097 damnaretur.
1489 1042 1643 1110 Quod
1672 1058 1739 1098 ex
1767 1044 1883 1114 ejus

286 1129 624 1185 allocutione
646 1169 663 1196 ,
706 1144 868 1199 quam
894 1173 909 1196 ,
941 1130 1079 1185 sicut
1106 1131 1288 1202 priore
1316 1131 1456 1188 libro
1483 1132 1782 1200 docuimus,
1814 1134 1883 1190 ad

284 1218 617 1277 Martianum
667 1222 881 1292 scripsit
918 1221 1217 1293 Augustum
1244 1266 1259 1293 ,
1304 1224 1462 1293 cujus
1505 1227 1881 1282 auctoritatem

285 1322 471 1368 vestra
512 1318 731 1385 quoque
774 1313 948 1383 pietas
993 1328 1091 1368 sua
1143 1314 1263 1384 lege
1312 1314 1564 1383 lirmavit,
1604 1317 1883 1372 evidenter

282 1403 617 1461 ostenditur.
664 1403 772 1460 Sed
798 1405 1108 1475 priusquam
1138 1405 1481 1463 allocutionis
1523 1408 1690 1478 ipsius
1716 1423 1882 1480 super

284 1493 392 1551 hac
418 1509 637 1565 quoque
664 1510 825 1552 causa
877 1496 1243 1553 testimonium
1286 1499 1625 1569 proferamus
1652 1500 1765 1557 sive
1792 1516 1882 1557 ex-

281 1586 604 1657 pendamus,
631 1587 945 1657 praedictam
968 1587 1142 1658 legem
1167 1598 1405 1646 vestram
1427 1605 1546 1660 qua:
1570 1591 1878 1648 auctoritati

283 1676 424 1747 ejus,
455 1686 516 1733 ut
542 1678 793 1746 diximus,
826 1688 1134 1749 attestatur,
1167 1697 1595 1740 commemorare
1634 1699 1879 1742 necessa-

279 1768 421 1824 rium
450 1769 635 1826 credo.
685 1770 897 1827 Titulus
926 1783 1109 1828 autem
1148 1773 1249 1829 sub
1277 1789 1385 1843 quo
1413 1776 1740 1844 continetur,
1774 1776 1877 1832 istc

276 1868 366 1917 est
413 1859 566 1930 (Cod.
595 1861 659 1915 de
688 1861 905 1916 Summa
937 1862 1126 1918 Trinil.
1150 1903 1168 1930 ,
1213 1862 1306 1919 lib.
1337 1862 1431 1934 vn)
1476 1882 1489 1918 :
1544 1863 1624 1919 De
1675 1882 1877 1920 summa

284 1952 545 2008 Trinitale
571 1964 620 2009 e.’
647 1955 752 2025 {ide
778 1955 1033 2010 catholica
1055 1996 1071 2018 ,
1111 1964 1164 2011 et
1203 1966 1257 2010 nt
1306 1975 1454 2013 nemo
1480 1958 1545 2012 de
1586 1974 1650 2013 ea
1678 1958 1877 2029 publice

279 2046 589 2102 contendere
640 2048 851 2102 audeat.
919 2047 1247 2120 Principium
1320 2066 1448 2105 vero
1477 2068 1492 2104 :
1524 2069 1549 2104 α
1578 2051 1878 2123 Imperator

276 2134 619 2193 Justinianus
648 2140 920 2209 Augustus
948 2139 1249 2211 Epiphanio
1277 2141 1623 2200 sanctissimo
1660 2158 1723 2199 ac
1748 2143 1875 2199 hea-

276 2226 491 2284 tissimo
519 2229 925 2301 archiepiscopo
953 2232 1116 2301 regiae
1141 2232 1287 2289 urbis
1317 2233 1478 2303 hujus
1503 2243 1558 2289 et
1581 2234 1872 2291 universali

272 2320 626 2391 patriarcha}.
665 2323 820 2380 Scire
848 2326 1093 2383 volentes
1131 2336 1279 2384 tuam
1321 2329 1662 2386 sanctitatem
1692 2331 1869 2386 omnia

275 2430 400 2487 qua:
414 2417 479 2473 ad
497 2419 917 2477 ecclesiasticqu
930 2430 1128 2478 statum
1145 2424 1459 2495 respiciunt.
1484 2444 1503 2480 ι
1526 2423 1589 2480 Et
1600 2426 1835 2497 postalia
1858 2445 1873 2481 :

279 2527 306 2564 ι
328 2508 527 2566 Eadem
541 2528 669 2568 vero
684 2524 869 2570 sancta
882 2515 1336 2575 Chalcedonensis
1354 2519 1613 2591 synodus,
1628 2529 1681 2575 ct
1693 2522 1870 2592 magni

270 2603 457 2662 Procli
485 2606 553 2662 ad
582 2606 867 2665 Armenios
895 2610 1151 2681 scriptam
1182 2612 1487 2683 epistolam,
1522 2613 1590 2670 de
1630 2629 1698 2669 co
1727 2614 1871 2685 quod

274 2708 495 2770 oportet
512 2700 693 2758 dicere
718 2700 1003 2759 Dominum
1024 2703 1208 2760 Jesum
1230 2705 1503 2763 Clu-istum
1533 2706 1726 2763 Filium
1753 2706 1868 2772 Dei,

275 2797 334 2847 et
362 2790 529 2847 Deum
555 2801 819 2860 nostrum,
851 2810 1016 2851 unum
1042 2806 1241 2852 sancta:
1269 2796 1570 2865 Trinitatis,
1602 2813 1700 2870 per
1718 2814 1869 2855 suam

276 2882 603 2939 relationem
625 2886 864 2956 suscepit
885 2895 940 2942 et
958 2886 1312 2943 continuavit.
1339 2886 1399 2943 Si
1420 2888 1562 2944 enim
1584 2889 1872 2960 prmtlictas

271 2983 499 3029 sanctas
541 2983 779 3045 quatuor
822 2977 1059 3049 synodos
1105 2978 1483 3048 egrediantur,
1538 2989 1633 3034 aut
1676 2981 1745 3036 ab
1784 2980 1871 3038 his

269 3065 558 3136 disposita,
585 3068 776 3124 damus
800 3068 1111 3124 facultatem
1139 3070 1406 3126 lnereticis
1430 3070 1523 3140 qui
1543 3070 1773 3141 depositi
1800 3071 1869 3127 ab

268 3158 359 3213 eis
397 3166 544 3226 sunt,
573 3167 633 3213 et
671 3174 863 3215 eorum
914 3160 1278 3230 dogmatibus,
1305 3177 1459 3218 suam
1505 3162 1867 3233 pestilentiam
1900 3201 1944 3264 Ο

271 3247 469 3305 iterum
499 3249 553 3305 in
582 3260 796 3307 sanctas
826 3252 920 3307 Dei
952 3251 1222 3309 Ecclesias
1265 3264 1559 3311 ostentare.
1592 3274 1611 3309 ο
1663 3255 1788 3312 Haec
1816 3256 1869 3313 in

272 3339 743 3400 conﬁrmationem
771 3346 1037 3415 praedictae
1062 3347 1404 3406 allocutionis
1426 3351 1441 3383 ¹
1467 3365 1531 3406 ex
1556 3351 1673 3422 lege
1696 3361 1870 3408 vestra

272 3433 567 3502 protulisse
595 3434 845 3492 suﬁicnat.
896 3437 1062 3507 Cujus
1112 3438 1299 3495 titulus
1323 3482 1338 3508 ,
1387 3456 1496 3511 quo
1526 3442 1870 3499 interdictum

270 3530 359 3578 cst
394 3532 457 3579 ut
504 3524 573 3580 de
616 3524 722 3581 ﬁde
761 3527 1029 3584 catholica
1077 3544 1237 3586 nemo
1278 3530 1492 3602 publice
1537 3514 1870 3589 contendere

269 3614 491 3684 audeat,
522 3625 699 3673 utrum
727 3620 1066 3688 observetur,
1098 3637 1218 3678 cmn
1247 3623 1315 3679 de
1340 3624 1527 3695 synodi
1554 3626 1868 3682 universalis

269 3707 549 3763 sententia
576 3718 702 3779 post
728 3723 945 3767 centum
992 3712 1106 3768 fere
1151 3729 1325 3771 annos
1355 3716 1408 3771 in
1436 3715 1681 3772 Ecclesia
1704 3718 1866 3773 modo

264 3800 643 3869 contenditur,
685 3810 791 3858 tua:
829 3804 1044 3874 pietatis
1075 3815 1157 3861 est
1181 3806 1461 3876 judicare;
1506 3820 1599 3864 aut
1635 3809 1680 3864 si
1720 3811 1864 3866 nulla

266 3896 695 3966 transgressione
714 3906 946 3967 quatuor
965 3907 1164 3955 sancue
1193 3901 1383 3971 synodi
1413 3910 1466 3956 ct
1486 3902 1552 3957 ab
1577 3902 1660 3958 his
1685 3903 1866 3975 dispo-

264 3989 371 4045 sita
399 3990 795 4055 convelluntur,
819 4007 942 4047 cum
970 3991 1198 4062 epistola
1226 3993 1548 4050 venerabilis
1574 3993 1677 4049 lhae
1698 3994 1867 4051 Edes-

264 4078 383 4135 seni
414 4080 689 4152 episcopi,
722 4098 882 4152 quam
911 4097 1104 4152 magna
1150 4083 1386 4155 synodus
1412 4083 1865 4142 Chalcedonensis

273 4171 634 4228 orthodoxam
663 4174 1063 4244 pronuntiavit,
1098 4174 1247 4229 velut
1274 4174 1437 4244 impia
1463 4183 1519 4229 et
1544 4174 1862 4231 Nestoriana

262 4262 570 4320 damnatur.
594 4264 731 4332 Quid
751 4280 880 4336 ergo
903 4266 1123 4336 prodest
1143 4265 1449 4336 pratvidisse
1468 4266 1612 4336 quod
1635 4282 1731 4337 per
1751 4268 1864 4322 hare

262 4350 495 4409 facultas
522 4354 740 4410 daretur
768 4355 1037 4411 haereticis
1059 4355 1150 4427 qui
1180 4356 1408 4426 depositi
1438 4356 1508 4411 ab
1531 4356 1610 4412 eis
1637 4364 1781 4424 sunt,
1805 4366 1863 4412 et

259 4460 451 4502 eorum
477 4446 837 4517 dogmatibus,
862 4464 1014 4504 suam
1042 4450 1401 4520 pestilentiam
1430 4450 1624 4506 iterum
1654 4451 1710 4506 in
1737 4466 1861 4507 san-

259 4544 380 4591 ctas
407 4534 503 4593 Dei
532 4537 802 4594 Ecclesias
830 4547 1125 4608 ostentare,
1148 4550 1205 4597 et
1225 4542 1445 4597 minime
1472 4542 1770 4613 providisse
1791 4558 1859 4600 ne

259 4626 455 4685 ﬁeret?
502 4630 609 4687 Sed
638 4647 706 4686 ex
736 4630 826 4685 illa
847 4632 958 4701 jam
990 4633 1316 4689 allocutione
1352 4635 1496 4704 quod
1529 4634 1855 4691 intendimus

258 4721 493 4791 probare
520 4722 799 4778 debemus.
844 4723 1138 4794 Alloquens
1168 4725 1351 4795 itaque
1392 4724 1713 4781 Martianum
1739 4726 1852 4780 Au-

256 4820 475 4883 gustum
504 4815 754 4885 prmdicta
783 4817 1022 4889 synodus
1050 4815 1207 4889 (Post
1230 4826 1349 4873 acta
1376 4818 1625 4891 concilii),
1658 4826 1714 4875 et
1742 4826 1850 4874 tam

330 4999 360 5030 ⁸
389 4993 670 5053 Liberatus
695 4998 855 5063 idem,
888 5014 1009 5066 cap.
1040 4998 1127 5063 10,
1159 4998 1226 5055 de
1274 4999 1540 5054 Armeniae
1567 4998 1849 5055 monachis

323 5082 449 5149 ens,
465 5067 557 5135 qui
569 5066 918 5152 :J‘heodorum
935 5069 1374 5152 illapsuestenum
1393 5070 1815 5152 criminabantur
1832 5087 1845 5124 :

299 5137 406 5206 inn,
435 5137 628 5211 intulit,
655 5139 885 5211 Joannes
915 5137 1261 5211 Antiochenus
1304 5140 1500 5211 synodo
1530 5148 1849 5211 congregata

254 5220 358 5267 tres
382 5226 477 5281 pro
508 5208 776 5281 Theodoro
819 5208 1184 5281 Mapsuesteno
1226 5208 1436 5281 dictavit
1468 5208 1767 5281 epistolas:
1797 5219 1848 5263 et

250 5278 409 5333 unum
434 5278 638 5350 quidem
666 5281 855 5333 direxit
898 5279 1187 5350 Theodosio
1228 5279 1435 5350 imper.,
1461 5278 1621 5334 aliam
1650 5279 1847 5349 Cyrillo

249 5349 610 5420 Alexandrino
633 5390 648 5415 ,
696 5360 746 5403 et
790 5352 999 5405 tertiam;
1038 5349 1227 5404 Proclo
1267 5349 1844 5420 Constantinopolitano

248 5421 520 5490 episcopo,
550 5419 774 5490 laudans
802 5421 855 5475 in
885 5422 958 5474 eis
988 5420 1330 5482 Theodorum,
1366 5430 1416 5473 et
1441 5420 1554 5490 ejus
1582 5437 1840 5490 exponens

248 5487 580 5559 sapientiam.
614 5487 809 5544 Prima:
831 5505 896 5545 ac
921 5492 1093 5545 tertiae
1116 5491 1281 5545 verba
1306 5498 1429 5544 sunt
1450 5487 1570 5558 qua:
1593 5487 1699 5545 hec
1722 5491 1841 5546 loco

247 5559 582 5630 recitantur;
604 5629 607 5630 ν
629 5560 892 5630 secundae
915 5575 1035 5630 quae
1065 5561 1155 5615 lib.
1185 5575 1276 5623 vn,
1307 5575 1427 5630 cap.
1461 5559 1514 5613 4.
1564 5560 1633 5614 At
1675 5559 1841 5617 Justi-

249 5628 443 5685 niauus
467 5630 522 5684 iu
550 5629 728 5686 edicto
757 5630 854 5685 has
882 5628 1155 5686 Theodori
1186 5628 1391 5685 laudes
1411 5646 1520 5685 non
1552 5631 1722 5701 pluris
1752 5630 1831 5684 fa-

320 5810 334 5842 ⁸
367 5806 507 5865 Cod.
537 5808 765 5875 Veron.,
794 5807 1122 5867 allocutionis
1148 5808 1251 5866 sive
1282 5808 1566 5865 relationis.

1993 501 2209 569 Leonis,
2233 501 2454 559 Patrum
2480 506 2805 563 auctoritate
2831 507 3173 576 conﬁrmans,
3204 509 3277 564 ita
3306 508 3587 581 respondit

1990 593 2248 651 adversus
2274 593 2635 667 Eutycbianos
2662 598 2754 668 qui
2796 613 2916 655 eam
2960 598 3251 671 culpabant
3277 600 3423 671 quod
3449 600 3584 656 duas

1988 685 2266 741 diﬁinierit
2308 687 2508 743 Christi
2546 703 2665 745 esse
2695 698 2912 747 naturas
2944 710 2958 745 :
2995 709 3014 744 ι
3046 693 3409 762 Ambiguitate
3436 707 3584 763 qua:-

1986 777 2179 833 stionis
2212 786 2405 834 exorta
2429 820 2445 845 ,
2486 777 2708 835 Patrum
2756 781 3294 853 interpretationibus
3338 792 3583 839 nostram

1987 870 2384 927 confessionem
2414 881 2698 944 coaptasse
2737 875 3113 943 cognoscimur
3144 894 3155 930 :
3188 875 3584 934 satisfacientes

1986 965 2130 1033 quod
2158 965 2211 1020 in
2243 966 2393 1021 mdlo
2421 965 2723 1022 discordem
2751 967 3117 1038 intelligentiae
3150 985 3339 1027 eorum
3367 969 3583 1027 detule-

1986 1057 2156 1114 rimus
2178 1058 2436 1124 animum,
2461 1057 2555 1113 sed
2575 1058 2658 1113 his
2680 1059 2880 1114 utimur
2899 1060 3125 1119 testibus
3145 1062 3211 1118 ad
3236 1072 3431 1120 nostra:
3451 1061 3605 1119 ﬁdei

1987 1146 2317 1203 firmitatem.
2357 1168 2376 1202 ι
2430 1148 2497 1202 Et
2525 1158 2586 1204 ut
2613 1150 2930 1207 ostenderet
2956 1152 3101 1222 quod
3131 1170 3236 1208 non
3267 1162 3378 1208 tam
3408 1154 3579 1225 ipsam

1982 1254 2147 1309 quam
2177 1240 2431 1296 doctores
2458 1241 2712 1311 antiques
2732 1241 2985 1298 Ecclesia:
3005 1259 3233 1313 quorum
3255 1243 3579 1299 sententiam

1986 1329 2039 1385 in
2070 1331 2173 1387 hoc
2199 1341 2383 1387 secuta
2412 1340 2514 1398 est,
2548 1333 2790 1403 praedicti
2821 1335 3105 1405 eulparent
3130 1336 3390 1399 hmretici,
3422 1350 3576 1392 com-

1984 1423 2299 1478 memoratis
2320 1424 2372 1478 in
2403 1424 2592 1481 eadem
2620 1424 2947 1482 allocutione
2974 1427 3331 1496 quorumdam
3356 1425 3577 1481 Patrum

1983 1514 2248 1584 epistolis,
2276 1515 2440 1569 etiam
2471 1516 2652 1585 magni
2694 1516 2871 1573 Procli
2902 1518 3150 1573 volumen
3182 1518 3249 1572 ad
3292 1516 3576 1573 Armenios

1983 1605 2135 1675 cujus
2162 1607 2216 1661 in
2241 1614 2422 1662 vestra
2453 1607 2571 1676 lege
2594 1609 2938 1677 meministis,
2966 1616 3023 1664 et
3049 1609 3330 1680 epistolam
3360 1606 3576 1678 sapien-

1983 1697 2177 1754 tissimi
2224 1695 2446 1754 Joannis
2499 1698 2820 1755 Antiocbeni
2879 1700 2959 1755 sic
3011 1708 3279 1755 memorat
3326 1698 3510 1754 dicens
3556 1716 3571 1751 :

1911 1828 1956 1888 Β
1993 1809 2013 1842 ε
2048 1790 2268 1847 Necnon
2317 1799 2373 1846 et
2419 1805 2672 1860 magnum
2719 1790 2969 1848 Proclum
3019 1794 3144 1849 huic
3190 1792 3573 1864 vituperationi

1981 1882 2249 1951 subjiciet,
2270 1882 2363 1952 qui
2385 1882 2587 1937 eisdem
2615 1882 2978 1940 Orientalibus
3004 1886 3255 1941 volumen
3284 1883 3352 1939 ad
3379 1884 3571 1939 Arme-
3646 1878 3653 1881 “

1976 1975 2098 2030 nios
2124 1990 2223 2045 pro
2252 1973 2377 2029 ﬁdei
2404 1976 2756 2044 congruentia
2785 1975 3092 2032 destinavit.
3117 1975 3209 2031 His
3227 1985 3409 2031 autem
3437 1990 3572 2032 con-

1975 2067 2269 2122 sociabitur
2296 2066 2363 2121 ad
2390 2067 2603 2136 culpam
2631 2074 2689 2122 et
2714 2068 3085 2123 sanctissimus
3110 2067 3347 2123 Joannes
3377 2065 3569 2122 Antioo

1974 2158 2180 2214 chenus
2209 2158 2531 2228 episcopus,
2560 2158 2654 2228 qui
2698 2158 3072 2216 haereticorum
3110 2157 3397 2214 maledicta
3431 2156 3566 2228 rejie

1973 2246 2140 2311 ciens,
2166 2253 2222 2300 et
2242 2246 2552 2316 apostolicae
2576 2246 2837 2304 doctrinae
2859 2246 3054 2315 dogma
3076 2246 3373 2313 declarans,
3400 2246 3566 2302 totius

1973 2336 2206 2395 Orientis
2234 2339 2629 2396 confessionem
2660 2341 2808 2397 velut
2833 2356 2901 2397 ex
2937 2356 3046 2397 uno
3074 2356 3190 2407 ore,
3220 2337 3563 2395 sanctissimo

1975 2425 2167 2484 Proclo
2192 2435 2251 2485 et
2279 2429 2329 2484 ei
2355 2430 2447 2501 qui
2476 2445 2574 2501 per
2601 2429 2742 2485 idem
2769 2438 2983 2501 tempus
3010 2430 3192 2485 mundi
3220 2430 3442 2500 regebat
3469 2443 3563 2498 gu-

1973 2520 2266 2576 bernacula
2293 2519 2602 2577 destinavit.
2639 2521 2757 2577 Non
2792 2522 2955 2591 igitur
2980 2521 3276 2578 admirandi
3307 2520 3563 2575 Romana:

1973 2612 2119 2667 urbis
2138 2612 2385 2681 praesulis
2411 2612 2695 2683 epistolam
2712 2652 2728 2679 ,
2761 2614 2905 2668 velut
2947 2611 3308 2669 innovationis
3333 2609 3561 2667 otiandi-

1972 2704 2173 2772 culum,
2201 2704 2573 2771 criminentur,
2602 2713 2708 2761 etc.
2745 2724 2764 2757 ι
2797 2704 2854 2759 In
2885 2706 2986 2761 hac
3020 2720 3151 2761 vero
3178 2701 3562 2775 sapientissimi

1970 2793 2193 2851 Joannis
2238 2795 2557 2852 Antiocheni
2608 2804 2662 2851 et
2711 2797 2873 2853 totius
2913 2796 3149 2853 Orientis
3196 2795 3561 2857 confessione,

1971 2885 2311 2942 sanctissimo
2354 2884 2547 2941 Proclo
2586 2893 2640 2941 et
2678 2887 2993 2957 imperatori
3043 2885 3348 2941 Theodosio
3393 2885 3560 2940 desti—

1971 2987 2118 3045 nata,
2150 2978 2304 3048 cujus
2341 2977 2590 3049 exemplo
2620 2977 2853 3050 synodus
2891 2976 3347 3035 Chalcedonensis
3387 2975 3560 3032 admi-

1973 3069 2129 3125 randi
2168 3068 2429 3125 Romana:
2466 3068 2613 3124 urbis
2652 3068 2895 3140 praesulis
2917 3110 2934 3138 ,
2974 3067 3027 3123 id
3065 3076 3148 3124 est
3184 3066 3330 3124 beati
3366 3064 3565 3123 Leonis

1976 3158 2218 3216 defendit
2254 3158 2567 3230 epistolam,
2619 3167 2678 3214 ut
2718 3167 2847 3230 pote
2876 3173 2974 3229 per
2997 3173 3161 3227 quam
3205 3164 3565 3213 memoratum

1972 3250 2237 3307 Joannem
2285 3250 2685 3306 Antiochenum
2733 3259 2789 3306 et
2847 3250 3223 3306 haereticorum
3278 3247 3566 3306 maledicta

1972 3344 2248 3415 rcjecisse,
2276 3353 2333 3399 ct
2358 3343 2656 3400 doctrinam
2686 3344 3039 3414 apostolicam
3066 3343 3371 3399 declarasse
3397 3348 3564 3398 testa-

1973 3441 2079 3502 tur,
2110 3451 2209 3505 per
2236 3450 2397 3504 quam
2428 3444 2483 3489 et
2511 3434 2640 3490 illud
2670 3435 3046 3490 conﬁrmatum
3090 3449 3209 3490 esse
3232 3435 3406 3504 primo
3427 3433 3564 3490 libro

1970 3527 2271 3591 docuimus,
2299 3525 2444 3597 quod
2469 3542 2609 3582 unus
2635 3540 2704 3582 ex
2734 3525 2997 3581 Trinitate
3024 3526 3095 3580 sit
3122 3524 3382 3581 Dominus
3406 3520 3563 3579 Jesus

1969 3619 2237 3688 Christus,
2267 3620 2438 3675 multo
2465 3620 2658 3690 majori
2687 3619 2845 3675 laude
2870 3634 3031 3690 quam
3062 3618 3115 3673 in
3140 3616 3368 3689 epistola
3397 3630 3564 3673 vene-

1970 3712 2153 3769 rabilis
2176 3712 2302 3777 lbaz,
2334 3710 2655 3768 Theodorus
2683 3712 3026 3782 praedicatur.
3058 3710 3195 3766 Nam
3224 3709 3419 3766 Proclo
3442 3710 3564 3779 qui-

1968 3803 2095 3860 dem
2140 3802 2445 3859 rescribens
2483 3818 2648 3874 super
2692 3800 3101 3858 conﬁrmatione
3150 3801 3282 3856 tomi
3327 3799 3445 3869 ejus
3492 3798 3563 3857 ad

1967 3896 2255 3952 Armenios
2284 3895 2451 3963 missi,
2484 3895 2625 3951 idem
2652 3894 2888 3952 Joannes
2925 3909 3046 3950 cum
3088 3892 3296 3965 synodo
3323 3889 3560 3949 Orientis

1967 3996 1995 4025 ι
2017 3988 2149 4044 dicit
2169 3988 2284 4043 haec
2310 4005 2322 4042 :
2354 4006 2373 4040 ς
2390 3986 2507 4043 Νοη
2530 3986 2704 4044 solum
2728 4002 2827 4042 nos
2846 3987 3090 4042 viventes
3110 3984 3246 4040 tales
3264 3982 3560 4040 calumnias

1966 4081 2036 4137 ab
2056 4080 2139 4136 his
2160 4080 2253 4151 qui
2276 4081 2603 4136 conturbare
2620 4079 2809 4135 volunt
2828 4078 3095 4135 Ecclesias
3119 4079 3375 4135 continue
3396 4078 3559 4134 susti-

1965 4188 2160 4229 nemus
2190 4190 2204 4227 :
2232 4171 2329 4228 sed
2356 4180 2413 4228 et
2439 4173 2532 4242 qui
2555 4172 2697 4227 bene
2726 4172 2792 4227 de
2819 4172 2929 4226 vita
2954 4172 3232 4242 profectus
3257 4179 3341 4227 est
3368 4171 3558 4230 beatul

1966 4261 2305 4327 Theodorus,
2333 4268 2389 4316 et
2413 4261 2653 4331 quinque
2679 4267 2737 4315 et
2763 4259 3114 4329 quadraginta
3142 4259 3299 4314 annis
3327 4258 3475 4314 clare
3502 4260 3558 4315 in

1962 4354 2212 4410 doctrina
2241 4352 2522 4424 praefulsit,
2555 4359 2613 4408 et
2658 4365 2874 4407 omnem
2923 4349 3171 4406 haeresim
3209 4350 3555 4421 expugnavit,

1962 4448 2165 4504 nullam
2213 4446 2413 4502 alicubi
2452 4444 2844 4501 detractionem
2892 4444 2959 4500 ab
3002 4441 3324 4499 orthodoxis
3359 4444 3416 4498 in
3445 4443 3556 4499 vita

1961 4539 2290 4610 suscipiens;
2335 4544 2462 4607 post
2502 4536 2649 4606 longi
2689 4535 2950 4606 temporis
2981 4534 3109 4591 hinc
3136 4535 3469 4605 discessum,
3498 4543 3556 4594 et
3592 4586 3595 4589 .

1960 4637 2084 4701 post
2122 4629 2289 4683 multa
2333 4627 2664 4693 certamina,
2705 4634 2761 4683 et
2791 4635 2918 4698 post
2952 4626 3141 4682 decem
3177 4626 3343 4681 millia
3388 4625 3556 4683 libros

1959 4722 2216 4777 adversus
2256 4719 2491 4775 haereses
2520 4719 2873 4790 conscriptos,
2896 4727 2953 4774 et
2970 4728 3323 4790 posteaquam
3342 4720 3397 4775 in
3418 4734 3554 4777 con,

1957 4822 2147 4888 speetu
2172 4812 2538 4882 sacerdotum,
2586 4820 2643 4869 et
2685 4812 3095 4884 imperatorum,
3126 4821 3186 4868 et
3228 4810 3551 4883 populorum

1956 4997 2175 5054 ciendas
2216 4997 2381 5068 docet
2402 5011 2564 5066 quam
2605 5012 2669 5053 ea
2692 5013 2825 5068 quae
2842 4997 3078 5054 Joannes
3105 4996 3245 5052 idem
3275 5005 3333 5052 et
3354 4993 3547 5068 orien-

1956 5068 2093 5123 tales
2116 5075 2305 5122 coutra
2335 5066 2593 5137 Cyrillum
2636 5066 2905 5137 ﬁdemque
2934 5068 3293 5125 orthodoxam
3315 5067 3547 5136 scripse-

1957 5146 2098 5217 rant,
2133 5145 2188 5191 et
2237 5152 2336 5217 βψ
2370 5136 2642 5217 Nestorio.
2691 5144 2746 5193 Ei
2777 5136 2846 5217 Δδὲ
2888 5144 3201 5217 πρρσρξρΟ-νςι
3230 5141 3544 5217 pop-cupiat:

1956 5206 2184 5263 Ἰωάννου
2207 5216 2298 5263 rei
2322 5206 2634 5277 Ἀντιοχείας·
2654 5248 2669 5273 ,
2706 5213 2791 5264 καὶ
2822 5219 2913 5270 τῆς
2929 5206 3034 5265 ’ὐτϊ
3050 5206 3213 5262 ἀὐτὸν
3230 5206 3543 5268 Ἀνὰτοὶίικῆς

1957 5278 2173 5357 συνόδῳ
2199 5278 2643 5357 ὑπὲρᾼΘερδώρου,
2671 5284 2755 5357 uoti
2774 5289 2867 5357 ςῆς
2890 5283 3051 5357 adeo?
3075 5279 3311 5357 ἁσεςείας
3332 5280 3545 5357 peregi:

1955 5372 2063 5415 νας,
2089 5351 2276 5420 ἀνάγκη
2295 5345 2476 5425 adt-od;
2502 5345 2706 5425 δὶᾁκεῐνᾳ
2729 5350 2987 5425 δέξασθαι,
3013 5349 3144 5425 ἅπερ
3170 5346 3290 5402 ὅσον
3322 5345 3539 5425 foll-6'1;

1956 5423 2126 5482 αὐτοῖς
2157 5419 2228 5495 ti;
2250 5419 2554 5495 xarizpwv}
2568 5428 2659 5475 τοῦ
2684 5422 2732 5495 ξν
2753 5421 2916 5495 ἁγὶᾳξς
2942 5419 3216 5495 lippiunt),
3247 5421 3333 5472 καὶ
3359 5419 3546 5474 6:967):-

1955 5512 2036 5566 gw
2058 5500 2149 5566 τῆς
2173 5493 2324 5566 ὀρθ-ἦς
2361 5488 2609 5566 πίστεῳς.
2652 5492 2697 5545 oi
2736 5488 3094 5566 πέρίἸωᾲνᾶιην
3121 5488 3422 5566 ἐτόλίηεᾳν,
3456 5506 3540 5566 rat

1952 5561 2085 5638 ἆξτερ
2110 5557 2342 5638 {whiile-.0
2379 5562 2644 5638 Νερεςόριον
2682 5565 2764 5616 καὶ
2799 5557 2887 5620 riu
2933 5562 3086 5617 αὐτοῦ
3124 5557 3417 5625 κακοδοξίαν
3450 5558 3557 5613 ἐπὶ.

1949 5630 2187 5688 animi
2215 5630 2403 5708 χρὸνθν
2433 5630 2761 5692 ἐκδιὶεοῦντις.

2061 5806 2205 5865 Idem
2233 5807 2376 5877 cod.,
2401 5823 2627 5865 tuorum.
