4070 6352
313 280 437 340 885

1220 289 1355 345 PRO
1393 286 1812 344 DEFENSXONE
1852 288 2066 344 TRIUM
2108 290 2423 346 CAI’ITUL.
2461 291 2586 347 LIB.
2620 292 2680 348 11.

3506 301 3611 358 560

309 393 399 451 vit
427 407 572 463 quoa
599 397 962 452 sanctissimus
987 400 999 429 '
1027 400 1259 476 Joannes
1281 401 1668 471 Antiochenus,
1701 401 1913 457 haereti-
1941 405 1991 463 Α
2020 400 2142 455 fidei
2171 417 2278 455 non
2307 401 2479 456 solum
2508 419 2650 460 nunc
2679 406 2918 462 viventes
2946 409 3271 477 insequitur,
3303 414 3394 468 sed
3425 423 3482 470 et
3507 416 3611 474 hos

311 501 513 543 corum
553 487 834 544 maledicta
884 490 1157 559 rejiciens,
1206 500 1261 546 et
1306 491 1615 564 apostolica:
1659 493 1916 547 doctrinae

311 577 520 650 dogma
550 579 848 648 declarans,
877 583 1041 638 totius
1069 583 1300 642 Orientis
1321 585 1734 651 confessionem,
1769 587 1918 642 velut

311 683 391 724 ex
414 685 521 725 uno
553 686 666 738 ore,
709 674 1046 730 sanctissimo
1090 675 1279 732 Proclo
1321 685 1376 732 et
1414 678 1462 732 ei
1493 677 1584 749 qui
1633 683 1728 749 per
1772 678 1913 734 idem

313 767 538 830 tempus
583 764 766 818 mundi
813 766 1032 834 regebat
1073 767 1432 837 gubernacula
1475 769 1766 825 destinavit
1802 789 1812 823 :
1859 781 1916 826 ut

312 853 462 908 sicut
511 863 738 922 negatur
763 856 950 912 eadem
997 859 1234 930 synodus
1264 861 1548 931 epistolam
1595 864 1916 918 venerabilis

309 942 423 999 ibat
455 944 809 1001 orthodoxam
837 951 1231 1022 pronuntiasse,
1261 952 1331 1005 ita
1355 953 1515 1006 etiam
1545 961 1770 1024 negetur
1798 970 1914 1008 me-

311 1043 561 1090 moratas
590 1037 968 1108 sapientissimi
989 1039 1210 1096 Joannis
1230 1050 1285 1097 et
1314 1041 1480 1097 totius
1503 1044 1714 1098 concilii
1737 1044 1916 1099 orien-

311 1125 444 1181 talis
491 1128 770 1198 epistolas,
807 1131 860 1185 in
899 1133 1094 1201 quibus
1144 1131 1552 1204 Mopsuestenus
1599 1135 1915 1193 Theodorus

301 1217 493 1273 multo
535 1219 766 1290 amplius
793 1221 1040 1278 laudatus
1093 1234 1192 1290 est,
1237 1227 1584 1296 approbasse,
1636 1239 1690 1283 et
1729 1243 1914 1284 earum

310 1311 545 1368 formam
573 1315 625 1370 in
649 1332 743 1370 sua
773 1315 1106 1382 definitione,
1134 1319 1589 1388 quemadmodum
1615 1319 1910 1388 docuimus,

310 1405 631 1462 attendisse.
663 1405 910 1475 Nunquid
935 1409 1094 1463 etiam
1123 1410 1200 1464 sic
1223 1426 1328 1464 non
1357 1411 1409 1464 in
1439 1411 1914 1482 reprehensionem

307 1496 486 1566 ipsius
513 1497 702 1568 synodi
732 1514 832 1568 pro
859 1514 1180 1571 quacunque
1219 1515 1379 1556 causa
1411 1502 1664 1571 praedicta
1688 1502 1913 1572 epistola

309 1589 625 1643 videbitur?
651 1588 781 1644 Nam
810 1591 854 1645 si
885 1590 1212 1646 credendum
1235 1602 1324 1646 est
1346 1592 1411 1646 ad
1439 1593 1612 1648 zelum
1635 1595 1915 1650 catholica:

314 1680 442 1734 tidci
474 1681 764 1751 pertinere,
797 1684 942 1753 quod
972 1693 1095 1753 post
1117 1696 1332 1740 centum
1374 1684 1545 1740 ferme
1583 1702 1754 1743 annos
1798 1697 1914 1741 tan-

2004 495 2258 568 ‘quiolim
2299 492 2366 548 ad
2413 494 2578 551 Deam
2619 509 3022 570 praecesserunt.
3059 502 3296 570 Quorum
3346 523 3483 565 unus
3528 521 3613 567 est

2019 586 2208 642 beatus
2239 587 2571 657 Theodorus,
2607 607 2782 661 praeco
2822 593 3062 648 veritatis
3100 604 3155 650 et
3199 597 3390 654 doctor
3428 598 3613 658 Eccle-

2006 678 2109 754 ysiae
2140 698 2150 730 :
2182 679 2271 748 qui
2299 697 2403 735 non
2432 682 2606 735 solum
2637 684 2690 738 in
2731 699 2827 738 sua
2857 685 2963 739 vita
2999 685 3356 756 colaphizavit
3388 689 3610 749 haereti-

2017 788 2110 827 cos
2137 787 2232 842 per
2261 773 2541 830 veritatem
2573 792 2682 832 suae
2713 775 2850 842 fidei,
2887 779 2979 832 sed
3009 788 3063 834 et
3097 788 3218 850 post
3246 791 3476 839 mortem
3495 785 3608 855 spi-

2018 865 2192 920 ritalia
2221 881 2370 922 arma
2409 867 2461 922 in
2505 867 2653 922 libris
2685 869 2914 938 propriis
2951 869 3198 927 Ecclesiae
3252 872 3372 930 filiis
3414 875 3608 935 dereli-

2016 958 2152 1026 quit,
2175 959 2314 1014 sicut
2335 967 2390 1014 et
2413 968 2502 1014 tua
2527 960 2826 1015 reverentia
2851 962 3022 1018 eidem
3043 965 3308 1022 collocuta
3332 969 3604 1038 cognovit,

2015 1055 2069 1101 et
2091 1063 2157 1102 ex
2182 1045 2266 1102 his
2294 1065 2412 1120 qua:
2433 1050 2646 1120 scripsit
2673 1049 2930 1108 instructa
2959 1061 3060 1108 est.
3091 1052 3246 1111 Ilunc
3265 1060 3610 1131 pmsumpsit

2015 1141 2106 1208 qui
2129 1144 2308 1196 omnia
2346 1144 2620 1212 praesumit
2663 1145 2714 1197 in
2759 1142 2997 1198 Ecclesia
3029 1145 3204 1214 palam
3253 1149 3609 1206 anathemati-

2016 1250 2168 1299 zare;
2201 1237 2291 1305 qui
2320 1246 2542 1308 propter
2585 1239 2758 1293 zelum
2801 1237 2917 1301 Dei,
2958 1254 3064 1294 non
3113 1239 3285 1295 solum
3333 1243 3607 1313 propriam

2015 1329 2287 1386 civitatem
2324 1331 2391 1386 ab
2421 1347 2604 1388 errore
2639 1332 2706 1388 ad
2750 1332 3032 1389 veritatem
3075 1336 3362 1401 convertit,
3412 1337 3508 1392 sed
3552 1345 3609 1392 et

2015 1419 2172 1491 longe
2200 1423 2406 1493 positas
2436 1439 2531 1479 sua
2553 1424 2796 1480 doctrina
2827 1426 3078 1482 instruxit
3102 1425 3385 1484 Ecclesias.
3418 1448 3437 1481 ›
3471 1427 3606 1485 Cum

2017 1529 2145 1584 ergo
2173 1515 2240 1570 ad
2268 1517 2427 1572 istum
2455 1518 2648 1584 locum,
2678 1518 2815 1573 sicut
2843 1518 2977 1588 dixi,
3006 1520 3272 1584 venirent,
3302 1521 3391 1576 ubi
3421 1537 3610 1591 quem-

2015 1606 2138 1660 dam
2167 1607 2391 1663 denotat
2414 1607 2556 1664 idem
2589 1609 2909 1665 venerabilis
2930 1609 3047 1664 lbas
3077 1611 3142 1664 ad
3172 1610 3357 1666 Marini
3388 1610 3606 1670 Persam

2015 1699 2274 1767 scribens,
2307 1700 2449 1768 quod
2479 1698 2823 1757 Theodorum
2853 1688 3311 1758 anathematizare
3352 1719 3609 1773 praesum-

307 1789 476 1844 qnam
504 1774 820 1830 Nestoriana
863 1773 1114 1831 damndla
1161 1785 1281 1834 est:
1319 1787 1501 1834 sancta
1545 1779 1634 1833 illa
1679 1780 1915 1850 synodus
1948 1786 1990 1844 B
2020 1789 2187 1857 pscrit
2212 1808 2224 1841 :
2253 1791 2496 1859 quamvis
2525 1790 2690 1861 ipsius
2719 1791 2959 1862 epistola:
2983 1793 3142 1847 verba
3175 1809 3281 1848 non
3313 1795 3386 1848 ita
3417 1794 3468 1848 in
3509 1811 3610 1852 suo

309 1864 504 1920 haeresi
537 1866 868 1922 Nestorianae
895 1869 1154 1936 cohibuit,
1181 1885 1301 1940 qua:
1337 1871 1477 1940 apud
1522 1887 1582 1927 se
1629 1873 1910 1926 recitatam

309 1942 559 2012 eamdem
587 1959 870 2029 epistolam
901 1975 1008 2014 non
1039 1961 1350 2016 damnavit:
1383 1961 1424 2017 si
1457 1971 1633 2018 tamen
1677 1963 1793 2018 sola
1823 1963 1911 2018 illa

309 2052 568 2124 synodus,
601 2061 657 2108 et
709 2069 816 2107 non
861 2061 973 2108 tota
1019 2054 1216 2108 Christi
1251 2054 1487 2111 Ecclesia
1529 2072 1912 2128 usquequaque

309 2143 524 2208 diffusa,
555 2160 674 2214 quae
700 2145 914 2201 decreta
945 2145 1110 2214 ipsius
1135 2147 1324 2218 synodi
1366 2149 1418 2201 in
1460 2162 1650 2216 magna
1701 2164 1912 2218 semper

310 2237 636 2290 auctoritate
665 2238 920 2307 suscepit.
951 2237 1314 2293 Indubitatum
1346 2239 1624 2310 estigitur,
1650 2241 1792 2311 quod
1817 2257 1908 2314 sy-

310 2325 515 2381 nodum
541 2325 1036 2384 Chalcedonensem
1062 2345 1168 2383 non
1199 2329 1329 2384 falsa
1366 2331 1601 2398 negatio,
1634 2330 1700 2384 ad
1746 2331 1908 2386 decc-

310 2419 554 2488 ptionem
600 2419 832 2473 facilium
875 2421 942 2473 ab
990 2420 1256 2475 haereticis
1309 2421 1614 2486 adinventa,
1653 2422 1746 2476 sed
1793 2422 1908 2477 sola

309 2509 480 2578 possit
508 2505 795 2562 defendere
825 2510 962 2584 ratio
990 2510 1266 2565 veritatis:
1299 2525 1461 2578 quam
1503 2526 1618 2577 nos,
1656 2507 1915 2565 discussis

311 2596 549 2667 ipsorum
580 2597 955 2652 hmreticorum
983 2596 1256 2654 fraudibus
1280 2608 1438 2670 atque
1459 2599 1777 2666 mendaciis,
1803 2599 1911 2657 Deo

309 2688 617 2758 adjuvante,
650 2689 956 2746 reddemus.

942 2825 1172 2882 CAPUT
1210 2827 1294 2881 111.

313 2917 466 2991 Quod
495 2919 788 2991 epistolam
846 2918 954 2972 Ibo:
997 2920 1114 2973 ideo
1164 2922 1482 2991 damnarint,
1511 2923 1631 2989 quia
1673 2924 1800 2979 duas
1850 2926 1904 2978 in

382 2989 585 3044 Christo
628 3001 847 3063 naturas
899 2992 1193 3059 conﬁtetur.
1228 2993 1342 3059 Quo
1389 2989 1604 3048 consilio
1630 2999 1904 3063 episcopo-

380 3077 495 3114 rum
555 3061 958 3129 subscriptiones
1006 3063 1246 3129 exigant,
1314 3073 1360 3119 et
1406 3080 1499 3118 cur
1544 3061 1903 3120 damnantium

382 3134 789 3185 communionem
814 3133 911 3205 ipsi
938 3135 1222 3204 refugiant.

384 3239 452 3296 Ut
472 3251 652 3297 autem
678 3243 976 3300 clementia:
1006 3253 1109 3300 tuae
1137 3248 1307 3315 magis
1329 3257 1610 3318 appareat,
1635 3247 1777 3318 quod
1798 3264 1906 3304 non

313 3330 535 3388 forsitan
562 3335 739 3390 minus
769 3345 1088 3392 occurrente
1118 3339 1349 3408 ratione,
1383 3354 1490 3407 qua
1520 3339 1608 3393 illa
1647 3339 1904 3396 defende-

312 3429 462 3476 retur
481 3422 732 3492 epistola,
755 3432 1006 3494 negatum
1031 3426 1099 3480 sit
1121 3441 1151 3480 a
1173 3427 1381 3499 synodo
1396 3428 1559 3484 fuisse
1578 3439 1904 3500 susceptam,

313 3513 407 3567 sed
449 3513 630 3585 potius
671 3513 724 3568 in
755 3515 1121 3585 pnejudicium
1160 3518 1326 3590 ipsius
1372 3521 1564 3592 synodi
1609 3519 1749 3576 facta
1800 3522 1908 3576 sint

315 3605 494 3660 omnia
523 3619 641 3673 qua:
680 3607 732 3660 in
781 3607 896 3675 ejus
926 3610 1244 3678 purgatione
1291 3611 1565 3667 elaborata
1607 3613 1857 3669 dicuntur
1891 3633 1903 3666 :

312 3693 618 3761 considera,
647 3709 852 3764 quzeso,
876 3707 967 3751 aut
990 3712 1084 3752 eos
1110 3699 1271 3753 etiam
1302 3701 1393 3768 qui
1421 3701 1545 3755 talia
1574 3703 1910 3773 conscripse-

314 3794 437 3839 runt
464 3785 756 3857 interroga,
789 3803 886 3842 cur
930 3798 1081 3844 tanta
1126 3791 1179 3845 in
1230 3792 1398 3862 ipsius
1440 3794 1684 3864 epistolae
1723 3811 1908 3866 repre-

315 3877 628 3932 hensionem
673 3880 906 3949 scripta;
939 3898 1039 3936 cur
1084 3890 1194 3936 tam
1243 3885 1408 3938 multa
1456 3887 1584 3940 vitia
1631 3887 1907 3957 ascripta’

314 3979 454 4036 sunt,
487 3985 588 4026 nec
615 3971 683 4026 ab
722 3971 853 4042 ipsis
899 3972 1004 4028 Iba:
1051 3977 1453 4031 accusatoribus
1484 3977 1779 4047 imputata;
1811 3995 1907 4034 cur

315 4070 588 4132 postremo
615 4063 761 4117 velut
781 4064 944 4134 impia
967 4073 1022 4120 et
1045 4064 1362 4121 Nestoriana
1385 4066 1637 4122 damnata
1651 4078 1762 4123 .est.
1789 4069 1906 4124 Non

314 4157 372 4206 et
420 4151 558 4205 istud
613 4151 960 4208 defendendae
1007 4155 1198 4225 synodi
1246 4157 1540 4211 necessitas
1593 4155 1906 4227 ﬂagitabat,

314 4255 434 4296 cum
456 4241 625 4312 magis
647 4244 889 4298 excusari
913 4243 1176 4311 debuerit,
1201 4254 1260 4300 ut
1283 4247 1445 4300 etiam
1471 4246 1515 4302 si
1536 4249 1906 4304 metuendum3

314 4333 620 4404 putabatur,
648 4345 876 4406 utroque
901 4335 1228 4392 defensionis
1256 4337 1425 4393 latere
1453 4339 1644 4394 muniri
1673 4339 1908 4411 synodus

316 4426 605 4493 videretur,
633 4443 756 4483 cum
777 4429 1018 4490 dicerent
1047 4439 1099 4485 et
1121 4431 1265 4485 illam
1295 4431 1579 4502 epistolam
1605 4448 1714 4488 non
1744 4432 1907 4490 fuisse

2017 1879 2154 1934 libro
2180 1881 2460 1950 posuerint
2506 1881 2643 1937 sicut
2680 1881 2965 1946 habentur,
3020 1882 3114 1937 sed
3157 1898 3275 1952 qum
3321 1884 3610 1940 voluerunt

2016 1983 2113 2038 pro
2141 1983 2237 2023 sua
2267 1968 2542 2024 voluntate
2575 1969 2979 2041 decerpserint:
3014 1979 3194 2026 tamen
3236 1987 3345 2026 non
3393 1971 3606 2028 dubita-

2015 2067 2208 2111 verunt
2246 2069 2299 2113 et
2343 2059 2446 2114 hoc
2483 2059 2680 2114 addere
2731 2059 2971 2116 dicentes
3012 2079 3022 2112 :
3077 2081 3094 2112 ι
3142 2060 3368 2132 Oportet
3421 2075 3608 2133 aperte

2016 2152 2280 2220 inspicere
2322 2153 2390 2206 ad
2430 2151 2616 2207 Marim
2654 2152 2958 2223 epistolam,
3002 2156 3180 2208 omnia
3225 2155 3442 2224 quidem
3493 2156 3607 2212 sine

2017 2243 2125 2297 Deo
2153 2252 2208 2296 et
2235 2244 2396 2313 impie
2417 2243 2684 2300 dicentem
2709 2263 2720 2297 :
2757 2233 2885 2299 illin
2911 2245 3284 2301 tantummodo
3315 2247 3607 2302 ostenden-

2017 2342 2121 2384 tem
2167 2333 2324 2399 bene,
2367 2332 2492 2400 quia
2531 2348 2594 2386 ex
2643 2333 2732 2387 illo
2763 2333 3079 2389 Theodorus
3107 2351 3203 2403 per
3231 2332 3504 2390 Orientem
3556 2337 3606 2391 in

2011 2419 2250 2476 Ecclesia
2300 2423 2781 2478 anathematizatus
2809 2432 2908 2478 est.
2949 2441 2970 2476 ι
3004 2423 3209 2478 Vellem
3251 2423 3432 2494 itaque
3474 2426 3604 2479 mihi

2012 2511 2399 2581 responderent
2429 2522 2590 2580 atque
2622 2521 3004 2575 monstrarent,
3038 2528 3143 2567 non
3191 2513 3312 2567 dico
3350 2512 3439 2581 qui
3480 2513 3605 2568 talia

2010 2603 2358 2672 scripserunt,
2391 2602 2490 2671 ipsi
2527 2603 2670 2656 enim
2709 2603 2889 2658 sciunt
2915 2604 3061 2673 quod
3094 2605 3320 2673 egerint,
3373 2604 3467 2661 scd
3516 2605 3604 2664 isti

2009 2694 2099 2762 qui
2127 2694 2322 2747 talibus
2350 2693 2801 2764 subscripserunt,
2829 2695 3101 2764 quomodo
3121 2695 3441 2750 confirment
3461 2695 3604 2767 quod

2012 2786 2098 2842 illa
2133 2786 2360 2855 cpistola
2391 2786 2455 2840 ad
2485 2785 2674 2839 Marim
2702 2787 2898 2856 scripta
2930 2787 3110 2841 omnia
3142 2787 3257 2840 sine
3287 2785 3399 2842 Deo
3425 2796 3480 2842 et
3506 2789 3603 2845 im-

2009 2880 2095 2948 pie
2125 2877 2284 2932 dicat.
2319 2877 2452 2931 Num
2481 2877 2642 2932 etiam
2672 2877 3066 2941 confessionem
3106 2877 3332 2932 duarum
3387 2887 3603 2932 natura-

2007 2985 2126 3024 rum
2158 2968 2354 3023 Christi
2384 2968 2757 3023 damnaverit?
2799 2967 2878 3021 An
2911 2985 3016 3022 non
3056 2969 3108 3021 in
3147 2967 3334 3023 eadem
3377 2968 3602 3038 cpistola

2008 3061 2354 3114 continentur
2402 3059 2515 3113 haec
2553 3059 2762 3113 verba:
2821 3077 2836 3109 ι
2877 3057 3113 3112 Ecclesia
3163 3059 3304 3113 enim
3350 3059 3428 3115 sic
3477 3059 3604 3116 dicit

1930 3156 1978 3224 (ζ
2007 3154 2144 3207 sicut
2170 3160 2225 3206 ει
2253 3161 2340 3206 tua
2371 3151 2630 3206 sanctitas
2660 3151 2830 3215 novit,
2863 3161 2916 3205 ct
2945 3152 3082 3207 sicut
3121 3169 3149 3206 a
3181 3153 3442 3223 principio
3465 3152 3604 3209 didi-

2011 3246 2102 3308 cit,
2137 3254 2191 3298 et
2212 3243 2527 3300 confirmata
2559 3252 2642 3298 est
2663 3245 2838 3298 divina
2868 3244 3110 3298 doctrina
3141 3259 3208 3299 ex
3238 3244 3388 3298 libris
3417 3244 3604 3300 beato-

2009 3352 2126 3392 rum
2158 3333 2400 3402 Patrum,
2431 3334 2550 3389 dua:
2578 3343 2813 3400 natura},
2846 3351 2946 3388 una
2977 3335 3166 3400 virtus,
3211 3351 3313 3388 una
3353 3349 3601 3404 persona,

2008 3427 2150 3494 quod
2173 3433 2255 3480 est
2276 3442 2413 3480 unus
2442 3423 2608 3480 Filius
2625 3425 2882 3480 Dominus
2901 3423 3056 3480 Jesus
3073 3425 3334 3481 Christus.
3368 3445 3386 3478 ι
3417 3426 3604 3497 Liquet

2011 3514 2170 3583 igitur
2195 3515 2414 3585 jamque
2436 3514 2476 3580 ⁸,
2509 3525 2769 3588 quantum
2803 3515 3082 3579 existimo,
3109 3515 3273 3570 etiam
3303 3516 3385 3570 his
3412 3517 3604 3586 quibus

2009 3605 2146 3660 forte
2177 3605 2318 3660 aliud
2342 3605 2642 3673 videbatur,
2683 3606 2826 3676 quod
2860 3614 3038 3661 astute
3085 3607 3155 3661 ad
3195 3605 3603 3678 denegationem

2009 3699 2232 3754 duarum
2254 3699 2452 3755 Christi
2485 3708 2812 3764 naturarum,
2855 3701 2954 3754 sub
2985 3699 3208 3755 obtentu
3243 3701 3423 3757 nescio
3453 3701 3603 3771 cujus

2009 3808 2162 3846 novae
2189 3792 2496 3861 diligentiae,
2528 3792 2753 3862 epistola
2784 3793 2871 3846 illa
2901 3792 3151 3845 damnata
3178 3793 3265 3849 sit.
3291 3791 3424 3846 Nam
3439 3808 3604 3861 quam

2009 3881 2251 3936 dicerent
2277 3881 2423 3950 quod
2455 3882 2634 3936 omnia
2665 3882 2780 3935 sine
2811 3880 2923 3935 Deo
2951 3888 3006 3935 et
3033 3879 3197 3950 impie
3224 3879 3390 3948 dicat,
3416 3881 3518 3934 nisi
3548 3889 3604 3935 ut

2011 3973 2137 4026 illud
2194 3987 2411 4042 quoque
2465 3973 2972 4042 complecterentUr,
3029 3971 3176 4042 quod
3230 3971 3364 4026 duas
3403 3969 3603 4026 Christi

2009 4061 2330 4117 confiteatur
2357 4077 2477 4116 esse
2506 4062 2764 4115 naturas?
2805 4060 2881 4114 Ac
2921 4076 2989 4116 ne
3033 4061 3328 4116 secundum
3373 4060 3601 4129 aliquant

2010 4154 2262 4224 loquendi
2302 4152 2744 4209 consuetudinem
2782 4153 3136 4223 acciperetur,
3166 4153 3312 4224 quod
3357 4153 3604 4208 dixerunt

2010 4249 2209 4312 omnia,
2260 4264 2366 4303 non
2407 4248 2616 4316 leviter,
2648 4247 2743 4302 sed
2772 4255 2927 4301 caute
2974 4253 3138 4316 atque
3185 4246 3416 4302 sollicite
3453 4261 3512 4300 se
3552 4245 3604 4302 id

2010 4339 2253 4410 posuisse
2272 4337 2593 4408 exceptione
2613 4336 2790 4391 addita
2815 4342 3274 4404 monstraverunt,
3296 4334 3604 4404 adjicientes

2011 4441 2174 4498 atque
2217 4429 2503 4484 dicentes:
2556 4446 2576 4478 ‹
2626 4427 2761 4482 Illud
2820 4425 3191 4481 tantummodo
3234 4425 3606 4482 ostendeutcnt

314 4529 632 4591 susceptam,
665 4531 719 4577 et
745 4523 829 4578 vel
869 4524 911 4577 si
958 4532 1208 4593 suscepta
1257 4524 1463 4593 fuisset,
1493 4527 1754 4600 synodum
1797 4544 1904 4582 non
1935 4543 1988 4602 Ι)
2012 4523 2170 4589 bene,
2198 4520 2321 4590 quia
2352 4536 2418 4576 ex
2451 4520 2542 4575 illo
2572 4519 2888 4576 Theodorus
2918 4535 3011 4589 per
3035 4518 3309 4573 Orientem
3342 4519 3394 4572 in
3421 4517 3605 4574 Eccle-

314 4627 431 4667 csse
478 4613 818 4684 culpandam.
861 4613 1011 4669 Nunc
1057 4627 1234 4671 autem
1285 4626 1583 4687 congerunt
1628 4619 1680 4674 in
1734 4620 1904 4690 ipsam

313 4701 594 4771 epistolam
625 4704 790 4758 multa
827 4704 1070 4772 crimina,
1095 4705 1356 4776 affingunt
1379 4709 1525 4764 velut
1547 4712 1908 4782 acccptabiles

316 4793 676 4849 damnationis
696 4795 811 4864 ejus
832 4813 1043 4863 causas,
1065 4798 1209 4866 quod
1239 4799 1306 4854 ab
1329 4799 1596 4857 haereticis
1627 4810 1908 4872 exspecta-

319 4892 427 4940 tum
449 4893 560 4952 est;
584 4894 638 4941 et
653 4887 862 4956 jactant
890 4904 996 4944 non
1020 4887 1183 4946 fuisse
1205 4899 1526 4961 susceptam,
1548 4893 1690 4961 quod
1722 4902 1906 4949 osten-

319 4977 447 5031 dere
473 4991 632 5031 nemo
659 4987 859 5048 potest.
899 4978 1142 5049 Namque
1171 4996 1293 5034 eum
1329 4982 1574 5036 venirent
1621 4981 1688 5035 ad
1729 4982 1907 5037 locum

318 5068 482 5137 ipsius
507 5067 745 5138 epistolae
775 5069 865 5124 ubi
892 5071 1057 5124 refert
1091 5071 1230 5138 Ibas,
1261 5079 1316 5126 et
1356 5070 1522 5125 dicit:
1573 5090 1589 5122 ι
1627 5072 1775 5125 Multi
1815 5087 1908 5126 au-

319 5166 440 5222 tem,
473 5167 598 5215 ante
627 5161 816 5216 oculos
856 5177 961 5216 non
1007 5160 1266 5216 habentes
1307 5161 1403 5216 Dei
1439 5161 1708 5228 timorem,
1753 5178 1910 5217 occa-

315 5249 463 5306 sione
491 5251 842 5308 ecclesiastici
873 5252 996 5320 zeli,
1035 5252 1343 5308 inimicitias
1385 5267 1520 5322 quas
1565 5254 1807 5309 occultas
1852 5255 1906 5310 in

315 5339 566 5396 cordibus
594 5341 705 5397 suis
727 5342 1016 5410 habebant,
1049 5341 1114 5396 ad
1146 5329 1715 5423 effectumperducere
1756 5344 1908 5401 festi-

316 5441 593 5487 naverunt.
656 5431 740 5487 Ex
793 5434 988 5502 quibus
1033 5449 1170 5489 unus
1217 5433 1399 5489 existit
1440 5445 1638 5492 nostrae
1683 5438 1910 5496 civitatis

316 5525 592 5594 tyrannus,
629 5539 790 5594 quem
819 5541 918 5581 nec
963 5534 1022 5580 tu
1065 5527 1178 5597 ipse
1207 5527 1451 5597 ignoras,
1485 5529 1574 5600 qui
1623 5533 1908 5589 occasione

386 5733 406 5804 ξ
433 5731 568 5804 Cod.
605 5733 826 5798 Veron.,
857 5736 1284 5804 sapientissimus.

384 5802 410 5838 ⁸
438 5802 586 5860 Idem
617 5805 764 5872 cod.,
792 5802 928 5874 falso
957 5807 1204 5875 ascripta.

2013 4613 2090 4668 sia
2122 4612 2606 4667 anathematizatus
2633 4618 2734 4666 εει.
2773 4631 2790 4662 ›
2819 4609 2876 4666 Si
2916 4610 3075 4677 igitur
3103 4610 3196 4665 illo
3244 4609 3608 4664 tantummodo

2015 4713 2263 4775 excepto,
2293 4705 2473 4759 omnia
2500 4704 2614 4759 sine
2641 4703 2756 4758 Deo
2781 4710 2836 4756 et
2859 4702 3022 4771 impie
3056 4701 3202 4766 dicit,
3237 4701 3288 4755 in
3332 4701 3458 4769 ipsis
3495 4716 3609 4754 om~

2015 4801 2174 4854 nibus
2217 4798 2404 4868 procul
2445 4797 2609 4853 dubio
2650 4797 2812 4852 etiam
2859 4793 2987 4849 illud
3033 4795 3319 4848 voluerunt
3368 4791 3609 4860 intelligi,

2014 4891 2158 4962 quod
2187 4892 2320 4946 duas
2349 4889 2590 4960 professa
2620 4895 2703 4942 est
2731 4885 2930 4942 Christi
2959 4901 3080 4941 esse
3111 4894 3345 4939 naturas.
3371 4883 3488 4937 Non
3518 4899 3610 4938 auc

2016 4992 2146 5048 tem,
2173 4983 2310 5038 sicut
2334 4983 2564 5050 jactant,
2617 4981 2722 5035 hoc
2763 4979 2850 5033 illa
2899 4979 3039 5032 bene
3085 4976 3322 5031 ostendit
3361 4976 3610 5046 cpistola,

2015 5076 2140 5144 quia
2172 5089 2238 5128 ex
2269 5074 2359 5128 illo
2378 5072 2694 5128 Theodorus
2724 5087 2822 5140 per
2844 5069 3116 5124 Orientem
3148 5070 3199 5122 in
3227 5067 3459 5122 Ecclesia
3483 5083 3610 5122 ana-

2017 5167 2396 5221 thematizatus
2424 5174 2526 5231 est,
2559 5180 2678 5221 cum
2706 5167 2810 5219 hoc
2831 5166 2898 5218 ab
2919 5180 3026 5218 uno
3048 5162 3244 5215 factum
3270 5159 3497 5224 referat;
3521 5158 3610 5214 sed

2019 5260 2122 5314 hoc
2152 5259 2330 5329 potius
2351 5258 2488 5313 bene
2512 5255 2765 5320 ostendit,
2790 5254 2934 5324 quod
2951 5249 3484 5306 anathematizandus
3504 5265 3610 5304 non

2017 5351 2108 5419 sit,
2138 5364 2296 5420 quem
2329 5365 2467 5406 unus
2490 5345 2861 5402 tantummodo
2883 5341 3336 5398 anathematizare
3357 5354 3601 5412 pansum-

2019 5442 2144 5512 psit.
2174 5439 2341 5508 Cujus
2369 5439 2842 5510 przcsumptionem
2889 5435 2934 5489 si
2971 5433 3091 5503 quis
3128 5431 3421 5502 approbat,
3451 5439 3609 5487 crete-

2014 5551 2102 5591 ros
2132 5532 2365 5588 Orientis
2396 5533 2682 5602 episcopos
2712 5529 2802 5585 oui
2835 5529 2939 5584 hoc
2963 5526 3185 5596 impium
3212 5525 3610 5596 iudicaverunt,

2099 5738 2117 5765 ³
2142 5736 2285 5788 Idem
2317 5733 2461 5795 cod.,
2496 5731 2867 5786 mmtiendmn.

2102 5808 2118 5833 ³
2150 5804 2293 5859 Idem
2325 5804 2476 5871 cod.,
2498 5803 2631 5872 jam.
