4070 6352
453 312 557 369 567

1522 276 1819 361 nicum
1856 301 2083 361 srisc.
2111 303 2616 362 HERMIANENSIS

449 431 568 485 sine
604 428 938 485 dubitatione
975 428 1314 485 condemnat.
1347 422 1416 483 Ut
1450 436 1631 483 autem
1680 427 1787 483 alio
1820 443 2037 499 quoque
2066 430 2118 490 Α
2143 426 2321 482 chiani
2346 428 2599 498 quoniam
2628 425 2839 497 privata
2866 422 3228 496 cujuscunque
3249 426 3499 483 voluntas
3522 429 3744 487 univer-

449 521 800 577 ostendamus
824 520 1047 587 indicio,
1077 520 1221 591 quod
1263 522 1330 577 ad
1364 521 1776 591 denegationem
1815 520 2041 576 duarum

447 609 651 667 Christi
676 621 1007 677 naturarum,
1039 627 1174 682 quas
1195 611 1248 667 in
1271 622 1567 668 memorata
1586 612 1812 683 epistola
1835 611 2045 668 confes-

446 716 542 757 sus
570 711 654 758 est
680 702 820 758 idem
845 701 986 771 lbas,
1012 703 1327 773 adjecerunt
1353 711 1413 758 ut
1444 704 1687 760 dicerent
1712 719 1831 759 eam
1862 706 2042 760 omnia

446 794 566 850 sine
584 792 698 849 Deo
729 802 785 849 et
812 795 979 864 impie
1000 794 1268 850 dicentem
1301 813 1313 848 :
1359 794 1668 863 recordare,
1706 808 1910 864 quaeso,
1940 796 2043 850 im-

445 894 685 957 perator,
716 903 835 958 quae
872 887 1101 945 formula
1130 890 1279 958 prius
1308 890 1433 944 data
1479 888 1641 945 fuerit
1683 890 2047 946 damnationis

445 978 616 1049 ipsius
662 982 925 1051 epistolaz,
974 990 1030 1038 et
1071 998 1191 1052 qua:
1238 983 1308 1037 sit
1352 981 1515 1037 modo
1543 985 1863 1055 composita.
1908 982 2044 1037 Nam

443 1070 595 1141 prius
620 1069 822 1126 dictum
852 1073 1067 1128 fuerat:
1107 1093 1125 1125 ι
1161 1074 1217 1128 Si
1246 1074 1365 1143 quis
1392 1073 1523 1129 dicit
1564 1084 1770 1130 rectam
1818 1089 1937 1131 esse
1977 1074 2046 1131 ad

446 1160 636 1219 Marim
678 1165 895 1236 impiam
935 1166 1216 1236 epistolam
1265 1182 1384 1238 qua:
1429 1167 1623 1223 dicitur
1670 1168 1737 1223 ab
1783 1166 1875 1224 Iba
1922 1152 2049 1225 esse.

444 1251 610 1324 facta,
641 1264 734 1310 aut
761 1255 877 1325 ejus
896 1266 1134 1313 assertor
1161 1265 1264 1323 est,
1295 1266 1349 1312 et
1376 1273 1483 1313 non
1512 1260 1683 1327 magis
1708 1260 2044 1315 anathemati

445 1348 683 1418 subjicit,
720 1358 780 1405 ut
808 1360 934 1421 pote
964 1351 1105 1406 male
1136 1360 1452 1408 tractantem
1487 1360 1729 1407 sanctum
1759 1351 2039 1424 Cyrillum,

446 1441 539 1510 qui
567 1440 697 1497 dicit
722 1443 847 1512 quia
871 1444 1010 1499 Deus
1038 1444 1272 1500 Verbum
1296 1444 1467 1500 factus
1491 1452 1574 1501 est
1603 1445 1788 1511 homo,
1819 1454 1873 1500 et
1895 1445 2043 1515 ejus—

443 1529 569 1585 dem
602 1532 773 1587 sancti
804 1531 988 1603 Cyrilli
1027 1532 1311 1589 duodecim
1352 1533 1601 1606 capitulis
1645 1533 2038 1599 detrahentem,

442 1630 500 1676 et
526 1623 753 1693 primam
782 1623 1107 1695 Ephesinam
1129 1626 1393 1698 synodum
1422 1626 1769 1698 impetentem
1792 1628 1831 1689 ⁸,
1848 1626 2043 1683 Nesto-

442 1714 585 1770 rium
612 1731 744 1773 vero
771 1715 1148 1775 defendentem
1168 1760 1183 1786 ,
1215 1720 1525 1775 laudantem
1568 1729 1747 1776 autem
1791 1720 2040 1777 Theodo-

2143 518 2241 575 sali
2282 517 2489 590 synodo
2526 517 2895 588 praejudicium
2936 518 3081 589 quod
3127 533 3341 590 semper
3384 522 3739 590 quaesierunt,

2143 610 2344 667 inferre
2388 628 2496 667 non
2536 618 2736 681 posset,
2767 609 2821 665 id
2866 618 3093 679 egerunt
3136 627 3236 683 per
3281 629 3410 669 suos
3454 615 3743 685 satellites,

2143 712 2259 758 arte
2297 719 2405 774 qua
2452 703 2593 758 solet
2640 701 3017 758 hmreticorum
3063 702 3356 760 exercitata
3404 706 3631 771 malitia,
3684 718 3746 762 ut

2142 794 2296 863 quasi
2328 794 2494 850 totius
2520 793 2775 851 Ecclesiae
2800 793 3039 864 judicato
3074 795 3448 852 Nestorianam
3478 814 3601 855 esse
3628 805 3745 871 epi-

2142 884 2335 940 stolam
2361 885 2795 957 comprobarent,
2823 884 2892 940 de
2932 885 3087 954 cujus
3122 888 3435 957 receptione
3464 888 3745 945 universa-

2143 973 2250 1029 lem
2280 975 2541 1048 synodum
2568 976 2938 1031 criminantur.
2966 974 3099 1031 Nam
3138 976 3243 1032 alia
3273 994 3438 1034 causa
3470 994 3572 1035 nec
3597 982 3747 1035 vide-

2145 1070 2252 1131 tur,
2284 1079 2386 1120 nec
2415 1065 2633 1131 dicitur,
2670 1081 2769 1136 pro
2800 1082 2907 1136 qua
2950 1068 3393 1124 subscribendum
3442 1070 3513 1125 in
3547 1072 3746 1126 multas

2144 1156 2447 1227 provincias
2471 1156 2796 1213 mitteretur.
2821 1156 2975 1224 Quod
3006 1158 3053 1213 si
3082 1166 3137 1214 et
3164 1158 3279 1215 baac
3308 1160 3611 1232 intelligere
3634 1178 3745 1217 non

2144 1262 2449 1317 possemus,
2479 1263 2643 1319 quem
2672 1264 2863 1304 sanum
2887 1249 3105 1305 tandem
3129 1266 3239 1306 non
3262 1251 3599 1318 sollicitaret,
3631 1254 3674 1307 si
3696 1253 3748 1308 ei

2144 1356 2248 1395 nec
2276 1342 2503 1411 petenti,
2534 1356 2637 1397 nec
2666 1343 2864 1411 agenti,
2894 1342 3230 1411 ingererctur
3257 1343 3580 1410 antidotum,
3600 1345 3751 1416 quod

2144 1433 2329 1503 utique
2350 1443 2541 1490 contra
2565 1435 2768 1505 aliquid
2810 1435 2949 1501 dari,
2990 1436 3162 1506 ipsum
3195 1452 3394 1492 nomen
3441 1437 3561 1507 ejus
3608 1437 3751 1492 india

2144 1526 2287 1582 cium
2317 1527 2437 1582 est?
2466 1526 2535 1582 Et
2569 1535 2883 1599 propterea,
2930 1527 2976 1582 si
3019 1528 3241 1584 morbus
3286 1544 3399 1583 non
3437 1528 3508 1584 sit
3556 1536 3750 1585 contra

2142 1632 2303 1687 quem
2367 1618 2545 1687 detur,
2593 1634 2702 1673 non
2763 1618 2881 1673 sine
2928 1618 3237 1688 suspicione
3264 1617 3569 1673 auferenda:
3604 1619 3752 1673 salu-

2142 1709 2213 1765 tis
2277 1709 2556 1779 ingeritur.
2633 1707 2789 1776 Quod
2860 1708 2999 1775 tibi,
3070 1708 3324 1779 religiose
3398 1708 3695 1780 imperator
3729 1751 3750 1777 ,

440 1824 564 1865 rum
588 1810 950 1882 Mopsuestia},
981 1815 1267 1869 anathema
1297 1815 1386 1870 είι,
1427 1834 1446 1867 ι
1478 1814 1630 1871 Nunc
1675 1824 1875 1881 autem,
1912 1815 2038 1870 sub-
2067 1802 2117 1863 B
2144 1818 2253 1858 non
2312 1802 2487 1857 aliena
2535 1802 2748 1858 ratione
2803 1800 3090 1858 suademus
3128 1819 3141 1855 :
3192 1817 3315 1855 nam
3377 1809 3560 1856 vestra
3622 1811 3751 1858 sunt

440 1902 607 1957 motis
652 1903 736 1958 his
765 1904 1012 1963 omnibus
1037 1906 1234 1970 causis,
1268 1906 1395 1962 nolo
1441 1906 1621 1962 dicere
1671 1916 1850 1962 utrum
1899 1907 2040 1963 veris

440 2000 536 2047 aut
562 1993 833 2063 qualibus,
864 2011 931 2050 ne
953 2006 1177 2067 propter
1201 1997 1344 2068 ipsas
1379 2005 1586 2052 tantum
1613 1998 1887 2053 videretur
1922 2014 2043 2056 esse

440 2082 718 2154 damnata,
748 2102 811 2141 ac
840 2103 945 2143 non
969 2088 1131 2144 etiam
1163 2105 1263 2161 pro
1310 2087 1649 2146 confessione
1685 2091 1912 2146 duarum
1940 2109 2041 2147 na-

442 2183 684 2232 turarum
716 2176 913 2234 Christi
942 2194 1103 2250 quam
1133 2182 1405 2248 continet,
1436 2191 1627 2252 postea
1660 2184 1780 2238 talis
1800 2183 1923 2239 data
1958 2193 2044 2240 est

441 2265 672 2323 formula
693 2269 1082 2341 subscribendi,
1114 2281 1171 2328 et
1194 2272 1270 2330 sic
1295 2274 1543 2331 absolute
1573 2273 1687 2329 fieri
1716 2285 2042 2345 praeceptum

440 2366 562 2415 est:
602 2378 621 2411 ι
656 2360 714 2417 Si
742 2363 862 2432 quis
891 2362 1022 2420 dicit
1065 2373 1270 2421 rectam
1313 2380 1435 2421 esse
1476 2364 1543 2421 ad
1586 2364 1775 2420 Marim
1824 2366 2041 2437 impiam

440 2451 747 2521 epistolam,
774 2463 868 2510 aut
906 2471 1026 2513 eam
1054 2456 1315 2525 defendit,
1360 2467 1417 2514 et
1460 2474 1571 2515 non
1618 2458 2042 2517 anathematizat

441 2557 583 2611 eam,
614 2545 903 2604 anathema
929 2550 1019 2605 sit.
1049 2569 1067 2604 ι
1094 2551 1231 2607 Cum
1260 2565 1390 2621 ergo
1419 2560 1475 2607 et
1502 2552 1555 2607 in
1577 2552 1743 2623 ipsius
1770 2560 2043 2609 contesta-

441 2633 593 2692 tione
621 2637 742 2694 libri
786 2642 1273 2711 pronuntiavcrint,
1303 2643 1447 2713 quod
1476 2644 1657 2700 omnia
1684 2644 1801 2700 sine
1830 2644 1941 2701 Deo
1989 2652 2047 2700 et

442 2725 609 2797 impie
635 2728 803 2800 dicat,
825 2732 954 2788 etin
980 2733 1391 2805 subscriptionis
1411 2734 1643 2791 formula
1664 2752 1826 2805 quam
1855 2747 2043 2807 postea

440 2827 809 2891 mutaverunt,
839 2823 1160 2880 abstulerint
1197 2825 1331 2883 alias
1373 2826 1775 2898 qualescunque
1820 2828 2046 2883 damna-

440 2906 604 2964 tionis
644 2908 779 2979 ejus,
807 2925 1019 2982 causas,
1050 2922 1110 2969 ut
1156 2930 1264 2970 non
1301 2902 1401 2985 pro
1455 2916 1724 2987 aliquibus
1766 2917 2039 2984 damnata,

439 2997 534 3054 sed
560 3015 662 3071 pro
683 3003 933 3060 omnibus
959 3006 1270 3061 videretur:
1301 3007 1434 3077 quid
1462 3008 1608 3063 aliud
1638 3009 2041 3078 intelligendum

440 3099 543 3155 est,
573 3092 677 3149 nisi
705 3095 829 3165 quia
860 3096 961 3151 sub
987 3105 1251 3167 praetextu
1270 3096 1419 3154 falsae
1442 3098 1730 3168 diligentia:
1747 3099 2041 3156 confessio-

2142 1896 2247 1951 ista
2296 1910 2417 1966 quae
2465 1895 2713 1952 dicimus.
2771 1894 2908 1949 Tum
2961 1894 3104 1949 enim
3156 1908 3278 1949 cum
3326 1909 3426 1965 pro
3481 1892 3749 1949 ﬁrmanda

2142 1987 2231 2042 vel
2286 1986 2517 2058 amplius
2568 1985 2888 2059 publicanda
2955 1983 3407 2041 eondemnatione
3469 1982 3749 2039 Theodori

2144 2075 2544 2131 Alexandrinib
2574 2075 2912 2145 aliorumque
2962 2074 3239 2141 similium,
3287 2074 3601 2129 beatissimo
3636 2071 3751 2128 Ro-

2144 2183 2308 2224 mano
2348 2167 2604 2238 episcopo
2662 2166 2969 2236 scripsistis,
2998 2164 3103 2221 hoc
3144 2164 3308 2220 etiam
3352 2163 3497 2235 quod
3544 2163 3748 2219 asseri-

2144 2276 2266 2316 mus
2292 2258 2589 2324 addidistis,
2634 2258 2707 2312 ita
2736 2257 2978 2312 dicentes
3009 2274 3021 2309 :
3061 2274 3080 2308 t
3113 2254 3377 2311 Cmterum
3405 2253 3551 2324 quod
3580 2268 3749 2323 gene—

2144 2351 2260 2408 rale
2305 2348 2482 2405 dicitis
2530 2347 2647 2403 lieri
2688 2347 2887 2404 debere
2933 2346 3258 2412 concilium,
3305 2360 3425 2417 qua:
3462 2343 3621 2413 hujus
3667 2343 3749 2399 rei

2146 2459 2311 2499 causa
2338 2442 2410 2499 sit
2437 2442 2767 2512 ignoramus.
2807 2440 2997 2495 Nullus
3025 2439 3239 2509 ignotus
3274 2438 3541 2509 processit
3568 2436 3748 2492 haere-

2146 2534 2305 2601 ticus,
2334 2533 2482 2590 nulla
2513 2534 2712 2589 nostris
2735 2539 2819 2588 est
2859 2531 3195 2601 temporibus
3220 2540 3343 2584 nata
3371 2528 3619 2601 perfidia,
3646 2543 3748 2583 nec

2146 2625 2349 2695 aliquid
2378 2624 2434 2681 in
2463 2624 2567 2680 ﬁde
2605 2622 2752 2695 quod
2780 2622 3064 2677 retractari
3108 2621 3322 2686 debeat,
3357 2619 3663 2686 invenitur;
3692 2629 3746 2674 et

2146 2719 2403 2777 intulistis
2449 2717 2594 2788 quod
2633 2724 2689 2770 et
2736 2730 2836 2770 nos
2885 2714 2939 2768 in
2981 2713 3084 2768 hac
3128 2726 3289 2767 causa
3334 2710 3562 2765 dicimus
3592 2726 3608 2763 :
3638 2707 3746 2775 Qui

2146 2812 2289 2868 enim
2312 2812 2459 2867 sanis
2502 2824 2566 2864 ea
2596 2806 2818 2861 adhibet
2853 2819 2972 2875 quae
3018 2803 3196 2858 solent
3241 2800 3483 2856 adhiberi
3506 2798 3746 2854 vulneri-

2144 2904 2269 2972 bus,
2299 2917 2409 2958 non
2438 2900 2700 2957 reducere
2729 2897 2897 2969 cupit,
2946 2894 3041 2951 sed
3069 2894 3343 2965 expellere
3369 2892 3678 2948 sanitatem.
3720 2909 3740 2943 ι

2144 2991 2274 3047 Haec
2302 2999 2393 3046 tua
2424 2997 2508 3046 est
2538 2989 2701 3058 ratio,
2747 2985 3093 3043 serenissime
3137 2985 3472 3055 imperator:
3506 2997 3537 3035 a
3566 2996 3670 3051 qua
3698 2982 3746 3035 si

2146 3099 2257 3139 non
2287 3090 2597 3138 avertamus
2645 3085 2945 3149 aspectum,
2996 3091 3107 3131 non
3137 3073 3283 3129 aliud
3324 3073 3393 3129 de
3427 3087 3587 3128 causa
3616 3086 3748 3141 pm-

441 3195 567 3237 nem
596 3163 825 3241 duarum
857 3163 1167 3243 naturarum
1187 3188 1385 3244 Christi
1415 3163 1692 3246 destruere
1718 3191 2039 3248 voluerunt?
2068 3183 2114 3247 C
2144 3177 2285 3233 59""
2309 3189 2596 3247 Possumus
2617 3171 2884 3242 indicare.
2914 3169 3015 3223 ηῖδί
3038 3166 3180 3237 quo“
3205 3167 3259 3221 in
3288 3163 3745 3221 condemna‘iom

442 3271 881 3333 Emendaveruut
907 3288 962 3334 et
984 3279 1111 3346 alia,
1139 3289 1195 3336 et
1222 3280 1397 3337 adhuc
1427 3282 1735 3344 emendant,
1767 3284 1819 3337 in
1848 3284 2040 3340 eodem

441 3367 629 3422 nescio
656 3369 801 3439 quali
835 3386 933 3427 suo
961 3371 1100 3429 libro
1136 3391 1149 3426 :
1198 3373 1243 3427 si
1292 3384 1469 3428 tamen
1510 3374 1819 3430 emendatio
1845 3376 1933 3430 illa
1962 3376 2044 3430 di-

443 3457 615 3513 ccnda
644 3468 745 3527 est,
771 3476 870 3530 per
911 3476 1074 3532 quam
1118 3480 1227 3520 non
1269 3463 1512 3520 aufertur
1556 3467 1916 3534 mendacium,
1948 3469 2045 3525 sed

441 3560 691 3621 augetur.
743 3552 894 3610 Unde
937 3555 981 3609 si
1023 3564 1146 3625 post
1186 3556 1326 3613 hanc
1366 3573 1581 3629 quoque
1634 3563 2043 3630 responsionem

443 3652 687 3700 nostram
717 3646 1044 3702 mutaverint
1066 3647 1193 3712 alia,
1218 3650 1373 3705 nobis
1394 3650 1661 3721 imputare
1682 3668 1789 3707 non
1820 3652 2039 3718 debent,

442 3736 599 3806 quasi
637 3735 770 3793 false
800 3738 1306 3807 reprchendcrimus
1334 3756 1456 3812 qua:
1486 3744 1555 3800 ab
1600 3745 1678 3800 eis
1706 3745 1861 3799 aliter
1900 3746 2043 3802 dicta

442 3834 589 3881 sunt.
622 3827 676 3883 Si
700 3827 843 3883 enim
872 3828 1161 3899 aliquando
1189 3832 1567 3900 consisterent,
1592 3842 1641 3888 et
1667 3835 1860 3889 mutari
1882 3844 2045 3905 atque

441 3929 658 3974 mutare
687 3918 1023 3989 desinerent,
1054 3935 1293 3991 congrua
1322 3922 1480 3979 dictis
1507 3922 1743 3994 ipsorum
1774 3926 2044 3981 invenire-

442 4018 532 4063 tur
557 4008 722 4065 etiam
746 4020 928 4067 nostra
966 4012 1269 4082 responsio.
1301 4012 1457 4080 Quod
1488 4015 1533 4071 si
1562 4014 1844 4086 quisquam
1890 4016 2045 4073 dolos

442 4115 632 4156 eorum
671 4117 738 4157 ex
780 4102 864 4159 bis
910 4118 1029 4173 qua:
1088 4106 1510 4163 memoravimus
1564 4107 1887 4176 investigare
1935 4126 2043 4166 non

440 4192 633 4262 possit,
662 4194 920 4263 quoniam
945 4211 1052 4251 non
1075 4210 1268 4252 omnes
1290 4196 1491 4253 habent
1510 4198 1747 4255 studium
1770 4200 2039 4270 lectionis,

440 4282 529 4337 cui
564 4283 682 4340 sola
706 4284 874 4355 ipsius
917 4285 1041 4343 facti
1092 4288 1456 4345 consideratio
1500 4306 1609 4347 non
1656 4291 1927 4351 sufliceret
1973 4295 2042 4349 ad

440 4377 815 4446 cognoscenda
837 4377 1091 4437 factionis
1120 4382 1386 4438 literetica:
1413 4399 1519 4439 non
1542 4394 1765 4454 experta
1786 4386 2044 4441 consilia?

439 4463 682 4524 Primum
732 4470 877 4540 quod
923 4472 1126 4539 subito,
1181 4483 1237 4529 et
1284 4474 1429 4533 nulla
1475 4475 1665 4530 saltem
1713 4485 2044 4544 provocante

2144 3272 2307 3341 hujus
2344 3268 2586 3339 epistola:
2627 3267 2863 3320 fautores
2906 3261 3290 3317 haereticorum
3324 3274 3431 3314 non
3476 3258 3744 3314 reducere

2146 3364 2464 3435 cupierunt,
2518 3359 2615 3415 sed
2654 3356 2927 3427 expellere
2975 3353 3286 3409 sanitatem.
3332 3348 3412 3405 Ob
3459 3350 3563 3405 hoc
3612 3362 3743 3417 ergo

2146 3472 2255 3511 non
2286 3452 2602 3509 abducimur
2630 3449 2764 3503 falso
2797 3446 2951 3501 titulo
2981 3443 3218 3499 nominis
3251 3442 3349 3506 tui,
3382 3448 3440 3496 ut
3470 3455 3590 3510 quae
3618 3438 3743 3494 huic

2146 3561 2279 3603 sane
2317 3544 2517 3599 rationi
2564 3539 2835 3595 contraria
2863 3536 3172 3601 cernimus,
3221 3541 3327 3587 tuae
3369 3530 3586 3603 pietatis
3625 3541 3744 3584 esse

2146 3638 2423 3702 dicamus;
2470 3640 2565 3688 aut
2611 3630 2807 3686 talibus
2837 3635 3118 3699 purgatam
3167 3624 3453 3680 credamus
3500 3630 3741 3678 sanctam

2147 3743 2203 3787 et
2247 3727 2607 3785 universalem
2649 3721 2935 3797 synodum,
2987 3716 3142 3789 quasi
3180 3716 3443 3771 hactenus
3489 3711 3741 3783 impura’

2147 3821 2518 3885 remansisset,
2565 3825 2621 3873 et
2649 3812 2919 3872 mendacii
2965 3818 3130 3880 atque
3169 3816 3370 3863 coacta:
3416 3803 3742 3861 defensionis

2148 3910 2412 3984 indigeret
2437 3925 2603 3966 verax
2629 3915 2685 3963 et
2726 3905 2967 3963 omnium
3015 3900 3407 3957 catholicorum
3457 3896 3743 3951 devotione

2148 4008 2414 4064 honorata
2437 4016 2651 4072 semper
2694 3998 2812 4069 ejus
2851 3994 3168 4051 auctoritas.
3201 3988 3446 4057 Quando,
3474 3987 3519 4044 si
3549 3987 3620 4040 ita
3644 3999 3743 4055 pro

2147 4114 2211 4154 ea
2235 4092 2665 4166 respondendum
2690 4086 2960 4142 haereticis
2988 4082 3267 4138 videretur
3291 4081 3330 4146 ’,
3363 4085 3424 4132 ut
3454 4082 3743 4146 negaretur

2147 4191 2293 4265 quod
2322 4189 2610 4262 epistolam
2638 4181 2961 4241 venerabilis
3008 4178 3113 4232 Iba:
3149 4171 3522 4247 pronuntiavit
3559 4168 3745 4265 ortho-

2147 4262 2367 4348 doxam,
2398 4299 2505 4338 non
2534 4282 2747 4336 illorum
2776 4277 2880 4331 hoc
2908 4273 3079 4345 possit
3099 4270 3479 4341 episcoporum
3511 4262 3743 4320 subscri-

2148 4381 2333 4450 ptione
2365 4377 2480 4433 sive
2506 4369 2820 4429 testimonio
2846 4362 3179 4425 conﬁrmari,
3203 4360 3399 4431 quibus
3425 4353 3741 4429 Eutychiani

2148 4472 2194 4529 si
2224 4470 2539 4530 crederent,
2570 4479 2680 4519 non
2710 4476 2771 4517 se
2816 4476 2848 4514 a
2897 4455 3278 4515 communione
3309 4450 3561 4507 Ecclesia
3589 4462 3744 4519 sepa-

442 4571 604 4613 causa
620 4567 668 4625 ι,
696 4536 824 4616 ante
851 4572 1068 4618 centum
1100 4536 1270 4619 ferme
1297 4580 1469 4621 annos
1488 4565 1556 4620 ab
1587 4536 1875 4620 universali
1900 4565 2043 4635 judi-
2072 4560 2120 4620 D
2147 4568 2352 4618 rarent.
2383 4556 2616 4627 Pr0pter
2664 4549 2809 4622 quod
2843 4563 2945 4604 nec
2987 4544 3181 4617 aliquis
3224 4556 3487 4635 unquam“
3509 4536 3743 4635 ιξΐορτίίε

442 4657 564 4703 cata
593 4650 825 4707 concilio
852 4654 1165 4709 ventilatur.
1207 4654 1412 4710 Deinde
1457 4654 1603 4725 quod
1639 4655 1766 4711 data
1812 4655 2041 4712 formula

441 4740 814 4799 subscribendi
854 4758 1016 4813 quam
1056 4762 1167 4802 non
1206 4747 1396 4803 liceret
1440 4748 1724 4813 excedere,
1757 4749 1957 4819 passim
1987 4759 2044 4805 et

442 4832 754 4904 ubicunque
798 4835 1023 4905 reperti,
1062 4837 1131 4891 ad
1172 4837 1476 4904 augendum
1526 4853 1831 4905 numerum,
1862 4838 2041 4895 alieno

441 4924 667 4983 decreto
693 4927 1030 4985 subscribere
1056 4930 1455 5000 compelluntur
1485 4930 1747 5009 episcopi,
1777 4933 1920 5003 quod
1947 4949 2044 5004 per

440 5016 679 5076 diversas
708 5020 1078 5078 circumlatum
1101 5021 1404 5092 provincias
1430 5024 1670 5079 onmium
1701 5025 2040 5081 sacerdotum

441 5108 714 5166 videretur
740 5111 1135 5184 subscriptione
1173 5113 1393 5169 firmari.
1425 5114 1559 5170 Nam
1604 5117 1839 5173 scientes
1876 5115 2042 5188 Euty-

514 5300 541 5362 μ
567 5290 746 5362 Forte,
777 5292 918 5348 nullo
946 5294 1132 5349 saltem
1150 5301 1479 5362 provocante,
1504 5310 1661 5349 causa
1685 5301 1826 5351 ante.
1852 5298 1959 5347 etc.

511 5360 837 5433 PAMonaclii,
865 5364 1078 5433 opinor,
1113 5360 1254 5418 illius
1292 5379 1323 5418 e
1370 5372 1517 5419 secta
1547 5363 1733 5418 Severi
1782 5362 2031 5433 Theopa-

442 5430 650 5502 schitze,
681 5431 774 5500 qui
819 5430 1008 5489 contra
1044 5434 1398 5489 Themistium
1434 5434 1798 5502 Agnoetarum
1835 5430 2033 5502 princi-

2148 4651 2379 4708 testibus
2407 4663 2535 4704 usus
2563 4651 2647 4700 est
2674 4642 2932 4698 adversus
2962 4637 3273 4702 haereticos;
3298 4634 3393 4689 sed
3438 4632 3618 4688 divina
3647 4645 3743 4701 po-

2151 4743 2256 4797 tius
2297 4736 2625 4794 auctoritate
2672 4741 2834 4803 atque
2871 4728 3180 4785 necessaria
3226 4725 3459 4791 ratione,
3506 4729 3563 4778 et
3605 4720 3743 4776 anti-

2148 4851 2377 4910 quorum
2422 4833 2643 4887 Patrum
2680 4824 3028 4888 testimoniis,
3077 4834 3307 4910 quorum
3357 4814 3740 4910 seAnob-i-seum

2148 4903 2454 4984 doctrinam
2522 4920 2771 4990 accipere
2828 4913 3184 4970 mentiuntur.
3241 4909 3311 4964 At
3358 4907 3502 4963 enim
3547 4903 3741 4959 dicitur

2147 5016 2294 5090 quod
2320 5011 2644 5085 Eutychiani
2689 5008 2926 5078 graviter
2951 5003 3097 5061 beati
3126 5001 3311 5075 Cyrilli
3351 4998 3572 5054 doleant
3601 4995 3740 5090 inju-

2148 5084 2257 5167 rias
2298 5084 2441 5176 quas
2478 5100 2707 5177 epistola
2728 5098 2749 5131 ⁸
2775 5096 3040 5165 continet,
3068 5102 3125 5152 et
3147 5100 3437 5165 propterea
3467 5084 3736 5143 scandali-

2138 5287 2436 5358 Θεμιστίου.
2480 5279 2659 5356 ’Ἄμφω
2709 5279 2763 5335 δὲ
2791 5279 3055 5358 αἶριτεκοὶ,
3108 5279 3195 5331 καὶ
3230 5282 3338 5358 τῶν.
3373 5274 3738 5358 θεοπαΞχξτᾶν

2136 5341 2339 5482 ἐπιδίδος
2364 5341 2691 5427 ὑπάμὶῖέοῦσι,
2719 5341 2918 5435 assit.
2941 5349 2994 5403 δὲ
3019 5341 3499 5426 τέροσανακιὶἥινλι.
3531 5341 3736 5423 Caetera

2182 5426 2396 5480 acundo
2422 5424 2688 5479 debentur
2723 5439 2736 5474 :
2768 5435 2893 5482 quia
2924 5417 2995 5473 de
3016 5415 3310 5472 Theodoro
3341 5413 3506 5482 silent
3534 5412 3648 5477 aln,
3675 5418 3735 5462 et

2182 5408 2396 5480 alicunde
2422 5408 2690 5479 debentur"
2723 5439 2736 5474 :
2768 5408 2995 5491 qdialde
3016 5408 3310 5491 Theodoro
3341 5408 3506 5491 silent
3534 5411 3648 5477 alii,
3675 5418 3735 5462 et

442 5476 1008 5573 pantaggagga
1028 5476 2035 5573 α’έᾜιῖἶῦἶὶζὶἱιιᾙῗῶξῖῖῖ’ᾗίὗιῶὶῆἆι
2135 5476 2558 5552 imitans“;
2602 5476 2877 5562 pontiﬁcis
2906 5487 3133 5544 Romani
3161 5486 3230 5543 de
3270 5500 3338 5541 eo
3374 5476 3570 5540 litterae
3623 5492 3733 5536 non

443 5584 672 5628 numero
708 5570 811 5625 708
848 5589 861 5626 :
901 5570 1169 5648 Θεοδώροῦ
1202 5577 1499 5644 μονάζοντος
1530 5572 1883 5653 ’Δλεξανδρέως
1911 5575 2037 5630 κατὰ

2145 5573 2376 5625 exstant.

517 5749 532 5776 '
563 5740 698 5798 Cod.
732 5734 958 5797 Veron.,
990 5732 1194 5801 injuriis
1223 5734 1566 5785 inmorantem.

520 5807 541 5839 ’
562 5811 706 5869 Idem
735 5806 882 5875 cod.,
906 5806 1219 5875 impurguto.

2218 5721 2237 5753 ³
2268 5718 2414 5775 Idem
2446 5694 2899 5782 conﬁrmabatur.

2215 5792 2236 5823 ⁸
2268 5789 2413 5847 Idem
2445 5788 2589 5846 cod..
2629 5788 2847 5842 enismla
2879 5783 2990 5838 illa.
