4070 6352
314 301 418 359 569

1206 293 1342 351 PRO
1379 292 1797 350 DEFENSIONE
1835 286 2049 345 TRIUM
2081 290 2396 348 CAI’ITUL.
2430 294 2557 353 LIB.
2598 294 2663 351 II.

3492 303 3599 364 570

312 425 504 474 tantur
532 417 584 471 in
612 415 839 485 synodo,
873 431 902 469 a
926 430 1031 486 qua
1055 416 1243 473 dicunt
1263 432 1383 473 esse
1409 426 1737 489 susceptam.
1764 416 1901 485 Quid
1931 414 1976 474 Α
2007 424 2288 480 venerant,
2322 426 2578 488 tanquam
2607 417 2869 486 viventes,
2892 434 3002 474 non
3029 418 3203 476 soluat
3235 437 3343 477 non
3372 424 3599 479 anathe-

309 521 463 576 ergo,
493 507 538 561 si
561 507 939 576 negaverimus
964 523 1085 563 esse
1101 518 1433 579 susceptam,
1456 509 1680 565 credent
1708 510 1861 564 nobis
1882 510 1906 563 ?

309 609 405 657 aut
435 600 615 664 nobis,
651 598 704 655 id
732 608 816 654 est
840 600 1124 656 catholicis
1165 601 1534 667 crediderunt,
1567 609 1623 657 et
1668 618 1774 657 non
1804 602 1904 671 ipsi

308 692 491 762 potius
513 689 762 745 viderunt
790 704 910 746 esse
931 698 1257 759 susceptam,
1289 700 1347 746 ut
1368 692 1495 747 hinc
1522 693 1905 762 espostulent?

307 781 464 851 Quod
495 782 538 837 si
563 782 725 836 etiam
752 782 998 836 dicantur
1013 782 1168 836 nobis
1195 783 1490 837 credidisse
1512 782 1636 851 quia
1654 790 1904 850 suscepta

306 885 414 943 est,
443 877 714 945 quomodo
745 875 900 930 nobis
930 875 1121 930 iterum
1153 876 1406 939 credent,
1434 876 1479 930 si
1512 876 1753 929 dicamus
1778 876 1904 943 quia

306 978 559 1037 suscepta
588 983 695 1021 non
735 967 859 1021 est?
904 964 959 1021 Si
1008 976 1189 1020 autem
1232 983 1337 1021 non
1368 966 1712 1021 crediderunt
1758 965 1909 1020 testi-

306 1058 497 1113 monio
524 1065 733 1121 nostro,
763 1055 857 1112 sed
887 1056 986 1125 ipsi
1013 1055 1159 1123 quod
1205 1056 1546 1110 manifestum
1576 1065 1661 1111 est
1705 1069 1909 1123 cogno-

306 1156 523 1215 verunt,
554 1147 795 1215 nunquid
825 1146 942 1215 plus
965 1146 1165 1202 nostris
1207 1147 1695 1216 subscriptionibus
1731 1147 1908 1201 credi-

306 1241 417 1295 turi
445 1251 751 1308 suntquam
779 1254 889 1294 suae
915 1239 1149 1293 rationi?
1178 1239 1295 1293 Non
1344 1240 1503 1307 igitur
1530 1239 1910 1294 haereticorum

306 1332 485 1387 dolosi
513 1332 749 1387 fautores
779 1331 882 1385 hoc
908 1330 1121 1384 illorum
1150 1331 1528 1400 episc0porum
1559 1329 1909 1397 subscriptio—

306 1424 469 1479 nibus
512 1423 799 1478 voluerunt
844 1422 1097 1487 eflicere,
1147 1431 1206 1475 ut
1253 1423 1705 1476 convincerentur
1745 1420 1910 1492 Euty-

306 1515 487 1572 cbiani
516 1515 659 1584 quod
687 1531 793 1570 non
842 1513 1003 1569 fuerit
1031 1531 1059 1567 a
1091 1513 1299 1585 synodo
1329 1513 1557 1583 epistola
1588 1512 1911 1568 venerabilis

307 1603 415 1660 Ihm
443 1614 712 1675 suscepta,
741 1604 835 1662 sed
863 1614 921 1659 ut
949 1604 1062 1674 ipsa
1093 1605 1270 1673 potius
1300 1619 1488 1658 eorum
1515 1604 1801 1672 negatione
1828 1602 1911 1656 vi-

306 1696 535 1752 deretur
570 1712 679 1751 non
719 1695 882 1751 fuisse
928 1695 1292 1765 suscipienda.
1325 1695 1522 1750 Verum
1554 1695 1654 1751 ista
1685 1703 1910 1764 putave-

2007 508 2419 575 matizaverunt,
2450 527 2637 566 verum
2674 511 2837 566 etiam
2869 512 3045 568 adhuc
3091 528 3197 567 non
3243 514 3601 570 anathemati-

2004 610 2149 666 zant,
2181 617 2281 657 nec
2311 618 2545 671 unquam
2572 602 3103 660 auatbematizabunt
3129 605 3414 673 epistolam
3431 622 3599 661 vene-

2005 693 2189 746 rabilis
2218 692 2340 748 Ihae.
2368 692 2497 758 Quae
2526 709 2645 749 cum
2689 694 2761 747 ita
2809 694 2935 759 sint,
2977 704 3183 751 certum
3214 707 3299 751 est
3341 696 3483 766 quod
3529 697 3598 751 ad

2006 783 2222 837 eosdem
2266 783 2451 837 Patres
2477 784 2762 838 voluerunt
2810 786 2914 840 hoc
2966 786 3254 840 anathema
3297 787 3599 854 pervenire.

2006 873 2178 926 Porro
2209 880 2265 926 et
2286 872 2387 926 hac
2416 872 2628 926 ratione
2677 874 2947 939 submota,
2990 889 3095 927 non
3142 882 3323 943 potest
3352 886 3605 943 accepta-

2007 964 2186 1018 biliter
2229 964 2335 1017 dici
2389 965 2534 1035 quod
2598 980 2703 1018 non
2760 979 2859 1028 pro
2904 967 3357 1019 condemnatione
3409 965 3605 1036 synodi

2007 1056 2468 1112 Chalcedonensis
2492 1057 2559 1110 ita
2593 1056 2897 1110 institutum
2928 1065 3032 1123 est,
3063 1057 3154 1111 sed
3185 1066 3241 1111 ut
3270 1058 3342 1112 illi
3372 1059 3461 1125 qui
3480 1067 3607 1112 sunt

2010 1156 2303 1217 pnesentes
2331 1146 2382 1201 in
2433 1163 2662 1216 corpore
2704 1147 3077 1201 tantummodo
3126 1146 3533 1212 damnarentur,
3561 1146 3607 1201 si

2012 1239 2297 1293 anathema
2326 1240 2569 1308 epistola:
2599 1239 2703 1293 Iba:
2733 1255 2838 1293 non
2865 1239 3131 1293 dicerent.
3165 1241 3297 1293 Nam
3329 1240 3604 1308 quomodo

2011 1346 2109 1384 nos
2138 1330 2498 1384 condemnare
2528 1346 2833 1399 possumus,
2866 1330 2955 1398 qui
2976 1327 3186 1398 judices
3228 1328 3278 1381 in
3308 1344 3467 1382 causa
3494 1344 3605 1381 non

2011 1421 2239 1488 fuimus,
2272 1421 2375 1474 illis
2405 1419 2654 1475 Patribus
2700 1437 2811 1475 non
2856 1419 3229 1475 condemnatis
3256 1419 3347 1487 qui
3379 1418 3525 1488 prius
3557 1432 3609 1470 ιη

2012 1531 2112 1569 suo
2130 1513 2337 1583 judicio
2362 1514 2644 1569 reeitatam
2676 1513 2919 1568 eamdem
2960 1528 3067 1567 non
3114 1513 3613 1567 condemnavernnt

2013 1606 2321 1677 epistolam,
2354 1615 2409 1661 et
2430 1622 2661 1675 quorum
2693 1606 2943 1675 exemplo
2984 1620 3174 1660 smnus
3220 1602 3443 1665 inducti,
3477 1610 3535 1654 ut
3561 1600 3610 1654 ei

2014 1714 2115 1753 nos
2144 1712 2359 1767 quoque
2401 1713 2508 1752 non
2563 1696 2867 1751 diceremus
2914 1695 3240 1749 anathema?
3289 1692 3370 1747 Ab
3399 1693 3613 1757 illorum

306 1789 423 1844 rint
449 1785 814 1858 Eutychianos
835 1785 970 1840 falso
999 1793 1185 1841 nostro
1226 1785 1536 1840 testimonio
1580 1784 1905 1852 credituros,
1940 1779 1986 1838 B
2012 1790 2155 1844 enim
2188 1789 2535 1843 damnatione
2574 1788 2872 1858 procedere
2919 1787 3079 1842 debet
3122 1786 3295 1840 forma
3339 1784 3547 1854 judicii,
3580 1800 3611 1838 a

305 1897 410 1937 cur
444 1881 605 1948 igitur
629 1895 738 1935 non
767 1881 841 1935 ita
868 1879 1061 1937 saltem
1090 1888 1398 1936 statuerunt
1443 1888 1502 1934 ut
1529 1880 1773 1935 dicerent
1804 1896 1817 1931 :
1849 1876 1909 1931 Si

305 1972 433 2041 quis
453 1971 582 2026 dicit
614 1979 921 2041 susceptam
950 1985 1072 2026 esse
1098 1985 1128 2024 a
1157 1970 1363 2042 synodo
1392 1967 1815 2025 Chalcedonensi
1842 1966 1911 2022 ad

307 2063 505 2118 Marini
552 2062 859 2132 epistolam,
892 2062 1176 2116 anathema
1223 2061 1322 2127 sit;
1362 2060 1458 2115 sed
1509 2060 1677 2129 magis
1721 2059 1910 2114 dicen-

306 2152 442 2208 dum
472 2154 512 2219 ’,
537 2152 593 2206 Si
620 2152 740 2221 quis
767 2152 898 2207 dicit
923 2160 1125 2207 rectam
1151 2166 1271 2207 esse
1292 2151 1361 2207 ad
1390 2150 1580 2205 Marim
1602 2150 1907 2223 epistolam,

309 2253 412 2299 aut
457 2244 676 2314 impiam
731 2242 971 2299 defendit
1000 2246 1019 2275 '
1046 2284 1062 2309 ,
1103 2250 1159 2299 et
1211 2259 1318 2299 non
1374 2241 1913 2297 anathematizaverit

310 2350 457 2401 eam,
486 2336 772 2391 anathema
803 2337 894 2405 sit,
922 2335 1025 2392 nisi
1053 2343 1113 2390 ut
1126 2345 1342 2391 sanctos
1370 2336 1463 2406 qui
1486 2351 1605 2391 eam
1647 2336 1699 2390 in
1728 2336 1912 2391 conci-

313 2427 448 2484 lium
472 2431 783 2499 congregati
814 2446 920 2485 non
949 2430 1566 2493 anathematizaverunt,
1600 2428 1709 2482 imo
1737 2435 1793 2482 et
1817 2443 1909 2483 or-

315 2520 610 2575 thodoxam
651 2521 1044 2590 judicaverunt,
1086 2537 1187 2591 pro
1232 2521 1608 2576 haereticorum
1636 2519 1913 2574 voluntate

313 2610 674 2667 datnuarent’!
704 2612 771 2666 Et
796 2613 944 2680 licet,
969 2621 1027 2667 ut
1054 2628 1153 2667 nos
1169 2611 1235 2665 ad
1262 2610 1771 2667 condemnationem
1794 2609 1913 2680 ejus

316 2703 650 2768 inducerent,
685 2704 956 2759 tinxerunt
984 2703 1129 2774 quod
1157 2704 1317 2759 iidem
1352 2702 1540 2759 Patres
1566 2704 1657 2773 qui
1686 2702 1914 2758 Chalce-

317 2794 461 2850 dona
489 2802 858 2850 couvenerunt
906 2810 1013 2849 non
1042 2810 1161 2850 eam
1202 2794 1686 2866 pronuntiaverunt
1721 2792 1913 2847 ortho-

319 2883 540 2948 doxam,
565 2885 633 2941 de
675 2901 783 2956 quo
829 2894 1015 2955 postea
1061 2886 1422 2954 disquiremus
1453 2902 1465 2936 :
1501 2884 1703 2938 interea
1734 2891 1910 2937 tamen

322 2984 531 3032 certum
558 2984 641 3031 est
668 2976 813 3045 quod
841 2992 963 3031 cum
994 2976 1135 3047 apud
1163 2991 1259 3031 eos
1287 2975 1629 3039 recitaretur,
1652 2991 1759 3030 non
1792 2989 1913 3028 eam

322 3067 763 3123 anathematizari
790 3069 811 3100 ³
839 3068 1210 3123 subdiderunt.
1241 3068 1321 3121 An
1350 3067 1475 3136 quia
1513 3082 1621 3120 non
1658 3064 1914 3135 prmteriti

2016 1896 2245 1951 quorum
2268 1895 2453 1934 errore
2498 1878 2763 1948 processit
2792 1879 2961 1933 forma
3002 1877 3241 1948 peccati;
3274 1886 3328 1930 et
3354 1875 3614 1945 ampliora

2014 1971 2282 2042 supplicio
2305 1971 2451 2041 digni
2476 1983 2602 2028 sunt
2630 1971 2721 2041 qui
2753 1978 3007 2025 auctores
3042 1984 3201 2038 quam
3233 1969 3325 2037 qui
3355 1982 3614 2035 sequaces

2015 2061 2499 2132 deprehenduntur
2526 2062 2747 2117 erroris.
2770 2058 2904 2115 Cum
2934 2076 3065 2115 vero
3106 2059 3221 2113 haec
3268 2058 3322 2111 in
3354 2056 3613 2112 condent-

2016 2154 2237 2208 natione
2278 2160 2479 2207 sancta:
2522 2150 2735 2223 synodi,
2785 2165 2885 2220 pro
2931 2148 3311 2203 htereticorum
3336 2146 3616 2201 voluntate

2015 2243 2326 2300 censuerint
2350 2251 2406 2298 et
2433 2241 2832 2307 constituerint,
2860 2248 2922 2294 ut
2946 2241 2991 2295 si
3014 2239 3134 2309 quis
3161 2254 3269 2293 non
3292 2237 3612 2291 anathema-

2014 2337 2141 2391 tizat
2167 2343 2520 2391 memoratam
2543 2333 2867 2389 venerabilis
2888 2331 2992 2386 Ihm
3009 2330 3295 2401 epistolam
3324 2327 3613 2382 anathema

2013 2432 2086 2487 sit
2114 2449 2127 2484 :
2162 2429 2467 2495 considera,
2505 2443 2711 2498 qumso,
2735 2425 2890 2494 cujus
2918 2423 3180 2487 levitatis,
3214 2419 3366 2489 cujus
3412 2419 3606 2473 confu-

2012 2521 2183 2579 sionis
2223 2528 2304 2575 est
2336 2529 2499 2590 atque
2528 2517 2833 2581 dedecoris,
2867 2524 2925 2569 ut
2964 2530 3063 2569 nos
3087 2512 3189 2568 sibi
3217 2510 3615 2566 communicare

2014 2609 2365 2681 compellant,
2391 2617 2773 2679 permanentes
2796 2607 2849 2660 in
2873 2621 2936 2659 ea
2960 2603 3228 2659 sententia
3258 2616 3360 2672 qua
3391 2614 3498 2653 non
3521 2613 3616 2651 so-

2014 2705 2126 2759 lum
2157 2702 2446 2756 anathema
2486 2701 2535 2753 ei
2566 2714 2676 2754 non
2725 2698 2974 2761 dicimus,
3023 2695 3120 2750 sed
3150 2694 3313 2749 etiam
3357 2704 3617 2761 negamus

2013 2812 2133 2851 esse
2161 2793 2468 2850 dicendum.
2514 2790 2613 2847 Ubi
2663 2790 2961 2845 omittimus
2991 2786 3177 2841 dicere
3206 2827 3221 2851 ,
3271 2785 3525 2854 quoniam
3571 2778 3615 2834 si

2016 2885 2479 2944 communicemus
2507 2881 2588 2936 eis
2629 2880 2722 2950 qui
2752 2879 2913 2934 nobis
2938 2878 3050 2947 jam
3098 2876 3350 2929 dixerunt
3394 2868 3619 2924 anathe-

2014 2992 2125 3044 ma,
2156 2989 2264 3029 nou
2290 2973 2468 3027 solum
2486 2967 2929 3027 condemnatioui
2950 2965 3139 3037 synodi
3160 2958 3620 3018 Chalcedonensis

2017 3063 2556 3126 communicabimus,
2574 3074 2759 3115 verum
2791 3066 2845 3114 et
2875 3055 3172 3112 sententias
3192 3054 3245 3107 in
3275 3067 3375 3107 nos
3404 3064 3615 3113 eorum,

323 3159 585 3228 temporis
610 3158 778 3213 verbo
802 3157 1072 3221 dixerunt,
1091 3158 1136 3212 si
1164 3158 1284 3228 quis
1305 3173 1413 3212 non
1443 3155 1916 3211 anathematizavit
1943 3151 1992 3215 C
2023 3160 2138 3229 ipsa
2193 3173 2383 3212 eorum
2439 3151 2925 3211 communicatione
2969 3147 3319 3202 llrmabimus.
3368 3143 3427 3199 Id
3474 3142 3620 3196 enim

321 3250 390 3305 ad
418 3248 605 3304 Marim
634 3249 854 3319 impiam
878 3249 1183 3320 epistolam,
1214 3249 1308 3304 sed
1337 3249 1382 3303 si
1411 3248 1531 3318 quis
1553 3262 1659 3302 non
1689 3247 1913 3300 anathe-

320 3340 543 3395 matizat
574 3357 587 3393 :
621 3339 742 3395 ideo
772 3355 880 3393 non
929 3354 1027 3408 pro
1055 3337 1508 3394 condemnatione
1537 3336 1725 3408 synodi
1757 3336 1918 3391 Chal-

321 3432 640 3491 cedonensis
666 3434 770 3488 hoc
795 3432 1131 3487 adinvenisse
1155 3429 1374 3502 putandi
1403 3430 1563 3484 sunt?
1585 3427 1841 3498 Equidem
1870 3428 1916 3482 si

322 3527 427 3583 hoc
472 3541 505 3580 a
552 3524 1012 3580 subscribentibus
1040 3524 1346 3593 exigeretur
1390 3522 1504 3576 fieri
1528 3521 1571 3589 ⁸,
1617 3528 1735 3575 acta
1760 3529 1785 3557 ι
1828 3536 1918 3576 res

321 3623 486 3683 esset,
516 3631 615 3672 nec
636 3614 747 3684 jam
776 3616 1009 3685 suspicio
1030 3615 1076 3682 ',
1100 3614 1194 3669 sed
1236 3614 1517 3669 manifesta
1558 3611 1917 3668 contradictio

321 3709 613 3766 videretur.
644 3707 715 3761 At
747 3708 853 3763 hoc
880 3708 982 3763 sibi
1029 3708 1389 3762 necessarium
1441 3721 1550 3761 non
1599 3720 1720 3761 esse
1747 3706 1918 3760 duxe-

320 3807 467 3865 runt,
495 3815 615 3854 cum
640 3813 855 3868 semper
874 3798 1132 3863 dicamus,
1151 3796 1423 3868 Propheta
1448 3796 1597 3863 dicit,
1624 3796 1917 3866 Apostolus

320 3890 471 3957 dicit,
504 3889 841 3958 Evangelista
888 3889 1041 3954 dicit,
1074 3898 1130 3944 et
1160 3889 1493 3945 tantumdem
1520 3890 1700 3945 valeat
1748 3904 1919 3958 quan-

322 3991 437 4039 tum
462 3984 508 4038 si
534 3983 795 4049 dicamus,
843 3983 935 4038 ille
963 3983 1046 4038 vel
1092 3984 1182 4038 ille
1209 3983 1364 4038 dixit.
1414 3982 1616 4037 Deinde
1654 3983 1800 4052 ipsos
1826 3982 1918 4052 qui

323 4072 669 4130 Chalcedona
698 4082 1070 4130 convenerunt
1099 4072 1308 4138 Patres,
1358 4082 1414 4129 et
1442 4073 1583 4144 apud
1608 4074 1774 4129 Deum
1799 4114 1815 4139 ,
1863 4082 1920 4129 et

324 4168 469 4238 apud
493 4183 612 4233 nos,
662 4168 716 4223 in
748 4168 859 4223 suis
906 4166 1134 4221 dicimus
1169 4166 1640 4222 constitutionibus
1670 4166 1853 4221 vivere
1898 4184 1912 4219 :

323 4261 470 4330 quia,
501 4261 641 4316 sicut
666 4259 926 4314 Dominus
974 4259 1026 4313 in
1056 4258 1343 4327 Evangelia
1372 4257 1499 4312 dicit
1531 4274 1544 4309 :
1579 4256 1717 4311 Deus
1741 4275 1918 4312 eorum

324 4367 429 4408 non
462 4360 539 4406 est
567 4350 706 4405 Deus
734 4361 1087 4412 mortuorum,
1125 4349 1217 4403 sed
1246 4347 1387 4402 Deus
1413 4349 1639 4402 vivorum
1674 4347 1691 4418 (
1722 4346 1916 4402 Matth.

324 4458 456 4508 xm,
487 4442 600 4511 32).
634 4441 788 4508 Quod
836 4441 998 4496 etiam
1039 4442 1228 4493 beatus
1262 4437 1394 4502 Leo,
1427 4437 1683 4493 Romana:
1724 4440 1921 4508 praesul

2020 3252 2185 3307 etiam
2229 3251 2376 3321 ipsos
2426 3246 2674 3303 fortassis
2701 3243 2840 3299 velle
2869 3241 3085 3297 dicitur.
3135 3238 3244 3293 Sed
3284 3238 3391 3291 hoc
3434 3233 3618 3305 potius

2021 3344 2269 3408 dicimus,
2302 3341 2559 3411 quoniam
2590 3339 2635 3395 si
2666 3337 2803 3392 ullus
2828 3334 2971 3407 apud
3000 3349 3095 3389 eos
3124 3340 3269 3388 esset
3314 3330 3508 3385 divina:
3532 3342 3620 3381 re-

2019 3437 2234 3507 ligionis
2261 3435 2347 3491 vel
2378 3433 2603 3489 rationis
2631 3431 2878 3486 humanae
2907 3435 3206 3498 respectus,
3237 3422 3367 3493 ipsis
3396 3434 3614 3492 quoque

2019 3528 2304 3601 profanum
2346 3535 2403 3583 et
2446 3526 2609 3581 nimis
2648 3532 2807 3592 turpe
2834 3520 3005 3575 videri
3045 3517 3270 3577 debuit,
3322 3511 3620 3571 communi-

2021 3620 2194 3676 cando
2223 3619 2380 3674 nobis
2428 3617 2714 3671 anathema
2744 3612 2889 3684 quod
2920 3611 2973 3666 in
3012 3625 3113 3665 nos
3160 3609 3535 3668 decreverunt,
3569 3603 3623 3655 in

2020 3712 2342 3783 semetipsos
2391 3710 2534 3765 ultro
2595 3716 2939 3763 convertere.
2988 3702 3143 3757 Unde
3206 3699 3337 3754 satis
3384 3694 3625 3766 apparetl

2025 3810 2231 3874 quanta
2283 3803 2354 3857 sit
2379 3802 2615 3870 gravitas
2644 3809 2698 3855 et
2738 3804 2938 3869 quanta
2985 3793 3263 3864 integritas
3303 3804 3491 3845 eorum
3535 3802 3610 3856 qu

2025 3891 2485 3948 Chalcedonensis
2541 3891 2757 3945 decreta
2806 3885 3022 3943 concilii
3071 3890 3371 3938 retractare
3415 3892 3622 3948 prtesu-

2022 3994 2197 4041 munt.
2230 3983 2467 4040 Proinde
2510 3982 2777 4039 benetlcio
2809 3979 2982 4048 magis
3029 3990 3189 4047 quam
3218 3972 3427 4043 injuriae
3455 3970 3625 4039 depu-

2025 4085 2161 4143 tent,
2189 4075 2333 4146 quod
2357 4076 2435 4130 eis
2463 4090 2573 4129 non
2602 4072 3086 4133 communicemus,
3118 4066 3295 4120 donec
3342 4062 3411 4116 de
3438 4058 3617 4114 medio

2024 4172 2218 4227 tollant
2240 4170 2262 4201 ⁸
2291 4168 2432 4224 istud
2462 4167 2774 4232 anathema,
2809 4161 2954 4234 quod
2980 4160 3129 4213 velut.
3174 4168 3429 4224 magnum
3456 4151 3624 4205 chaos

2024 4261 2370 4330 interjacens,
2393 4256 2583 4313 dividit
2604 4270 2634 4309 a
2664 4252 2863 4324 populo
2886 4249 3080 4319 spiritu
3107 4258 3364 4316 paupere,
3386 4242 3441 4295 in
3458 4253 3620 4293 sensu

2023 4363 2264 4428 paterna:
2293 4350 2413 4405 ﬁdei
2442 4358 2498 4406 et
2526 4346 2807 4404 sententia:
2835 4343 3144 4413 quiescente
3168 4380 3184 4405 ,
3241 4334 3516 4428 inquietos
3549 4344 3618 4384 ac

2026 4422 2443 4515 superbissimos
2474 4444 2908 4509 prmsumptores,
2941 4431 3033 4500 qui
3061 4429 3161 4486 sibi
3192 4435 3402 4482 tantum
3431 4422 3624 4477 viden-

325 4531 595 4597 Ecclesitc,
628 4532 870 4587 scribens
897 4530 1190 4585 venerabili
1236 4528 1519 4591 Anatolio,
1552 4529 1711 4598 hujus
1757 4529 1913 4599 regite

2025 4546 2112 4591 tur
2140 4533 2413 4590 abundare
2458 4528 2721 4599 sapientia
2748 4568 2762 4592 ,
2797 4534 2858 4581 ut
2906 4521 3164 4578 ablactati
3206 4532 3366 4588 super
3397 4523 3625 4569 matrem

325 4622 560 4678 civitatis
588 4622 875 4692 episcOpo,
903 4620 981 4677 sic
1009 4619 1379 4690 accipiendum
1408 4620 1642 4675 insinuat
1674 4636 1688 4672 :
1729 4638 1747 4671 ι
1782 4619 1920 4675 San-

325 4715 419 4781 cti,
448 4716 642 4784 inquit,
674 4715 750 4769 illi
778 4721 835 4769 et
854 4712 1192 4768 venerabiles
1220 4710 1409 4766 Patres
1450 4713 1540 4782 qui
1572 4710 1626 4765 in
1656 4710 1791 4766 urbe
1824 4710 1919 4765 Ni-

325 4820 497 4871 caena,
537 4806 798 4874 sacrilego
843 4804 973 4859 Ario
1019 4818 1141 4859 cum
1168 4817 1266 4857 sua
1307 4801 1589 4873 impietate
1635 4801 1915 4865 damnato,

328 4911 609 4953 mansuras
643 4912 813 4967 usque
861 4897 915 4951 in
963 4894 1121 4950 ﬁnem
1172 4893 1357 4949 mundi
1405 4893 1551 4962 leges
1594 4894 1922 4949 ecclesiasti-

326 5002 517 5042 carum
543 5002 806 5042 canonum
834 4985 1210 5048 condiderunt,
1235 4993 1289 5038 et
1324 4984 1465 5053 apud
1491 4998 1590 5036 nos
1626 4991 1683 5037 et
1724 4984 1778 5037 in
1806 4990 1921 5037 toto

327 5082 461 5136 orbe
488 5089 749 5137 terrarum
794 5082 851 5136 in
896 5081 1008 5136 suis
1050 5079 1525 5136 constitutionibus
1553 5079 1757 5132 vivunt.
1794 5098 1812 5130 ι
1861 5076 1920 5133 Si

327 5173 491 5242 igitur
530 5188 721 5229 omnes
740 5173 1078 5229 venerabiles
1122 5170 1311 5227 Patres
1342 5171 1396 5225 in
1442 5171 1552 5226 suis
1581 5170 1921 5225 constitutio-

327 5264 486 5321 nibus
515 5265 722 5335 vivunt,
748 5264 991 5335 profecto
1016 5263 1179 5317 etiam
1206 5261 1299 5332 qui
1330 5262 1383 5316 in
1414 5259 1756 5317 Chalcedona
1785 5276 1916 5316 cou-

456 5440 638 5506 Forte,
665 5440 927 5511 exigerent
947 5436 1063 5507 ﬁeri
1090 5444 1290 5505 aperta,
1319 5440 1426 5488 etc.

406 5600 421 5630 ¹
452 5596 588 5653 Cod.
613 5597 845 5662 \"eron.,
877 5596 1140 5649 dixerunt.

403 5667 590 5722 ’Idem
627 5668 773 5733 cod.,
806 5657 885 5720 Ad
912 5665 1104 5721 Marim
1124 5665 1336 5734 impiam
1382 5659 1652 5732 epistolam
1692 5665 1779 5709 aut
1830 5657 1891 5711 de

332 5737 519 5802 (endit.
549 5746 654 5793 etc.

456 5808 605 5866 Idem
634 5807 776 5878 cod.,
804 5807 1143 5863 anathemati.

2025 4642 2204 4684 suam.
2230 4623 2482 4681 Ecclesia:
2513 4620 2758 4676 instituta
2811 4621 3182 4676 contemnant,
3214 4625 3337 4666 cum
3367 4607 3626 4678 scriptum

2026 4722 2093 4778 sit
2122 4739 2133 4774 :
2160 4718 2291 4780 Fili,
2325 4714 2528 4772 custodi
2557 4713 2718 4785 legem
2748 4710 2913 4781 patris
2948 4707 3041 4771 tui,
3076 4713 3125 4759 et
3165 4720 3230 4757 ne
3271 4699 3521 4769 repuleris
3546 4697 3628 4749 in-

2026 4813 2207 4867 stituta
2231 4809 2413 4864 matris
2445 4816 2564 4860 tute.
2604 4804 2775 4873 Alliga
2817 4808 2989 4854 autem
3017 4797 3112 4850 illa
3154 4794 3296 4847 circa
3340 4800 3481 4844 tuam
3510 4788 3626 4839 ani-

2025 4919 2166 4957 mam
2194 4917 2414 4969 semper,
2444 4909 2493 4951 et
2522 4893 2787 4949 circumda
2829 4890 2961 4945 colla
3002 4897 3089 4942 tuo
3132 4885 3151 4952 (
3178 4883 3334 4937 Prov.
3361 4897 3433 4943 Vt,
3475 4877 3543 4931 20
3578 4876 3624 4944 ).

2032 4990 2375 5058 Rursumque
2407 5006 2420 5040 :
2449 4986 2607 5050 Audi,
2639 4985 2753 5053 fili,
2786 4981 3117 5053 disciplinam
3154 4977 3317 5049 patris
3348 4974 3444 5037 tui,
3472 4978 3521 5024 et
3563 4984 3627 5020 ne

2028 5084 2278 5149 abjeceris
2300 5082 2535 5136 instituta
2575 5078 2757 5132 matris
2795 5084 2899 5130 tua:
2928 5091 2946 5128 :
2977 5087 3222 5129 coronam
3250 5067 3388 5123 enim
3424 5062 3625 5136 gratia-

2023 5193 2138 5232 rum
2165 5175 2389 5245 accipies
2421 5183 2505 5226 tuo
2537 5171 2730 5231 vertici,
2754 5176 2805 5222 et
2834 5175 3066 5237 torquent
3084 5176 3295 5216 aureum
3310 5158 3449 5211 circa
3472 5163 3615 5206 tuum

2021 5265 2210 5320 collum
2257 5263 2455 5337 (Prov.
2509 5277 2548 5327 ι,
2596 5259 2695 5330 8).
2729 5256 2774 5311 Ο
2819 5263 3085 5327 quantum
3115 5252 3338 5318 malum,
3372 5255 3622 5314 torquem

2108 5588 2127 5618 "
2157 5588 2302 5644 Idem
2327 5588 2475 5655 cod.,
2505 5564 2883 5655 exigerent.....
2921 5590 3122 5652 aperta.

2107 5660 2128 5690 ³
2158 5656 2299 5713 Idem
2332 5659 2481 5724 cod.,
2508 5658 2789 5725 subreptio.

2156 5728 2301 5785 Idem
2327 5727 2474 5793 cod.,
2506 5728 2738 5783 tollatur.
