4070 6352
529 208 624 266 571

1619 204 1913 261 FACllNDl
1953 203 2162 257 liPlSC.
2206 203 2709 259 HERMIANENSIS
3738 200 3813 258 5ῗὲ

530 338 750 378 aureum
799 324 938 379 mola
992 323 1224 377 asinaria
1255 323 1391 376 velle
1421 319 1780 375 commutare!
1813 325 1868 369 ut
1900 317 1988 384 qui
2020 316 2112 369 dc—
2145 324 2189 377 Λ
2220 318 2526 372 sacerdotes
2555 320 2864 386 plan-ciunt
2892 319 3154 372 manibus
3187 315 3337 377 suis,
3370 323 3427 365 et
3454 313 3677 382 populus
3699 330 3815 371 uicus

529 412 734 480 bemus,
766 412 860 468 Dei
889 414 1054 482 patris
1092 413 1370 481 disciplina
1409 419 1463 464 et
1509 411 1623 477 lege
1655 418 1889 469 servata,
1933 407 2000 461 de
2029 423 2113 460 re-

532 504 770 556 verentia
812 516 1025 570 quoque
1055 502 1241 554 matris
1281 509 1479 554 nostra:
1524 499 1926 563 institutorum,
1959 511 2114 550 coro—

533 609 654 648 nam
682 595 863 662 gratiae
887 595 901 624 ¹
932 595 1178 664 accipere
1209 601 1392 646 nostro
1419 592 1627 656 vertici,
1664 599 1718 645 et
1758 599 1997 656 torquem
2021 603 2118 640 au-

531 703 681 741 reum
713 688 853 742 circa
888 687 1084 744 collum
1125 698 1400 751 nostrum;
1447 685 1751 753 abjiciendo
1796 698 1913 750 qua:
1947 691 2119 735 mater

531 788 715 833 sancta
748 781 1056 847 constituit,
1089 779 1402 833 scandalum
1451 777 1566 845 ejus
1601 774 1722 829 ﬁliis
1766 775 2116 844 pra-beamus,

531 883 587 927 et
617 874 914 929 incidamus
943 877 992 927 in
1021 874 1149 927 illud
1175 874 1436 942 judicium
1463 873 1526 927 de
1556 887 1662 940 quo
1692 869 2118 922 Dominnsdicit:

543 963 644 1026 Qui
675 975 845 1018 autent
894 965 1324 1018 scandulizarerit
1354 979 1509 1015 unum
1557 961 1618 1014 de
1651 960 1849 1030 pusillis
1883 959 1996 1010 istis
2039 958 2123 1026 qui

532 1054 584 1105 in
609 1071 685 1105 mc
714 1055 945 1120 credunt,
978 1055 1184 1122 expellit
1213 1056 1255 1105 ei
1280 1062 1333 1104 ut
1365 1051 1706 1122 suspendutur
1728 1049 1861 1102 mola
1893 1048 2126 1100 asinaria

534 1142 587 1194 in
619 1144 750 1196 collo
781 1146 912 1213 ejus,
956 1153 1002 1195 ct
1033 1145 1365 1213 demergatur
1390 1143 1441 1194 in
1473 1141 1784 1209 profundunt
1817 1140 1994 1191 maris.
2040 1136 2129 1190 Va?

535 1230 727 1282 mutulo
761 1249 790 1282 α
820 1232 1083 1284 scandulis
1111 1232 1128 1284 .’
1168 1247 1368 1283 necesse
1397 1239 1470 1282 est
1501 1232 1636 1282 enim
1662 1239 1714 1280 ut
1745 1229 1947 1280 veniunt
1972 1244 2129 1279 scan-

537 1311 693 1387 dala;
727 1333 1066 1376 rcrumtmncn
1104 1341 1174 1376 ra:
1197 1323 1389 1374 homini
1414 1322 1488 1374 illi
1519 1338 1609 1389 per
1639 1337 1781 1390 (Illtz‘ﬂl
1826 1317 2128 1371 scandalum

537 1413 668 1466 venit
719 1411 948 1482 (Matth.
980 1430 1104 1477 xvii,
1131 1413 1182 1475 6,
1218 1413 1245 1463 7
1275 1414 1288 1480 )
1322 1411 1334 1462 !
1391 1410 1444 1464 Si
1477 1411 1634 1478 igitur
1677 1426 1838 1462 unum
1882 1408 2128 1477 purillnm

538 1503 897 1556 scandalizare
928 1513 1031 1556 tam
1060 1517 1219 1570 grave
1241 1513 1341 1568 est,
1360 1511 1417 1554 ut
1441 1501 1606 1568 magis
1633 1500 1883 1568 expediat
1909 1499 2135 1551 scanda-

538 1592 737 1658 lizanti,
770 1593 909 1646 mola
940 1593 1168 1646 asinaria
1198 1592 1340 1645 collo
1363 1593 1476 1659 ejus
1505 1606 1793 1658 suspensa,
1827 1591 1876 1641 in
1909 1587 2130 1658 profun-

2218 411 2404 466 dilexit
2433 413 2504 465 ita
2535 411 2750 481 (Thren.
2785 429 2859 479 ιι,
2894 411 2978 476 14,
3023 409 3147 477 15).
3190 407 3344 475 Quid
3369 408 3519 461 enim
3559 408 3815 470 minimum,

2220 519 2312 562 aut
2339 508 2466 576 quid
2495 508 2767 562 mediocre
2798 509 2850 562 in
2884 507 3023 560 illis?
3053 519 3306 560 onmem
3341 501 3817 569 supereminentiam

2220 599 2563 669 blasphemia:
2607 600 2874 668 jaculatus
2922 607 3004 653 est
3034 599 3328 652 adversus
3381 603 3607 649 sanctos
3649 594 3817 663 Patres,

2221 691 2477 744 adversus
2505 706 2693 745 eorum
2724 690 2931 758 priores
2960 693 2978 721 ⁸
3015 689 3347 760 apostolos,
3386 687 3649 741 adversus
3683 689 3819 757 ipsum

2224 779 2579 844 Salvatorcm,
2602 781 2653 833 in
2685 781 3142 834 resurrectionem
3173 777 3493 832 meditatus
3514 785 3613 830 est.
3644 778 3819 832 Assum-

2224 881 2372 942 ptam
2402 873 2614 940 quidem
2655 874 3041 928 humanitatem
3065 874 3084 904 ³
3142 887 3222 926 ex
3275 870 3446 923 nobis
3492 877 3549 922 et
3586 885 3679 936 pro
3703 873 3822 926 nobis

2226 965 2462 1032 injuriat,
2496 967 2728 1020 divinam
2761 967 2910 1034 ejus"
2939 977 3200 1022 naturam
3229 974 3292 1018 et
3323 965 3708 1034 impassihilern
3729 983 3819 1035 pas-

2229 1056 2468 1109 sionibus
2497 1056 2778 1124 subjacere
2808 1058 3102 1110 contendit.
3150 1075 3169 1106 »
3213 1056 3373 1109 Ecce
3406 1064 3612 1122 quanta
3641 1064 3689 1108 et
3728 1073 3822 1123 qna-

2230 1144 2300 1197 lia
2329 1154 2544 1200 sanctus
2589 1145 2893 1201 Gennadius
2942 1147 2992 1200 in
3046 1148 3289 1201 beatum
3334 1145 3602 1216 Cyrillum
3638 1147 3818 1214 elludit,

2233 1244 2286 1289 et
2310 1237 2453 1289 nulla
2483 1237 2607 1289 hinc
2635 1236 2692 1288 lit
2723 1238 2954 1291 nominis
2985 1240 3100 1303 ejus
3150 1237 3376 1290 invidia
3403 1279 3415 1294 .
3472 1237 3715 1303 quoniam
3735 1239 3820 1306 ipse

2235 1343 2340 1378 non
2371 1326 2611 1380 interluit
2642 1327 3064 1381 Chalcedonensi
3092 1328 3378 1381 concilio.
3417 1327 3560 1392 Quin
3592 1328 3735 1382 etiam
3757 1345 3818 1384 re-

2233 1419 2501 1486 spondens
2532 1421 2705 1488 primo
2736 1421 2973 1488 ejusdem
2999 1422 3179 1476 sancti
3217 1421 3425 1490 (Iyrilli
3465 1423 3712 1489 capitulo,
3739 1439 3818 1490 quo

2234 1509 2402 1562 dixit:
2439 1510 2493 1564 Si
2540 1511 2658 1578 quis
2701 1528 2804 1565 non
2835 1511 3120 1566 confitetur
3176 1511 3364 1565 Deum
3418 1527 3546 1567 esse
3572 1514 3815 1567 secundum

2234 1601 2517 1654 veritatem
2558 1601 2892 1668 Emmanuel,
2935 1612 2991 1656 et
3033 1612 3344 1672 propterea
3399 1602 3500 1656 Dei
3550 1605 3817 1670 genitricem

538 1681 660 1735 dum
693 1685 852 1736 maris
886 1684 1143 1752 demergi,
1203 1692 1403 1751 quanto
1434 1681 1601 1748 magis
1641 1691 1803 1734 totam
1841 1681 2131 1733 ﬂeclesiam
2168 1688 2208 1744 Β
2238 1701 2474 1746 sancta”,
2507 1693 2775 1760 Virgine",
2800 1735 2814 1758 ,
2865 1695 3046 1762 genuit
3092 1695 3251 1748 enim
3312 1695 3616 1748 carnaliter
3640 1709 3813 1750 carnem

538 1772 646 1825 sola
679 1772 1045 1841 inquietudine
1076 1774 1236 1827 animi
1264 1782 1319 1827 et
1359 1789 1464 1826 non
1497 1774 1708 1826 tacendi
1754 1771 1970 1824 libidine
1999 1787 2128 1824 con-

540 1864 782 1919 turbare!

1154 1976 1380 2032 CAPUT
1420 1976 1500 2032 IV.

543 2067 694 2134 Quod
721 2069 851 2136 falso
876 2070 1172 2123 damnatam
1201 2086 1232 2121 α
1257 2086 1309 2120 se
1330 2071 1528 2138 jactent
1553 2084 1596 2120 c;
1618 2068 1843 2128 istolam,
1868 2067 1988 2136 quia
2035 2066 2134 2135 Cyr

611 2139 788 2192 rillum
820 2142 953 2192 male
999 2141 1256 2201 (ructarit,
1298 2156 1415 2190 cum
1461 2140 1695 2190 acerbius
1733 2148 1980 2190 tractatus
2010 2142 2072 2190 sit
2104 2155 2134 2188 α

609 2208 876 2262 Gennadio
904 2219 948 2261 et
981 2209 1208 2276 Isidoro,
1240 2226 1367 2276 quos
1390 2227 1491 2261 non
1514 2210 1695 2278 repreh
1729 2213 1912 2260 ndun'.

613 2344 780 2409 Quale
808 2359 937 2396 vero
969 2343 1095 2397 illud
1119 2351 1196 2397 est
1220 2342 1362 2411 quod
1384 2343 1609 2411 jactant,
1629 2341 1748 2395 ideo
1771 2357 1827 2394 se
1852 2341 2135 2394 damnasse

547 2442 682 2490 hanc
710 2434 1009 2503 epistolam,
1042 2433 1186 2502 quod
1218 2433 1332 2502 ejus
1361 2434 1699 2502 conscriptor
1719 2433 1962 2487 videatur
1991 2432 2042 2484 in
2073 2446 2136 2483 ea

548 2524 612 2579 de
638 2526 798 2580 beato
825 2525 1022 2596 Cyrillo
1051 2525 1194 2594 quod
1229 2526 1366 2580 male
1395 2526 1684 2592 sensisset,
1714 2541 1832 2579 cum
1863 2522 2140 2592 scripserit

550 2614 802 2669 adversus
831 2615 1078 2672 eumdem
1106 2623 1350 2670 sanetum
1380 2614 1722 2685 Cyr_'illumet
1753 2613 1819 2666 12
1846 2612 1961 2680 ejus
1990 2613 2138 2682 capi-

549 2705 679 2768 tula,
715 2705 886 2759 beata:
909 2720 1124 2774 quoque
1151 2706 1424 2760 memoria:
1454 2705 1761 2759 Gennadius
1792 2704 1948 2772 hujus
1983 2705 2142 2771 regiae

549 2796 776 2870 civitatis
799 2797 1082 2872 episcopus
1107 2806 1154 2861 ",
1188 2812 1287 2851 nec
1317 2797 1384 2851 ab
1411 2797 1526 2852 istis
1559 2796 1922 2864 reprehensus
1960 2795 2010 2848 in
2041 2793 2144 2848 hac

550 2887 996 2944 eondemnatione
1025 2887 1420 2955 denominetur,
1460 2889 1551 2959 qui
1582 2888 1749 2955 multo
1775 2887 2144 2941 vehementius

551 2986 602 3032 et
628 2979 1068 3034 contumeliosius
1096 2995 1218 3033 eum
1272 2980 1324 3033 in
1355 2995 1449 3033 sua
1480 2978 1830 3048 responsione
1854 2977 2146 3031 tractavit?

551 3066 679 3122 Nam
729 3069 806 3124 sic
851 3068 1109 3124 adversus
1157 3085 1278 3124 eum
1322 3069 1498 3123 dicit:
1541 3087 1557 3119 ι
1583 3067 1672 3120 Va:
1721 3067 1849 3120 mihi
1877 3081 1906 3118 a
1949 3065 2140 3119 malis:
2173 3068 2216 3128 (ζ

552 3167 675 3226 heu,
709 3161 842 3215 heu!
879 3162 1018 3217 unde
1044 3163 1186 3216 enim
1224 3161 1505 3235 quisquam
1551 3160 1603 3213 in
1636 3159 1884 3228 persenti
1929 3157 2147 3213 aliunde

555 3260 727 3305 sumat
756 3253 1073 3306 exordium?
1117 3252 1312 3318 Quales
1342 3251 1524 3321 Cyrilli
1554 3249 1814 3322 Egyptii,
1845 3257 1900 3302 et
1921 3256 2147 3318 quantas

555 3341 912 3410 hlasphemias
942 3343 1160 3406 incurri,
1195 3349 1250 3394 et
1279 3350 1506 3409 quantas
1535 3339 1896 3409 blasphemias
1921 3339 2096 3393 audivi
2125 3339 2137 3391 ι

557 3431 683 3497 Quis
712 3445 896 3484 revera
927 3431 1018 3484 det
1059 3431 1221 3499 capiti
1271 3446 1390 3485 meo
1437 3424 1660 3500 aquam,
1715 3441 1767 3484 et
1798 3431 1969 3484 oculis
2015 3429 2148 3484 meis

558 3520 756 3576 lentem
789 3522 1177 3592 lacrymarum?
1216 3531 1271 3576 et
1296 3523 1520 3592 plorabo
1558 3523 1698 3578 istud
1728 3523 1812 3578 die
1858 3533 1912 3578 et
1942 3532 2098 3577 nocte
2134 3544 2144 3576 :

559 3613 808 3681 quoniam
841 3613 1084 3666 extendit
1111 3613 1292 3680 lingua
1323 3613 1438 3682 ejus
1469 3615 1824 3679 mendacium,
1871 3624 1928 3668 et
1953 3631 2056 3668 non
2088 3614 2136 3666 li.

559 3703 712 3769 dem;
746 3703 1080 3758 confortatus
1107 3713 1189 3758 est
1236 3721 1398 3776 super
1427 3714 1624 3758 terram
1657 3703 1804 3775 (Jer.
1841 3721 1912 3770 Ix,
1949 3705 1997 3768 1,
2027 3704 2100 3774 5)
2132 3723 2146 3771 ;

561 3811 624 3849 ex
675 3806 822 3850 certo
869 3812 974 3864 pax
1020 3796 1390 3866 peccatoribus
1435 3796 1700 3866 deceptio.
1761 3793 1988 3864 Propter
2048 3795 2151 3849 hoc

559 3887 701 3941 enim
732 3886 964 3940 obtinuit
991 3903 1104 3953 eos,
1138 3888 1328 3955 inquit,
1359 3887 1609 3956 superbia
1639 3902 1825 3941 eorum
1871 3885 1922 3939 in
1953 3887 2109 3939 linem
2135 3903 2149 3952 ;

562 3978 932 4043 cogitaverunt
952 3987 1004 4031 et
1026 3978 1187 4031 locuti
1216 3979 1412 4032 suntin
1440 3979 1793 4047 malignitate,
1814 3978 2153 4047 iniquitatem

561 4071 611 4131 in
639 4071 804 4124 altum
834 4071 997 4125 locuti
1027 4081 1182 4138 sunt;
1207 4080 1499 4140 posuerunt
1525 4073 1576 4126 in
1609 4071 1748 4126 cmlo
1779 4086 1840 4124 os
1879 4084 2060 4132 suum,
2101 4077 2155 4122 et

562 4165 738 4233 lingua
769 4180 952 4218 eorum
984 4165 1231 4219 transivit
1260 4181 1423 4234 super
1453 4173 1648 4218 terram
1678 4163 1868 4233 (Psnl.
1903 4178 2066 4224 Lxxu,
2101 4160 2152 4225 6,

562 4255 612 4320 Β,
647 4258 722 4326 9).
759 4256 1052 4310 Psalmistce
1086 4257 1185 4310 ista
1218 4266 1371 4320 sunt;
1405 4254 1650 4310 Jeremim
1673 4265 1852 4309 autem
1883 4253 2156 4322 prophetae

562 4348 649 4404 illa
680 4351 870 4418 prima.
905 4349 1081 4420 Euge!
1117 4369 1148 4404 o
1171 4352 1327 4406 beate
1359 4352 1520 4405 Paule
1552 4370 1564 4402 :
1611 4350 1928 4420 Exsurgent,
1960 4348 2152 4417 inquit,

2233 1784 2429 1839 factum
2462 1785 2554 1838 Dei
2590 1785 2848 1852 Verbum,
2881 1787 3167 1840 anathema
3204 1787 3316 1852 sit,
3354 1786 3434 1838 ita
3467 1786 3523 1838 in
3555 1802 3670 1840 eum
3699 1789 3814 1840 inrc-

2233 1886 2352 1932 ctus
2381 1888 2463 1931 est
2510 1896 2521 1930 :
2575 1899 2591 1929 ι
2640 1879 3210 1934 Anatheinatizaturus
3263 1887 3354 1934 est
3387 1886 3444 1931 te
3480 1879 3650 1945 Deus,
3680 1881 3813 1948 paries

2235 1969 2482 2023 dealbate
2515 1971 2667 2036 (Act.
2705 1985 2852 2034 χχιιι,
2879 1970 2950 2038 ’5)
3005 1988 3016 2022 :
3061 1971 3448 2038 jnstissimum
3496 1972 3637 2023 enim
3666 1981 3735 2023 est
3758 1981 3812 2036 te,

2235 2062 2479 2116 similiter
2509 2062 2726 2114 Ananiae
2753 2062 3054 2115 Juiheorum
3085 2063 3336 2130 principi
3369 2061 3709 2116 sacerdotum
3734 2063 3808 2116 lin-

2236 2168 2392 2220 guam
2424 2152 2679 2206 adversus
2703 2153 2991 2221 discipulos
3017 2153 3222 2206 Christi
3254 2161 3600 2218 moventem,
3625 2153 3810 2208 similem

2238 2246 2304 2298 ab
2335 2246 2414 2300 eis
2459 2245 2874 2312 indignationem
2924 2247 3180 2313 experiri,
3215 2265 3236 2298 ›
3296 2255 3360 2300 'ct
3399 2255 3618 2310 caetera,
3654 2248 3809 2315 quatit:

2239 2337 2428 2394 eodem
2461 2352 2644 2406 opere,
2697 2338 2738 2390 si
2785 2339 2905 2406 quis
2934 2338 3098 2403 volet,
3131 2339 3413 2392 inveniet.
3466 2338 3574 2392 Cur
3612 2340 3749 2405 igitur
3770 2340 3808 2394 in

2242 2430 2343 2484 hac
2375 2430 2577 2483 ultione
2603 2472 2617 2496 ,
2649 2429 2787 2484 sicut
2833 2429 3046 2491 dicunt,
3079 2429 3419 2498 injuriarmn
3478 2430 3618 2483 beati
3647 2429 3806 2499 Cyrilli,

2242 2537 2346 2575 non
2380 2523 2548 2587 magis
2576 2521 2748 2575 sancti
2787 2519 3047 2574 Gennadii
3095 2537 3305 2575 nomen
3333 2561 3348 2585 ,
3398 2530 3457 2573 et
3489 2537 3585 2589 pro
3622 2522 3693 2574 sui
3727 2521 3806 2574 lori

2243 2612 2582 2671 auctoritate,
2633 2613 2786 2679 quasi
2837 2612 2994 2678 regia:
3041 2612 3297 2666 civitatis
3335 2612 3605 2679 episcopi,
3649 2621 3698 2664 et
3733 2627 3806 2681 pro

2243 2704 2679 2757 maledictimmin
2729 2713 2892 2772 atque
2945 2705 3409 2758 contumeliarum
3469 2703 3804 2770 magnitudine,

2243 2795 2564 2850 ventilatur?
2590 2795 2744 2861 Quod
2792 2795 2837 2848 si
2881 2796 2986 2849 hoc
3034 2796 3553 2856 coasideraverunt,
3602 2793 3807 2862 quoniam

2249 2888 2369 2940 talia
2399 2887 2708 2941 Gennadius
2737 2887 2801 2941 de
2826 2888 3026 2957 Cyrillo
3058 2904 3161 2941 non
3185 2888 3600 2953 seriberet,nisi
3626 2887 3804 2939 dicentis

2248 2979 2600 3034 intentionem
2625 2979 2801 3032 minus
2831 2979 3184 3032 intellexisset
3219 2998 3231 3031 :
3263 2979 3414 3032 hanc
3450 2978 3740 3047 prudentem
3769 2982 3806 3028 et

2253 3067 2392 3137 piam
2425 3067 2913 3122 considerationem
2962 3082 3063 3135 ego
3111 3084 3339 3137 quoque
3389 3068 3638 3137 suscipio.
3672 3066 3804 3120 Potuit

2251 3159 2393 3212 enim
2424 3165 2476 3210 et
2509 3157 2621 3226 ipse
2644 3157 2709 3211 de
2735 3157 3034 3212 Christiana
3065 3159 3338 3226 religione
3382 3173 3506 3227 qua:
3553 3163 3685 3210 recta
3716 3161 3805 3207 sunt

2253 3250 2494 3314 credens,
2531 3265 2637 3303 non
2669 3249 2998 3304 intellectum
3029 3251 3249 3304 beatum
3284 3251 3551 3320 Cyrillum
3580 3250 3702 3300 bona
3745 3246 3802 3296 in.

2251 3337 2492 3391 tentione
2532 3337 2786 3408 culpare,
2836 3345 2892 3392 et
2937 3339 3134 3394 bonam
3183 3339 3459 3393 damnare
3507 3336 3803 3390 intentionem

2251 3427 2559 3482 damnabile
2587 3428 2952 3483 crediderunt.
2984 3431 3136 3496 Quod
3184 3432 3232 3484 si
3261 3433 3372 3484 hoc
3417 3429 3576 3482 etiam
3605 3424 3802 3479 conside-

2251 3528 2526 3583 raverunt,
2559 3521 2814 3588 quoniam
2845 3521 2889 3575 si
2928 3537 2992 3574 ea
3040 3535 3158 3589 quae
3183 3531 3317 3576 ante
3364 3528 3580 3574 centum
3618 3529 3759 3568 annos
3781 3527 3801 3562 ιι

2251 3616 2411 3670 beato
2441 3615 2722 3670 Gennadio
2749 3617 2946 3686 scripta
2971 3626 3117 3681 sunt,
3136 3617 3304 3669 modo
3337 3612 3798 3669 condemnarentur,

2253 3705 2306 3760 in
2346 3706 2807 3775 reprehensione'
2854 3709 3017 3762 totius
3063 3705 3324 3761 Ecclesia:
3377 3703 3550 3764 ﬁeret,
3589 3713 3694 3768 quze
3727 3696 3802 3748 hoc

2254 3807 2378 3850 ante
2404 3813 2508 3852 non
2535 3797 2662 3851 fecit
2696 3816 2708 3850 :
2740 3799 2844 3852 hoc
2870 3813 3086 3866 quoque
3114 3797 3397 3866 sapienter
3419 3803 3581 3862 atque
3607 3786 3802 3842 modeste

2255 3888 2650 3943 consideratum
2677 3904 2815 3954 esse,
2833 3890 2877 3943 si
2907 3889 3025 3957 quis
3046 3889 3263 3957 sapiens
3291 3894 3348 3941 et
3372 3883 3655 3942 modestus,
3670 3888 3800 3940 agno-

2256 3987 2368 4034 seet
2394 3981 2432 4034 ⁸.
2465 3980 2570 4034 Sed
2599 3995 2766 4049 quare
2795 3996 2901 4033 non
2933 3979 3161 4048 amplius
3191 3980 3297 4033 hoc
3322 3990 3489 4045 super
3509 3967 3710 4040 epistola
3731 3975 3799 4014 ve-

2258 4073 2509 4128 nerabilis
2531 4072 2634 4126 lbze
2676 4072 3075 4127 consideratum
3108 4079 3190 4124 est
3213 4111 3227 4134 ,
3282 4085 3428 4138 quat,
3457 4075 3513 4119 ut
3541 4077 3638 4116 non
3663 4057 3798 4108 dicam

2258 4164 2325 4218 ab
2357 4163 2642 4218 universali
2682 4162 2888 4233 synodo
2937 4163 3230 4231 approbata
3281 4169 3369 4216 est.
3393 4201 3409 4226 ,
3444 4163 3589 4211 certe
3617 4146 3797 4203 recitata

2261 4256 2367 4309 illic
2393 4256 2709 4319 ostenditur,
2767 4270 2867 4309 nec
2909 4253 3211 4308 ostenditur
3255 4252 3502 4306 abdicata
3530 4286 3543 4308 ,
3595 4239 3794 4332 nisitlul'1

2260 4365 2358 4418 pro
2389 4348 2754 4402 destructione
2799 4347 2963 4415 ipsius
3011 4344 3242 4415 synodi,
3294 4354 3352 4398 et
3382 4356 3487 4396 nou
3533 4351 3622 4406 pro
3647 4328 3796 4395 illium

563 4446 613 4495 ct
641 4457 704 4493 ea:
751 4442 889 4494 vobis
923 4419 1048 4511 ipsis
1091 4444 1185 4495 viri
1217 4442 1480 4512 loquentes
1510 4457 1746 4509 perversa
1773 4419 1802 4506 ,ί
1819 4448 1874 4492 ut
1904 4438 2164 4490 abducant
2196 4446 2245 4502 1)
2270 4439 2433 4507 ipsius
2463 4439 2664 4508 Cyrilli,
2709 4439 2862 4506 quasi
2893 4437 3113 4506 profana
3162 4437 3416 4489 damnata
3467 4431 3573 4484 est?
3601 4419 3793 4512 hortique

564 4528 841 4597 discipulos
865 4541 976 4600 post
1004 4549 1056 4583 se
1089 4531 1224 4600 (Act.
1261 4548 1351 4595 xx,
1379 4529 1601 4600 50).Va3
1630 4529 1771 4582 malo
1802 4527 2162 4589 Alexandrim,

565 4617 810 4671 familiari
842 4619 978 4688 ejus,
1009 4630 1062 4674 et
1088 4623 1308 4689 proprio
1342 4621 1454 4690 jam
1499 4621 1584 4674 isti
1609 4620 1868 4688 secundo,
1899 4634 2018 4688 qua:
2041 4634 2163 4674 cor-

567 4717 721 4776 rupta
750 4710 1046 4776 ploremus,
1096 4727 1320 4780 quaeque
1358 4712 1654 4781 corrumpit
1706 4729 1717 4764 :
1765 4727 1831 4766 ex
1880 4719 1996 4766 toto
2050 4710 2162 4779 jam

567 4801 878 4869 mysterium
928 4802 1253 4869 iniquitatis,
1310 4812 1363 4858 et
1402 4817 1592 4857 vereor
1619 4819 1684 4857 ne
1715 4803 1850 4858 forte
1888 4818 2158 4872 nunquam

565 4890 656 4957 qui
689 4899 836 4944 tenet
866 4891 933 4946 de
963 4893 1140 4946 medio
1192 4892 1283 4947 liat
1312 4896 1327 4963 (
1354 4894 1417 4949 11
1445 4893 1621 4949 Thess.
1651 4911 1706 4959 ιι,
1740 4893 1834 4964 7).
1874 4893 2019 4962 Euge
2066 4893 2157 4948 Je-

570 4982 750 5039 rctnia:
777 4983 1050 5053 propheta:
1079 4984 1090 5035 !
1124 4983 1270 5039 Idem
1301 4987 1374 5042 illi
1403 4987 1521 5042 voci
1548 4987 1773 5040 exstasis
1804 4986 2052 5039 terribilis
2077 4985 2158 5038 l‘a-

570 5080 656 5124 cta
686 5079 768 5126 est
789 5089 949 5143 super
975 5083 1172 5129 terram
1215 5096 1226 5130 :
1277 5076 1557 5148 Prophetze
1586 5077 1909 5147 pr0phetant
1936 5076 2156 5144 iniqua;

645 5205 988 5280 {successor
1012 5207 1271 5280 Anatolii,
1304 5210 1369 5264 ad
1414 5224 1571 5278 quem
1615 5211 1813 5280 scripta
1843 5219 1926 5265 est
1962 5209 2158 5264 Leonis

574 5274 798 5346 epistola
822 5279 1132 5331 centesima.
1169 5278 1336 5346 llnjus
1365 5274 1537 5334 locum
1563 5274 1789 5334 alterum
1817 5297 1883 5334 ex
1913 5279 2005 5332 lib.
2038 5295 2071 5332 ιι
2094 5280 2159 5332 ad

575 5341 919 5399 Parthenium
949 5347 1152 5416 profert
1180 5341 1437 5404 Leontius
1457 5352 1508 5404 in
1539 5351 1670 5406 locis
1697 5349 2071 5406 comnmnibus
2094 5349 2160 5402 de

652 5477 669 5550 ξ
701 5476 837 5550 God.
868 5479 1091 5550 Verum,
1121 5483 1424 5550 gratiarum.

653 5548 673 5620 ξ
701 5546 846 5620 idem
869 5549 1011 5620 cod.,
1034 5546 1338 5620 superiores.

655 5615 675 5690 ἦ
704 5615 845 5690 idem
873 5618 1016 5690 cod.,
1043 5615 1410 5676 humanitatem
1435 5621 1704 5690 unigeniti.

666 5686 684 5716 ’⁸
708 5685 854 5748 idem
883 5689 1026 5755 cod.,
1055 5699 1225 5746 autent
1248 5693 1378 5754 eius.

2269 4506 2431 4587 etiam
2473 4506 2614 4586 dicta
2644 4531 2962 4585 venerabilis
3011 4528 3335 4583 Theodoreti
3379 4519 3608 4595 episcopi
3643 4506 3792 4581 Cyrtii

2267 4623 2321 4676 in
2349 4622 2539 4692 quibus
2568 4623 2834 4677 contraria
2869 4621 3068 4674 dicitur
3093 4620 3374 4688 scripsisSe
3401 4619 3554 4670 beato
3599 4599 3790 4675 Cyrillov

2265 4714 2364 4767 sub
2393 4713 2547 4778 hujus
2571 4713 2784 4766 ultionis
2813 4712 3034 4767 obtentu
3065 4711 3314 4766 similiter
3344 4697 3762 4776 reprehenderunt
3788 4726 3794 4744 .-

2268 4813 2323 4858 et
2351 4803 2420 4857 ob
2470 4805 2571 4857 hoc
2599 4818 2720 4856 eum
2747 4803 2991 4856 volentes
3023 4802 3192 4856 videri
3239 4798 3546 4855 notabilem,
3575 4785 3682 4857 quia
3707 4781 3792 4848 ίιιεε

2267 4891 2408 4947 inter
2443 4891 2575 4945 alios
2625 4891 2811 4948 Patres
2859 4886 3470 4944 adluitChalcedonensi
3511 4872 3726 4935 concilio.
3753 4871 3793 4963 f5

2267 4986 2411 5041 beati
2446 4984 2636 5039 Leonis
2658 4984 2937 5053 epistolam
2967 4998 3126 5050 quam
3152 4977 3463 5052 Eutychiani
3487 4964 3786 5053 anathemalt-

2268 5083 2410 5140 zant,
2467 5090 2586 5128 cum
2636 5074 2704 5128 ibi
2754 5075 3111 5141 relegeretur,
3165 5069 3527 5126 dubitantibus
3575 5055 3790 5126 ερὶεεοριε

2265 5208 2478 5277 Origine
2509 5211 2806 5264 animarum
2833 5255 2848 5276 ,
2899 5210 3152 5266 l‘swxdiou
3187 5195 3709 5266 ΚωνσταντινονπόΙ-ευῖ
3747 5197 3783 5231 εκ

2265 5290 2354 5335 τοῦ
2381 5286 2506 5356 np“);
2537 5285 2786 5353 Παροένιον
2817 5285 3052 5338 δευτέρω)
3081 5283 3244 5350 λόγου.

2346 5481 2365 5510 ⁵
2388 5479 2529 5531 Idem
2561 5481 2712 5542 cod.,
2742 5479 3208 5549 reprehensionem.
3405 5540 3415 5549 ι
3479 5545 3487 5549 Α
3591 5530 3602 5549 9

2274 5619 2306 5673 ὁ
2344 5552 2363 5581 ⁶
2404 5549 2544 5601 Lh-m
2591 5536 2748 5616 coli,
2790 5536 2900 5621 quis
2947 5550 3153 5618 sapiens
3200 5554 3246 5601 ct
3300 5540 3543 5599 modestus
3583 5536 3704 5599 φησι

2299 5620 2394 5673 “‹·‹ι.
2429 5629 2528 5673 «διες.

2316 5629 2394 5676 ('tl.
2429 5629 2528 5673 etc.

3705 5521 3772 5572 (It
