4070 6352
489 260 599 317 875

1594 255 1895 313 FACUNDI
1934 254 2147 315 EPISC.
2185 254 2694 313 HERMIANENSIS

3679 260 3803 317 576

487 376 732 435 siderare
759 370 1072 449 dignemini,
1133 377 1226 433 illo
1257 372 1412 430 vobis
1465 374 1480 405 ¹
1534 374 1813 442 aperiente
1859 388 1955 428 cor
1993 387 2087 427 ve—
2115 382 2161 438 Α
2189 388 2299 428 non
2333 373 2507 428 solum
2539 373 2833 429 auctoritas
2870 380 3031 428 δελετε
3058 373 3335 428 memoriae
3363 374 3621 444 principis
3648 374 3804 429 hlar-

490 479 687 537 strum,
718 479 772 527 et
809 471 1094 527 claudente
1142 467 1578 539 subreptionibus
1632 465 1940 535 impiorum,
1968 465 2084 534 qui,

488 561 629 616 sicut
677 562 934 631 scriptum
980 572 1103 615 est:
1137 560 1363 615 Sanctus
1411 568 1459 613 et
1508 574 1653 613 verus
1704 555 1856 610 habet
1889 558 2084 611 clavem

490 648 694 717 David;
733 664 780 707 et
800 656 886 721 qui
915 658 1109 725 aperit,
1140 664 1189 709 et
1229 671 1380 708 nemo
1408 655 1639 717 claudit;
1672 663 1721 707 et
1748 655 1833 724 qui
1863 653 2079 713 claudit,

488 753 539 797 et
588 759 736 797 nemo
766 745 930 813 aperit
962 745 1143 815 (Apoc.
1177 761 1253 809 nt,
1288 744 1381 813 7):
1427 745 1540 813 ipsa
1590 758 1769 797 rerum
1810 753 2080 810 gestarum

486 836 753 891 evidentia
783 839 1121 904 cognoscetis
1148 836 1292 906 quod
1341 837 1393 891 in
1424 837 1837 891 evacuationem
1889 835 2080 889 decre-

487 934 663 982 torum
711 929 900 1000 synodi
945 927 1398 984 Chalcedonensis
1440 936 1602 998 atque
1648 926 1891 996 epistola:
1930 940 2082 995 papa:

489 1015 706 1083 Leonds,
757 1020 908 1089 cujus
938 1019 1313 1074 Thcodoretus
1356 1020 1644 1089 episcopus
1674 1018 1727 1072 in
1775 1018 1963 1072 eadem
1993 1033 2083 1089 sy-

486 1106 630 1161 nodo
660 1108 757 1163 fuit
786 1119 1042 1173 assertor,
1095 1110 1210 1165 haec
1238 1110 1419 1164 omnia
1463 1118 1519 1164 et
1557 1110 1625 1163 ab
1666 1108 1934 1163 haereticis
1963 1124 2083 1165 esse

484 1199 793 1265 adinventa,
826 1204 975 1256 etab
1018 1217 1205 1257 eorum
1253 1203 1550 1257 fautoribus
1590 1204 1882 1257 constituta
1916 1220 1929 1256 :
1960 1218 2081 1272 qua:

492 1289 591 1343 nisi
642 1291 881 1346 melioris
936 1293 1312 1347 emendatione
1354 1292 1537 1361 judicii
1585 1293 1815 1346 rescissa
1862 1291 2081 1359 fuerint,

484 1380 703 1444 frustra,
735 1382 820 1435 vel
867 1384 911 1436 si
942 1383 1085 1437 credi
1118 1394 1315 1452 posset,
1360 1392 1587 1451 negatur
1612 1384 1758 1453 quod
1797 1384 2079 1453 epistolam

485 1474 809 1528 venerabilis
831 1474 933 1528 Ihm
955 1483 1253 1529 memorata
1296 1476 1534 1545 synodus
1562 1474 1899 1544 approbavit.
1946 1474 2081 1529 Cum

482 1563 624 1629 enim
672 1573 883 1617 constet
909 1564 1049 1633 quod
1082 1564 1154 1617 ibi
1186 1563 1445 1633 praedicto
1474 1564 1731 1632 episcopo
1766 1564 1833 1616 ab
1860 1578 2081 1617 accusa-

483 1652 690 1707 toribus
738 1654 848 1707 suis
888 1653 1098 1721 objecta
1136 1658 1224 1719 sit,
1287 1653 1477 1723 procul
1512 1653 1694 1718 dubio,
1737 1652 1878 1708 sicut
1916 1668 2080 1722 supra

2191 464 2338 529 tiani,
2383 464 2478 520 sed
2506 479 2607 533 ego
2636 466 2799 520 etiam
2830 480 2949 519 mea
2994 465 3334 520 confessione
3368 466 3596 520 firmavi.
3626 467 3803 533 Quia,

2186 558 2325 611 sicut
2368 566 2555 613 sancte
2591 559 2968 628 veraciterque
3016 558 3247 627 dixistis,
3304 560 3568 629 perfectio
3615 562 3807 615 incre-

2186 657 2424 701 mentum
2449 659 2504 703 et
2529 650 2886 721 adjectionem
2917 650 3193 719 plenitudo
3227 667 3330 704 non
3358 652 3573 722 recipit.
3605 671 3624 703 ι
3662 650 3811 706 Per-

2183 742 2325 795 videt
2350 742 2511 810 igitur
2538 744 2803 797 serenitas
2833 753 2923 796 tua
2948 744 3113 811 quod,
3138 744 3278 797 sicut
3307 744 3439 797 nihil
3465 746 3519 797 in
3546 744 3803 812 ejusdem

2183 834 2373 904 synodi
2402 833 2632 888 decretis
2659 833 2960 900 emendari,
2993 834 3065 888 ita
3087 850 3190 890 nec
3220 834 3380 904 adjici
3410 835 3606 905 possit.
3638 834 3805 892 Unde

2184 940 2292 979 non
2338 925 2511 979 solum
2563 933 2751 979 contra
2807 926 2978 995 ipsam
3040 925 3323 996 synodum,
3384 941 3575 981 verum
3626 927 3805 981 etiam

2182 1024 2371 1069 contra
2402 1014 2563 1085 hujus
2604 1017 2891 1085 apostolici
2924 1016 3021 1070 viri
3068 1017 3419 1085 sententiam,
3450 1018 3802 1073 convincun-

2184 1114 2272 1161 tur
2312 1108 2486 1174 egisse
2524 1107 2615 1176 qui
2646 1108 2972 1162 venerabilis
3009 1107 3114 1164 lbre
3142 1109 3431 1178 epistolam
3465 1118 3673 1164 temere
3696 1108 3803 1162 da-

2182 1207 2525 1252 mnaverunt.
2560 1198 2847 1265 Quoniam,
2873 1200 2959 1254 vel
2989 1201 3033 1255 si
3057 1201 3243 1255 dicunt
3270 1203 3414 1270 quod
3440 1202 3577 1256 nihil
3601 1202 3657 1261 in
3674 1202 3802 1269 ejus

2182 1287 2416 1343 decretis
2444 1289 2733 1345 emendare
2762 1298 3239 1360 prmsumpserunt,
3287 1305 3487 1359 negare
3514 1307 3625 1345 non
3657 1305 3797 1359 pos-

2182 1388 2309 1434 sunt
2352 1379 2497 1449 quod
2553 1380 2754 1448 aliquid
2808 1395 2995 1434 eorum
3052 1380 3371 1450 plenitudini
3420 1380 3801 1450 judicaverint

2182 1472 2447 1528 defuisse:
2492 1481 2550 1527 ut
2574 1473 2717 1542 quod
2748 1473 2861 1543 ipsa
2891 1474 3070 1527 minus
3109 1473 3235 1529 fecit
3280 1475 3336 1528 in
3376 1490 3538 1529 causa
3566 1490 3690 1543 qua:
3716 1474 3799 1530 ibi

2184 1564 2368 1618 tandiu
2399 1572 2631 1619 tractata
2664 1573 2768 1629 est,
2792 1566 2880 1619 isti
2900 1567 3053 1635 quasi
3084 1565 3435 1635 prudentiore
3471 1582 3536 1621 ac
3564 1566 3802 1634 diligen-

2184 1656 2322 1711 tiore
2354 1657 2786 1714 consideratione
2819 1658 3155 1729 supplerent.
3195 1656 3481 1725 Quomodo
3509 1657 3678 1727 igitur
3708 1658 3798 1711 in-

476 1746 588 1817 jam
632 1749 880 1813 diximus,
928 1750 971 1802 si
999 1764 1143 1804 nunc
1167 1749 1312 1817 juste
1339 1748 1647 1813 damnatur,
1681 1755 1808 1802 tunc
1843 1747 2079 1802 maxime
2112 1756 2154 1816 Β
2182 1747 2501 1803 sultationes
2527 1750 2899 1804 haereticorum
2939 1750 3240 1804 valebimus
3279 1748 3558 1804 declinare
3598 1748 3797 1803 dicen-

477 1838 827 1894 condemnari
870 1838 1149 1894 debuerat.
1192 1839 1327 1905 Quia
1357 1854 1486 1893 vero
1514 1854 1622 1892 non
1651 1836 1950 1892 ostenditur
2000 1836 2077 1890 fa-

478 1940 646 1994 ctum,
677 1931 889 1984 videtur
909 1931 997 1984 illa
1027 1931 1284 2001 synodus,
1311 1939 1368 1983 ut
1412 1944 1517 1984 non
1548 1929 1722 1983 dicam
1754 1928 1945 1982 hau-esi
1979 1942 2076 1983 co-

480 2024 736 2087 hibuisse,
780 2024 982 2092 aliquid
1013 2033 1163 2079 certe
1203 2024 1380 2078 minus
1410 2022 1623 2090 fecisse,
1654 2021 1799 2091 quod
1839 2021 2078 2089 adjicere

478 2114 566 2170 isti
596 2115 857 2170 deberent
887 2126 1047 2185 atque
1087 2116 1361 2185 supplere.
1395 2115 1594 2168 Beatus
1622 2122 1801 2168 autem
1848 2112 1978 2180 Leo,
2012 2112 2075 2165 li-

478 2205 617 2260 delis
658 2222 723 2260 ac
770 2204 943 2261 iidens
983 2212 1353 2275 propugnator
1381 2203 1656 2271 Ecclesia},
1689 2212 1745 2259 et
1790 2204 2076 2259 haeretico-

479 2311 597 2353 rum
628 2314 735 2353 non
767 2296 922 2353 fictus
951 2307 1043 2352 aut
1072 2298 1312 2368 trepidus
1356 2298 1713 2368 impugnator,
1746 2298 1824 2353 sic
1853 2297 1926 2352 ibi
1957 2312 2077 2352 esse

477 2390 607 2446 dicit
642 2391 825 2445 omnia
855 2389 1097 2455 deﬁnita,
1139 2402 1199 2443 ut
1244 2390 1379 2444 nihil
1408 2404 1593 2446 eorum
1623 2388 1944 2459 perfectioni
1973 2389 2076 2444 ad-

476 2479 569 2550 jici
609 2496 770 2551 posse
800 2482 1103 2535 confirmet.
1133 2479 1377 2549 Namque
1415 2496 1536 2535 cum
1593 2481 1781 2535 multis
1826 2488 1882 2535 et
1909 2481 2075 2536 variis

477 2574 966 2630 machinationibus
993 2574 1233 2643 ejusdem
1262 2574 1453 2644 synodi
1499 2573 1899 2637 auctoritatem,
1931 2572 2075 2628 sicut

476 2672 535 2720 et
554 2681 712 2730 nunc,
738 2664 1056 2736 Eutychiani
1098 2664 1390 2732 infringere
1407 2664 1490 2719 vel
1532 2665 1778 2719 minuere
1806 2680 2073 2720 conaren-

478 2767 586 2824 tur,
614 2764 669 2812 et
696 2772 816 2826 quze
844 2758 914 2811 ibi
943 2767 1069 2812 sunt
1109 2756 1347 2826 judicata
1393 2756 1586 2811 discuti
1634 2764 1960 2826 quaererent,
2014 2765 2077 2812 ut

476 2847 576 2904 sub
604 2855 868 2918 prmtextu
896 2848 1249 2917 diligentioris
1274 2854 1555 2915 tractatus,
1586 2854 1680 2901 aut
1720 2846 1994 2903 emendari
2018 2847 2072 2903 in

475 2938 555 2996 eis
582 2939 855 2995 videretur
878 2939 1079 3009 aliquid
1119 2949 1212 2994 aut
1242 2939 1481 3010 suppleri
1507 2956 1521 2993 :
1554 2938 1848 3009 prudenter
1873 2955 1939 2995 ac
1965 2940 2074 2995 for-

476 3030 605 3085 titer
631 3045 817 3085 eorum
847 3030 1049 3085 insidiis
1075 3030 1296 3097 restitit,
1346 3028 1514 3085 Leoni
1555 3029 1798 3098 Augusto
1828 3030 1903 3084 ita
1932 3030 2070 3085 scri-

2179 1841 2345 1895 tium:
2377 1838 2478 1895 Ubi
2518 1849 2643 1895 sunt
2685 1841 2775 1896 illa
2822 1842 3106 1911 magnifica
3155 1841 3321 1895 vestri
3352 1840 3552 1895 Leonis
3589 1843 3788 1905 verba,

2178 1932 2373 2001 quibus
2402 1932 2562 1986 nimis
2602 1946 2861 2000 arrogans
2886 1932 3121 1988 decretis
3147 1932 3341 2004 synodi
3364 1931 3792 1987 Chalcedonen-

2176 2022 2253 2079 sis
2288 2022 2485 2087 aiebat,
2542 2021 2807 2077 Perfectio
2848 2024 3259 2088 incrementum,
3306 2031 3364 2077 et
3416 2023 3789 2092 adjectionem

2180 2114 2463 2183 plenitudo
2503 2130 2611 2168 non
2653 2115 2879 2184 recipit?
2926 2114 3065 2170 Ecce
3103 2114 3415 2169 testimonio
3434 2122 3623 2168 vestro
3650 2130 3794 2169 cono

2176 2206 2411 2260 vinoitur
2430 2205 2575 2276 quod
2597 2207 2651 2259 in
2668 2217 2901 2261 vacuum
2927 2213 3151 2260 ventosa
3173 2206 3339 2259 verba
3352 2203 3616 2273 jactabat.
3646 2202 3792 2257 Nam

2178 2310 2297 2366 quae
2322 2296 2375 2351 in
2401 2296 2491 2351 illa
2521 2295 2727 2368 synodo
2747 2295 2988 2365 judicata
3016 2302 3160 2359 sunt,
3195 2294 3281 2349 vel
3300 2294 3346 2348 si
3382 2309 3490 2348 non
3520 2292 3791 2347 emenda-

2180 2389 2268 2449 tis.
2301 2397 2450 2444 certe
2495 2388 2758 2458 suppletis
2787 2396 2951 2457 atque
2985 2384 3263 2457 perlicitis,
3306 2394 3363 2441 et
3408 2385 3552 2457 quod
3594 2386 3651 2439 in
3703 2384 3791 2439 eis

2179 2497 2287 2536 non
2310 2480 2472 2535 fuerit
2499 2480 2590 2534 illa
2616 2494 2737 2549 quae
2763 2478 3043 2535 dicebatur
3070 2478 3330 2548 perfectio
3366 2486 3423 2533 et
3469 2474 3789 2547 plenitudo,

2176 2574 2520 2640 monstratis;
2566 2587 2668 2629 nec
2722 2573 2951 2642 potestis
2988 2572 3212 2627 ulterius
3265 2570 3448 2626 dicere
3491 2570 3785 2640 quodnon

2175 2668 2373 2721 merito
2402 2683 2434 2721 a
2463 2675 2644 2721 vestra
2688 2664 3072 2720 communione
3108 2664 3473 2719 discessimus.
3502 2662 3586 2716 An
3624 2676 3787 2717 com-

2176 2758 2450 2811 municare
2472 2756 2757 2811 debuimus
2785 2756 2859 2809 illi
2910 2754 3139 2826 synodo,
3181 2755 3235 2808 in
3284 2768 3391 2823 qua
3435 2768 3558 2807 cum
3615 2749 3724 2807 Iba:
3752 2765 3785 2810 a

2176 2849 2288 2905 suis
2341 2846 2750 2904 accusatoribus
2789 2848 3120 2917 objiceretur
3156 2846 3319 2916 impia
3371 2854 3428 2899 et
3458 2843 3785 2902 Nestoriana

2176 2940 2424 3009 cpistola,
2469 2940 2609 2993 sicut
2638 2954 2736 2993 vos
2785 2954 3000 3009 quoque
3046 2939 3175 2993 estis
3209 2936 3464 3001 confessi,
3497 2944 3555 2991 et
3591 2950 3783 2992 coram

2177 3036 2427 3091 omnibus
2455 3035 2744 3103 legeretur,
2791 3044 2850 3089 ut
2894 3035 3136 3090 dicamus
3162 3038 3181 3067 ’
3208 3034 3355 3104 quod
3384 3036 3585 3089 frustra
3612 3045 3783 3101 nega.

474 3120 607 3177 bens
636 3120 829 3191 (Epist.
862 3120 953 3190 88)
982 3138 995 3174 :
1035 3140 1053 3172 ι
1093 3120 1476 3175 Detestandum
1506 3120 1662 3174 nobis
1687 3128 1772 3176 est
1818 3135 2072 3188 perseve-
2098 3135 2143 3197 ρ
2176 3126 2293 3191 stis,
2321 3134 2377 3180 et
2404 3125 2710 3181 orthodoxa
2760 3128 3107 3197 pronuntiata
3148 3135 3252 3192 est,
3294 3142 3461 3195 quam
3486 3127 3540 3181 in
3566 3134 3782 3181 tantum

475 3221 768 3280 ranterque
808 3211 1083 3266 vitandum
1116 3211 1258 3281 quod
1306 3211 1452 3266 fraus
1480 3211 1733 3266 haeretica
1762 3212 1951 3267 nititur
1977 3212 2077 3268 ob-

476 3303 670 3367 tinere,
700 3317 799 3357 nec
828 3302 882 3356 in
924 3302 1156 3371 aliquam
1184 3302 1635 3373 disceptationem
1684 3305 1773 3375 pie
1821 3313 1878 3359 et
1917 3305 2076 3375 plene

475 3394 695 3451 deﬁnita
724 3393 1022 3449 revocanda
1071 3402 1218 3462 sunt,
1266 3409 1334 3448 ne
1363 3394 1431 3448 ad
1472 3394 1753 3449 arbitrium
1793 3395 2075 3452 damnato-

475 3500 595 3543 rum
624 3485 725 3555 ipsi
754 3485 819 3538 de
846 3484 930 3539 his
956 3483 1235 3537 videamur
1266 3484 1538 3553 ambigere
1568 3499 1687 3553 qua:
1732 3485 2072 3541 manifestum

477 3583 562 3631 est
590 3590 691 3644 per
716 3574 895 3629 omnia
943 3574 1277 3643 propheticis
1305 3581 1360 3628 et
1385 3574 1706 3641 evangelicis
1735 3583 1897 3645 atque
1941 3592 2075 3647 apo-

475 3666 683 3723 stolicis
712 3665 1120 3720 auctoritatibus
1148 3681 1467 3721 consonare.
1486 3665 1638 3722 Unde
1662 3667 1704 3721 si
1724 3668 1955 3738 quisunt
1981 3674 2074 3739 qui

480 3759 550 3813 ab
578 3758 660 3812 his
678 3771 798 3826 qua:
824 3756 1037 3812 coalitus
1078 3764 1207 3811 sunt
1255 3758 1545 3812 constituta
1577 3759 1920 3827 dissentiunt,
1961 3762 2074 3817 suis

477 3849 823 3921 opinionibus
850 3848 1245 3919 relinquantur,
1274 3858 1329 3903 et
1349 3849 1416 3903 ab
1438 3849 1645 3905 unitate
1675 3849 1929 3907 Ecclesia:
1951 3868 2072 3908 cum

476 3954 542 3995 ea
571 3954 731 4008 quam
755 3938 1032 4007 elegerunt
1058 3938 1414 4008 perversitate
1435 3939 1735 3995 discedant.
1761 3940 1897 3996 Nam
1918 3942 2070 3998 nullo

475 4029 636 4085 modo
666 4030 778 4084 ﬂeri
811 4037 985 4098 potest
1012 4037 1070 4083 ut
1098 4028 1190 4097 qui
1233 4027 1427 4084 divinis
1472 4029 1673 4085 audent
1701 4031 2072 4087 contradicere

474 4122 847 4187 sacramentis,
906 4121 1080 4190 aliqua
1126 4121 1281 4175 nobis
1333 4122 1715 4177 communione
1771 4123 2067 4195 socientur.

473 4211 683 4271 lactent
726 4229 785 4269 se
813 4215 868 4268 in
895 4214 976 4268 sui
1007 4213 1204 4283 eloquii
1236 4214 1490 4279 vanitate,
1522 4222 1578 4268 et
1619 4213 1687 4268 de
1726 4223 2071 4284 argumenta-

474 4310 680 4364 tionum
706 4324 924 4363 suarum
955 4309 1189 4364 versutia
1228 4323 1349 4376 quae
1393 4308 1607 4363 inimica
1638 4316 1721 4362 est
1762 4308 1907 4375 fidei,
1954 4309 2071 4377 glo-

473 4400 702 4455 rientur.
742 4398 908 4454 Nobis
949 4399 1127 4467 placet
1154 4399 1467 4467 apostolicis
1512 4398 1733 4452 obedire
1763 4401 2066 4468 praeceptis,

2178 3218 2448 3289 probastis
2490 3218 2655 3275 fuisse
2702 3218 3061 3273 damnandam
3090 3220 3130 3284 ³,
3161 3227 3225 3273 ut
3250 3234 3375 3274 sero
3415 3217 3483 3273 ad
3532 3226 3782 3276 nostram

2176 3310 2499 3364 sententiam
2530 3310 2819 3365 redeuntes
2867 3312 3030 3366 etiam
3070 3318 3191 3381 post
3218 3318 3435 3365 centum
3477 3308 3652 3364 ferme
3681 3323 3781 3361 an.

2176 3416 2296 3468 nos,
2327 3416 2435 3471 quo
2456 3417 2555 3456 vos
2588 3402 2655 3456 ab
2685 3402 2804 3470 ejus
2842 3403 3065 3457 crimine
3111 3403 3433 3472 purgaretis,
3468 3400 3780 3456 necessario

2175 3490 2742 3546 anathematizandum
2774 3507 2894 3547 esse
2936 3492 3180 3547 vidistis?
3217 3490 3286 3546 Et
3309 3507 3415 3545 non
3446 3492 3564 3545 hare
3585 3491 3777 3544 immeo

2174 3583 2280 3637 rito
2310 3582 2507 3637 dicent.
2538 3581 2779 3652 Namque
2802 3598 2925 3638 cum
2949 3584 3033 3637 isti
3058 3582 3293 3639 fautores
3315 3598 3524 3647 eorum,
3554 3598 3656 3638 nos
3682 3582 3775 3651 qui

2167 3671 2379 3741 judiccs
2427 3673 2479 3727 in
2508 3689 2671 3728 causa
2713 3690 2822 3729 non
2871 3674 3089 3742 fuimus,
3121 3691 3218 3745 per
3262 3674 3773 3729 condemnationem

2174 3764 2335 3832 hujus
2373 3764 2618 3834 epistolae
2664 3780 2696 3820 a
2744 3765 3069 3822 Nestoriano
3115 3767 3341 3822 crimine
3391 3766 3771 3835 judicaverunt

2174 3872 2294 3912 esse
2334 3858 2667 3927 purgandos,
2710 3866 3109 3929 consequenter
3145 3859 3266 3913 illos
3306 3856 3517 3923 Patres,
3546 3858 3601 3912 iu
3637 3872 3771 3926 quo-

2172 3964 2292 4004 rum
2325 3949 2563 4005 discussa
2579 3951 2809 4020 judicio,
2839 3967 2948 4005 non
2978 3951 3337 4007 condemnata
3359 3959 3464 4017 est,
3490 3950 3558 4004 ab
3579 3949 3768 4006 eodem

2173 4041 2398 4097 crimine
2420 4043 2801 4111 judicaverunt
2827 4060 2937 4098 non
2962 4059 3081 4099 esse
3102 4043 3427 4113 purgandos.
3454 4040 3596 4098 Ecce
3611 4042 3766 4111 quale

2173 4131 2537 4202 prtejudicium
2588 4134 2743 4189 nobis
2786 4134 3112 4203 qumsierunt
3140 4134 3430 4190 inducere:
3482 4147 3614 4188 ecce
3641 4147 3764 4201 quo-

2172 4222 2334 4277 modo
2359 4223 2647 4278 voluerunt
2674 4224 2930 4279 adversus
2952 4222 3249 4278 Ecclesiam
3278 4224 3655 4278 haereticorum
3678 4237 3767 4277 ca-

2171 4315 2402 4370 lumnias
2421 4318 2682 4374 roborare
2716 4318 2844 4387 :qui
2891 4334 3000 4373 non
3030 4319 3205 4374 solum
3244 4318 3391 4373 beati
3430 4317 3649 4385 Leonis,
3674 4332 3769 4372 ve-

2172 4422 2290 4460 rum
2320 4409 2482 4463 etiam
2508 4409 2613 4463 illis
2649 4410 2892 4465 conciliis
2914 4419 2938 4447 ⁸
2969 4419 3238 4465 tantorum
3268 4410 3648 4480 episcoporum
3679 4409 3766 4465 vel

475 4490 815 4545 dicentibus:
877 4489 1057 4542 Videte
1100 4505 1165 4542 ne
1191 4490 1303 4560 quis
1332 4505 1418 4541 vos
1447 4488 1671 4557 decipiat
1710 4505 1804 4559 per
1840 4489 2071 4559 philoso-
2102 4503 2149 4560 ι)
2174 4500 2418 4568 epistolis
2454 4501 2475 4533 ⁸
2516 4502 2869 4573 refragantur,
2900 4502 2953 4557 in
3001 4504 3196 4571 quibus
3226 4502 3293 4556 de
3342 4510 3643 4556 memorata
3676 4517 3765 4572 sy.

474 4583 654 4653 phiam
673 4592 723 4633 et
744 4581 951 4635 inanem
973 4580 1318 4634 seductionem
1348 4580 1611 4633 hominum
1642 4577 1865 4648 (Coloss.
1901 4596 1956 4641 ll,
1992 4579 2070 4651 8).

474 4671 609 4726 Nam
638 4671 935 4727 secundum
966 4671 1213 4726 eumdem
1246 4671 1549 4741 apostolum
1604 4669 1747 4740 (Gal.
1779 4686 1837 4737 ιι,
1883 4670 1993 4741 18),
2025 4673 2073 4728 si

478 4776 601 4831 quae
630 4762 888 4826 destruxi,
912 4763 1026 4817 haec
1054 4762 1283 4831 aediﬁco,
1312 4762 1781 4831 praevaricatorem
1815 4778 1903 4818 me
1935 4779 2070 4820 con-

480 4853 670 4908 stituo.
702 4861 758 4907 et
784 4854 863 4909 eis
887 4869 974 4909 me
1000 4854 1266 4909 ultionum
1296 4853 1695 4910 conditionibus
1716 4855 1908 4923 subdo,
1936 4873 2074 4926 quas

550 5041 577 5070 ἰ
626 5027 895 5105 Omnium
920 5031 1171 5105 videlicet
1213 5032 1611 5105 provinciarum
1652 5034 1907 5100 Orientis,
1940 5050 2060 5103 quae

474 5099 672 5173 Leonis
699 5102 847 5173 imp.
875 5102 1025 5171 jussu
1066 5104 1120 5156 in
1165 5099 1398 5173 synodos
1426 5116 1645 5171 coactat,
1672 5105 1738 5161 de
1776 5099 2062 5160 Timetheo

474 5171 839 5247 Alesandriuo
878 5186 933 5226 et
966 5174 1032 5247 de
1061 5171 1267 5247 synodo
1291 5171 1738 5247 Chalcedonensi,
1766 5192 1927 5247 quam
1973 5176 2066 5230 Ti-

473 5242 1141 5313 motheani_respueban't,
1181 5245 1307 5313 quid
1346 5245 1610 5300 sentirent
1662 5242 1828 5300 Leoni
1867 5247 2063 5300 rescri-

472 5320 716 5383 pserunt,
747 5310 977 5368 Exstant
1002 5310 1330 5382 singularum
1365 5316 1606 5383 epistola
1628 5316 1681 5368 in
1715 5332 1876 5369 unum
1913 5315 2062 5370 codi-

473 5395 592 5435 cem
620 5380 876 5449 redactaz,
908 5392 1034 5454 post
1062 5380 1181 5439 ac‘a
1221 5380 1413 5456 synodi
1450 5384 1926 5449 Chalcedonensis,
1968 5385 2056 5444 uni

548 5555 560 5584 ³
604 5552 741 5608 Cod.
766 5554 990 5621 Veron.,
1022 5558 1188 5612 nobis.

544 5625 565 5655 ²
604 5622 750 5693 idem
782 5626 928 5693 cod.,
956 5644 1059 5681 non
1082 5629 1335 5680 dicamus.

545 5694 567 5723 ³
604 5691 750 5767 idem
780 5691 927 5759 cod.,
960 5709 1009 5750 et
1063 5696 1355 5751 orthodoxa
1406 5698 1741 5767 pronuntiatu
1791 5706 1884 5766 es',
1937 5706 2068 5751 rrrle

474 5764 791 5820 convincitur
818 5784 927 5821 esse
965 5768 1233 5833 (intimam.

2175 4591 2318 4646 nodo
2370 4593 2704 4660 interrogati,
2753 4593 2918 4648 Leoni
2965 4594 3194 4664 principi
3248 4593 3645 4664 responderunt
3678 4592 3763 4648 di-

2173 4690 2359 4737 centes
2393 4700 2406 4735 :
2440 4701 2458 4734 c
2495 4682 2679 4752 Neque
2718 4698 2881 4737 unum
2907 4684 3017 4738 iota
3044 4683 3129 4738 vel
3173 4698 3336 4737 unum
3384 4683 3593 4752 apicem
3638 4696 3763 4750 pos~

2174 4786 2359 4826 sumus
2399 4779 2493 4826 aut
2537 4788 2883 4827 commovere
2922 4780 3017 4827 aut
3044 4781 3377 4828 commutare
3415 4788 3604 4828 eorum
3648 4786 3763 4842 qua

2176 4861 2322 4931 apud
2362 4861 2509 4916 illam
2536 4860 2764 4917 difﬂnita
2786 4869 2913 4917 sunt
2943 4880 2957 4915 :
2996 4880 3016 4915 ι
3072 4869 3129 4915 et
3156 4862 3351 4916 iterum
3380 4879 3393 4915 :
3423 4880 3443 4913 ι
3498 4860 3762 4928 Quoniam

2172 5040 2341 5118 codex_
2365 5043 2638 5118 encyclius
2659 5044 2854 5118 dicitur
2880 5046 3018 5117 apud
3042 5044 3447 5110 Cassiodorum,
3480 5048 3634 5118 cujus
3677 5065 3758 5103 ro-

2170 5113 2378 5190 ga_tu_in
2410 5113 2652 5190 Latinam
2684 5113 2928 5184 linguam
2953 5133 3243 5190 conversus
3263 5127 3347 5190 est
3367 5120 3435 5190 ab
3461 5113 3758 5190 Epiphania

2170 5181 2517 5238 scholastico.
2561 5184 2690 5249 Quae
2717 5181 2847 5241 vero
2888 5203 2916 5241 a
2956 5187 3209 5243 Facundo
3260 5181 3580 5253 laudantur;
3598 5190 3759 5244 verba

2170 5254 2511 5328 suntpartim
2542 5253 2841 5328 Provinciae
2869 5256 3095 5324 Europa:
3133 5276 3283 5313 num.
3321 5258 3409 5321 27,
3448 5262 3641 5328 partim
3675 5258 3755 5312 Sc-

2168 5319 2404 5376 bastiani
2428 5324 2668 5394 episcopi
2699 5325 2985 5383 Beroensis
3015 5319 3255 5384 Thracia:
3281 5329 3342 5386 ll.
3378 5319 3527 5385 nu'm.
3557 5330 3645 5384 30.

2249 5558 2271 5637 ξ
2310 5562 2453 5637 .dem
2470 5563 2632 5637 cod.,
2675 5564 2780 5619 illis
2819 5568 3062 5636 encyclits
3109 5574 3369 5620 lautorum
3403 5569 3747 5637 episcoporum

2174 5631 2427 5711 epistolis.
2469 5631 2796 5711 Memoratas
2823 5631 3078 5711 epistolas
3120 5636 3187 5691 ab
3223 5638 3373 5711 omni
3422 5631 3742 5711 tetroianti-

2173 5702 2379 5823 (vitate
2399 5712 2618 5757 vocatas
2655 5702 2817 5761 fuisse
2856 5702 3114 5779 encyclia,
3158 5708 3390 5763 ostendit
3428 5707 3670 5764 Baluzins
3698 5710 3743 5764 in

2178 5809 2195 5823 .
2237 5789 2329 5823 ora
2360 5770 2572 5823 Collect.
2600 5776 2784 5823 consil.
3054 5778 3061 5784 '

2178 5770 2329 5827 Nora
2360 5770 2572 5830 Collect.
2600 5776 2784 5830 roucil.
2956 5770 2975 5779 ⁷
3054 5778 3061 5784 ’
