4070 6352
328 268 433 331 577

1222 271 1358 329 PRO
1387 270 1804 329 DEFENSIO‘NE
1833 269 2052 328 TRIUM
2093 270 2410 328 CAPITUL.
2452 271 2583 330 LIB.
2623 273 2687 329 ll.

3509 280 3620 342 57B

324 388 467 443 sicut
499 384 603 443 soli
648 386 781 443 nihil
807 388 986 445 minus
1022 398 1105 446 es:
1152 389 1221 445 ad
1251 388 1755 453 demonstrandum,
1794 390 1919 459 quia
1952 392 1997 452 Ᾱ
2026 403 2161 455 rem,
2198 405 2306 445 non
2335 391 2487 461 quasi
2506 391 2683 447 dubiis
2706 392 2760 446 in
2782 394 3165 463 quaestionibus
3192 401 3571 466 exspectamus
3593 398 3620 433 ⁸

322 478 405 534 sol
432 485 522 534 est
549 494 563 532 :
589 478 667 534 sic
692 488 747 533 et
782 494 1009 549 magum,
1050 490 1109 537 et
1160 490 1381 546 sanctae,
1427 489 1483 536 et
1523 481 1812 536 universali
1839 496 1928 553 sy-

323 567 470 622 nodo
501 565 950 636 Chalcedonensi,
1002 571 1182 625 minus
1215 570 1434 639 quidem
1488 570 1754 624 bonorum
1795 569 1926 624 nihil

321 657 549 711 omnino
577 664 680 722 est,
706 673 880 727 neque
908 659 1279 715 additamento
1326 660 1508 729 aliquo
1536 670 1683 729 eget,
1744 676 1925 731 neque

320 745 688 813 detractione,
718 749 787 801 ab
830 746 1039 818 Spiritu
1068 759 1257 805 sancto
1291 751 1455 805 veluti
1478 750 1660 805 divino
1689 751 1924 820 quodam

320 836 439 890 sale
478 836 714 891 condita.
747 836 960 893 Etenim
987 841 1078 909 qui
1108 841 1163 895 in
1194 855 1258 896 ea
1289 849 1415 896 tunc
1442 842 1459 872 ⁸
1500 841 1741 895 damnati
1778 850 1921 907 sunt,

318 925 532 997 indigni
559 927 909 986 sacerdotalis
936 931 1140 987 ordinis
1161 930 1406 999 judicati,
1443 932 1664 987 decreto
1690 947 1755 987 ac
1779 932 1922 1001 judi-

320 1023 409 1077 cio
444 1022 626 1091 magni
652 1021 766 1086 Dei,
817 1024 965 1079 velut
1020 1025 1167 1096 impii
1225 1025 1569 1081 condemnati
1614 1034 1759 1081 sunt.
1818 1026 1923 1091 Qui

320 1127 456 1168 vero
496 1113 551 1168 in
571 1128 636 1169 ea
681 1115 884 1185 recepti
911 1124 1054 1181 sunt,
1097 1114 1350 1185 injustam
1379 1123 1433 1170 et
1463 1116 1798 1186 tyrannicam
1827 1131 1923 1169 an-

324 1215 413 1259 tea
438 1206 763 1261 sustinentes
790 1208 1217 1278 inscriptionem,
1243 1207 1527 1264 confestim
1558 1208 1784 1263 decreto
1807 1207 1925 1279 Spi-

323 1298 465 1352 ritus
502 1299 675 1355 sancti
691 1298 837 1368 juste
887 1301 1123 1371 suscepti
1175 1308 1347 1356 sunt:
1394 1301 1447 1355 in
1495 1300 1689 1369 quibus
1735 1308 1818 1355 est
1870 1307 1925 1354 et

324 1396 635 1443 nostrorum
675 1398 980 1461 temporum
1019 1391 1285 1447 secundus
1318 1391 1471 1457 Abel,
1497 1392 1687 1447 beatus
1709 1391 1921 1446 Flavia-

324 1491 447 1532 nus.
494 1496 515 1530 ι
576 1477 769 1534 Dicunt
811 1488 867 1535 et
919 1481 1023 1535 alia
1070 1482 1261 1548 multa,
1313 1496 1435 1551 qure
1489 1497 1923 1538 commemorare

325 1568 642 1639 perlongum
663 1579 765 1626 est.
796 1572 1080 1638 Quomodo
1107 1575 1269 1643 igitur
1282 1575 1665 1630 hmreticorum
1693 1575 1924 1644 compli-

325 1674 417 1715 ces
453 1662 764 1731 recipimus,
817 1680 957 1720 nova
986 1675 1042 1721 et
1085 1669 1355 1723 contraria
1382 1668 1761 1735 decernentes,
1802 1676 1924 1721 tan-

2022 480 2279 550 judicem,
2306 481 2401 536 sed
2423 483 2735 538 certissima:
2762 485 3206 554 transgressionis
3242 496 3622 557 exspectemus

2030 572 2259 625 ultorem
2283 574 2306 625 ?
2332 571 2425 626 illa
2465 574 2664 643 quippe
2712 576 2997 645 multiplex
3023 587 3078 632 et
3117 587 3301 647 aperta
3328 578 3621 647 prohibitio

2025 660 2326 716 decessoris
2355 661 2491 729 ejus,
2522 663 2659 717 sicut
2687 665 3186 731 pnnvaricatoribus
3215 666 3416 720 crimen
3446 667 3617 734 auxit,

2027 753 2101 807 ita
2128 753 2262 807 nihil
2284 752 2598 822 cujusquam
2620 753 2824 822 judicio
2853 756 3158 824 dereliquit.
3190 757 3289 813 Cui
3318 759 3460 812 enim
3502 775 3620 813 ma-

2025 844 2106 913 gis
2136 844 2323 911 alteri,
2366 860 2527 915 quam
2551 844 2753 912 Leoni,
2785 846 2974 900 liceret
3004 863 3103 916 pro
3132 850 3292 902 tantis
3321 848 3617 916 laboribus,

2024 950 2159 1003 quos
2185 944 2407 1005 propter
2436 946 2786 990 memoratam
2809 937 3070 1007 synodum
3090 939 3619 1007 perseverantissima

2027 1025 2223 1079 virtute
2250 1026 2530 1090 sustinuit,
2574 1025 2774 1094 aliquid
2821 1025 2873 1079 in
2921 1026 3005 1079 his
3046 1042 3166 1095 qua:
3213 1027 3280 1081 ab
3309 1043 3372 1081 ea
3399 1029 3618 1082 decreta

2024 1122 2148 1168 sunt
2174 1116 2505 1169 retractare?
2541 1113 2647 1167 Sed
2676 1114 2817 1168 absit
2850 1123 2905 1167 ut
2933 1115 3023 1168 ille
3048 1116 3129 1168 vir
3168 1126 3385 1170 sanctus
3411 1116 3617 1171 licitum

2023 1203 2124 1257 sibi
2166 1211 2381 1272 putaret
2411 1202 2555 1271 quod
2582 1218 2690 1257 non
2731 1202 2986 1270 expedire
3024 1203 3299 1266 cernebat,
3346 1212 3401 1256 et
3440 1202 3620 1273 magni

2024 1294 2106 1348 sui
2149 1293 2459 1349 certaminis
2488 1292 2742 1362 palmam,
2793 1302 3074 1363 postquam
3126 1294 3275 1357 vicit,
3326 1294 3616 1347 amitteret.

2024 1384 2160 1451 Quid
2198 1385 2340 1439 enim
2386 1385 2499 1453 jam
2542 1385 2830 1452 integrum,
2871 1385 2957 1439 vel
2998 1384 3129 1453 quid
3171 1393 3421 1440 constare
3451 1384 3620 1453 possit

2024 1476 2330 1541 immobile,
2389 1476 2434 1532 si
2464 1477 2599 1530 tanti
2645 1476 2857 1530 concilii
2896 1476 3195 1543 sententia,
3237 1475 3319 1530 vel
3347 1476 3485 1530 sicut
3516 1476 3619 1529 im-

2026 1566 2258 1636 perfecta
2309 1567 2578 1637 suppleri,
2632 1566 2719 1621 vel
2766 1567 2906 1622 sicut
2956 1566 3117 1621 dubia
3164 1582 3375 1621 rursum
3425 1566 3619 1623 discuti

2024 1658 2346 1713 videretur?
2403 1658 2519 1714 Non
2585 1667 2768 1713 autem
2838 1659 2893 1713 in
2969 1660 3085 1714 sola
3152 1659 3274 1713 fidei
3329 1659 3619 1714 dubitatio-

324 1764 488 1817 quam
520 1752 698 1806 minus
745 1754 994 1822 religioni
1021 1758 1325 1812 consultum
1367 1757 1529 1813 fuerit
1569 1759 1622 1812 in
1674 1759 1757 1813 his
1804 1774 1922 1827 qua;
1954 1782 1998 1840 Β
2028 1765 2115 1815 ne,
2166 1751 2253 1805 vel
2292 1750 2314 1782 ⁸
2348 1749 2661 1805 deﬁnitione
2716 1752 3069 1806 conciliorum
3112 1751 3259 1805 valet
3302 1750 3617 1816 auctoritas,

324 1839 549 1895 deﬁnita
578 1851 704 1897 sunt
752 1844 820 1898 ab
873 1845 963 1900 illa
1015 1847 1245 1918 synodo,
1303 1864 1426 1903 cum
1482 1849 1689 1918 antiqui
1734 1847 1922 1905 Patres

324 1947 493 1986 unum
520 1933 634 1987 iota
685 1934 768 1988 vel
794 1951 958 1990 unum
1006 1938 1216 2007 apicem
1246 1954 1305 1993 se
1334 1939 1388 1993 in
1429 1939 1508 1995 eis
1547 1954 1766 1994 movere
1812 1956 1920 1993 non

242 2082 243 2085 η
325 2036 486 2091 posse
514 2025 899 2093 pronuntient?
946 2035 1044 2081 aut
1078 2028 1207 2096 quid
1253 2037 1505 2098 putamus
1532 2027 1780 2098 profecto
1818 2028 1920 2083 soli

320 2120 381 2167 et
400 2121 518 2169 toto
542 2115 742 2170 mundo
770 2117 1003 2173 radianti
1032 2118 1241 2184 deesse,
1288 2119 1435 2187 quod
1481 2119 1678 2173 debeat
1698 2120 1919 2174 istorum

326 2202 633 2273 adjectione
670 2208 944 2277 suppleri;
987 2209 1081 2278 qui
1109 2210 1249 2265 sicut
1291 2210 1708 2279 insuperabilem
1739 2211 1925 2280 splen-

325 2291 512 2347 dorem
535 2293 651 2362 ejus
679 2294 873 2350 frustra
902 2298 1195 2353 obscurare
1219 2307 1507 2366 conantur,
1539 2300 1611 2353 ita
1634 2300 1767 2354 nihil
1798 2317 1920 2371 pos-

325 2389 449 2437 sunt
474 2383 795 2453 plenitudini
835 2386 955 2456 ejus
980 2387 1251 2456 adjicere?

930 2497 1160 2555 CAPUT
1210 2498 1277 2554 VI

326 2582 481 2662 Quod
526 2590 725 2655 frustra
776 2589 955 2662 l'igilii
1010 2608 1160 2661 papa:
1199 2608 1499 2662 responsant
1546 2605 1839 2656 exspectare
1868 2611 1922 2648 se

395 2657 589 2720 dicunt,
618 2664 703 2727 qui
733 2676 771 2741 ιι
816 2657 1305 2718 Ιξιοηὶιάέεεειοώ
1332 2666 1414 2717 sui
1450 2665 1674 2734 vestigiis
1706 2668 1918 2719 minime

404 2743 698 2783 recessurus
725 2740 812 2785 sit.

394 2835 459 2891 Et
496 2839 670 2893 adhuc
693 2840 881 2896 dicunt
907 2842 1052 2911 quod
1080 2842 1148 2897 de
1199 2850 1347 2898 tanta
1379 2858 1475 2898 sua
1503 2845 1921 2914 praesumptione

322 2925 618 2983 Ecclesiam
704 2945 922 2999 quoque
986 2931 1286 2986 Romanam
1370 2934 1781 3001 consuluerint,
1864 2942 1921 2991 et

323 3034 471 3074 nunc
505 3021 825 3075 sententiam
865 3022 1010 3077 beati
1048 3022 1223 3091 Vigilii
1266 3025 1504 3094 praesulis
1558 3025 1676 3094 ejus
1722 3041 1919 3096 exspe-

324 3118 493 3164 ctent.
545 3110 622 3164 De
670 3126 779 3180 quo
834 3113 963 3181 quid
1017 3115 1256 3169 sentiant
1302 3114 1461 3184 hujus
1509 3117 1771 3185 temporis
1815 3118 1919 3172 ho-

323 3203 518 3268 mines,
554 3212 614 3257 ut
650 3219 775 3259 eum
806 3214 1013 3260 tantum
1058 3206 1212 3263 nefas
1240 3208 1464 3263 delinire
1509 3218 1915 3279 praesumerent,

323 3294 468 3362 quod
501 3294 569 3349 ab
598 3295 900 3353 intentione
929 3299 1075 3353 beati
1107 3297 1322 3366 Leonis,
1359 3301 1459 3356 sub
1494 3302 1658 3356 tantis
1683 3302 1799 3371 ejus
1826 3303 1921 3358 de-

322 3386 646 3450 cessoribus,
687 3402 793 3442 non
833 3388 900 3443 ad
938 3389 991 3444 id
1031 3399 1246 3461 tempus
1286 3400 1549 3448 tentatum
1589 3404 1691 3460 est,
1730 3396 1920 3465 procul

324 3477 488 3531 dubio
509 3480 755 3547 intelligit
778 3488 835 3535 et
854 3481 968 3553 ipse
991 3484 1075 3536 vir
1102 3483 1355 3552 prudens.
1385 3486 1518 3540 Nam
1540 3487 1659 3555 quis
1682 3488 1786 3542 hoc
1813 3502 1919 3543 non

323 3566 587 3638 intelligat
629 3571 713 3624 vel
746 3570 1100 3639 imprudens?
1128 3572 1184 3629 Si
1232 3576 1398 3642 enim,
1435 3584 1494 3629 ut
1520 3576 1727 3642 dicunt,
1756 3578 1919 3632 etiam

323 3658 610 3713 consulere
640 3659 765 3714 hinc
798 3660 947 3715 illum
979 3663 1097 3717 ausi
1118 3672 1263 3732 sunt,
1294 3673 1350 3720 et
1377 3665 1492 3735 ejus
1520 3675 1840 3736 exspectant
1867 3668 1919 3723 in

326 3749 428 3804 hac
454 3765 616 3806 causa
635 3751 933 3821 judicium,
974 3768 1081 3808 non
1122 3755 1281 3811 video
1327 3756 1783 3824 quemadmodum
1806 3759 1919 3827 jam

324 3842 394 3895 ab
419 3841 498 3895 eis
526 3841 593 3896 de
617 3842 736 3912 ipso
766 3859 872 3899 non
895 3844 1057 3899 fuerit
1071 3845 1387 3915 judicatum.
1418 3847 1615 3903 Verum
1636 3850 1923 3919 experien-

325 3938 415 3986 tur
440 3944 699 4003 quantum
729 3936 853 3990 illos
903 3938 1139 4007 suspicio
1166 3954 1261 3993 sua
1293 3938 1559 3995 fefellerit.
1602 3940 1739 4007 Quia
1794 3942 1917 4009 ille,

329 4042 439 4081 non
471 4028 525 4082 in
554 4028 975 4085 destructionem
1018 4039 1258 4101 paternae
1284 4034 1594 4101 sententia},
1620 4033 1714 4088 sed
1739 4034 1920 4103 potius

326 4116 380 4171 in
430 4116 799 4174 defensionem
849 4128 1012 4189 atque
1049 4122 1306 4177 ultionem
1326 4163 1340 4187 ,
1374 4123 1600 4192 primam
1630 4125 1841 4193 accepit
1867 4132 1923 4179 et

326 4209 614 4263 maximam
638 4218 960 4279 potestatem
980 4220 1040 4279 ις
1064 4227 1163 4267 nec
1183 4213 1382 4281 aliquid
1405 4222 1593 4268 contra
1612 4215 1918 4277 veritatem,

324 4300 419 4355 sed
464 4315 564 4370 pro
604 4302 832 4357 veritate
879 4303 998 4373 plus
1044 4304 1256 4359 caeteris
1297 4305 1408 4359 suis
1447 4304 1922 4360 consacerdotibus

326 4398 524 4459 potest.
554 4390 755 4448 Paulus
782 4393 926 4448 enim
975 4394 1105 4450 dicit
1133 4395 1413 4465 apostolus
1439 4412 1452 4449 :
1484 4394 1610 4449 Non
1639 4398 1775 4449 enim
1802 4412 1924 4466 pos-

326 4502 499 4541 sumus
526 4487 721 4559 aliquid
747 4487 997 4542 adversus
1035 4489 1322 4556 ueritatem,
1352 4489 1444 4543 sed
1470 4506 1564 4560 pro
1595 4490 1808 4543 veritate
1831 4487 1921 4559 (II
1954 4535 1993 4560 η

326 4574 447 4632 Cor.
478 4592 592 4643 xm,
625 4576 703 4649 8).
733 4577 870 4644 Quid
911 4586 1096 4635 autem
1140 4580 1389 4636 relictum
1440 4589 1524 4636 est
1559 4580 1704 4650 quod
1733 4579 1801 4635 de
1828 4595 1921 4635 re-

326 4668 621 4738 sponsione
652 4668 884 4725 Romani
904 4669 1143 4740 episcopi
1170 4680 1408 4743 sperent,
1432 4687 1555 4727 cum
1583 4672 1659 4727 ita
1680 4672 1795 4741 jam
1819 4671 1922 4726 du-

326 4758 452 4813 dum
482 4760 771 4830 prazdictus
790 4762 1116 4818 venerabilis
1145 4761 1280 4832 Leo,
1297 4764 1706 4820 vehementibus
1731 4772 1787 4819 et
1805 4778 1928 4819 cre-

327 4848 440 4906 bris
468 4853 688 4908 omnino
717 4853 1002 4909 sententiis
1032 4870 1295 4911 coercens
1337 4856 1553 4912 illicitos
1580 4870 1764 4920 ausus,
1790 4855 1922 4910 insi-

326 4938 495 4997 diosis
532 4942 825 4999 urndenter
862 4945 1182 5011 occurrerit,
1213 4956 1273 5001 ut
1312 4962 1454 5002 nunc
1494 4946 1613 5001 eius
1640 4960 1921 5002 successo-

377 5187 389 5200 _
459 5116 631 5204 Quam
656 5125 1278 5251 principatuméjeneralis
1304 5128 1551 5183 Ecclesia:
1571 5126 1920 5210 di_xit.A.vitus

377 5204 647 5247 tennensxs
676 5211 728 5248 In
758 5199 987 5251 epistola
1044 5213 1075 5251 c
1102 5197 1408 5251 Svmtnachi
1438 5215 1591 5251 uana:
1622 5198 1822 5251 Iudicio
1850 5198 1920 5251 ad

325 5185 728 5248 Viennensis-in
758 5185 987 5265 epistola
1009 5185 1075 5252 tie
1102 5197 1408 5268 Symmachi
1438 5215 1591 5268 papa:
1615 5198 1822 5268 judicio
1850 5198 1920 5251 ad

323 5273 607 5316 senatores
641 5262 815 5321 Urbis.
842 5267 915 5321 De
935 5283 1003 5323 eo
1027 5279 1206 5322 autem
1228 5269 1375 5323 quod
1398 5269 1573 5323 Viailii
1597 5268 1918 5323 sententiam

801 5306 815 5320 .
842 5282 915 5321 ue
935 5283 1003 5323 80
1027 5282 1206 5322 autem
1228 5282 1375 5336 quoa
1403 5282 1573 5339 Vlgllll
1597 5282 1918 5325 sententiam

403 5438 417 5511 ξ
446 5434 593 5511 _C_od.
625 5437 851 5511 Veron.,
878 5441 1155 5494 semiudum
1182 5440 1402 5511 tempits.

400 5509 419 5581 ξ
446 5504 592 5581 idem
618 5510 769 5581 _cod.,
799 5520 1167 5581 exspectemus.

400 5576 421 5607 ³
451 5576 507 5631 1η
530 5578 720 5632 eodem
762 5576 1110 5635 cod.'desunt
1138 5596 1199 5635 ea
1239 5582 1401 5636 verba
1441 5581 1786 5645 dubitatione,
1819 5581 1913 5636 vel.

400 5647 420 5677 ⁸
450 5646 593 5703 idem
612 5648 762 5722 cnd.,
792 5651 909 5703 hinc
934 5647 1123 5705 Leonis
1151 5668 1331 5706 rursus
1362 5651 1543 5722 (forte,
1570 5652 1765 5721 verba).
1790 5651 1920 5722 Qum

327 5731 494 5790 porro
521 5719 685 5773 verba
712 5729 1030 5790 sequuntur,
1062 5722 1271 5775 lineolis
1299 5719 1558 5776 notantur
1584 5719 1746 5777 veluti
1779 5721 1918 5777 Leo-

326 5786 416 5845 nis
445 5789 500 5844 in
523 5797 717 5847 nostro
738 5786 923 5849 codice
954 5809 967 5845 :
1000 5786 1296 5862 eademque
1325 5792 1547 5849 totidem
1580 5793 1845 5850 habentur
1867 5793 1920 5847 iu

2023 1854 2212 1894 verum
2249 1840 2413 1894 etiam
2454 1840 2507 1894 in
2546 1841 2795 1895 omnibus
2836 1856 2955 1911 qua:
2984 1856 3083 1910 pro
3125 1842 3276 1910 pacis
3317 1850 3372 1895 et
3401 1841 3618 1896 unitatis

2023 1926 2385 1993 observantia,
2429 1928 2581 1997 cujus
2608 1930 2843 1983 maxima
2868 1931 3200 1999 sapientibus
3221 1947 3349 1986 cura
3374 1940 3473 1996 est,
3501 1947 3620 1986 mo-

2022 2014 2174 2071 deste
2196 2017 2269 2071 ibi
2287 2014 2485 2072 fuerint
2504 2033 2571 2072 ac
2593 2019 2728 2074 bene
2748 2022 3070 2089 composita.
3086 2019 3222 2076 llinc
3242 2034 3371 2088 ergo
3394 2020 3619 2075 rursus‘

2022 2123 2274 2176 agnosce,
2300 2109 2538 2176 Auguste
2564 2125 2627 2165 ac
2656 2111 2979 2166 venerabilis
3002 2113 3316 2181 imperator,
3362 2115 3413 2166 in
3440 2128 3616 2182 quau-

2024 2207 2135 2252 tum
2165 2199 2329 2253 totius
2356 2199 2541 2254 mundi
2582 2200 2888 2269 praesidium
2936 2200 3114 2255 divina
3161 2202 3234 2255 sis
3276 2201 3618 2281 Providentia

2023 2300 2383 2359 prmparatus;
2413 2299 2469 2344 et
2515 2292 2642 2360 quid
2673 2292 2858 2346 auxilii
2906 2293 3064 2347 matri
3098 2301 3200 2347 tua:
3230 2292 3481 2348 Ecclesia:
3526 2294 3618 2349 de-

2022 2381 2178 2447 beas,
2206 2397 2326 2450 qua:
2357 2391 2408 2438 te
2446 2382 2557 2438 lilio
2594 2385 2830 2439 maxime
2868 2384 3149 2452 gloriatur,
3192 2384 3447 2454 intellige.
3500 2384 3617 2441 Non

2022 2474 2286 2535 sinantur,
2317 2483 2505 2528 contra
2545 2473 2781 2529 dexterae
2820 2476 3205 2544 omnipotentis
3252 2476 3615 2546 triumphum,

2020 2564 2274 2618 redivivis
2294 2578 2579 2632 assurgere
2606 2566 2844 2620 motibus
2864 2567 3127 2621 exstincta
3154 2570 3469 2632 certamina,
3490 2582 3617 2638 pne.

2020 2655 2208 2709 sertim
2234 2670 2352 2709 cum
2386 2655 2437 2709 id
2464 2656 2732 2711 damnatis
2756 2656 2869 2726 jam
2891 2658 3087 2712 dudum
3120 2658 3494 2714 haereticorum
3522 2674 3617 2713 au-

2019 2746 2169 2801 sibus
2195 2750 2416 2803 omnino
2445 2764 2553 2803 non
2585 2749 2761 2814 liceat,
2795 2758 2850 2804 et
2872 2750 2960 2805 hic
2984 2750 3190 2805 fructus
3213 2752 3315 2822 piis
3344 2753 3616 2806 laboribus

2021 2840 2300 2905 debeatur,
2335 2849 2394 2893 ut
2415 2842 2591 2894 omnis
2614 2841 2863 2897 Ecclesia:
2885 2842 3162 2910 plenitudo
3184 2842 3235 2896 in
3261 2858 3372 2897 sua:
3395 2842 3617 2897 unitatis

2020 2930 2288 2985 soliditate
2309 2946 2497 2985 secura
2522 2940 2857 3000 permaneat,
2886 2933 3122 3002 nihilque
3145 2949 3366 3003 prorsus
3386 2934 3455 2988 de
3475 2934 3616 2987 bene

2019 3022 2333 3089 compositis
2362 3030 2708 3085 retractetur,
2751 3024 2876 3091 quia
2905 3024 3052 3093 prius
3083 3025 3349 3094 legitimas
3374 3025 3416 3090 ⁸,
3444 3033 3499 3079 et
3527 3024 3616 3079 di-

1967 3144 1986 3200 :
2022 3111 2217 3165 vinitus
2244 3111 2530 3180 inspiratas
2568 3113 2985 3168 constitutiones
3012 3114 3151 3168 velle
3172 3114 3483 3183 conﬂigere,
3507 3130 3616 3173 non

2025 3202 2237 3272 pacifici
2266 3213 2351 3258 est
2389 3205 2591 3273 animi,
2639 3207 2734 3260 sed
2776 3207 3019 3275 rebellis,
3051 3208 3264 3262 dicente
3302 3208 3562 3277 Apostolo
3597 3226 3612 3264 :

2035 3291 2213 3345 Verbis
2243 3294 2377 3346 enim
2408 3295 2718 3348 contendere
2747 3295 2817 3348 ad
2844 3297 2975 3350 nihil
3001 3307 3077 3350 est
3102 3298 3252 3365 utile,
3283 3300 3383 3351 nisi
3411 3298 3481 3350 ad
3506 3296 3617 3351 sub-

2022 3386 2303 3438 versionem
2329 3386 2648 3440 audientium
2671 3386 2725 3455 (I
2754 3386 2886 3443 Tim.
2918 3404 2956 3452 ι,
2991 3388 3103 3458 14).
3134 3388 3266 3443 Nam
3293 3390 3337 3445 si
3371 3390 3616 3445 humanis

2022 3478 2459 3545 persuasionibus
2487 3493 2702 3548 semper
2739 3481 3044 3551 disceptare
3074 3482 3143 3536 sit
3174 3482 3397 3537 liberum
3418 3524 3432 3549 ,
3475 3499 3619 3537 nun-

2023 3582 2181 3636 quam
2202 3569 2394 3625 deesse
2424 3578 2697 3638 poterunt,
2722 3571 2813 3641 qui
2842 3573 3054 3627 veritati
3076 3575 3309 3629 audeant
3332 3575 3615 3631 resultare.

2023 3658 2091 3713 Et
2118 3676 2305 3716 revera
2335 3663 2457 3730 quis
2505 3662 2607 3716 erit
2636 3664 3042 3718 contentionum
3072 3674 3238 3733 atque
3266 3668 3617 3721 certaminum

2024 3752 2161 3817 linis,
2211 3755 2255 3807 si
2285 3754 2352 3807 de
2382 3755 2463 3808 his
2492 3770 2611 3823 qua:
2658 3757 2823 3811 totius
2852 3756 3104 3812 Ecclesia:
3134 3759 3493 3813 consensione
3522 3758 3616 3813 lir‘

2023 3852 2167 3897 mata
2215 3852 2342 3898 sunt
2382 3846 2549 3900 semel
2581 3847 2792 3901 licuerit
2832 3849 2973 3903 ferre
3014 3848 3310 3917 judicium?
3337 3847 3446 3904 Cur
3472 3851 3617 3906 enim

2025 3950 2131 3989 non
2161 3951 2346 3990 rursus
2366 3944 2421 3989 et
2441 3935 2615 4005 ipsum
2639 3936 2899 4004 judicium
2926 3937 3230 4005 iudicetur?
3259 3937 3326 3991 Et
3345 3939 3468 3994 ideo
3491 3955 3616 4008 prus

2024 4023 2370 4079 dentissimus
2418 4026 2520 4093 vir,
2570 4026 2771 4079 nullam
2819 4028 3036 4097 penitus
3089 4028 3223 4082 dans
3273 4030 3616 4085 occasionem

2023 4116 2415 4182 quaerentibus,
2446 4116 2796 4169 denuntiabat
2827 4118 3014 4173 dicens
3058 4136 3071 4170 :
3118 4118 3255 4172 Nihil
3303 4135 3523 4188 prorsus
3551 4121 3617 4173 de

2023 4209 2163 4263 bene
2192 4207 2505 4275 compositis
2532 4216 2875 4262 retractetur.
2920 4208 3063 4276 Ergo
3088 4211 3131 4265 si
3174 4211 3327 4274 nihil,
3362 4227 3460 4265 nec
3490 4210 3617 4267 illud

2022 4298 2165 4368 quod
2186 4313 2407 4368 parvum
2452 4305 2672 4368 putatur
2696 4297 2928 4353 admisit.
2954 4300 3023 4354 Et
3050 4308 3227 4355 tamen
3265 4301 3350 4354 isti
3379 4301 3472 4370 qui
3502 4300 3613 4356 Ro-

2023 4407 2243 4446 manum
2282 4390 2583 4444 antistitem
2614 4390 2932 4461 impugnare
2972 4406 3132 4461 posse
3158 4392 3401 4463 praeclari
3430 4392 3620 4447 deces-

2022 4484 2163 4538 soris
2191 4482 2271 4537 sui
2291 4481 2611 4537 sententiam
2631 4490 2871 4552 sperant,
2894 4482 3195 4552 gloriantur
3214 4482 3540 4539 offensiones
3559 4498 3620 4539 se

2024 4576 2092 4631 de
2114 4576 2204 4631 illa
2243 4574 2450 4647 synodo
2477 4573 2781 4644 sustulisse,
2811 4575 3053 4631 dicentes
3080 4577 3223 4646 quod
3248 4593 3346 4647 pro
3373 4592 3437 4632 ea
3464 4577 3621 4634 nobis

2025 4664 2343 4738 Eutychiani
2365 4681 2579 4737 semper
2607 4668 3010 4724 communicare
3037 4669 3330 4734 noluerint,
3361 4669 3488 4739 quia
3523 4669 3569 4725 si
3600 4670 3625 4710 δ

2024 4759 2113 4813 vel
2141 4767 2288 4814 tanta
2318 4759 2405 4813 illa
2435 4758 2694 4829 synodus,
2738 4776 2843 4831 qua
2872 4762 3213 4816 numerosior
3240 4762 3344 4815 alia
3371 4777 3470 4831 pro
3506 4759 3627 4816 ﬁdei

2028 4849 2253 4904 veritate
2278 4863 2386 4904 non
2417 4846 2546 4914 fuit,
2577 4857 2687 4903 tam
2712 4848 2962 4905 diuturna
2998 4850 3412 4918 deliberatione,
3432 4848 3627 4903 stimus

2028 4942 2265 4998 lantibus
2306 4943 2468 4997 etiam
2501 4942 2875 4999 haereticorum
2913 4946 3459 5010 contradictionibus,
3510 4957 3627 5013 qua

2023 5133 2340 5194 exsiiectare
2387 5139 2445 5179 se
2500 5124 2718 5178 aiebant
2767 5122 3115 5194 damnatores
3149 5118 3312 5175 trium
3350 5116 3599 5187 capitulo

2022 5188 2165 5255 rum,
2197 5196 2348 5262 plura
2380 5196 2570 5249 iterum
2598 5194 2691 5248 lib.
2722 5209 2795 5258 tv,
2822 5204 2944 5260 cap.
2976 5188 3032 5244 3.

2100 5269 2127 5310 b
2156 5265 2340 5330 Forte,
2370 5266 2537 5337 quasi.

1950 5470 1953 5471 ν
2027 5441 2252 5499 epistola
2298 5440 2494 5494 Leonis
2540 5438 2611 5491 Μ.
2645 5438 2708 5492 ad
2735 5437 2972 5491 Leonem
3021 5435 3348 5504 Augustum,
3393 5451 3511 5505 quae
3540 5444 3622 5493 est

2030 5511 2132 5565 155
2161 5514 2210 5565 in
2235 5512 2468 5565 editione
2494 5509 2784 5575 Quesnellii
2812 5508 2994 5580 [quam
3022 5509 3164 5580 typis
3193 5521 3381 5580 rursus
3403 5508 3622 5580 excudi-

2030 5598 2147 5635 mus
2180 5580 2351 5651 (Eutr.
2369 5580 2427 5650 )],
2450 5595 2617 5648 usque
2639 5581 2704 5633 ad
2732 5576 2829 5631 illa'
2851 5576 3152 5649 verbm—riui
3175 5578 3374 5631 veritati
3397 5576 3620 5631 audeant

2029 5653 2302 5792 filiiﬁlii
2324 5719 2469 5792 cod,
2512 5729 2625 5790 post
2659 5719 2948 5792 legitimas;
2998 5719 3069 5776 ita
3112 5718 3274 5774 etiam
3307 5716 3356 5770 in
3402 5716 3618 5778 laudat:

2028 5784 2228 5849 Leonis
2250 5790 2500 5863 epistola.
