4070 6352
476 269 588 328 579

1588 252 1872 310 FACUNDI
1912 247 2120 303 EPISC.
2164 241 2672 298 HERMIANENSIS

3668 238 3764 294 539

478 387 710 443 maxime
735 383 909 439 solent
938 383 990 436 in
1013 379 1250 435 novitate
1280 384 1505 438 terrete,
1528 371 1818 442 quidquam
1849 375 2066 439 przeter-
2102 368 2141 426 Α
2173 371 2336 430 atque
2375 361 2616 428 arguisse
2664 365 3012 423 monstratur,
3064 357 3168 412 nisi
3221 358 3369 428 quod
3415 356 3702 414 referretur
3748 361 3768 391 ⁸

479 481 555 535 ire
608 479 844 549 potuerit
887 475 1237 542 negligenter,
1285 469 1370 523 vel
1417 467 1702 536 praedictus
1752 462 1894 525 Leo,
1945 475 2064 514 cum

477 569 640 623 toties
666 567 968 636 pulsaretur
995 579 1062 616 ex
1093 561 1172 614 his
1195 574 1314 628 qua:
1342 558 1410 612 ab
1447 572 1508 611 ea
1539 554 1830 610 constituta
1862 551 2075 604 fuerant

480 657 678 726 aliquid
711 665 1025 716 retractare,
1060 652 1230 705 nullas
1260 646 1565 717 hujusmodi
1598 647 1788 699 noxias
1814 643 2072 704 rationes,

481 747 822 802 verisimilem
843 745 1076 813 speciem
1104 739 1519 811 praetendentes,
1547 746 1602 790 et
1634 736 1865 797 audisse,
1899 741 1953 786 et
1975 733 2074 785 im—

483 837 665 892 mobili
703 837 966 904 gravitate
1003 831 1332 900 disposuisse
1369 827 1670 884 credendus
1697 832 1821 889 est;
1843 822 2076 893 pruden—

483 929 688 984 tissime
717 943 912 983 cavens
942 942 1010 980 ne
1039 926 1210 989 forte,
1229 923 1471 994 qualibet
1492 920 1781 975 occasione
1807 918 1955 970 aditu
1985 932 2081 985 pa-

486 1020 682 1074 tefacto
713 1019 850 1072 male
881 1017 1251 1086 pulsantibus,
1285 1016 1336 1068 in
1384 1013 1676 1067 Eeclesiam
1720 1011 1917 1065 Christi
1948 1009 2081 1062 insi-

487 1111 744 1164 diantium
788 1110 936 1162 furor
963 1109 1305 1176 irrumperet.‘
1357 1104 1522 1158 Porro
1573 1103 1627 1157 hi
1657 1103 1746 1171 qui
1778 1117 1938 1170 supra
1967 1115 2083 1152 mo-

488 1201 614 1253 dum
664 1207 790 1252 sunt
841 1199 1148 1266 diligentes,
1194 1196 1384 1250 nolunt
1428 1196 1541 1248 hare
1579 1193 1757 1247 omnia
1788 1189 2085 1261 prudentia:

492 1299 651 1359 atque
680 1289 903 1344 cautelze
934 1289 1104 1354 magis
1131 1302 1291 1355 quam
1319 1285 1652 1352 negligentia:
1674 1283 1953 1350 deputare.
1980 1280 2085 1334 Sed

492 1383 622 1450 quid
649 1382 882 1444 facient,
931 1380 1074 1448 quod
1118 1379 1294 1432 omnis
1322 1377 1590 1440 Ecclesia,
1624 1376 1731 1429 Deo
1763 1373 2082 1445 prtcstante,

495 1473 700 1541 positos
737 1470 836 1524 sibi
880 1479 1112 1523 mternos
1152 1467 1369 1521 Patrum
1409 1481 1628 1520 suorum
1677 1465 1934 1518 terminos
1981 1478 2086 1516 non

497 1563 728 1627 excedit,
751 1578 978 1629 quorum
999 1553 1236 1614 minulari
1261 1567 1481 1628 exoptat
1508 1557 1886 1623 negligentiam
1911 1554 2090 1624 potius

497 1667 658 1720 quam
711 1654 931 1705 istorum
973 1652 1261 1704 obscuram
1304 1649 1666 1716 diligentiam?
1692 1646 1859 1714 Cujus
1909 1654 2086 1699 autem

2179 452 2496 507 venerabilis
2525 451 2808 505 Anatolius
2839 458 2865 488 ι
2896 451 3532 521 Constantinopolitauus
3561 453 3766 521 episco-

2176 560 2277 612 pus
2298 544 2476 612 priore
2499 558 2660 611 Quam
2690 541 2953 597 Maximus
2975 542 3350 604 Antiochenus
3371 545 3495 599 loco
3517 545 3719 600 sedisse
3749 564 3761 599 :

2179 636 2470 705 quomodo,
2488 637 2529 690 si
2555 637 2691 690 hanc
2711 635 2815 690 lbze
2837 637 3146 705 epistolam,
3171 653 3290 706 qua:
3309 654 3432 693 cum
3456 639 3769 694 Nestoriana

2181 729 2374 782 dicitur
2401 728 2468 782 ad
2497 743 2713 781 causam
2746 712 2936 796 utique
2973 729 3173 784 dicitur
3201 729 3322 783 fidei
3367 729 3662 800 pertinere,
3697 731 3771 785 vel

2184 819 2290 873 tale
2317 818 2520 888 aliquid
2551 819 2695 887 quod
2726 819 2779 872 in
2823 819 2912 874 illa
2943 822 3148 890 synodo
3179 821 3464 874 recitatum
3494 835 3601 874 nec
3627 822 3775 874 dam-

2185 920 2366 964 natum
2391 919 2542 978 gesta
2565 911 2845 966 continent
2870 911 3312 966 anathematizari
3333 920 3426 964 aut
3450 911 3647 965 saltem
3676 910 3778 965 dis-

2185 1003 2293 1057 cuti
2362 1009 2658 1072 pateretur,
2709 1017 2816 1056 non
2889 1003 3237 1071 semetipsum
3311 1002 3780 1071 praevaricatorem

2185 1095 2558 1159 constitueret,
2591 1094 2913 1148 dubitationi
2941 1094 3231 1162 subjiciens
3258 1108 3378 1162 quae
3407 1108 3467 1146 se
3486 1093 3602 1161 jam
3633 1093 3779 1146 dixe-

2187 1199 2268 1243 rat
2295 1189 2670 1260 approbasse?
2701 1187 2766 1240 Et
2797 1189 3014 1253 idcirco,
3047 1188 3090 1241 si
3117 1189 3279 1240 etiam
3303 1187 3449 1240 nulla
3480 1187 3599 1254 ejus
3629 1186 3782 1240 inter-

2187 1282 2352 1335 dictio
2380 1280 2762 1350 praecessisset,
2790 1294 2962 1346 neque
2994 1278 3306 1347 imperatori
3346 1277 3516 1331 Leoni
3549 1293 3652 1346 pro
3671 1278 3779 1345 ipsa

2187 1372 2417 1426 concilio
2448 1370 2818 1440 responderet,
2851 1369 3107 1438 perfectio
3142 1370 3534 1423 incrementum
3555 1410 3570 1432 ,
3605 1377 3658 1421 et
3697 1369 3769 1420 ad

2185 1461 2474 1530 jectiouem
2517 1461 2794 1530 plenitudo
2839 1476 2943 1514 non
2995 1460 3210 1529 recipit,
3261 1460 3367 1514 hoc
3410 1459 3782 1514 tantummodo

2194 1561 2602 1622 provocaretur,
2635 1551 2856 1620 quodin
2887 1551 2991 1605 illis
3019 1552 3185 1618 gestis
3203 1551 3375 1606 solam
3404 1551 3785 1605 Constantino-

2193 1645 2416 1714 politani
2463 1645 2702 1714 episcopi
2734 1643 3201 1713 pmsumptionem
3247 1644 3503 1710 arguerit,
3545 1642 3785 1713 profecto

497 1743 726 1798 rationis
755 1744 904 1810 sequi
942 1741 1200 1810 judicium
1233 1741 1555 1806 debeamus,
1596 1740 1727 1792 satis
1759 1739 1810 1790 in
1839 1745 2090 1806 promptu
2124 1744 2168 1801 Β
2199 1737 2326 1790 nihil
2359 1737 2409 1789 in
2435 1736 2542 1800 eis,
2576 1735 2719 1804 quod
2753 1735 3127 1790 Ncstorianum
3157 1736 3303 1790 credi
3335 1736 3536 1804 possit.
3573 1750 3787 1789 succes-

499 1842 600 1887 est.
631 1832 821 1886 Utrum
853 1833 1075 1885 istorum
1106 1833 1195 1900 qui
1227 1839 1550 1900 putaverunt
1570 1831 1823 1898 quoniam
1853 1830 1900 1884 si
1922 1837 2093 1883 retra-

504 1931 748 1987 ctarent,
793 1923 901 1975 imo
934 1921 1418 1990 reprehenderent,
1480 1921 1694 1974 l‘atrnm
1745 1921 2090 1983 sententiam,

505 2011 759 2081 Acephali
787 2012 1248 2066 communicarent
1277 2010 1548 2076 Ecclesim,
1582 2011 1724 2078 quod
1755 2025 1862 2064 non
1893 2019 1975 2064 est
1997 2025 2093 2079 pe-

507 2105 649 2158 nitus
671 2104 1033 2167 subsecutum,
1059 2103 1201 2170 qnod
1223 2104 1383 2155 etiam
1413 2104 1457 2156 si
1488 2112 1824 2170 sequeretur,
1849 2117 1954 2156 non
1981 2112 2097 2156 erat

505 2193 946 2264 approbandum;
979 2209 1044 2246 an
1078 2194 1454 2262 sapientissimi
1486 2193 1704 2260 Leonis,
1732 2195 1844 2262 qui,
1874 2195 2010 2248 sicut
2037 2195 2090 2248 in

506 2286 627 2339 aliis
667 2284 882 2352 scriptis
913 2283 1030 2350 ejus
1059 2284 1382 2346 ostenditur,
1417 2284 1620 2336 nullum
1671 2299 1770 2353 per
1807 2285 1909 2338 hoc
1946 2283 2100 2338 colli-

508 2375 696 2431 deudis
726 2374 986 2429 Ecclesiis
1016 2374 1229 2427 modum
1262 2375 1417 2442 poni,
1465 2374 1559 2428 sed
1605 2375 1728 2428 data
1771 2375 1987 2429 licentia
2017 2391 2099 2430 re-

509 2467 761 2531 bellandi,
795 2465 1005 2520 dilatari
1036 2465 1204 2531 magis
1242 2479 1402 2532 quam
1432 2465 1597 2535 sopiri
1627 2467 1924 2521 certamina
1962 2482 2100 2537 pra:-

511 2557 672 2611 dixit?
701 2555 844 2625 quod
883 2555 1146 2610 veraciter
1189 2570 1310 2610 esse
1355 2555 1588 2620 dictum,
1637 2555 1870 2610 evidenti
1917 2571 2099 2612 rerum

513 2649 686 2709 exitu,
717 2648 846 2716 quin
885 2647 1064 2717 potius
1091 2646 1276 2711 exitio,
1308 2647 1708 2716 comprobatur.
1755 2647 1930 2702 Credo
1957 2649 2101 2718 quod

511 2742 675 2793 etiam
706 2737 1003 2792 tacentibus
1026 2736 1179 2790 nobis
1203 2744 1462 2805 appareat
1481 2737 1606 2806 quid
1630 2737 1790 2791 fuerit
1814 2738 2103 2794 Providen-

513 2829 599 2883 tiae
628 2828 841 2892 divina),
873 2828 999 2897 quid
1030 2827 1343 2882 temeritatis
1371 2828 1637 2882 humanm.
1671 2827 1727 2882 Si
1755 2845 1884 2884 vero
1905 2831 2103 2884 beatis-

513 2921 678 2975 simus
719 2919 857 2988 Leo,
903 2920 1148 2988 quamvis
1177 2920 1494 2974 recentioris
1520 2922 1536 2950 ί
1583 2921 1824 2985 concilii,
1868 2930 1923 2976 et
1957 2922 2102 2976 nulla

513 3023 638 3068 ante
687 3013 768 3067 sui
814 3013 1112 3068 decessoris
1140 3013 1439 3068 assertione
1467 3013 1694 3081 defensi,
1726 3014 2019 3084 quidquam
2050 3016 2101 3069 in

2195 1831 2331 1884 soris
2358 1829 2474 1898 ejus
2497 1829 2738 1884 relictum
2757 1829 2961 1897 judicio
2990 1829 3281 1884 videretur.
3311 1828 3580 1895 Quoniam
3612 1829 3653 1883 si
3683 1827 3790 1881 hze-

2196 1922 2423 1976 reticum
2461 1920 2662 1990 aliquid
2691 1920 3070 1988 continerent,
3111 1921 3255 1989 quod
3285 1921 3525 1974 delatum
3552 1919 3622 1973 ad
3653 1920 3791 1974 illius

2195 2012 2382 2083 synodi
2431 2011 2687 2080 judicium
2741 2025 2847 2063 non
2888 2011 3217 2064 inveniretur
3271 2025 3390 2063 esse
3427 2010 3742 2062 damnatum
3773 2044 3791 2073 ,

2200 2102 2310 2156 Leo
2338 2103 2440 2157 hoc
2464 2104 2612 2171 prius
2643 2101 3083 2171 reprehenderet,
3118 2116 3238 2155 cum
3264 2100 3330 2153 ad
3352 2099 3469 2168 ejus
3489 2099 3794 2153 deferretur

2199 2208 2447 2248 examen.
2478 2193 2628 2247 Unde
2660 2194 2704 2247 si
2737 2202 2988 2261 tanquam
3020 2191 3336 2245 Nestoriana
3376 2190 3541 2244 debet
3569 2191 3639 2242 ab
3676 2205 3795 2242 nino

2201 2286 2357 2339 nibus
2381 2284 2468 2337 illa
2493 2283 2718 2353 epistola
2746 2282 3114 2346 condemnari,
3145 2296 3264 2350 quae
3293 2281 3361 2334 ab
3389 2281 3794 2336 accusatoribus

2202 2377 2447 2446 Opposita
2485 2377 2588 2430 [bac
2619 2378 2873 2445 episc0po
2902 2374 3067 2443 gestis
3095 2373 3439 2444 synodalibus
3463 2372 3796 2436 continetur,

2204 2486 2309 2522 non
2357 2469 2467 2538 ipsa
2512 2478 2718 2522 tantum
2752 2467 3012 2537 synodus,
3045 2481 3230 2521 verum
3261 2466 3422 2519 etiam
3453 2463 3565 2517 Leo
3603 2461 3796 2533 prmsul

2203 2561 2510 2630 apostolicm
2540 2559 2682 2613 sedis
2707 2576 2736 2612 a
2763 2574 2871 2626 quo
2895 2558 3188 2628 approbata
3218 2566 3360 2621 sunt,
3393 2555 3585 2610 hmresi
3618 2555 3796 2608 Nesto-

2205 2653 2368 2705 rianae
2390 2649 2651 2703 cohibuit.
2677 2649 2776 2714 Qui
2803 2665 2908 2702 non
2939 2649 3054 2702 sola
3077 2647 3508 2702 consideratione
3530 2647 3796 2709 veritatis,

2205 2741 2301 2795 sed
2331 2741 2493 2794 etiam
2533 2739 2884 2808 pnrcedentis
2916 2737 3041 2793 facti
3072 2739 3151 2792 sui
3180 2745 3494 2806 argueretur
3522 2737 3795 2805 exemplo.

2204 2831 2337 2885 Nam
2377 2846 2498 2886 cum
2524 2831 2573 2884 ei
2614 2831 2802 2884 beatus
2841 2829 3126 2883 Flavianus
3169 2828 3798 2898 Constantinopolitanns

2205 2933 2355 2993 gesta
2383 2923 2667 2991 dirigeret,
2701 2921 2752 2974 in
2783 2922 2976 2989 quibus
3024 2920 3291 2991 Eutyches
3322 2920 3688 2989 interrogatus
3715 2935 3797 2974 re-

2208 3015 2424 3087 spondit
2451 3015 2636 3070 diceus
2666 3032 2678 3066 :
2717 3033 2736 3066 ‹
2768 3013 3044 3068 Confiteor
3067 3029 3132 3066 ex
3161 3013 3365 3067 duabus
3404 3013 3614 3065 naturis
3639 3010 3800 3068 fuisse

515 3103 950 3172 disceptationem
980 3118 1238 3158 revocare
1270 3119 1374 3158 non
1402 3119 1592 3174 passus
1618 3114 1718 3170 est,
1743 3105 2015 3174 quomodo
2037 3107 2104 3160 ah
2135 3112 2177 3174 (ζ
2208 3109 2494 3163 Dominum
2537 3116 2779 3162 nostrum
2827 3115 2952 3160 ante
2982 3105 3360 3159 adunationem
3380 3142 3395 3167 ,
3445 3111 3572 3173 post
3599 3104 3800 3159 aduna-

515 3193 596 3248 his
623 3193 856 3248 creditur
880 3201 1105 3261 quartus
1143 3196 1388 3249 decimus
1416 3210 1700 3250 successor
1727 3197 1842 3264 ejus
1883 3205 2102 3252 sanctus

518 3281 737 3349 Vigilius
762 3298 959 3336 novum
989 3298 1147 3351 posse
1173 3284 1662 3353 aliquidjudicam?
1688 3287 1983 3352 prmsertim
2011 3287 2102 3340 illo

517 3372 726 3425 dicente
757 3389 770 3423 :
811 3391 828 3422 ι
862 3371 1020 3435 Nam,
1066 3371 1360 3426 secundum
1392 3372 1736 3441 Apostolum,
1786 3375 1830 3428 si
1859 3390 1977 3444 qua:
2005 3375 2101 3430 de-

518 3463 686 3516 struxi
715 3462 826 3516 haec
851 3461 1080 3526 aedifico,
1111 3463 1582 3532 pnevaricatorem
1611 3481 1697 3521 me
1726 3469 2018 3536 constituo,
2051 3479 2107 3524 et

519 3552 596 3608 eis
623 3568 711 3606 me
743 3551 1004 3608 ultionum
1030 3554 1429 3611 conditionibus
1474 3556 1674 3624 subdo,
1705 3573 1839 3626 quas
1880 3576 1985 3614 non
2015 3576 2105 3616 so-

519 3645 626 3698 lum
656 3647 946 3700 auctoritas
967 3646 1137 3700 beata:
1158 3651 1428 3703 memoriae
1449 3651 1704 3722 principis
1725 3652 1987 3723 Martiani,
2012 3658 2106 3712 sed

521 3735 680 3790 etiam
708 3750 808 3802 ego
837 3752 955 3790 mea
982 3737 1295 3794 defensioue
1319 3743 1338 3771 ²
1367 3740 1570 3796 lirmavi
1590 3760 1604 3809 ;
1627 3763 1644 3794 ›
1673 3753 1728 3798 ut
1752 3755 1876 3815 pote
1897 3748 1988 3817 qui
2010 3764 2107 3803 no-

521 3835 671 3880 verat
702 3827 1013 3896 Apostolum
1062 3829 1166 3884 hoc
1193 3831 1390 3887 dixisse
1423 3851 1436 3886 :
1471 3834 1580 3888 Sed
1608 3836 1725 3890 licet
1759 3855 1851 3892 nos
1881 3849 1969 3892 aut
2011 3858 2106 3894 an-

521 3915 663 3985 gelus
691 3916 756 3968 de
785 3917 910 3971 caelo
937 3920 1253 3988 evangelizet
1282 3921 1421 3976 vobis
1450 3937 1638 3994 praeter
1665 3944 1819 3998 quam
1842 3933 2106 4001 evangeli-

521 4022 698 4059 zamus
740 4005 908 4069 vobis,
957 4010 1234 4072 anathema
1284 4014 1353 4065 sit
1402 4012 1542 4085 (Gal.
1577 4031 1625 4080 ι,
1670 4017 1747 4087 8).
1793 4019 1924 4073 Nam
1955 4023 2016 4086 si,
2053 4032 2109 4076 ut

521 4097 637 4165 ipse
665 4096 685 4126 ³
714 4098 903 4152 beatus
931 4096 1049 4154 Leo
1073 4099 1500 4158 Chalcedonensi
1541 4109 1791 4170 concilio,
1821 4120 2106 4179 postquam

521 4190 634 4260 ejus
655 4200 803 4259 gesta
832 4195 1088 4264 suscepit,
1114 4195 1391 4264 rescripsit
1417 4196 1440 4227 "‘
1465 4198 1650 4254 dicens
1681 4218 1692 4252 :
1731 4218 1751 4252 ε
1787 4200 1854 4255 Ει
1876 4202 2109 4258 fratri-na

521 4284 858 4348 universitas,
888 4295 944 4339 et
965 4287 1204 4340 omnium
1228 4287 1463 4342 fidelium
1485 4292 1645 4343 corda
1676 4305 2003 4358 cognoscant
2027 4311 2112 4349 me

521 4389 627 4431 non
656 4376 830 4430 solum
861 4391 957 4444 per
985 4376 1176 4430 fratres
1195 4380 1286 4445 qui
1309 4394 1488 4432 meam
1508 4381 1680 4434 vicem
1704 4386 1942 4437 exsecuti
1966 4394 2109 4444 sunt,

2210 3203 2409 3256 tionem
2436 3215 2569 3254 vero
2598 3214 2760 3252 unam
2813 3207 3059 3252 naturam
3087 3194 3378 3261 confiteor;
3411 3215 3429 3246 ι
3465 3195 3673 3250 relictis
3701 3193 3799 3248 εἰει

2206 3295 2328 3350 dem
2373 3296 2556 3363 gestis,
2591 3294 2732 3347 idem
2777 3292 2860 3344 vir
2897 3289 3332 3359 religiosissimus
3360 3297 3416 3344 et
3443 3285 3800 3357 prudentissi-

2208 3403 2324 3441 mus
2342 3386 2454 3441 Leo
2477 3392 2777 3440 memorato
2798 3383 3053 3437 Flaviano
3077 3382 3151 3434 ita
3175 3380 3420 3435 rescribit
3444 3378 3638 3449 (Episf.
3669 3377 3758 3445 η)
3783 3395 3798 3430 :

2214 3497 2231 3528 ι
2269 3476 2433 3530 Miror
2463 3482 2574 3528 tam
2603 3474 2892 3528 absurdam
2923 3482 3140 3540 tamque
3174 3485 3484 3540 perversam
3512 3469 3800 3539 professio-

2209 3584 2353 3638 nem,
2378 3568 2519 3622 nulla
2546 3565 2900 3637 judicantium
2924 3565 3293 3634 increpatione
3316 3564 3721 3635 reprehensam,
3747 3568 3798 3616 et

2209 3671 2512 3713 sermonem
2544 3655 2703 3710 nimis
2733 3655 3072 3722 insipientem
3117 3654 3189 3707 ita
3221 3653 3505 3718 emissum,
3527 3651 3686 3720 quasi
3719 3651 3802 3704 nia

2209 3747 2283 3801 hil
2314 3745 2628 3811 offenderet,
2654 3761 2772 3800 esse
2799 3743 3038 3798 auditum
3066 3762 3079 3796 :
3109 3759 3231 3797 cum
3255 3752 3362 3796 tam
3386 3743 3550 3812 impie
3575 3742 3799 3796 duarum

2214 3847 2526 3894 naturarum
2573 3846 2700 3891 ante
2743 3836 3125 3892 adunationem
3165 3835 3471 3903 unigenitus
3516 3833 3610 3888 Dei
3641 3833 3800 3890 Filius

2211 3930 2374 3985 fuisse
2396 3929 2628 3994 dicatur,
2661 3943 2822 3997 quam
2850 3927 3072 3993 nefarie,
3099 3937 3385 3998 postquam
3413 3927 3645 3981 Verbum
3671 3941 3796 3982 caro

2212 4023 2412 4078 factum
2443 4033 2543 4089 est,
2577 4031 2764 4076 natura
2795 4022 2848 4076 in
2897 4037 2964 4076 eo
3013 4020 3298 4089 singularis
3341 4021 3616 4074 asseritur.
3649 4018 3799 4085 Quod

2214 4135 2281 4173 ne
2321 4117 2588 4189 Eutyches
2616 4117 2736 4172 ideo
2769 4117 2852 4171 vel
2895 4125 3064 4184 recte,
3093 4115 3176 4169 vel
3209 4113 3584 4178 tolerabiliter,
3617 4112 3800 4168 existi-

2214 4217 2324 4263 met
2352 4208 2577 4271 dictum,
2608 4207 2735 4275 quia
2773 4206 2918 4260 nulla
2949 4213 3127 4259 vestra
3156 4213 3238 4260 est
3267 4204 3534 4259 sententia
3562 4201 3800 4258 confutaa

2218 4309 2347 4365 tum,
2374 4299 2680 4354 dilectionis
2705 4308 2806 4353 tum
2820 4297 3148 4365 diligentiam
3161 4309 3589 4360 commonemus,
3604 4293 3801 4349 charis-

2215 4393 2351 4446 sime
2373 4391 2561 4456 frater,
2588 4400 2645 4444 ut
2671 4391 2714 4444 si
2738 4405 2837 4461 per
2861 4388 3269 4457 inspirationem
3300 4384 3683 4441 misericordia:
3713 4382 3801 4438 Dei

521 4467 617 4520 sed
645 4469 808 4567 etiam
845 4472 1425 4576 per-approbationem
1446 4483 1717 4540 gestorum
1748 4479 2108 4549 synodalium,
2145 4520 2189 4576 υ
2217 4485 2280 4537 ad
2312 4483 2737 4540 satisfactionem
2760 4497 2920 4537 causa
2943 4480 3276 4552 perducitur,
3308 4478 3674 4549 imprudentia
3705 4477 3792 4531 ho-

523 4557 798 4624 propriam
847 4560 1001 4613 vobis
1054 4565 1480 4618 eon’m'iunicasse
1533 4570 1856 4622 sententiam
1911 4571 2101 4642 (Epist.

525 4643 650 4713 65);
687 4665 704 4697 ι
742 4661 841 4702 nec
864 4649 1153 4717 quidquam
1197 4652 1246 4704 iu
1279 4653 1478 4707 eisdem
1509 4657 1672 4724 gestis
1701 4660 2107 4729 reprehendisse

589 4894 624 4976 ,ι
663 4897 877 4976 ἱῃῐξιίιιιε
901 4889 1091 4968 εγω)Λί
1110 4890 1558 4975 Chacedonensis
1582 4909 1702 4965 post
1761 4909 1945 4968 egatos
1973 4904 2113 4958 sedis

528 4957 837 5027 ap'ostbl'icm
869 4957 1070 5027 primus
1102 4962 1330 5031 (“rejecto
1378 4957 1625 5020 nimirum
1659 4977 1712 5021 et
1741 4957 1960 5025 CXUCIUSO
1989 4957 2111 5028 Dio;

525 5043 681 5113 scoro
713 5031 1092 5109 Alexandrino,
1139 5050 1488 5113 (auulsi-ausa
1539 5039 1958 5109 disceptabatur)
1989 5061 2112 5113 pcr-

528 5103 1049 5182 Peluroldlttllll-l-ltlll'll‘
1099 5105 1488 5182 subscribitqnc
1533 5097 1842 5182 Anatiilius,
1886 5097 1952 5165 et’
1991 5097 2114 5182 post

527 5169 830 5250 Anatolium
876 5169 1571 5250 MaximusAntiochenus.
1625 5169 2111 5250 Netnpe'hunc'illc

529 5241 625 5320 sibi
653 5241 826 5292 locum
857 5243 1035 5320 deberi
1082 5246 1293 5298 volebat
1318 5263 1382 5298 cx
1411 5250 1631 5302 decreto
1657 5241 1788 5320 syno
1813 5259 1840 5304 ll
1883 5269 1916 5305 ll
1944 5268 2109 5320 gene-

529 5309 691 5388 ralis,
749 5327 865 5377 qua:
918 5314 1097 5366 sedem
1152 5309 1796 5388 Ctillblillliltltipttillilfaillll
1857 5309 2111 5377 Romana:

528 5386 826 5444 proxmmm
873 5393 1155 5438 statuerat.
1203 5386 1305 5440 Sed
1344 5386 1619 5443 decretum
1668 5393 1769 5445 hoc
1797 5392 1951 5446 sedes
1981 5410 2112 5449 auo-

603 5608 616 5637 ¹
650 5605 778 5661 Cod.
811 5607 1032 5677 Veron.,
1065 5615 1230 5668 adhuc
1264 5619 1528 5669 recentiori

601 5680 620 5707 ²
653 5678 792 5747 idem
815 5681 960 5747 (κυρίη
992 5689 1343 5740 consensione.

601 5747 620 5777 ³
649 5746 792 5803 Llcni
822 5746 967 5814 θοαί,
1000 5769 1113 5807 cum
1141 5755 1268 5825 ipse,
1299 5767 1392 5815 etc.

2219 4578 2375 4631 minis
2405 4577 2640 4646 imperiti
2662 4576 2825 4630 etiam
2857 4574 3052 4628 ab-hac
3082 4587 3270 4627 sensus
3308 4573 3389 4625 sui
3429 4578 3585 4640 peste
3612 4582 3805 4639 purge»

2219 4675 2324 4722 tur.
2361 4686 2381 4719 ι
2418 4667 2590 4720 Velim
2615 4667 2811 4736 itaque
2839 4665 3050 4730 instrui,
3079 4663 3207 4733 quid
3228 4671 3417 4718 contra
3446 4659 3802 4732 Eutychianot

2219 4909 2408 4962 stolica
2431 4925 2537 4963 non
2569 4911 2913 4976 agnoscebat,
2939 4917 2993 4962 ut
3019 4909 3250 4963 alienum
3283 4925 3311 4962 a
3338 4911 3545 4979 synoJo
3573 4909 3804 4968 Niczena,

2219 4994 2335 5044 qum
2364 4979 2653 5034 secundum
2687 4986 2861 5033 locum
2892 4983 3150 5047 episcopo
3180 4979 3564 5042 Alexandrino,
3601 4979 3803 5032 tertium

2222 5049 2559 5118 Antiorheuo
2592 5049 2862 5104 decernit:
2894 5051 3068 5115 Quare
3099 5049 3208 5102 Leo
3240 5049 3477 5117 pontifex
3505 5066 3625 5118 cum
3654 5065 3803 5118 syno-

2221 5117 2345 5189 dum
2369 5119 2856 5173 Chalcedoncnsem
2888 5122 3229 5189 approbaret,
3258 5120 3357 5172 hoc
3381 5130 3544 5188 caput
3576 5117 3802 5185 escepit,

2220 5187 2521 5258 fastumque
2552 5199 2606 5241 et
2634 5191 2888 5242 ambitum
2923 5187 3150 5242 Atiatolii
3177 5191 3354 5242 multis
3384 5187 3459 5242 ad
3483 5190 3804 5244 Marcianum

2220 5259 2545 5325 Augustum,
2579 5263 2642 5312 ad
2671 5262 2974 5314 Anatolium
3003 5278 3173 5329 ipsum
3205 5272 3258 5313 et
3288 5263 3348 5313 ad
3384 5259 3670 5312 Maximum
3708 5259 3803 5310 An-

2222 5330 2528 5440 litit'llt'til/tlll
2559 5333 2798 5385 euislolis
2838 5333 3128 5400 redarguit.
3165 5333 3279 5396 Qua
3310 5331 3373 5384 dc
3404 5344 3465 5385 re
3495 5332 3686 5384 iterum
3717 5329 3800 5382 lib.

2222 5415 2265 5440 V,
2301 5416 2397 5440 ("flzt
2460 5419 2480 5440 1.

2221 5415 2270 5460 ν,
2301 5416 2417 5467 cap.
2449 5415 2500 5453 lt.

2297 5634 2321 5666 ~"
2347 5629 2487 5702 idem
2521 5632 2663 5694 eod.,
2691 5634 3028 5702 rescripserit.

2301 5702 2321 5734 '
2346 5701 2489 5756 ldcm
2519 5704 2661 5770 cod.,
2695 5705 2829 5774 quod
2858 5705 2925 5757 ibi
2958 5705 3280 5775 relcgrretur.
