4070 6352
208 281 322 344 ⁷581

1145 280 1276 336 PRO
1316 278 1732 356 DEFENSIONE
1772 276 1990 333 TIilUM
2030 279 2345 368 CAPITUL.
2379 278 2502 335 LIB.
2549 280 2637 335 Ill.

3408 271 3516 340 sse

215 397 484 469 possimus
508 395 730 462 referre,
761 411 884 452 cum
915 396 1150 452 dixerint
1179 415 1192 449 :
1223 395 1329 451 Cur
1378 395 1484 450 Leo
1526 401 1725 451 vester.
1762 394 1813 446 in
1849 395 1891 454 Α
1923 393 2090 455 nefas,
2121 393 2262 462 quod
2307 393 2470 456 absit,
2519 391 2797 463 reliquerit
2835 394 3174 463 impunitum.
3223 395 3516 456 Confidunt

215 485 463 541 examine
485 494 762 554 gestorum
792 501 913 555 qua:
945 487 1086 558 apud
1111 487 1424 540 Flavianum
1455 495 1579 540 sunt
1609 485 1809 548 habita,

215 576 470 630 adversus
492 575 814 648 Eutychen),
847 578 984 632 sicut
1014 579 1236 648 putatis,
1261 578 1509 646 diligens,
1542 579 1593 630 in
1618 593 1816 646 appro-

215 667 435 722 batione
461 655 735 736 gestorum
780 668 970 739 synodi
1021 668 1514 736 Chalcedonensis,
1557 668 1818 722 adversus

216 759 523 815 Nestorium
555 762 833 830 negligens
876 763 1164 827 invenitur,
1197 773 1256 816 ut
1286 763 1657 817 Nestorianam
1701 761 1816 830 epi-

216 851 413 905 stolam
435 851 802 918 conﬁrmaret,
829 868 947 922 quae
969 853 1165 908 ibidem
1196 855 1527 921 continetur,
1559 854 1658 906 nisi
1691 853 1814 921 quia

211 945 493 998 contrario
522 943 754 998 Nestorii
798 955 1206 1014 prteoccupatus
1235 961 1439 1008 errore,
1472 944 1700 1015 Eutychi
1732 960 1818 998 re-

211 1034 486 1092 sistebat?
514 1035 646 1090 Nam
672 1051 777 1104 qua
805 1036 872 1090 de
901 1052 1066 1092 causa
1109 1037 1503 1107 professionem
1532 1037 1676 1105 ejus,
1711 1051 1815 1105 qua

210 1125 354 1178 dixit
389 1143 400 1177 :
443 1124 721 1180 Confiteor
749 1143 813 1181 ex
843 1127 1052 1182 duabus
1084 1129 1292 1182 naturis
1336 1128 1500 1182 fuisse
1533 1128 1816 1181 Dominum

215 1225 469 1268 nostrum
487 1223 613 1270 ante
635 1218 1038 1282 adunationem,
1059 1219 1125 1273 de
1146 1235 1250 1288 qua
1283 1221 1333 1272 in
1352 1219 1555 1287 judicio
1579 1219 1817 1273 Flaviani

215 1319 330 1360 non
358 1305 531 1360 fuerat
558 1317 858 1371 accusatus,
893 1310 1179 1364 absurdam
1211 1319 1367 1364 vocat
1407 1320 1570 1378 atque
1602 1326 1821 1380 perver-

216 1408 365 1458 sam,
413 1395 640 1464 eulpans
668 1397 811 1464 quod
852 1398 998 1452 nulla
1045 1400 1397 1466 judicantium
1451 1402 1820 1471 increpatione

223 1485 554 1553 reprehensa
586 1486 763 1551 fuerit,
798 1502 917 1556 qua:
956 1489 1056 1557 ipsi
1097 1490 1253 1544 nimis
1278 1491 1535 1560 insipiens
1565 1500 1619 1545 et
1656 1491 1818 1560 impia

226 1575 548 1630 ridebatur:
591 1577 964 1634 Nestorianam
1000 1597 1127 1636 vero
1158 1580 1463 1652 epistolam,
1497 1582 1563 1636 ad
1608 1584 1820 1638 concilii

218 1662 684 1723 Chalcedonensis
723 1684 950 1725 examen
988 1672 1056 1725 ab
1098 1675 1502 1728 accusatoribus
1530 1674 1635 1728 lbae
1671 1675 1822 1729 dela—

1919 483 2188 550 equidem,
2240 499 2346 536 non
2395 483 2532 536 bene
2579 485 2874 538 sentientes
2903 485 2968 540 de
3018 486 3327 543 obedientia
3350 498 3514 558 quam

1919 570 2134 625 Christo
2176 573 2411 635 debetis,
2460 580 2516 626 ct
2561 571 2851 627 devotione
2891 589 3051 642 quam
3099 577 3366 632 cxhibetis
3396 581 3514 648 ejus

1920 663 2190 726 Ecclesiis,
2218 663 2358 731 quod
2389 672 2576 716 contra
2606 663 2842 732 vigorem
2869 680 2932 719 ac
2949 665 3211 734 justitiam
3243 683 3514 727 canonum

1923 756 2136 810 defendi
2182 765 2401 826 queant.
2457 756 2650 810 Vermn
2681 758 2898 826 expedit
2939 759 3042 812 illis
3069 769 3311 816 metuere
3340 763 3517 830 potius

1923 867 1989 903 ne
2010 849 2230 902 forsitan
2256 849 2624 918 experiantur,
2650 849 2875 904 Domino
2893 860 3113 919 regente
3138 869 3232 908 cor
3257 865 3516 924 vestrum,

1922 943 2065 1012 quod
2098 958 2201 995 non
2247 943 2296 994 in
2346 943 2740 1011 patrocinium,
2791 945 2885 998 sed
2935 946 2988 999 in
3033 947 3289 1002 ultionem
3340 952 3519 1020 potius

1922 1033 2404 1101 transgressionum
2450 1043 2768 1104 potestatem
2813 1035 3044 1106 desuper
3077 1039 3337 1095 habeatis.
3368 1042 3522 1098 Desi-

1927 1134 2056 1177 nant
2084 1124 2262 1192 itaque
2292 1132 2642 1179 temeratorcs
2671 1135 2906 1196 pateram
2932 1130 3210 1183 sententire
3252 1130 3302 1184 in
3337 1133 3521 1189 nescio

1925 1230 2032 1284 quo
2062 1216 2196 1270 asilo
2227 1216 2519 1280 conlidere,
2553 1199 2804 1286 quod'eis
2832 1234 2938 1272 non
2972 1217 3230 1275 Romulus
3255 1220 3518 1278 Christia-

1925 1326 2045 1372 nus,
2093 1308 2245 1377 cujus
2271 1309 2359 1368 ille
2389 1307 2528 1363 Deus
2557 1318 2639 1362 est
2667 1317 2840 1380 pater,
2871 1311 2959 1379 qui
2990 1311 3250 1366 veraciter
3277 1312 3472 1368 dicitur
3502 1333 3518 1362 :

1928 1400 2183 1454 Dominus
2213 1402 2364 1469 [ortis
2411 1411 2458 1453 et
2507 1410 2712 1469 potens,
2759 1400 3012 1457 Dominus
3061 1415 3240 1474 potens
3287 1408 3341 1459 in
3387 1407 3522 1462 bello

1929 1491 2098 1562 (Psal.
2135 1509 2283 1555 χχιιι,
2317 1490 2392 1559 8),
2445 1491 2541 1546 sed
2584 1493 2754 1547 inanis
2795 1509 2889 1547 sua
2937 1496 3172 1565 suspicio
3219 1497 3519 1554 fabricavit.

1929 1583 2039 1638 Nec
2070 1584 2120 1638 in
2161 1584 2253 1638 tali
2303 1582 2446 1638 facto
2476 1583 2544 1638 de
2581 1593 2758 1638 vestra
2788 1588 3144 1642 consensione
3174 1600 3519 1658 praesumant,

1929 1675 2184 1742 quoniam
2214 1673 2366 1729 vobis
2393 1675 2708 1744 subreptum
2737 1684 2838 1738 est,
2872 1677 2925 1730 in
2948 1678 3190 1746 plurimis
3213 1680 3520 1748 reipublica‘:

221 1761 358 1818 tam,
395 1756 576 1825 ibique
601 1759 877 1825 reiectam,
909 1761 1218 1817 damnatam
1249 1781 1354 1819 non
1385 1766 1548 1821 fuisse
1569 1767 1820 1821 dissimu—
1860 1771 1898 1828 Β
1926 1763 2368 1832 dispositionibus
2395 1764 2696 1833 occupatis,
2728 1772 2786 1817 ut
2812 1769 3190 1822 consentiretis
3217 1769 3321 1824 hoc
3363 1769 3477 1824 ﬁeri
3503 1783 3518 1823 ε
3547 1799 3564 1811 ο

217 1843 321 1909 tat,
357 1862 517 1916 quam
548 1864 689 1904 nunc
718 1853 1238 1910 anathematizantes
1263 1857 1821 1912 anathematizandam

220 1936 336 1992 illic
365 1936 529 1996 fuisse
559 1941 841 1998 fatemini?
872 1944 1006 1999 Nam
1039 1948 1123 2001 vel
1153 1948 1216 2009 si,
1243 1950 1690 2016 quemadmodum
1723 1951 1824 2004 im-

217 2027 523 2096 prudenter
551 2033 805 2100 negastis,
841 2035 1146 2090 orthodoxa
1181 2039 1523 2105 pronuntiata
1554 2057 1658 2094 non
1683 2048 1826 2094 esset

218 2117 296 2171 ab
325 2118 694 2184 illo.concilio,
727 2124 970 2180 damnari
1001 2136 1179 2182 tamen
1209 2129 1410 2191 debuit,
1447 2146 1514 2185 ne
1541 2131 1821 2186 videretur

217 2210 601 2276 ignorantibus
641 2217 958 2285 approbata.
1003 2217 1138 2273 Cum
1186 2220 1346 2288 igitur
1397 2222 1687 2277 secundum
1732 2224 1828 2279 has

217 2298 508 2355 evidentes
537 2309 592 2356 et
620 2303 955 2360 inevitabiles
983 2308 1222 2364 rationes
1250 2311 1611 2368 damnationis
1637 2315 1828 2383 ‘hujus

221 2388 476 2456 epistola:
520 2399 724 2447 tantum
757 2395 900 2450 beati
933 2413 1148 2468 quoque
1177 2400 1374 2456 Leonis
1401 2404 1603 2459 crimen
1637 2421 1828 2461 neces-

225 2478 383 2531 sario
405 2491 783 2550 consequatur,
807 2487 932 2554 quid
963 2490 1031 2542 ab
1053 2490 1169 2545 istis
1191 2492 1256 2546 de
1277 2492 1473 2560 judicio
1499 2499 1828 2552 successoris

227 2584 260 2619 ιι
263 2568 360 2636 jus
388 2580 733 2639 exspectetur
762 2577 983 2645 ignoro,
1010 2580 1131 2648 nisi,
1163 2583 1305 2650 quod
1334 2583 1534 2640 dictum
1565 2589 1583 2618 ²
1612 2603 1829 2658 quoque

228 2661 422 2726 magni
444 2664 644 2718 erroris
673 2674 774 2730 est,
818 2677 872 2721 et
914 2669 1058 2737 quod
1087 2687 1359 2741 nunquam
1388 2689 1607 2744 sperare
1646 2690 1837 2748 potuc-

220 2758 360 2840 riint
388 2749 649 2817 haeretici,
693 2764 751 2808 ut
791 2772 912 2812 cum
958 2774 1150 2828 magna
1190 2771 1244 2816 et
1291 2765 1580 2821 universali
1629 2769 1834 2840 synodo

221 2835 663 2897 Chalcedonensi
706 2845 846 2900 idem
889 2849 1304 2921 gloriosissimus
1349 2865 1540 2910 auctor
1557 2835 1721 2928 atque
1748 2860 1837 2912 dc-

223 2932 420 2986 fcnsor
447 2933 563 3001 ejus
593 2933 704 2990 Leo
734 2937 1099 2995 damnaretur.
1134 2943 1241 2998 Sed
1268 2956 1469 3013 quanta
1497 2948 1839 3004 animadver-

224 3024 392 3081 sione
431 3025 502 3078 sit
545 3026 760 3094 dignum
791 3031 935 3099 quod
968 3033 1070 3088 hoc
1100 3051 1206 3090 non
1246 3045 1458 3092 tentare
1485 3049 1713 3107 tantum,
1745 3059 1837 3097 vc-

1929 1871 2049 1910 cum
2077 1856 2244 1909 multo
2273 1855 2502 1924 amplius
2532 1855 2656 1909 inde
2681 1871 2896 1925 quoque
2924 1857 3190 1926 plectendi
3220 1861 3344 1922 sint,
3379 1874 3526 1929 quoa

1932 1948 2176 2001 volentes
2199 1946 2414 2015 objecta
2444 1955 2636 2001 vestrae
2666 1962 2912 2016 persona:
2942 1949 3254 2018 impunitam
3287 1966 3408 2004 esse
3433 1965 3528 2006 cos

1934 2039 2228 2093 hibentiam
2257 2053 2419 2108 quam
2447 2039 2792 2108 praebuerunt
2819 2038 3104 2103 luereticis,
3137 2055 3242 2093 non
3272 2041 3524 2110 permise-

1936 2138 2062 2184 runt
2110 2129 2364 2184 insinuari
2405 2129 2557 2182 vobis
2585 2128 2805 2182 Patrum
2839 2128 3070 2185 decretis
3098 2145 3216 2184 esse
3258 2132 3529 2186 contraria

1931 2234 2050 2288 qua:
2091 2217 2316 2283 ﬁebant;
2373 2226 2432 2272 ut
2473 2234 2540 2273 eo
2569 2217 2751 2283 modo,
2798 2233 2896 2287 per
2939 2220 3317 2274 auctoritatem
3342 2228 3530 2275 vestrae

1932 2311 2326 2377 consensionis,
2345 2310 2502 2364 etiam
2527 2309 2724 2365 multos
2743 2310 2843 2364 sibi
2869 2312 3116 2365 conscios
3137 2319 3488 2380 aggregareut
3511 2327 3526 2363 :

1933 2410 1988 2456 et
2012 2402 2165 2471 quasi
2197 2400 2590 2454 multitudinem
2632 2410 2952 2469 sequeretur
2994 2403 3300 2472 impunitas,
3332 2417 3529 2457 secun-

1933 2495 2060 2548 dum
2087 2493 2230 2562 quod
2252 2493 2421 2547 visura
2453 2501 2537 2546 est
2565 2491 2780 2547 cuidam
2810 2493 3010 2558 dicere,
3046 2493 3304 2563 quidquid
3344 2493 3528 2547 multis

1934 2595 2193 2657 peccatur
2223 2586 2450 2640 inultum
2494 2593 2608 2648 est,
2641 2584 2818 2640 minus
2867 2586 3210 2640 attendentes
3242 2586 3386 2654 quod
3427 2568 3528 2639 nec

1937 2679 2118 2733 divino
2139 2678 2343 2744 judicio
2373 2677 2539 2746 possit
2567 2677 2909 2745 peccantium
2940 2677 3230 2731 multitudo
3251 2677 3526 2742 resistere,

1939 2785 2039 2824 nec
2080 2770 2316 2823 humano
2361 2783 2458 2836 per
2502 2765 2902 2820 multitudinem
2944 2768 3166 2821 illudere
3214 2766 3531 2821 temeritatis

1941 2867 2209 2914 auctores.
2246 2857 2376 2912 Nam
2426 2856 2606 2911 futuro
2645 2857 2879 2912 examini
2920 2858 3012 2912 Dei
3053 2857 3254 2911 relictis
3298 2857 3375 2910 eis
3413 2857 3528 2926 qui,

1939 2950 2026 3004 vel
2066 2949 2298 3003 factione
2347 2947 2560 3000 illorum
2599 2947 2832 3014 inducti,
2863 2947 2950 3002 vel
2975 2947 3327 3016 oppressione
3355 2947 3532 3002 coacti

1941 3051 2086 3110 sunt,
2121 3043 2357 3096 debitam
2392 3040 2716 3094 sententiam
2748 3039 2908 3093 iidem
2939 3040 3146 3094 factiosi
3177 3047 3534 3110 pratsumpto-

229 3130 356 3204 rum
389 3117 549 3170 etiam
580 3116 646 3171 de
675 3135 989 3176 successore
1034 3123 1152 3193 ejus
1180 3128 1294 3181 ausi
1333 3138 1458 3183 sunt
1495 3143 1827 3202 exspectare,
1861 3137 1906 3197 C
1937 3153 2025 3192 res
2052 3135 2354 3204 excipient,
2387 3141 2538 3186 tanto
2578 3132 2917 3199 graviorem,
2963 3139 3166 3200 quanto
3204 3131 3534 3202 plurioribus

227 3202 405 3272 ipsius
435 3205 852 3263 considerationi
899 3210 1242 3280 dimittimus,
1293 3233 1454 3287 quem
1507 3221 1673 3277 latere
1720 3241 1828 3279 non

231 3301 434 3365 potest,
467 3288 625 3363 quam
667 3298 901 3367 graviter
927 3301 1228 3360 offendatur
1257 3306 1522 3377 Ecclesia,
1549 3313 1593 3366 si
1624 3321 1828 3368 tantum

318 3477 331 3506 ¹
357 3473 492 3531 Cod.
529 3477 748 3543 Vcron.,
779 3480 1179 3540 damnationem.

555 3628 770 3637 .—

244 3623 552 3639 μ’...

1937 3233 2238 3287 obfuerunt.

2011 3497 2031 3527 ³
2059 3493 2202 3548 Idem
2234 3491 2380 3555 eod.,
2407 3489 2562 3545 dictu.

1394 3739 1739 3822 LIBER
1797 3738 2336 3821 TERTIUS.

772 3992 1002 4049 CAPUT
1027 3995 1314 4051 PRIMUM.

250 4101 688 4183 QundTneodo‘ri
709 4108 1278 4183 Mopsuesteniscripta
1307 4129 1420 4165 cum
1449 4113 1710 4177 denotant,
1752 4129 1836 4183 sy-

321 4181 441 4233 nodi
491 4180 921 4234 Chalcedonensis
971 4193 1018 4235 et
1065 4181 1252 4236 Leonis
1293 4200 1442 4253 popa:
1462 4184 1722 4254 judicium
1753 4180 1836 4237 re-

320 4253 650 4321 prehendunt.
713 4273 720 4279 υ
1312 4273 1313 4276 η

321 4365 498 4434 Exigit
521 4381 552 4420 a
593 4366 747 4421 nobis
777 4367 957 4436 operis
988 4381 1117 4422 cura
1161 4369 1397 4438 suscepti
1425 4375 1484 4422 ut
1508 4367 1652 4440 quod
1675 4383 1839 4439 supe-

251 4458 394 4514 riore
422 4458 560 4513 libro
577 4457 952 4513 demonstrare
964 4459 1245 4528 ccepimus,
1279 4459 1334 4512 in
1351 4459 1454 4514 isto
1471 4459 1842 4529 multipliciter

252 4549 600 4606 ostendamus
621 4591 635 4614 ,
668 4550 924 4617 quoniam
950 4550 1325 4606 haereticorum
1357 4552 1647 4622 complices
1670 4551 1846 4608 Theo-

252 4639 440 4693 dorum
458 4653 676 4709 quoque
698 4639 1136 4709 Mopsuestenum
1160 4641 1490 4710 episcopum,
1516 4641 1568 4694 in
1593 4639 1844 4696 Ecclesizc

253 4745 388 4800 pace
417 4729 725 4785 defunctum
758 4737 814 4785 et
842 4746 870 4784 a
901 4731 1100 4786 sanctis
1130 4729 1393 4797 Patribus,
1428 4732 1568 4787 sicut
1587 4731 1696 4801 jam
1727 4747 1844 4785 me-

256 4819 613 4884 moravimus,
657 4817 1034 4887 praedicatum,
1079 4821 1131 4873 in
1170 4819 1595 4874 destructionem
1638 4835 1846 4890 magna:

254 4911 453 4985 synodi
481 4911 934 4968 Chalcedonensis
963 4921 1122 4981 atque
1147 4913 1511 4967 institutorum
1535 4913 1678 4966 beati
1711 4912 1848 4967 Leo-

255 5004 362 5070 nis,
411 5003 741 5057 anathemati
787 5001 1155 5057 subdiderunt.
1196 5000 1263 5054 Et
1303 5003 1458 5071 quia,
1513 5008 1571 5056 ut
1612 5002 1663 5054 in
1693 5017 1846 5056 suum

257 5103 580 5148 consensum
631 5095 775 5148 leves
828 5092 991 5148 corde
1039 5101 1260 5162 possent
1311 5093 1614 5158 adducere,
1667 5093 1847 5148 dicunt

258 5191 475 5242 beatum
531 5187 786 5258 Cyrillum
840 5187 1017 5256 aliqua
1068 5186 1304 5254 ejusdem
1345 5185 1613 5240 Theodori
1651 5185 1848 5255 scripta

258 5277 530 5348 culpasse,
554 5279 658 5334 hoc
675 5294 890 5348 quoque
916 5279 1226 5347 probemus,
1246 5278 1388 5347 quod
1424 5278 1631 5332 etiamsi
1662 5294 1846 5332 verum

256 5371 324 5424 sit
349 5408 365 5433 ,
415 5377 603 5423 contra
635 5369 752 5437 ejns
780 5369 1104 5423 sententiam
1137 5367 1380 5429 fecerint,
1415 5367 1569 5436 cujus
1597 5367 1848 5437 exemplo

257 5461 731 5529 prmsumptionem
761 5475 911 5514 suam
932 5459 1162 5513 inaniter
1188 5471 1446 5513 excusare
1471 5465 1754 5511 conantur.
1780 5455 1850 5510 Ut

257 5549 710 5618 quemadmodum
727 5549 1003 5606 evidenter
1025 5555 1390 5620 apparuerunt
1413 5545 1558 5618 quod
1589 5543 1854 5602 fallaciter

332 5761 352 5790 ι
380 5754 514 5815 Cod.
547 5755 768 5822 \'eron.,
798 5753 1066 5809 indicium.

1938 4013 1999 4055 se
2024 3997 2388 4068 jactaverunt,
2423 3992 2492 4048 ob
2523 3991 2836 4060 injuriarum
2868 3989 2984 4058 ejus
3022 3990 3298 4059 detorem,
3328 3989 3536 4060 episto-

1937 4090 2046 4143 1am
2073 4085 2394 4142 venerabilis
2442 4084 2547 4138 Iba:
2594 4083 2898 4146 damnasse,
2951 4082 3023 4135 ita
3077 4098 3174 4135 suo
3224 4082 3542 4138 testimonio

1940 4178 2331 4234 convincantur
2355 4219 2368 4242 ,
2403 4184 2454 4229 et
2478 4176 2529 4227 in
2561 4171 2964 4227 damnationem
2995 4169 3262 4224 Theodori
3290 4179 3406 4238 ejus
3435 4172 3537 4224 im-

1941 4285 2205 4340 pugnasse
2223 4267 2504 4336 judicium.
2530 4263 2624 4320 Ubi
2650 4275 2827 4318 autem
2852 4262 3132 4317 docuimus
3156 4263 3408 4330 quoniam
3453 4264 3538 4319 vel

1945 4361 1990 4416 si
2019 4359 2265 4415 eamdem
2314 4356 2596 4426 epistolam
2652 4352 2888 4426 synodus
2931 4351 3384 4406 Chalcedonensis
3431 4367 3538 4406 non

1946 4438 2323 4522 premintiaret
2363 4448 2725 4504 orthodoxam
2750 4487 2764 4512 ,
2795 4444 3141 4499 nihilominus
3181 4443 3233 4498 in
3274 4443 3392 4512 ejus
3416 4459 3542 4499 eva-

1948 4543 2256 4598 ouationem
2301 4556 2400 4612 pro
2427 4539 2585 4594 laude
2617 4537 2886 4592 Theodori
2918 4537 3302 4598 damnaretur,
3338 4535 3409 4589 ibi
3439 4525 3560 4589 uti?

1949 4651 2055 4706 que
2099 4635 2257 4690 simul
2289 4643 2566 4689 ostensum
2599 4639 2682 4686 est
2723 4632 2895 4700 ipsum
2939 4643 3158 4698 quoque
3196 4627 3562 4706 Theodorum.

1949 4738 2236 4798 propterea
2282 4726 2445 4780 fuisse
2486 4724 2818 4779 damnatum.
2865 4719 3018 4775 Unde
3059 4731 3114 4774 et
3153 4718 3283 4774 illud
3327 4735 3546 4789 quoque

1953 4835 2173 4876 necesse
2201 4828 2284 4874 est
2312 4818 2485 4889 sequi,
2515 4815 2834 4885 quodetiam
2866 4813 2934 4868 de
2959 4811 3265 4882 supradicta
3317 4810 3566 4888 epistola.

1953 4908 2277 4963 venerabilis
2307 4908 2411 4961 ΙΙ)ίὲ
2449 4907 2559 4976 jam
2585 4905 2844 4968 diximus,
2878 4902 3132 4971 quoniam
3165 4901 3210 4955 si
3241 4899 3449 4954 dicatur
3480 4898 3547 4952 ad

1951 5001 2233 5054 veritatem
2267 5008 2427 5067 atque
2458 4997 2719 5066 judicium
2749 4997 2761 5025 ¹
2809 4994 3087 5049 catholicae
3120 4991 3241 5045 lidci
3276 4975 3569 5061 pertinere:
3631 4997 3637 5002 ’

1951 5093 2095 5162 quod
2116 5098 2418 5145 statuerunt
2447 5090 2562 5156 isti,
2597 5089 2837 5142 dicentes
2865 5104 2876 5139 :
2908 5105 2926 5136 (
2961 5085 3018 5140 Si
3050 5086 3166 5152 quis
3185 5100 3291 5137 non
3325 5081 3566 5164 anathe-s'

1951 5184 2171 5237 matizat
2200 5180 2541 5236 Theodorum
2598 5178 2938 5248 Mopsuestia:
2964 5220 2978 5244 ,
3022 5185 3076 5229 et
3120 5175 3237 5244 ejus
3267 5174 3566 5242 dogmata,‘

1951 5288 2152 5342 eosque
2172 5273 2262 5342 qui
2291 5279 2381 5326 aut
2403 5271 2592 5325 similia
2626 5271 2672 5324 ei
2707 5275 3022 5338 sapucrunt,
3055 5276 3148 5321 aut
3169 5266 3405 5335 sapiunt,
3425 5279 3546 5317 ana~
3565 5253 3572 5328 ξ

1953 5368 2130 5422 thema
2145 5367 2231 5432 sit,
2273 5386 2290 5418 ι
2326 5365 2414 5419 illa
2443 5363 2677 5435 synodus
2707 5360 2976 5416 catholica
3021 5375 3126 5414 non
3156 5358 3318 5412 fuisse
3361 5355 3546 5409 lirma-

1953 5458 2117 5524 bitur,
2147 5474 2266 5528 qua:
2298 5473 2403 5512 non
2427 5456 2575 5510 illum
2594 5452 2898 5518 damnavit,
2930 5466 3049 5504 cum
3081 5466 3147 5504 ex
3180 5449 3409 5518 epistola
3431 5461 3550 5502 mes

1956 5556 2167 5604 morata
2189 5547 2406 5605 recitari
2442 5544 2626 5600 laudes
2649 5541 2960 5608 dogmatum
2976 5537 3091 5607 ejus
3113 5537 3391 5633 audirekv
3396 5549 3549 5592 erum
