4070 6352
1631 238 1927 295 FACUNDI
1972 238 2187 296 EPISC.
2227 239 2738 298 HERMIANENSIS

3759 235 3863 301 584

568 371 669 413 nec
695 358 805 414 Leo
880 370 1108 413 ornanus
1149 359 1375 412 antistes
1402 354 1609 411 carebit
1638 356 1743 412 hoc
1765 355 1993 412 crimine
2018 374 2030 409 :
2062 356 2154 425 qui
2184 363 2228 417 Α
2258 356 2616 412 orthodoxam
2646 355 2912 428 synodum
2951 356 3162 423 facere,
3196 355 3568 427 cujuscunque
3594 362 3744 411 esset
3769 354 3861 409 illa

567 461 688 502 eum
727 456 877 517 gesta
930 448 1195 518 prredicta:
1222 448 1417 519 synodi
1457 462 1518 502 se
1554 447 1761 503 diceret
1796 449 2151 517 approbasse,

566 552 674 592 non
704 540 878 606 arguit
923 538 1066 607 quod
1110 538 1182 592 ibi
1216 538 1486 594 Theodori
1530 539 1715 596 laudes
1755 555 1859 593 non
1892 539 2157 593 invenerit

567 626 914 698 improbatas.
946 629 1060 685 Hoc
1089 640 1307 697 autem,
1338 632 1643 699 ubicunque
1670 632 1739 685 de
1770 632 1935 700 ipsius
1963 632 2153 703 synodi

567 720 984 788 reprehensione
1005 723 1408 789 eonquerimur,
1432 730 1651 791 oportet
1681 722 1982 789 advertere,
2014 737 2154 790 quo-

562 809 704 864 niam
730 825 838 864 non
868 811 985 865 sine
1017 811 1271 880 pmdicto
1302 811 1463 866 beato
1505 810 1687 866 Leone
1718 813 1984 881 culpatur.
2016 811 2155 878 Quid

563 900 723 955 etiam
754 900 923 966 illud,
957 902 1103 969 quod
1132 902 1201 957 de
1230 902 1389 957 modo
1419 902 1589 971 ipsius
1618 900 1766 965 facti,
1788 917 1897 970 quo
1926 902 2154 970 epistola

561 993 653 1048 illa
683 993 935 1048 damnata
966 1003 1067 1057 est,
1101 995 1445 1064 prudentium
1478 994 1673 1048 rationi
1703 993 2153 1049 considerandum

562 1084 962 1152 proposuimus,
990 1100 1167 1138 nonne
1197 1085 1249 1138 in
1274 1085 1953 1154 condemnationequoque
1977 1083 2156 1139 Theo-

560 1173 682 1227 dori
707 1174 870 1227 debet
897 1175 1133 1238 attendi,
1183 1176 1441 1245 quoniam
1472 1189 1571 1231 nec
1594 1176 1851 1231 adversus
1880 1192 1999 1230 eum
2021 1216 2037 1241 ,
2066 1177 2155 1232 vel

560 1265 604 1319 si
636 1265 811 1319 adhuc
829 1266 881 1319 in
906 1282 1141 1337 corpore
1153 1267 1396 1337 degeret,
1425 1278 1479 1323 et
1502 1254 1788 1324 haereticus
1811 1270 2151 1340 probaretur,

562 1356 691 1411 olim
731 1357 1054 1413 Nestoriano
1102 1374 1287 1414 errore
1316 1358 1574 1414 damnato
1601 1398 1617 1423 ,
1649 1360 1702 1413 in
1751 1376 1859 1430 quo
1893 1375 2155 1429 praeoccu-

560 1460 717 1523 patus
771 1450 933 1506 fuisse
971 1452 1202 1517 dicitur,
1256 1462 1365 1507 tam
1417 1454 1709 1507 multorum
1773 1454 2152 1523 episcoporum

558 1552 678 1599 erat
705 1546 720 1576 ¹
748 1546 912 1614 quaeri
947 1546 1292 1611 sententiam,
1327 1561 1445 1615 quae
1476 1561 1750 1614 nunquam
1782 1562 1880 1615 pro
1912 1555 2150 1601 veterum

556 1635 933 1694 hatreticorum
961 1637 1311 1693 damnatione
1334 1680 1348 1703 ,
1394 1638 1491 1693 sed
1520 1638 1810 1707 aliquando
1861 1654 1959 1707 pro
1988 1654 2153 1693 novo-

2257 448 2486 517 epistola
2514 492 2524 505 .
2558 464 2679 518 qua:
2718 446 2821 503 lbce
2853 456 3107 517 tanquam
3139 462 3235 502 sua
3264 455 3385 501 erat
3409 445 3647 515 objecta,
3680 452 3760 513 ut,
3787 444 3861 499 ad

2257 538 2649 594 removendam
2678 540 2895 610 penitus
2924 540 3285 607 suspicionem
3309 578 3325 603 ,
3355 545 3580 606 cogeret
3607 536 3860 592 eumdem

2256 630 2405 685 ibam
2435 630 2741 686 Nestorium
2776 632 3257 699 anathematizare,
3288 628 3444 698 cujus
3470 631 3522 684 in
3552 646 3622 684 eo
3654 629 3676 660 ³
3706 644 3862 684 men-

2259 721 2333 774 tio
2379 720 2520 775 facta
2586 731 2686 775 est.
2741 721 3024 788 Quomodo
3095 722 3257 790 igitur
3308 721 3568 791 praedicta
3620 719 3862 789 synodus

2256 808 2735 877 Chalcedonensis,
2766 813 2811 867 si
2852 827 2979 867 vere
3008 811 3312 866 orthodoxa
3362 810 3563 874 fuerat,
3594 818 3861 878 expetens

2256 902 2401 955 ibam
2450 903 2912 957 anathematizare
2958 901 3286 965 Nestorium,
3346 910 3403 955 et
3450 900 3569 967 ejus
3602 900 3859 966 dogmata

2256 1008 2375 1061 qua:
2405 1008 2511 1047 non
2543 993 2884 1056 laudaverat,
2912 1009 3019 1048 non
3046 992 3310 1062 expetivit
3339 998 3397 1045 ut
3418 991 3657 1044 maxime
3682 987 3862 1043 Theo-

2196 1076 2211 1093 ’
2256 1082 2446 1137 dorum
2478 1085 2495 1113 ⁵
2518 1084 3032 1149 anathematizaret;
3062 1098 3221 1153 quem
3252 1080 3503 1138 audierat
3528 1078 3673 1149 apud
3706 1093 3765 1133 se
3790 1091 3861 1133 ex

2256 1185 2555 1231 memorata
2587 1178 2815 1247 epistola
2861 1176 3074 1232 recitari
3119 1177 3337 1230 beatum
3369 1188 3683 1243 prmconem
3716 1169 3859 1224 veri-

2259 1267 2382 1323 tatis
2412 1311 2428 1335 ,
2459 1278 2513 1323 et
2552 1267 2830 1323 doctorem
2859 1267 3109 1323 Ecclesia:
3133 1309 3148 1334 ,
3181 1274 3236 1322 et
3262 1267 3317 1322 in
3346 1267 3583 1322 suavita
3610 1264 3859 1334 colaphi-

2256 1377 2407 1417 zasse
2431 1362 2718 1417 luereticos
2736 1376 2831 1431 per
2856 1362 3143 1415 veritatem
3165 1376 3275 1415 sua:
3305 1357 3450 1425 fidei,
3475 1368 3530 1412 et
3561 1366 3689 1427 post
3710 1372 3857 1410 mor-

2258 1458 2366 1504 tem
2396 1450 2656 1519 spiritalia
2687 1466 2834 1504 arma
2859 1451 2911 1504 in
2939 1450 3093 1505 libris
3121 1449 3359 1519 propriis
3391 1447 3653 1503 Ecciesiis
3686 1448 3708 1477 ⁵
3741 1446 3857 1499 reii-

2257 1545 2477 1612 quisse?
2504 1542 2587 1597 An
2610 1542 2948 1607 Theodorus,
2980 1542 3048 1597 de
3075 1542 3228 1610 cujus
3256 1540 3607 1611 blasphemiis
3647 1538 3856 1592 dixistis

2255 1634 2401 1700 quod
2423 1632 2625 1688 diaboli
2641 1633 3409 1701 transgredianturiusaniam,
3438 1640 3661 1700 propter
3679 1630 3855 1683 zelum

516 1768 529 1773 ο
556 1744 675 1783 rum
704 1728 1013 1783 exclusione
1054 1728 1153 1782 fuit
1195 1729 1499 1783 necessaria
1527 1771 1543 1796 ,
1583 1730 1628 1784 si
1670 1738 1845 1784 tamen
1888 1729 2150 1783 admoniti
2186 1754 2231 1813 Β
2260 1725 2374 1791 Dei,
2396 1726 2537 1781 sicut
2568 1728 2588 1757 ‘
2607 1727 2865 1796 scriptum
2891 1735 2995 1792 est,
3028 1742 3135 1781 non
3156 1725 3331 1781 solum
3363 1724 3644 1796 propriam
3675 1722 3855 1776 civita-

555 1826 735 1875 errata
767 1819 1041 1887 corrigere
1069 1818 1483 1888 despexissent?
1513 1819 1639 1875 ideo
1665 1836 1796 1875 vero
1826 1836 1967 1874 nunc
1995 1835 2142 1888 quae-

553 1908 761 1963 sierunt
807 1908 1184 1963 haereticorum
1216 1907 1456 1964 fautores
1496 1911 1563 1964 ab
1593 1910 1885 1965 universali
1910 1908 2146 1965 Ecclesia

554 2000 868 2068 magistrum
897 1998 1128 2055 Nestorii
1161 2002 1500 2071 pronuntiari
1532 2001 1911 2068 Theodorum;
1938 2011 1994 2055 ut
2023 2002 2148 2071 quia

552 2088 711 2146 facile
732 2098 1034 2146 monstrare
1063 2101 1311 2161 possunt,
1347 2108 1453 2147 non
1482 2093 1658 2148 solum
1682 2093 1962 2165 epistolam
1987 2108 2151 2148 vene-

551 2181 739 2238 rabilis
763 2181 886 2244 lbze,
917 2183 1103 2238 laudes
1128 2184 1244 2253 ejus
1264 2185 1656 2249 continentem,
1686 2200 1717 2237 a
1746 2184 1977 2256 synodo,
2003 2185 2149 2255 quod

549 2272 686 2329 false
708 2284 960 2343 negatum
990 2284 1073 2329 est
1098 2276 1452 2347 approbatam
1473 2318 1489 2343 ,
1520 2292 1709 2330 verum
1740 2277 1904 2330 etiam
1934 2277 2149 2347 sapien-

549 2365 745 2421 tissimi
766 2366 991 2420 Joannis
1020 2365 1368 2435 Antiociteni,
1401 2376 1456 2423 et
1479 2365 1771 2423 Orientalis
1804 2369 2021 2423 concilii
2054 2368 2147 2423 lit-

552 2466 703 2514 teras
725 2498 742 2525 ,
771 2460 838 2514 ad
866 2461 1086 2515 beatum
1118 2458 1367 2515 Proclnm
1409 2471 1463 2515 et
1491 2460 1873 2530 imperatorem
1897 2459 2149 2515 Theodo-

550 2552 690 2607 sium
717 2552 893 2620 datas,
917 2553 971 2606 in
988 2553 1184 2622 quibus
1205 2552 1346 2607 idem
1370 2552 1689 2608 Theodorus
1718 2554 1888 2607 multo
1918 2553 2148 2623 amplius

550 2650 638 2697 est
686 2641 949 2710 laudatus,
1009 2644 1172 2697 etiam
1226 2658 1325 2713 per
1377 2643 1481 2699 hoc
1522 2644 1834 2713 prmdictam
1880 2642 2145 2713 synodum

547 2732 921 2789 Nestorianam
952 2749 1071 2789 esse
1102 2732 1396 2789 firmarent.
1437 2734 1570 2789 Nam
1603 2735 1772 2805 etipsa
1794 2733 2147 2803 subscriptio-

549 2826 635 2881 nis
673 2826 902 2881 formula
941 2842 1061 2896 qua:
1090 2826 1214 2881 data
1256 2835 1338 2882 est
1383 2828 1437 2881 in
1470 2827 1981 2883 condemnationem
2008 2824 2148 2894 ejus.

546 2915 676 2971 dem
706 2914 976 2971 Theodori
1004 2958 1019 2983 ,
1049 2932 1158 2972 non
1204 2916 1352 2971 aliud
1394 2916 1607 2972 videtur
1655 2915 1961 2980 ostendere,
2018 2929 2145 2970 cum

543 3009 746 3065 dictum
792 3016 920 3065 est:
964 3027 982 3061 ι
1019 3008 1076 3065 Si
1120 3009 1241 3080 quis
1282 3024 1389 3064 non
1434 3008 1853 3063 anatbernatizat
1891 3006 2144 3062 Theodo-

2261 1828 2369 1872 tem
2399 1819 2468 1873 ab
2510 1833 2697 1873 errore
2726 1818 2795 1873 ad
2826 1818 3111 1873 veritatem
3139 1817 3439 1880 convertit,
3476 1814 3574 1870 sed
3605 1822 3663 1868 et
3695 1813 3853 1880 longe

2255 1910 2460 1980 positas
2483 1925 2580 1963 sua
2604 1909 2850 1964 doctrina
2877 1908 3130 1963 instruxit
3172 1905 3477 1961 Ecclesias?
3507 1903 3642 1971 Qua:
3670 1902 3849 1956 oninia

2255 2016 2377 2055 cum
2405 2017 2474 2055 ex
2502 2001 2729 2070 epistola
2760 1998 2973 2068 objecta
3001 1998 3103 2052 Iba:
3129 1996 3365 2069 synodus
3392 1993 3853 2050 Chalcedonensis

2253 2092 2486 2156 audiret,
2517 2107 2623 2145 non
2656 2092 2833 2159 coegit
2857 2090 3107 2145 eumdem
3147 2089 3296 2143 ibam
3324 2088 3399 2142 sic
3427 2085 3707 2141 laudatum
3730 2099 3852 2136 ana-

2253 2186 2604 2241 thematizare
2630 2185 2974 2240 Theodorum
3004 2204 3019 2216 ·
3049 2186 3119 2241 ob
3158 2186 3263 2240 hoc
3290 2183 3556 2255 profecto,
3587 2184 3719 2252 quia
3754 2181 3852 2235 Ne-

2251 2279 2405 2334 storii
2430 2279 2649 2349 impium
2666 2278 2966 2348 suscipiens
2987 2294 3250 2343 errorem,
3277 2277 3393 2345 ejus
3412 2276 3632 2345 quidem
3656 2289 3849 2328 nomen

2250 2368 2564 2434 occultavit,
2597 2368 2867 2424 Theodori
2892 2377 3072 2423 autem
3095 2366 3457 2437 Mopsuesteni
3479 2364 3742 2425 defendit,
3763 2364 3849 2432 qui

2250 2460 2507 2529 magister
2548 2459 2781 2515 Nestorii
2825 2460 2951 2525 fuit,
3000 2457 3453 2528 quemadmodum
3495 2456 3548 2509 in
3588 2456 3849 2526 praedicto

2253 2551 2414 2617 libro,
2451 2551 2604 2621 cujus
2639 2551 3048 2607 difiinilionihus
3094 2549 3505 2619 subscripsistis,
3544 2547 3616 2601 de
3656 2547 3849 2600 talibus

2249 2643 2454 2699 dictum
2498 2654 2599 2699 est.
2641 2643 2769 2701 llaec
2811 2660 2934 2700 cum
2981 2644 3137 2699 nobis
3184 2643 3431 2714 Opposita
3468 2641 3688 2705 fuerint,
3723 2638 3847 2709 quid

2249 2742 2437 2787 contra
2468 2733 2671 2789 referre
2698 2734 3016 2797 valebimus,
3047 2733 3093 2787 si
3122 2732 3456 2787 orthodoxus
3492 2746 3602 2785 non
3645 2737 3733 2784 est
3761 2728 3847 2799 qui

2250 2822 2537 2880 Theodoro
2568 2826 2908 2896 Mopsuestia:
2935 2833 2990 2881 et
3025 2824 3141 2895 ejus
3178 2823 3520 2891 dogmatibus
3562 2838 3676 2877 non
3723 2821 3844 2875 dicit

2249 2916 2576 2972 anathema?
2614 2916 2848 2972 Proinde
2887 2917 3186 2987 cognoscis,
3217 2916 3476 2985 Auguste,
3506 2915 3654 2985 quod
3685 2915 3740 2969 in
3768 2930 3845 2969 re-

2250 3008 2667 3080 prehensionem
2719 3008 2911 3079 synodi
2966 3006 3421 3063 Chalcedonensis
3475 3008 3592 3062 inme
3651 3005 3845 3062 fuerint

543 3114 664 3155 rum
694 3098 1033 3170 Mopsuestia:
1072 3108 1127 3154 et
1174 3100 1292 3169 ejus
1330 3098 1619 3169 dogmata,
1657 3098 1943 3153 anathema
1971 3097 2071 3163 sit,
2108 3114 2130 3150 ο
2168 3128 2213 3190 C
2251 3103 2564 3167 constituta,
2594 3101 2678 3156 vel
2722 3102 2767 3156 si
2810 3102 3090 3157 recitatam
3134 3100 3491 3166 solummodo,
3535 3116 3646 3155 non
3684 3101 3844 3155 etiam

542 3188 686 3259 quod
748 3189 802 3243 in
855 3190 1054 3244 nullius
1100 3189 1342 3245 hmretici
1387 3190 1741 3244 damnatione
1797 3189 2139 3243 meminimus

542 3282 831 3349 contigisse
864 3300 876 3334 :
904 3292 962 3337 ut
988 3283 1063 3337 illi
1093 3298 1310 3353 quoque
1338 3283 1629 3337 anathema
1652 3288 1856 3345 essent,
1889 3280 1981 3349 qui
2006 3295 2138 3334 ana-

541 3372 722 3427 thema
752 3373 801 3427 ei
831 3389 937 3428 non
966 3373 1226 3430 dicerent.
1259 3375 1537 3445 Siquidem
1571 3374 1888 3429 ‘multorum
1918 3374 2138 3429 bzereti-

538 3475 727 3517 eorum
755 3463 951 3519 multos
974 3471 1029 3519 et
1049 3465 1304 3533 dogmata
1329 3466 1519 3528 latent,
1543 3473 1601 3520 et
1625 3464 1865 3529 nomina,
1898 3464 1990 3535 qui
2012 3479 2137 3517 ana-

538 3555 721 3610 thema
747 3570 868 3611 esse
897 3571 1002 3610 non
1016 3555 1235 3621 debent,
1257 3556 1512 3625 quoniam
1542 3572 1651 3612 non
1680 3555 2137 3610 anathematizant

536 3662 633 3703 eos
660 3663 797 3717 quos
834 3649 1098 3703 nesciunt.
1133 3647 1257 3714 Sed,
1288 3649 1745 3719 quemadmodum
1774 3648 1975 3703 dictum
2027 3654 2130 3711 est,

536 3747 595 3793 ut
624 3738 695 3793 ad
727 3738 917 3809 synodi
953 3738 1416 3795 Chalcedonensis
1459 3740 1712 3809 injuriam
1761 3738 2128 3809 pervenirent,

531 3846 652 3901 quae
692 3846 811 3887 cum
841 3830 983 3901 apud
1013 3846 1073 3886 se
1102 3832 1463 3888 recitarentur
1487 3848 1554 3889 ex
1583 3832 1814 3903 epistola
1845 3830 2131 3886 venerabi-

529 3921 596 3977 lis
632 3922 735 3978 ibze
778 3923 962 3979 laudes
1006 3924 1175 3994 ipsius
1207 3924 1507 3991 Theodori,
1540 3942 1718 3997 neque
1766 3926 1901 3995 ipsi,
1954 3938 2129 3994 neque

527 4010 870 4082 dogmatibus
899 4013 1015 4083 ejus
1035 4014 1171 4069 dixit
1198 4016 1509 4084 anathema,
1533 4026 1825 4088 propterea
1857 4016 1979 4069 talis
2001 4015 2129 4071 data

528 4113 613 4159 est
654 4114 843 4160 contra
890 4105 1337 4162 consuetudinem
1390 4116 1688 4178 contraque
1732 4108 2126 4163 humanitatem

522 4194 752 4250 formula
780 4196 1171 4263 subscribendi,
1198 4200 1353 4268 quasi
1384 4216 1545 4255 nemo
1588 4201 1746 4255 aliter
1775 4201 1995 4270 probari
2033 4216 2129 4256 ca-

520 4285 751 4343 tholicus
786 4292 989 4358 possit,
1043 4293 1144 4347 nisi
1176 4292 1561 4363 Mopsuesteno
1590 4293 1881 4349 Theodoro
1912 4301 1969 4348 et
2008 4291 2125 4362 ejus

518 4378 858 4447 dogmatibus
883 4384 1172 4438 anathema
1201 4384 1420 4440 dixerit.
1464 4385 1626 4453 Quod
1651 4386 1932 4441 decretum
1962 4382 2007 4437 si
2034 4398 2123 4437 re-

518 4466 767 4536 cipimus,
801 4470 931 4524 nihil
951 4471 1200 4542 estquod
1229 4473 1497 4530 haereticis
1521 4491 1621 4545 pro
1649 4474 1857 4546 synodo
1885 4473 2116 4529 Chalce-

516 4556 747 4612 donensi
800 4562 1130 4630 respondere
1173 4565 1465 4634 possimus,
1523 4582 1646 4621 cum
1694 4565 1979 4621 dixerint:
2025 4563 2117 4619 Sic

514 4646 670 4703 vobis
694 4649 867 4705 visum
897 4659 979 4706 est
1007 4652 1156 4708 illam
1187 4656 1449 4725 synodum
1480 4673 1742 4713 excusare
1770 4657 1825 4712 in
1854 4657 1993 4712 libro
2024 4654 2112 4710 cui

514 4740 902 4808 consensistis,
937 4751 996 4797 ut
1033 4743 1288 4801 diceretis
1310 4746 1495 4816 quod,
1547 4764 1655 4803 non
1683 4755 1939 4804 contenta
1970 4746 2113 4802 facta

511 4830 584 4887 ab
631 4832 720 4889 lba
773 4834 1131 4904 denegatione
1180 4847 1403 4910 propter
1452 4839 1519 4894 ad
1564 4839 1753 4895 Marim
1799 4840 2108 4911 epistolam,

510 4938 690 4995 neque
719 4926 885 4981 etiam
928 4942 1029 4997 pro
1079 4941 1147 4983 eo
1194 4927 1334 4984 facta
1365 4927 1749 4986 testificatione
1786 4932 2111 4988 clericorum

510 5014 930 5087 Edessenorum,
970 5018 1066 5075 sed
1111 5019 1439 5078 confirmans
1485 5021 1783 5092 judicatum
1838 5022 2017 5080 Pbotii
2056 5032 2114 5080 et

509 5102 787 5165 Eustachii
813 5110 863 5174 ⁸,
899 5109 1088 5178 petivit
1114 5108 1283 5176 ibam,
1316 5110 1382 5165 ad
1407 5110 1833 5169 destructionem
1847 5123 1903 5169 et
1926 5114 2111 5169 exciu—

508 5199 716 5255 sionem
746 5201 813 5257 ad
857 5200 1043 5257 Marim
1092 5202 1271 5272 impia:
1324 5203 1595 5273 epistola),
1650 5208 2111 5262 anathematizare

508 5287 815 5345 Nestorium
846 5300 898 5345 et
926 5292 1044 5360 ejus
1066 5292 1342 5361 dogmata.
1376 5291 1445 5347 Et
1471 5309 1665 5350 revera
1708 5294 1787 5350 sic
1816 5297 2108 5366 oportebat

577 5454 594 5527 ξ
623 5451 756 5527 Col.
792 5454 1014 5527 Verum,
1036 5474 1174 5527 aptis
1196 5467 1327 5512 erat.

504 5591 519 5605 θ
573 5522 595 5552 ⁸
623 5520 955 5605 ΙιΙθιιδρυιξ,
1003 5520 1744 5605 ΕυέιᾳειιὶὶηγθιΕυειαιΙιὶἱ,
1800 5543 1859 5588 ιιι
1905 5536 2100 5604 legitur

500 5596 578 5719 {lall
606 5596 833 5714 cgncilio
888 5596 1488 5668 Constantinopolitano
1534 5614 1591 5667 ιι,
1620 5596 1856 5671 generali
1887 5623 1937 5675 v,
1957 5596 2098 5664 'coi-

573 5730 593 5763 ³
621 5731 767 5790 idem
798 5736 942 5807 cod.,
974 5739 1025 5793 ἱοι
1054 5754 1139 5808 ea,
1182 5740 1409 5810 epistola
1437 5741 1645 5801 scilicet
1672 5742 1774 5802 [lite
1814 5748 1974 5819 paulo
2002 5765 2095 5809 su-

2245 3199 2524 3262 receptam
2563 3191 2635 3247 ibi
2679 3200 3033 3248 memoratam
3081 3192 3365 3262 epistolam
3400 3191 3749 3246 trientiamur.
3786 3189 3845 3245 Et

2242 3283 2368 3339 ideo
2395 3287 2690 3356 complices
2710 3286 3085 3341 hznreticorum
3115 3300 3210 3339 sua
3232 3285 3441 3339 ratione
3463 3299 3673 3352 suoque
3693 3282 3844 3338 testi-

2241 3378 2446 3441 monio,
2492 3378 2636 3433 sicut
2687 3378 2938 3444 diximus,
2986 3377 3380 3433 convincuntur
3426 3374 3684 3429 adversus
3730 3388 3842 3427 nia-

2239 3482 2398 3537 gnam
2431 3469 2694 3541 synodum
2726 3469 2851 3523 talia
2880 3467 3203 3525 decrevisse.
3235 3465 3367 3521 Nam
3390 3467 3456 3529 si,
3485 3474 3544 3519 nt
3574 3463 3843 3520 fallaciter

2238 3558 2486 3626 suadent,
2513 3558 2637 3613 inde
2660 3560 2680 3590 ⁷
2706 3574 2735 3612 a
2766 3558 2921 3613 nobis
2941 3566 3249 3622 excusetur,
3278 3556 3421 3626 quod
3449 3572 3554 3609 non
3581 3564 3843 3610 contenta

2239 3649 2562 3703 venerabilis
2590 3648 2693 3703 Ιὺω
2722 3650 2961 3719 episc0pi
2992 3649 3279 3716 negatione
3308 3656 3529 3718 propter
3558 3647 3622 3701 ad
3646 3646 3840 3703 Mariin

2236 3738 2544 3807 epistolam,
2579 3753 2757 3807 neque
2798 3739 2936 3794 facta
2969 3755 3068 3809 pro
3096 3753 3163 3793 eo
3197 3737 3572 3793 testificatione
3605 3737 3840 3792 clerico-

2232 3846 2355 3885 rum
2402 3829 2824 3900 Edessenorum,
2851 3834 3109 3904 expetivit
3148 3834 3215 3889 ab
3253 3834 3344 3887 illo
3374 3834 3840 3888 anathematier

2234 3919 2566 3988 Nestorium,
2600 3938 2760 3993 quem
2791 3924 2843 3978 in
2885 3925 2999 3995 ipsa
3028 3925 3256 3994 epistola
3284 3940 3391 3978 non
3418 3924 3671 3987 laudavit,
3705 3924 3840 3979 inde

2236 4028 2342 4066 non
2383 4016 2588 4083 poterit
2616 4016 2880 4081 excusari,
2913 4015 3038 4084 quia
3070 4032 3177 4070 non
3206 4015 3465 4084 expetivit
3493 4020 3549 4067 ut
3576 4012 3836 4068 Theodo-

2231 4123 2350 4163 rum
2385 4109 2639 4174 maxime,
2665 4124 2786 4163 cum
2816 4108 2928 4165 suis
2972 4109 3043 4163 ibi
3079 4107 3417 4176 dogmatibus
3459 4106 3833 4177 prcedicatum,

2230 4201 2733 4268 anathematizaret,
2763 4217 2883 4256 cum
2913 4200 3210 4258 secundum
3240 4200 3376 4255 istos
3399 4215 3507 4255 non
3535 4199 3692 4255 aliter
3711 4216 3834 4271 pro-

2228 4290 2345 4346 bari
2367 4293 2669 4348 catholicus
2695 4293 2883 4364 possit.

2866 4383 3096 4441 CAPUT
3134 4385 3197 4440 ii.

2230 4453 2383 4519 Quod
2412 4455 2712 4510 Theodorus
2738 4466 2793 4509 ut
2840 4456 3070 4509 Νίκιον·ὶὶ
3119 4458 3298 4511 doctor
3325 4456 3560 4510 accusari
3586 4464 3822 4526 nequeat,

2146 4505 2198 4567 1)
2235 4505 2269 4519 “
2283 4505 2434 4579 "..."m‘
2460 4505 2788 4581 ἱὲὲιαῖίῗάῖ
2816 4505 3018 4581 cingi.
3035 4505 3474 4596 "ﬁa;.;."..;.};;{
3495 4505 3826 4583 sanguis:

2286 4608 2338 4651 et
2368 4597 2417 4651 Ν
2422 4600 2590 4651 estorii
2613 4613 2837 4653 errorem
2860 4608 3057 4659 teneat;
3080 4608 3126 4653 et
3158 4601 3223 4654 de
3242 4600 3472 4670 symboio
3495 4601 3635 4668 quod
3653 4598 3826 4653 Theo-

2290 4670 2411 4721 dori
2439 4669 2718 4723 dicebatur.

2294 4755 2432 4823 Quid
2473 4757 2636 4811 etiam
2679 4757 2811 4813 illud
2845 4757 2990 4827 quod
3034 4758 3305 4814 finxerunt
3360 4758 3611 4815 eumdem
3642 4758 3813 4813 Theo-

2218 4848 2411 4903 dorum
2458 4863 2490 4901 a
2532 4848 2693 4903 beato
2736 4847 2951 4913 Leone,
2992 4850 3140 4905 velut
3190 4851 3506 4920 magistrum
3552 4849 3814 4914 Nestorii,

2217 4939 2569 4995 denotatum?
2612 4938 2864 5010 Nunquid
2904 4941 2976 4997 ob
3022 4940 3168 4996 aliud
3206 4958 3303 4998 eos
3331 4949 3444 4995 tam
3474 4940 3813 4997 manifestum

2218 5031 2577 5098 mendacium,
2604 5031 2723 5086 sine
2754 5031 2862 5086 ullo
2899 5042 3154 5103 respectu
3183 5033 3408 5103 pudoris
3424 5034 3676 5097 immani,
3709 5035 3803 5088 for-

2218 5130 2361 5177 tasse
2399 5122 2725 5177 credendum
2762 5132 2864 5188 est,
2898 5124 2999 5179 nisi
3040 5133 3096 5179 ut
3144 5124 3312 5195 ipsius
3348 5125 3537 5197 synodi
3570 5140 3811 5189 causam,

2215 5212 2359 5282 quod
2390 5212 2463 5265 ibi
2503 5227 2602 5266 nec
2627 5212 2741 5281 ipse
2768 5213 3057 5269 damnatus
3085 5223 3189 5281 est,
3222 5231 3322 5271 nec
3350 5231 3469 5285 qua:
3506 5215 3651 5269 illum
3678 5231 3811 5285 pne.

2214 5303 2413 5360 dicavit
2434 5304 2682 5375 epistola,
2713 5322 2820 5361 non
2851 5306 3025 5360 solum
3056 5305 3314 5374 Nestorii,
3347 5306 3399 5361 id
3427 5316 3510 5363 est
3536 5304 3806 5373 catholici,

2207 5474 2388 5541 perins
2415 5474 2650 5529 laudata.

2280 5543 2299 5615 ξ
2326 5544 2469 5615 idem
2501 5544 2646 5611 cod.,
2676 5543 3004 5615 Theodorum
3036 5543 3454 5615 Mopsuesteuum

2280 5614 2300 5685 ξ’
2322 5614 2463 5685 idem
2488 5618 2634 5680 cod.,
2665 5613 2914 5669 Ecclesizc
2941 5616 3088 5685 ﬁliis.

2276 5684 2298 5715 ⁸
2328 5684 2470 5739 Idem
2497 5685 2643 5752 cod.,
2674 5685 2805 5737 sicut
2828 5686 2920 5739 ibi.

2274 5754 2295 5785 '
2325 5753 2468 5810 idem
2499 5755 2647 5822 cod.,
2679 5756 2812 5808 sicut
2840 5756 3101 5826 [alterum
3128 5760 3348 5811 suadent
3369 5767 3423 5808 ut
3452 5764 3597 5825 inde,
3619 5761 3705 5812 etc
