4070 6352
262 276 370 334 585

1124 269 1258 330 PRO
1299 272 1713 331 DEFENSIONE
1752 271 1967 328 TBlUM
2005 268 2320 326 CAPITUL.
2366 268 2472 325 LlB
2536 267 2620 325 lli.

3436 267 3542 325 586

264 406 452 448 verum
496 390 662 446 etiam
707 391 887 460 magni
931 392 1082 447 testis
1121 398 1367 459 gravaret
1402 391 1730 446 auctoritas?
1759 388 1851 445 Sic
1880 394 1929 454 Α
1955 385 2156 440 minem
2187 392 2418 447 tantum,
2453 398 2561 438 non
2596 383 2759 439 etiam
2800 381 2987 449 Deum,
3019 381 3216 438 dixerit
3244 382 3541 453 Christum,

260 487 409 542 enim
446 484 580 540 dixit
621 501 634 538 :
682 504 701 537 ι
750 484 975 554 Oportet
1019 485 1179 555 igitur
1221 483 1504 540 manifeste
1552 483 1852 552 intelligere

262 580 391 651 quia
416 588 635 636 sanctus
656 577 784 643 Leo,
817 578 1141 633 eonlirmans
1163 592 1230 632 ea
1258 592 1378 646 quae
1405 577 1459 631 in
1488 575 1703 647 Epheso
1732 583 1855 633 acta

261 680 391 729 sunt
413 670 669 726 adversus
690 668 1054 724 Nestoriuni-a
1083 678 1271 727 sancto
1292 667 1515 739 Cyrillo,
1540 677 1597 723 et
1623 669 1738 723 tunc
1760 684 1856 723 cu-

262 762 455 820 stodiri
500 760 831 832 puecipiens,
860 759 1079 815 deﬁnita
1119 759 1336 829 quidem
1374 765 1536 814 vocat
1570 757 1855 813 duodecim

262 854 499 925 capitula
523 854 698 910 sancti
721 852 921 922 Cyrilli,
946 852 1140 922 quibus
1161 850 1393 906 Nestorii
1415 848 1752 920 adiudicatus
1772 858 1857 905 est

263 961 461 1002 error:
492 945 741 1000 doctores
782 952 960 998 autem
995 943 1440 1010 anathematizat,
1477 941 1711 997 Nestorii
1739 941 1858 1011 qui-

264 1039 393 1095 dem
431 1037 655 1092 Paulmn
694 1035 1103 1093 Samosatenum
1134 1044 1188 1091 et
1221 1034 1565 1090 Theodorum
1607 1033 1857 1102 Mopsue-

264 1140 496 1197 stenum,
531 1129 784 1201 Eutyehis
824 1136 1003 1183 autem
1043 1127 1397 1181 Mauichmum
1423 1138 1477 1182 et
1508 1128 1855 1197 Apoliuarem

265 1224 483 1294 impios,
527 1237 646 1278 cum
696 1221 914 1293 probari
969 1236 1076 1277 non
1130 1220 1297 1292 possit
1347 1222 1471 1289 quia
1513 1221 1855 1275 Theodorqu

268 1314 701 1385 Mopsuestenum
729 1312 919 1369 beatus
950 1312 1058 1367 Leu
1091 1312 1404 1381 magistrum
1446 1311 1583 1366 dixit
1610 1327 1730 1367 esse
1754 1310 1859 1366 Ne-

268 1408 441 1463 storii.
472 1426 490 1459 ι
519 1405 624 1461 Sed
646 1406 923 1476 proferant
945 1406 1028 1460 vel
1049 1405 1352 1475 epistulam,
1376 1404 1460 1459 vel
1482 1420 1859 1473 quamcunque

269 1498 427 1553 aliam
468 1498 809 1567 scripturam,
856 1498 909 1551 in
954 1512 1060 1566 qua
1102 1497 1207 1551 hoc
1252 1511 1375 1550 eum
1414 1495 1614 1551 dixisse
1656 1494 1859 1551 conﬁr-

270 1599 437 1646 mant.
463 1590 605 1645 Nam
633 1597 690 1646 et
716 1591 1004 1661 Oportebat
1025 1606 1121 1646 eos
1144 1604 1396 1660 promere
1418 1589 1509 1644 ubi
1539 1589 1643 1644 hoc
1669 1588 1860 1645 beatus

271 1683 382 1740 Leo
412 1683 630 1751 dixerit,
660 1683 706 1737 si
736 1697 922 1738 verum
953 1697 1012 1738 se
1039 1681 1223 1736 dicere
1258 1680 1624 1736 conlidebant.
1660 1679 1857 1734 Verum

1958 476 2048 546 qui
2072 483 2359 545 propterea
2384 474 2604 528 Paulum
2629 472 3044 531 Samosatenum
3066 472 3341 530 diabolqu
3361 486 3544 547 vocat,

1959 577 2015 623 et
2042 567 2384 622 Theodorum
2420 576 2583 637 atque
2612 567 2960 624 Artemonem
2998 568 3103 623 hoc
3139 567 3381 625 dicentes
3410 568 3547 625 fate-

1959 670 2048 717 tur
2073 677 2180 716 non
2211 676 2397 716 sanam
2428 668 2615 718 tenere
2642 661 2964 727 doctrinam,
3004 659 3099 717 sed
3137 660 3192 715 in
3231 675 3329 717 suo
3359 674 3548 717 errore

1958 756 2137 826 potius
2164 756 2462 824 aegrotare?
2482 754 2619 821 Quid
2645 756 2807 825 igitur
2836 756 2951 827 ipse
2977 756 3205 812 credidit
3224 771 3342 812 esse
3364 754 3547 814 Domi-

1959 866 2089 905 num
2118 848 2302 905 Jesum
2329 848 2637 904 Christum?
2667 850 2770 904 hoc
2800 848 3064 918 profecto,
3095 850 3241 919 quod
3279 850 3399 905 illos
3438 866 3547 905 non

1960 942 2279 1013 cognovisse
2306 941 2599 1011 redarguit,
2622 942 2670 995 id
2699 952 2781 996 est
2800 941 3241 1012 DeumVerbum,
3267 951 3323 997 et
3348 943 3399 996 in
3429 941 3550 997 sub-

1959 1037 2156 1092 stantia
2184 1036 2401 1106 propria
2433 1035 2626 1090 Filium
2653 1035 2766 1099 Dei,
2794 1035 2995 1105 quippe
3020 1050 3183 1105 quem
3214 1044 3269 1089 ct
3295 1045 3422 1090 ante
3450 1044 3549 1088 sm-

1958 1131 2077 1185 eula
2097 1146 2166 1185 ex
2191 1129 2302 1185 Deo
2335 1127 2494 1184 Patre
2518 1136 2719 1183 aeterne
2740 1127 2885 1182 dicat
2905 1136 3229 1183 exstantem.
3254 1127 3371 1181 Non
3395 1140 3546 1194 ergo,

1961 1222 2101 1278 sicut
2130 1222 2183 1276 in
2225 1222 2650 1292 reprehensione
2689 1231 2890 1277 sanctae
2921 1221 3113 1293 synodi
3142 1221 3381 1289 liugitur,
3414 1220 3551 1274 duos

1960 1313 2061 1368 iste
2087 1313 2333 1379 credidit,
2356 1322 2449 1368 aut
2469 1314 2604 1369 duos
2629 1313 2814 1369 docuit
2843 1313 3001 1381 (ilius,
3020 1312 3173 1382 quasi
3194 1312 3415 1366 alterius
3432 1310 3552 1364 sul»

1961 1405 2171 1460 stantia:
2200 1405 2386 1462 dicens
2416 1406 2691 1460 hominem
2716 1406 3009 1471 Christum,
3041 1413 3098 1462 et
3131 1405 3352 1460 alterius
3382 1403 3551 1458 Deum

1965 1496 2199 1552 Verbum
2225 1516 2237 1551 :
2269 1498 2384 1567 qui,
2418 1498 2558 1552 sicut
2587 1497 2702 1567 ejus
2730 1500 2891 1553 verba
2916 1498 3211 1564 declarant,
3243 1498 3417 1566 ipsqu
3448 1494 3554 1549 Do-

1964 1592 2166 1647 mitium
2204 1592 2386 1647 Jesum
2423 1592 2699 1648 Christum
2742 1608 2850 1647 non
2893 1608 3088 1662 purum
3133 1592 3426 1655 hominem,
3457 1588 3552 1645 sed

1964 1683 2127 1749 etiam
2154 1684 2325 1740 Deum
2356 1684 2591 1740 Verbum
2619 1700 2739 1739 esse
2767 1686 3051 1754 cognovit;
3089 1701 3190 1741 uec
3218 1684 3331 1740 sola
3360 1692 3553 1739 aucto-

271 1792 338 1830 ne
367 1776 473 1831 hoc
500 1776 720 1830 dubium
750 1776 1108 1846 relinquatur,
1132 1790 1233 1831 nos
1257 1775 1423 1846 ipsius
1452 1773 1725 1830 Theodori
1750 1789 1865 1829 ver-
1893 1764 1941 1827 Β
1967 1777 2127 1833 ritate
2155 1785 2250 1832 aut
2279 1778 2545 1847 dignitate
2573 1792 2837 1848 personae,
2868 1779 2961 1833 sed
2996 1779 3049 1834 in
3089 1779 3392 1834 substantia
3424 1793 3555 1849 pro-

271 1868 354 1923 bis
395 1867 683 1922 doceamus
723 1876 984 1937 quantum
1013 1867 1081 1922 ab
1111 1882 1295 1923 errore
1334 1864 1485 1922 Pauli
1523 1865 1861 1922 Samosateni

272 1960 434 2025 fuerit
460 1960 689 2030 alienus,
721 1961 835 2031 qui,
870 1960 1029 2017 tertio
1059 1960 1268 2016 decimo
1299 1960 1435 2015 libro
1461 1958 1669 2015 codicis
1701 1973 1862 2029 quem

272 2060 557 2129 mysticum
598 2056 911 2126 appellavit,
945 2074 964 2108 ι
1000 2055 1235 2125 Angelus
1276 2055 1476 2110 diaboli
1522 2063 1627 2123 est,
1668 2055 1861 2125 inquit,

274 2147 658 2207 Samosatenus
714 2146 927 2214 Paulus,
976 2147 1069 2217 qui
1117 2162 1309 2218 purum
1363 2145 1636 2202 hominem
1683 2146 1864 2203 dicere

269 2240 610 2312 praesumpsit
659 2239 943 2295 Dominum
991 2237 1173 2295 Jesum
1218 2238 1511 2303 Christum,
1553 2247 1610 2294 et
1650 2240 1865 2308 negavit

275 2335 615 2391 existentiam
655 2333 952 2389 divinitatis
991 2330 1295 2403 Unigeniti,
1342 2347 1461 2402 qum
1490 2340 1574 2389 est
1610 2340 1737 2389 ante
1764 2348 1866 2388 sa:-

276 2427 415 2483 cula.
453 2446 472 2479 ι
506 2426 639 2482 Item
669 2427 720 2481 in
746 2441 913 2496 opere
936 2426 1081 2495 quod
1110 2433 1298 2480 contra
1329 2425 1672 2494 Apolinarem
1698 2434 1721 2462 ι
1750 2426 1867 2480 edi-

276 2519 369 2584 dit,
398 2520 555 2574 tettio
584 2519 721 2573 libro
744 2519 816 2573 ita
840 2519 1051 2573 locutus
1067 2526 1150 2574 est
1173 2536 1187 2572 ἰ
1213 2537 1231 2569 ‹
1259 2516 1597 2583 Manifestum
1621 2527 1704 2573 est
1723 2518 1865 2573 enin

277 2616 416 2688 quod
446 2615 831 2671 Samosatenus
854 2612 1050 2668 Paulus
1077 2614 1364 2683 episcopus
1390 2612 1608 2682 quidem
1639 2610 1737 2667 fuit
1758 2611 1869 2666 Au-

278 2710 540 2765 tiocbena:
581 2707 834 2763 Ecclesia:
875 2706 1082 2762 Domini
1118 2706 1231 2772 Dei,
1262 2714 1319 2760 et
1346 2704 1658 2760 Theodori‘
1687 2715 1868 2761 autem

278 2810 332 2859 et
352 2802 661 2857 Artemouis
690 2800 715 2838 ι’
746 2815 933 2855 errore
968 2809 1258 2869 mgrotans,
1299 2799 1391 2867 qui
1424 2814 1614 2868 purum
1643 2801 1663 2831 '
1696 2800 1871 2855 homi-

278 2910 401 2953 nem
446 2894 697 2948 dixerunt
732 2909 851 2949 esse
890 2894 1174 2948 Dominum
1213 2890 1393 2947 Jesum
1432 2892 1728 2960 Christum,
1759 2910 1869 2949 non

281 3001 403 3051 eum
444 2992 833 3052 cognoscentes
872 2984 1041 3039 Deum
1079 2982 1335 3048 Verbum,
1375 2990 1432 3037 et
1476 2982 1529 3037 in
1566 2983 1867 3039 substantia

280 3078 497 3147 propria
529 3076 717 3133 Filium
747 3077 842 3131 Dei
873 3085 1000 3132 ante
1025 3076 1223 3132 smcula
1252 3091 1320 3131 ex
1344 3076 1455 3132 Deo
1484 3075 1645 3131 Patre
1664 3086 1868 3134 aeterno

1964 1867 2079 1937 pria
2107 1867 2277 1923 Deum
2305 1878 2360 1923 et
2388 1867 2580 1923 Filium
2619 1868 2735 1938 Dei,
2763 1870 2899 1924 sicut
2940 1870 3105 1924 etiam
3154 1870 3208 1923 in
3255 1869 3556 1925 substantia

1964 1959 2181 2030 propria
2204 1960 2474 2015 hominem
2497 1969 2554 2015 et
2576 1961 2740 2015 lilium
2764 1962 3015 2016 hominis.
3041 1960 3170 2029 Qua:
3197 1962 3249 2017 in
3271 1962 3357 2018 his
3379 1961 3557 2017 verbis

1966 2052 2200 2117 occasio,
2233 2067 2353 2123 qua:
2379 2053 2616 2123 suspicio
2647 2054 2818 2110 errori
2850 2053 3172 2109 Nestoriano
3202 2054 3557 2125 relinquitur?

1966 2140 2104 2198 Ecce
2125 2152 2207 2201 est
2228 2153 2413 2215 aperta
2445 2152 2501 2199 et
2526 2146 2672 2199 omni
2699 2145 3049 2215 ambiguitate
3073 2161 3266 2203 carens
3286 2146 3557 2202 Theodori

1968 2233 2118 2300 ﬁdes,
2146 2252 2244 2306 pro
2268 2252 2372 2306 qua
2412 2237 2464 2292 in
2505 2239 2735 2309 epistola
2766 2240 3091 2295 venerabilis
3125 2240 3248 2305 lbzn,
3280 2241 3418 2296 sicut
3445 2250 3500 2296 et
3527 2258 3559 2296 a

1968 2328 2296 2384 doctissimis
2330 2328 2602 2399 Patribus,
2636 2332 2907 2388 laudatur.
2938 2332 3056 2387 Non
3098 2341 3183 2388 est
3221 2333 3386 2403 igitur
3413 2333 3559 2402 quod

1970 2420 2294 2493 Eutychiani
2326 2421 2393 2476 de
2431 2422 2756 2480 Nestoriano
2788 2424 3043 2493 dogmate
3079 2425 3341 2497 synodum
3374 2426 3558 2482 crimi-

1968 2521 2183 2579 nentur,
2225 2514 2348 2582 quia
2381 2514 2690 2583 praedictam
2728 2516 3032 2586 epistolam,
3071 2514 3258 2572 laudes
3289 2515 3561 2574 Theodori

1971 2607 2361 2670 continentem,
2406 2607 2768 2675 pronuntiavit
2796 2607 3180 2674 orthodoxam;
3214 2607 3353 2663 sicut
3382 2619 3560 2662 autem

1972 2712 2078 2752 non
2109 2706 2193 2751 est
2217 2696 2475 2752 dicendus
2504 2698 2850 2766 Manicbazus,
2881 2701 3006 2769 quia
3037 2700 3089 2754 in
3117 2699 3218 2753 hoc
3250 2700 3563 2755 testimonio

1972 2789 2260 2845 Dominum
2289 2790 2469 2845 Jesum
2498 2791 2660 2846 Deum
2684 2791 2943 2863 Verbum,
2967 2792 3092 2848 etin
3118 2792 3416 2848 substantia
3443 2810 3565 2859 pro-

1975 2884 2088 2951 pria
2119 2882 2313 2937 Filium
2348 2883 2475 2949 Dei,
2522 2892 2647 2939 ante
2675 2885 2871 2939 saecula
2903 2900 2969 2939 ex
3020 2885 3131 2941 Deo
3160 2885 3319 2941 Patre
3365 2894 3566 2942 reterns

1973 2973 2246 3029 exstitisse
2287 2974 2606 3041 confessus,
2663 2975 2731 3031 de
2768 2975 2884 3046 ejus
2915 2976 3245 3033 humanitate
3283 2977 3563 3043 conticuit,

1976 3067 2047 3121 ita
2078 3067 2224 3121 velut
2262 3066 2491 3122 Nestorii
2523 3066 2711 3123 doctor
2746 3069 2987 3123 accusari
3021 3083 3126 3123 non
3157 3068 3346 3134 debet,
3380 3070 3468 3124 ubi
3499 3069 3569 3124 de

280 3179 606 3227 exstantem.
647 3189 665 3222 ι
699 3168 949 3239 Nunquid
987 3169 1128 3224 hunc
1159 3168 1283 3223 talia
1313 3167 1381 3224 de
1417 3167 1586 3223 Paulo
1615 3168 1871 3225 Sampsa-
1903 3158 1947 3221 C
1977 3159 2095 3230 ejus
2126 3161 2455 3217 humanitate
2481 3160 2782 3232 disputans,
2824 3162 2891 3217 de
2922 3163 3207 3219 divinitate
3248 3179 3351 3218 non
3392 3165 3568 3235 loqui-

280 3274 408 3319 teno
449 3262 782 3330 loquentem,
813 3271 869 3316 et
893 3261 1017 3315 talia
1057 3260 1125 3316 de
1160 3260 1379 3316 Christo
1422 3260 1731 3330 docentem,
1763 3261 1874 3318 Leo

281 3355 565 3411 Romanus
591 3370 712 3411 cum
744 3354 861 3424 ipso
892 3352 1060 3408 Paulo
1090 3354 1369 3410 doctorem
1392 3353 1596 3410 diceret
1625 3370 1743 3410 esse
1769 3354 1876 3410 Ne-

278 3444 471 3500 stor-ii?
494 3444 600 3500 Sed
626 3444 716 3499 isti
740 3444 817 3499 sic
843 3442 1181 3499 conﬁdenter
1217 3443 1490 3500 aliirmant
1518 3444 1877 3515 quodcunque

282 3536 577 3606 voluerint,
607 3535 759 3605 quasi
789 3535 893 3591 hoc
921 3534 992 3590 sit
1018 3550 1204 3590 verum
1244 3536 1497 3607 probare,
1530 3537 1671 3605 quod
1711 3537 1876 3592 verba

282 3626 507 3695 jactare.
531 3626 794 3681 Caeterum
818 3626 957 3680 absit
981 3633 1037 3679 ut
1060 3626 1164 3681 hoc
1190 3626 1257 3681 de
1288 3627 1378 3681 illo
1398 3628 1737 3683 sanctissimo
1763 3628 1877 3684 viro

284 3717 603 3782 credamus;
653 3717 910 3785 quoniam
959 3716 1060 3772 etsi
1105 3716 1420 3774 Theodorus
1466 3719 1518 3773 in
1557 3719 1877 3789 quibusdam

284 3823 497 3864 errasse
521 3816 873 3875 monstretur,
899 3824 1006 3864 non
1031 3809 1153 3864 ideo
1180 3811 1513 3866 mendaciter
1543 3814 1878 3868 accusandus

284 3910 387 3969 est,
432 3902 484 3956 in
520 3901 717 3970 quibus
761 3901 1043 3970 culpabilis
1082 3917 1189 3957 non
1229 3910 1332 3957 est.
1375 3902 1476 3969 Qui
1516 3908 1659 3957 enim
1692 3920 1878 3974 repre-

284 3992 473 4059 heudit
501 3999 555 4048 et
583 4000 804 4047 accusat
832 4007 1073 4047 errorem
1113 4009 1220 4047 non
1262 3994 1649 4058 voluntarium,
1681 3996 1878 4050 volun-

286 4085 426 4139 tario
473 4083 757 4139 mendacio
799 4098 859 4139 se
906 4082 1185 4152 implicare
1228 4100 1339 4139 non
1388 4084 1572 4152 debet,
1622 4087 1879 4155 quoniam

285 4176 543 4246 scripturn
567 4184 649 4230 est
673 4193 686 4228 :
714 4174 905 4253 Perdes
935 4191 1110 4229 attines
1134 4177 1218 4246 qui
1247 4175 1526 4246 loquuntur
1553 4178 1881 4233 mendacium

288 4266 465 4338 (Psal.
498 4284 549 4332 v,
582 4267 656 4336 7).
689 4265 806 4321 Non
837 4274 1046 4320 tantum
1076 4281 1202 4321 vero
1230 4267 1489 4320 miramur
1517 4267 1884 4339 Eutychianos

288 4373 387 4430 per
409 4373 535 4413 suos
557 4358 820 4412 satellites
848 4357 921 4411 ita
956 4356 1191 4421 mentiri,
1218 4366 1476 4426 quantum
1503 4359 1647 4429 quod
1678 4360 1779 4415 illis
1806 4362 1884 4417 sic

289 4464 495 4507 temere
530 4459 587 4505 et
620 4452 701 4506 sic
729 4450 887 4504 facile
927 4450 1183 4505 creditur.
1215 4450 1499 4516 Quomodo
1531 4460 1712 4507 autem
1742 4453 1881 4509 idem

1979 3265 2101 3321 tur;
2152 3264 2245 3310 aut
2273 3256 2386 3325 ubi,
2419 3257 2899 3325 Apolinaristarum
2950 3259 3320 3313 luereticorum
3348 3267 3569 3314 contra-

1976 3349 2210 3406 dictione
2241 3363 2487 3421 cogente,
2535 3360 2753 3406 naturas
2790 3353 3018 3421 amplius
3064 3353 3276 3420 dividit,
3322 3369 3480 3423 quam
3515 3363 3570 3410 ut

1978 3442 2251 3498 bmredum
2278 3444 2537 3512 ipsorum,
2555 3443 2604 3496 id
2630 3454 2712 3499 est
2741 3442 3217 3515 Eutyc-hiaunrum,
3242 3446 3567 3501 calumniam

1978 3546 2161 3605 posset
2189 3535 2445 3607 effugere.
2479 3536 2677 3605 Accipe
2714 3551 2875 3607 porto
2914 3537 3024 3607 jam
3057 3547 3111 3593 et
3149 3537 3294 3592 aliud
3335 3552 3521 3593 eorum
3549 3536 3572 3568 ⁸

1975 3630 2338 3696 mendacium,
2368 3630 2508 3701 quod
2538 3631 2785 3687 similiter
2829 3633 3096 3685 tinxerunt
3126 3631 3177 3685 in
3208 3632 3398 3685 eodem
3430 3631 3570 3686 libro

1978 3737 2076 3777 suo
2113 3722 2391 3779 dicentes:
2430 3742 2449 3776 ο
2489 3725 2713 3793 Oportet
2742 3725 2884 3780 enim
2932 3725 3198 3793 inspicere
3227 3726 3407 3779 animo
3447 3725 3572 3793 quia

1980 3814 2163 3868 dicens
2193 3814 2505 3883 Apostolus,
2535 3815 2623 3885 qui
2657 3830 2940 3884 personam
2970 3814 3125 3868 Verbi
3158 3812 3478 3885 signiﬁcavit
3518 3816 3573 3870 in

1984 3905 2076 3958 Dei
2106 3919 2224 3959 esse
2256 3907 2448 3977 turma,
2481 3906 2623 3977 quod
2655 3916 2738 3961 est
2770 3909 2820 3961 in
2855 3906 3086 3962 essentia
3137 3906 3311 3961 Patris
3347 3906 3571 3976 (Philip.

1981 4010 2039 4062 ll,
2063 3996 2142 4067 6),
2174 4011 2280 4052 uou
2311 3997 2467 4063 dixit,
2500 3998 2623 4067 quia
2669 4000 2758 4068 qui
2791 4008 2908 4052 erat
2954 4000 3006 4053 in
3051 3999 3220 4054 firma
3250 4002 3389 4054 servi
3422 4015 3576 4053 accc-

1985 4087 2081 4156 pit,
2109 4099 2166 4143 ut
2212 4102 2318 4143 non
2365 4089 2729 4159 pra:existenti
2760 4090 2960 4143 homini
3003 4090 3399 4145 demonstraret
3440 4091 3578 4145 Ver-

1986 4178 2110 4232 bum
2163 4180 2371 4235 unitum
2417 4182 2718 4235 secundum
2749 4180 3018 4235 Theodori
3076 4189 3131 4234 et
3170 4182 3396 4236 Nestorii
3431 4183 3577 4237 insa-
3623 4252 3632 4260 .

1986 4272 2170 4339 uiam;
2206 4290 2225 4324 ι
2276 4288 2375 4327 nee
2405 4284 2581 4327 tamen
2625 4275 2912 4327 ostendunt
2959 4272 3044 4327 ubi
3076 4274 3393 4329 waoiorus
3434 4273 3578 4330 dixit

1986 4367 2108 4436 quia
2148 4367 2348 4422 homini
2398 4368 2757 4437 praesistenti
2793 4368 2995 4422 unitum
3040 4381 3123 4424 est
3156 4369 3410 4426 Verbum.
3471 4369 3579 4425 Nos

1990 4460 2172 4528 igitur,
2212 4459 2375 4514 etiam
2410 4460 2510 4514 hoc
2561 4460 2613 4514 in
2661 4460 3061 4515 denotationrtn
3114 4469 3275 4532 atque
3325 4460 3579 4516 invidiam

290 4544 608 4601 Theodorus
629 4543 844 4608 dicitur,
873 4542 1017 4614 quod
1042 4544 1315 4599 hominem
1349 4560 1560 4613 purum,
1594 4545 1646 4598 id
1670 4553 1752 4601 est
1776 4547 1879 4602 ho-
1913 4538 1964 4597 Ι)
1989 4566 2193 4621 magum
2222 4552 2411 4623 synodi
2446 4554 2777 4608 mendaciter
2815 4567 2910 4607 eos
2949 4554 3170 4619 dixisse,
3208 4553 3373 4625 ipsius
3403 4555 3583 4611 Theo-

416 4680 515 4748 Qui
544 4680 814 4736 Theodori
846 4679 1207 4750 Mopsuesteni
1262 4680 1505 4734 laudibus
1534 4678 1732 4741 favent,
1761 4680 1876 4749 ejus

288 4762 481 4810 contra
507 4754 730 4807 Arianos
750 4767 803 4805 et
828 4752 1217 4821 Apoliuaristas
1241 4753 1535 4806 certamina
1567 4752 1876 4821 praedicant,

291 4834 356 4879 ut
383 4822 750 4877 Theodoretus
780 4820 885 4877 lib.
904 4838 935 4876 v
965 4820 1212 4876 Historiae
1231 4861 1245 4884 ,
1272 4837 1390 4891 cap.
1428 4824 1525 4877 ult.
1558 4820 1678 4886 ΞἛξ
1708 4822 1763 4878 δὲ
1794 4828 1881 4879 καὶ

295 4897 563 4967 τριάκνυτα
590 4896 639 4947 ἐν
666 4905 726 4969 τῇ
765 4893 1011 4969 προεδρίᾳ
1059 4895 1331 4969 durs-{ease
1360 4892 1474 4953 ἔτη,
1508 4896 1641 4969 utarei
1685 4894 1879 4969 Ἀρείου

294 4965 378 5021 atati
403 4967 636 5042 [ξύνομίον
660 4965 1105 5042 adparat-ouem;
1130 4966 1601 5042 gd)_.u_'/70;,m_i_rov
1615 4965 1882 5042 ληστξοικρν

292 5032 641 5115 Ξετεολιγάρροςδ
699 5032 1150 5115 κᾶτοςγωζνιζυμενοξ
1204 5032 1384 5106 λόχον.
1705 5032 1884 5115 operis

294 5105 568 5163 Theodori
599 5108 742 5177 (nam
774 5105 919 5161 aliud
946 5105 1237 5177 scripserat
1262 5105 1449 5177 contra
1473 5105 1884 5177 Apulinaristas)

291 5177 590 5236 meminere
610 5176 870 5248 synodus
893 5194 926 5230 v
955 5176 1231 5248 generalis
1246 5184 1300 5229 et
1322 5176 1580 5231 Leontius
1603 5176 1888 5248 Byzantius

293 5250 387 5304 lib.
420 5264 473 5303 ut
512 5244 704 5323 contra
741 5244 1046 5302 Nestorium
1091 5254 1157 5323 e_t_
1193 5244 1513 5323 Eutychem.
1544 5244 1885 5323 ’ané‘gua’zpiq:

373 5336 459 5374 rro
502 5318 702 5375 Graacis
751 5329 1062 5374 constanter
1108 5316 1258 5377 dicti.
1318 5326 1425 5369 tam
1481 5318 1750 5386 antiquior
1778 5316 1888 5375 "ille

348 5391 737 5461 ieropolitanus
774 5391 863 5461 qui
892 5391 991 5461 sub
1020 5388 1091 5442 M.
1119 5386 1336 5461 Aurelio
1360 5387 1511 5461 vixit,
1547 5389 1685 5461 apud
1716 5386 1883 5461 Euse-

295 5456 482 5526 bium,—
507 5462 598 5516 lib.
646 5477 718 5524 IV,
751 5456 869 5531 cap.
903 5459 991 5526 26,
1012 5468 1136 5531 tum
1168 5456 1452 5531 Laodiceni
1482 5456 1591 5513 duo
1634 5460 1695 5531 in_
1709 5459 1883 5531 Syria,

295 5548 525 5603 quorum
566 5531 766 5599 junior,
801 5528 851 5586 id
882 5541 961 5586 est
990 5530 1147 5593 lilius,
1188 5530 1417 5603 ‘hznresis
1445 5538 1632 5603 auctor
1672 5528 1887 5603 ininde

295 5599 402 5674 qua
434 5602 807 5673 Apoliuarista:
836 5602 1146 5672 nuncupati.
1182 5599 1285 5654 Pro
1332 5599 1653 5670 Apoliuariis
1684 5600 1887 5672 Apolli-

372 5744 387 5770 ³
421 5739 552 5794 Cud.
589 5740 812 5806 Verou.,
845 5737 1113 5792 Theodoti.
1157 5734 1366 5790 Falsam
1405 5732 1664 5787 Theodori
1691 5733 1877 5789 lectio-

298 5826 422 5867 nem
444 5809 696 5868 emendat
723 5808 1040 5864 Sirmoudus
1079 5808 1431 5879 iusupcriore
1461 5816 1587 5861 uota
1620 5806 1667 5858 υ.

586 5907 860 5971 Ρλτιιοι.
910 5902 1161 5962 LXVII.

1984 4698 2143 4740 nares
2190 4686 2432 4755 plerique
2471 4685 2610 4754 apud
2651 4685 2870 4742 Latinos
2894 4698 3108 4755 vocant,
3138 4689 3402 4745 diversam
3430 4692 3583 4747 vocis

1987 4756 2249 4823 originem
2282 4773 2386 4811 non
2417 4757 2926 4812 animadvertentes.

2060 4826 2087 4864 δ
2114 4826 2421 4897 Legendum
2448 4826 2716 4881 Theodoti.
2751 4827 2826 4882 De
2855 4828 3138 4885 Theodoto
3166 4831 3309 4886 enim
3338 4830 3586 4888 Coriario

1988 4912 2168 4953 sermo
2197 4907 2299 4962 est,
2325 4900 2414 4965 qui
2443 4900 2645 4966 primus
2663 4898 2933 4952 Christum
2965 4902 3163 4955 nudu.n
3193 4902 3463 4957 hominem
3487 4902 3586 4956 do-

1991 4968 2381 5039 cuit,7eamque
2419 4968 2488 5022 ob
2526 4984 2743 5023 causam
2772 4986 2821 5039 7a
2856 4969 3070 5025 Victore
3118 4988 3253 5039 papa
3302 4973 3586 5031 damnatus

1992 5046 2093 5092 est.
2131 5038 2294 5109 Vetus
2340 5047 2530 5094 auctor
2579 5040 2718 5109 apud
2767 5038 3083 5107 Eusebium,
3122 5038 3209 5095 lib.
3243 5058 3274 5095 v
3315 5040 3583 5107 Historiae,

1991 5124 2126 5185 cap.
2144 5108 2209 5161 27
2241 5126 2253 5161 :
2311 5112 2495 5185 Πίκτωρ
2532 5115 2615 5185 rati
2641 5114 2832 5185 daturin
2861 5112 3101 5167 Θεσζδοτον
3127 5118 3211 5167 τὶν
3238 5115 3473 5185 ἀρχηγὸν
3499 5117 3587 5168 καὶ

1991 5184 2195 5257 πατέρα
2233 5188 2324 5240 τῆς
2353 5183 2651 5257 ἀρνήσιθέου
2679 5184 3009 5257 timocratem:
3046 5183 3459 5257 ἀπεκήρυξσίτὶζ
3479 5205 3588 5237 κοι-

1993 5252 2198 5330 ηωνμίᾲς,
2221 5252 2426 5330 πρῷτὸν
2455 5255 2660 5308 εἰπόντα
2685 5252 2827 5330 ψιῇὀν
2858 5252 3111 5330 ἇνθρωπρν
3140 5252 3372 5330 Χριὶστόν.
3394 5252 3583 5330 :l'heo-

1989 5321 2103 5375 doti
2129 5321 2370 5376 limresim
2392 5332 2606 5379 secutus
2627 5321 2709 5377 est
2730 5321 2985 5377 Artemn'u
3014 5342 3026 5387 ;
3060 5321 3366 5380 Arte'monis
3391 5323 3587 5380 Paulus

1990 5392 2408 5468 Satnosatenus,
2446 5403 2503 5446 ut
2555 5393 2695 5447 idem
2727 5405 2955 5468 auctor
2986 5392 3235 5468 afﬁrmat,
3268 5405 3322 5452 et
3351 5395 3587 5468 episcopi

1990 5412 2391 5456 catuosatenus,
2446 5412 2503 5446 υι
2555 5412 2695 5447 luem
2746 5412 2933 5448 alIClOI'
2986 5412 3210 5449 ειιιιτιιιειι
3268 5412 3379 5452 Εριο
3422 5412 3584 5468 ιδςορι

1988 5464 2571 5587 εγηυόέιΑιηὶοοΙιειιίε,
2602 5465 2742 5533 apud
2764 5463 3053 5521 Eusebium
3077 5440 3350 5538 emndem,
3385 5412 3475 5523 Bb.
3493 5483 3584 5535 γη,

1990 5549 2110 5587 can.
2215 5578 2228 5587 .
2439 5568 2443 5574 -

1990 5549 2110 5605 cap.
2141 5549 2228 5590 τι.
2439 5568 2443 5574 -

2060 5736 2078 5765 ’
2109 5733 2251 5806 Idem
2283 5732 2431 5806 cod_.,
2456 5736 2543 5806 qui
2566 5736 2717 5806 primi
2750 5750 2951 5806 parum.

2071 5807 2091 5835 ³
2131 5805 2275 5861 Idem
2301 5804 2446 5872 cod.,
2472 5804 2618 5862 aliud
2650 5804 2849 5862 evidens
2878 5824 3071 5861 eorum.

3083 5905 3150 5961 19
