4070 6352
568 613 705 667 dixit
737 610 961 672 unitum,
995 607 1086 662 sed
1129 606 1196 661 ab
1243 606 1355 675 ipsa
1396 604 1449 658 in
1500 604 1687 657 matris
1731 611 1884 655 utero
1929 600 2165 668 plasma-

523 4285 535 4298 ’
598 4294 653 4349 in
703 4296 883 4351 multis
924 4298 1126 4352 sanctis
1153 4307 1312 4366 atque
1355 4298 1649 4367 prOphetis,
1700 4315 1806 4355 non
1837 4309 1895 4354 ut
1941 4300 2189 4355 adunatis

530 5947 571 5979 Ι

574 309 675 366 537
1660 299 1956 357 nouam
1999 297 2215 353 EI‘ISC.
2252 295 2759 351 IIEIllII.\NIZNSIS
3749 303 3827 356 ses

571 427 687 483 doti
734 424 912 481 verbis
941 421 1249 493 simpliciter
1296 418 1664 482 ostendamus,
1719 418 1808 487 qui
1865 430 1993 480 non,
2027 413 2165 466 sicut
2196 418 2243 475 Α
2268 411 2355 481 jus
2382 425 2675 479 cognomen
2706 409 2894 462 beatus
2925 407 3118 462 Petrus
3149 406 3444 475 aposto'us
3470 408 3683 477 sumpsit
3704 424 3728 463 a
3750 410 3831 465 υςι.

572 522 659 577 isti
684 519 1015 587 confingunt,
1050 523 1172 569 ante
1199 514 1309 584 jam
1339 512 1649 568 subsistenti
1685 509 1884 566 homini
1918 507 2158 562 Verbum
2269 507 2414 560 mino
2438 546 2452 568 ,
2508 513 2789 574 propterea
2840 501 3145 555 Nestorium
3208 501 3635 555 auathematizet
3660 545 3673 568 ,
3721 509 3830 574 quod

2272 598 2432 653 Verbi
2465 596 2759 664 carnisque
2790 602 3036 647 naturam
3087 592 3138 646 in
3196 592 3380 645 bealzl‘
3412 590 3641 659 Virginis
3668 609 3832 651 conoe-

2271 696 2450 766 ptione
2492 693 2810 761 sejungens,
2846 704 3115 760 unumque
3156 687 3449 743 Christum
3480 687 3531 741 in
3560 688 3687 743 duos
3720 691 3830 745 divi-

2269 788 2436 850 dens,
2486 782 2642 838 aliam
2672 783 2916 847 deitatis,
2970 792 3023 837 et
3055 782 3216 834 aliam
3251 779 3612 834 humanitatis
3647 782 3833 840 voluerit

2270 894 2391 935 es~e
2441 889 2745 946 personam,
2801 888 2910 928 non
2958 882 3140 942 posset
3196 871 3354 926 velut
3406 870 3527 941 ejus
3568 874 3833 944 magistrum

2271 971 2614 1026 Theodorum
2644 969 3023 1030 condemnare.
3049 967 3141 1035 qui
3162 965 3281 1035 jam
3313 962 3522 1017 dndum
3552 978 3831 1032 prerem-ns

2274 1065 2441 1134 ipsius
2464 1075 2704 1117 errorem
2735 1058 2990 1123 Nestorii,
3008 1067 3193 1113 contra
3213 1056 3386 1110 docet
3407 1055 3477 1109 ab
3508 1056 3616 1124 ipsa
3641 1056 3689 1110 in
3711 1066 3832 1112 utero

2272 1156 2459 1226 matris
2490 1152 2843 1224 plasmatione
2887 1150 2981 1205 Dei
3016 1150 3173 1205 Verbi
3223 1157 3484 1203 naturam
3514 1162 3631 1202 cum
3663 1163 3715 1202 ea
3742 1166 3834 1218 qua

2271 1255 2544 1315 assurnpta
2567 1253 2650 1298 est
2681 1245 2733 1297 in
2764 1256 2922 1295 unam
2954 1240 3264 1295 substitisse
3295 1252 3611 1309 personam.
3664 1237 3725 1291 Et
3747 1238 3835 1293 hac

2271 1338 2415 1408 quid.
2438 1352 2488 1390 m
2515 1335 2829 1406 protulimus
2850 1334 2917 1389 de
2937 1332 3210 1388 Theodori
3240 1330 3493 1400 scriptis,
3520 1344 3585 1385 ex
3599 1331 3834 1384 occasione

2272 1426 2652 1482 convinceudm
2698 1424 2944 1479 falsitatis
3000 1439 3189 1480 eorum
3245 1436 3391 1493 quos
3436 1430 3624 1491 aperte
3660 1420 3834 1478 mentiri

2275 1535 2381 1574 non
2416 1518 2621 1587 puduit,
2645 1518 2771 1572 dum
2801 1531 2896 1586 pro
2927 1516 3043 1584 ejus
3071 1528 3308 1583 lersonn
3341 1514 3630 1583 epistolam
3651 1527 3835 1567 veneta.

573 704 718 760 tione
764 702 997 757 hominis
1044 709 1285 754 naturam
1336 713 1455 752 cum
1505 696 1601 751 Dei
1658 694 1818 749 Verbi
1868 708 2060 747 natura
2111 693 2165 745 in

572 811 734 851 unam
773 794 1081 850 substitisse
1121 807 1425 864 personam.
1477 789 1611 845 Nam
1661 786 1819 843 tertio
1863 787 2075 841 decimo
2100 785 2167 841 de

570 886 944 942 incarnatione
974 884 1134 952 libro,
1183 882 1262 937 sic
1299 881 1468 937 dicit:
1504 898 1525 933 ι
1584 881 1788 933 Bonum
1839 886 1921 931 est
1965 879 2017 930 in
2065 875 2167 931 hoc

571 978 697 1033 loco
723 978 954 1032 maxime
974 974 1296 1031 concludere
1322 973 1447 1044 quid
1472 971 1683 1027 virtutis
1709 970 1941 1025 habeant
1964 983 2026 1024 ea
2049 982 2169 1036 qua

574 1069 718 1125 dicta
748 1079 896 1135 sunt,
928 1069 1042 1123 sive
1070 1065 1401 1131 conversari,
1434 1064 1547 1119 sive
1577 1063 1856 1133 baptizari,
1890 1063 2003 1116 sive
2041 1075 2164 1116 cru-

574 1160 738 1232 ciIigi,
772 1163 887 1217 sive
916 1162 1072 1226 mori,
1098 1162 1211 1215 sive
1232 1158 1446 1229 sepeliri
1471 1167 1526 1213 et
1553 1171 1852 1227 resurgere.
1886 1155 1999 1210 Non
2033 1168 2171 1224 puro

577 1251 738 1309 aiicui
769 1254 883 1309 bmc
910 1261 1224 1323 coaptantes
1253 1251 1457 1306 homini
1483 1250 1712 1305 dicimus
1746 1268 1758 1303 :
1812 1250 1912 1303 hoc
1939 1249 2082 1303 enim
2117 1249 2167 1302 in

579 1360 899 1417 unaquaque
926 1345 1190 1401 dictorum
1213 1343 1671 1399 demonstratione
1700 1341 1901 1397 addere
1925 1356 2028 1396 non
2057 1356 2172 1395 mo-

581 1453 786 1507 ramur,
822 1451 877 1493 ut
908 1440 1105 1494 nullam
1157 1437 1608 1493 calumniantibus
1638 1436 1974 1506 praebeamus
2030 1434 2170 1490 male

581 1531 833 1602 loquendi
876 1531 1250 1595 occasionem;
1302 1529 1393 1584 sed
1429 1530 1728 1583 inhabitato
1755 1527 1970 1597 quidem
2000 1542 2024 1578 a
2061 1526 2171 1581 Deo

582 1621 851 1680 Verbo-ab
880 1623 993 1692 ipsa
1024 1623 1078 1677 in
1118 1631 1272 1677 utero
1303 1623 1491 1677 matris
1526 1620 1917 1690 plasmatione;
1951 1620 2170 1674 inhabi-
2274 1609 2395 1665 bilis
2418 1610 2524 1664 Ibin
2550 1617 2813 1664 conantur
2836 1608 3147 1671 excludere,
3176 1618 3230 1662 et
3259 1622 3363 1678 pro
3393 1588 3630 1676 epistola,
3651 1621 3834 1661 venera-

582 1722 693 1770 tato
716 1730 867 1780 vero,
895 1730 997 1769 non
1015 1714 1307 1771 secundum
1334 1729 1670 1767 communem
1700 1713 2167 1780 immutationem,
2275 1702 2395 1757 bilis
2424 1702 2528 1756 Iba:
2556 1699 2990 1757 ChalcedOnense
3019 1699 3340 1753 concilium.
3372 1697 3707 1767 Competenti
3734 1712 3835 1752 vero

583 1820 759 1875 neque
786 1806 937 1876 juxta
967 1821 1085 1861 eam
1117 1823 1235 1875 quae
1268 1808 1318 1859 in
1362 1808 1542 1860 inultis
1574 1806 1890 1878 intelligitur
1918 1807 2165 1876 gratiam,

2275 1793 2393 1848 loco
2416 1801 2561 1849 tanta
2589 1800 2644 1848 et
2670 1792 2793 1846 talia
2817 1790 3169 1861 proferemus,
3201 1799 3265 1844 ut
3287 1788 3335 1844 si
3362 1804 3473 1843 non
3505 1791 3643 1858 ipsos
3669 1788 3832 1842 calum-

584 1896 677 1952 sed
715 1897 874 1967 juxta
920 1896 1205 1964 quamdam
1259 1899 1639 1960 excellentem,
1691 1900 1983 1953 secundum
2015 1914 2170 1969 quam

2282 1886 2463 1943 niosos
2512 1896 2674 1958 atque
2717 1886 2951 1951 fallaces,
2990 1885 3123 1939 alios
3151 1892 3307 1939 certe
3340 1884 3619 1953 pceniteat,
3663 1882 3740 1950 qui
3775 1882 3834 1935 eis

585 1986 749 2042 etiam
807 1986 1030 2041 adunari
1069 1987 1296 2043 dicimus
1345 1998 1596 2058 utraque
1636 2000 1871 2055 naturas,
1916 2001 1969 2045 et
2019 2007 2176 2045 unam
2281 1980 2438 2036 facile
2464 1979 2824 2034 crediderunt.
2860 1976 2989 2044 Quis
3018 1984 3193 2031 autem
3225 1987 3661 2031 commemorare
3682 1974 3831 2042 possit,

586 2078 735 2149 juxta
765 2078 1140 2145 adunationem
1169 2079 1411 2134 eﬂ‘cctam
1455 2094 1577 2134 esse
1624 2096 1929 2150 personam.
1962 2100 1990 2133 τ
2041 2082 2177 2138 Ecce
2280 2084 2370 2128 aut
2417 2088 2602 2129 eorum
2634 2086 2824 2127 omnes
2854 2070 3139 2138 falsitates,
3192 2080 3292 2125 aut
3340 2069 3525 2124 omnia
3556 2083 3668 2139 qua:
3697 2068 3741 2120 in
3766 2068 3835 2121 illo

591 2174 717 2227 dum
769 2173 1016 2228 volumus
1058 2175 1073 2204 ¹
1120 2172 1263 2227 aliud
1308 2188 1493 2227 eorum
1544 2175 1879 2229 mendacium
1928 2175 2172 2244 prodere,
2281 2167 2417 2222 libro
2442 2180 2629 2237 sparsa
2661 2174 2809 2231 sunt,
2841 2164 2908 2219 ad
2932 2165 3235 2235 augendum
3265 2165 3483 2219 crimen
3512 2163 3672 2232 ips'us
3698 2160 3832 2215 Theo-

591 2264 753 2319 etiam
783 2275 972 2318 omnes
1015 2263 1125 2330 hic,
1171 2274 1257 2317 aut
1291 2278 1426 2332 pene
1453 2278 1664 2329 omnes,
1706 2278 1889 2319 eorum
1924 2265 2178 2321 adversus
2280 2260 2418 2325 dori,
2445 2268 2499 2314 et
2526 2259 2764 2328 epistolae
2796 2256 2900 2312 Iba:
2943 2256 2995 2311 in
3028 2272 3128 2325 qua
3174 2257 3429 2311 laudatus
3461 2264 3566 2321 est,
3593 2266 3644 2308 ut
3670 2269 3729 2308 ex
3758 2254 3833 2309 huc

590 2355 933 2412 Theodorum
964 2355 1030 2411 de
1060 2356 1425 2412 incarnatione
1451 2354 1653 2412 Christi
1694 2358 1991 2413 calumnias
2020 2359 2178 2414 vide-
2281 2369 2487 2423 magna:
2516 2352 2723 2425 synodo
2751 2353 3104 2407 suscitaretur
3147 2351 3373 2416 invidia,
3408 2349 3554 2418 quod
3594 2363 3701 2403 eam
3737 2361 3831 2417 ρίο-

591 2458 709 2501 mus
735 2446 999 2503 exclusae.
1028 2447 1157 2501 Nam
1181 2459 1429 2502 accusant
1453 2464 1576 2504 eum
1598 2449 1695 2513 illi,
1733 2451 1872 2520 quod
1908 2451 2176 2506 hominem
2282 2446 2554 2501 nuntiavit
2592 2444 2991 2500 orthodoxam?
3030 2443 3160 2499 Nam
3193 2444 3312 2498 sive
3344 2458 3471 2498 cum
3513 2441 3743 2505 Nestorii,
3771 2440 3831 2492 rei

592 2554 784 2607 purum
821 2540 1014 2595 dixerit
1058 2542 1348 2596 Christum.
1401 2542 1518 2612 Ipse
1548 2552 1727 2599 autem
1776 2544 1941 2600 dicit:
1997 2564 2014 2596 ι
2053 2546 2179 2603 Sive
2280 2538 2462 2593 nescio
2489 2537 2642 2607 cuius
2667 2537 2815 2609 Cyri.
2860 2538 2975 2593 sive
3004 2552 3125 2592 cum
3155 2536 3385 2607 Joannis
3419 2534 3592 2589 Graeci
3626 2532 3643 2564 ’⁵
3672 2533 3831 2587 faciunt

592 2632 923 2697 conversari,
954 2632 1065 2687 sive
1109 2634 1384 2702 hapt'ztri,
1425 2634 1538 2689 sive
1566 2636 1804 2706 crucifigi
1830 2678 1843 2701 ,
1875 2638 1988 2692 sive
2020 2641 2175 2707 mori,
2282 2632 2630 2696 mentionem,
2676 2630 2865 2684 nolunt
2889 2644 2984 2684 eos
3014 2629 3131 2685 sine
3160 2628 3242 2682 his
3270 2626 3590 2691 conviciari,
3616 2626 3716 2680 sive
3740 2638 3830 2678 cum

591 2726 706 2780 sive
734 2724 947 2794 sepeliri
977 2734 1031 2780 et
1058 2739 1358 2795 resurgere,
1386 2742 1490 2783 non
1517 2742 1649 2798 puro
1672 2728 1830 2783 alicui
1863 2730 1978 2785 haac
2010 2745 2177 2800 coap-
2282 2723 2583 2777 testimonia
2633 2722 2911 2792 proferunt
2941 2722 3181 2788 Patrum,
3214 2721 3413 2775 nolunt
3464 2734 3559 2774 eos
3597 2718 3707 2772 sine
3728 2717 3829 2769 alte.

592 2822 769 2868 tantes
799 2814 1004 2869 homini
1050 2814 1298 2871 dicimus.
1339 2837 1359 2870 ι
1394 2818 1448 2874 Si
1487 2828 1665 2875 autem
1695 2834 1801 2875 non
1844 2837 1975 2891 puro
2019 2823 2177 2877 alicui
2282 2818 2395 2872 rius
2416 2833 2603 2873 eorum
2629 2818 3022 2887 vituperatione
3045 2816 3288 2871 laudare.
3316 2814 3516 2868 Adhuc
3534 2823 3699 2866 tamen
3719 2806 3829 2861 aliud

594 2905 796 2961 homini
846 2906 961 2961 bace
990 2916 1224 2977 coaptat,
1259 2908 1419 2979 igitur
1445 2910 1606 2965 etiam
1640 2911 1807 2967 Deum
1839 2915 2175 2982 conversari,
2281 2928 2533 2983 magnum
2569 2926 2634 2965 ac
2663 2911 2861 2981 duplex
2901 2925 3085 2965 eorum
3116 2908 3468 2963 mendacium
3517 2904 3830 2976 publicamus:

594 3006 645 3051 et
674 2998 952 3067 baptizari,
981 3007 1037 3053 et
1063 2998 1324 3070 cruciﬁgi,
1365 3010 1421 3056 et
1449 3003 1606 3072 mori,
1640 3013 1693 3058 et
1723 3004 1960 3074 sepeliri,
1995 3014 2049 3060 et
2096 3022 2178 3061 re-
2282 3008 2421 3077 quod
2449 3004 2888 3060 Chalcedonense
2910 3003 3217 3069 concilium,
3240 3018 3351 3057 non
3382 3000 3831 3072 Ephesinitautum,

593 3104 817 3159 surgere
844 3088 1041 3145 fatetur
1065 3090 1117 3145 in
1139 3106 1302 3147 carne
1333 3104 1601 3163 suscepta,
1629 3111 1887 3167 suamque
1914 3098 2176 3152 sollicitu-
2283 3114 2469 3153 verum
2495 3098 2657 3152 etiam
2685 3097 2850 3165 ipsius
2878 3094 3344 3149 Chalcedonensis
3363 3092 3569 3163 judicio
3591 3089 3738 3144 videri
3759 3101 3830 3140 nec

597 3180 773 3237 dinem
806 3192 1147 3239 monstrans:
1181 3204 1199 3237 ι
1230 3184 1343 3240 IIoc
1366 3187 1533 3253 enim,
1561 3188 1754 3257 inquit,
1774 3191 1825 3243 in
1860 3205 2070 3260 unaqua
2093 3207 2177 3260 tuo
2205 3185 2249 3244 C
2288 3190 2451 3244 tabile
2478 3191 2782 3255 voluerunt,
2813 3189 3084 3242 dic-ntes:
3136 3205 3155 3238 ο
3185 3185 3468 3241 Theodori
3500 3182 3770 3253 symbolum
3792 3185 3829 3231 et

597 3274 859 3329 dictorum
888 3274 1350 3333 demonstratione
1401 3278 1606 3334 addere
1651 3296 1755 3335 non
1789 3296 2083 3347 moramur,
2127 3294 2183 3338 ut
2291 3284 2342 3338 in
2380 3283 2592 3352 Epheso
2622 3282 2723 3337 sub
2751 3291 2937 3336 sancto
2962 3280 3164 3353 Cyrillo
3189 3279 3456 3351 synodus,
3488 3286 3541 3330 et
3569 3277 3617 3329 in
3650 3271 3828 3327 Chalce-

594 3364 797 3420 nullam
851 3367 1306 3423 calumniantibus
1356 3371 1692 3438 praebeamus
1743 3373 1883 3427 male
1931 3374 2182 3445 loquendi
2288 3375 2430 3429 done
2461 3374 2990 3439 condemnaverunt,
3033 3383 3193 3443 atque
3233 3368 3572 3426 anathemati
3619 3361 3828 3420 subdide-

598 3457 957 3515 occasionem.
994 3478 1012 3512 ι
1045 3459 1110 3515 Et
1139 3476 1315 3531 neque
1338 3462 1419 3518 sic
1441 3472 1718 3532 amputare
1745 3465 1918 3533 potuit
1944 3470 2186 3521 occas'o-
2288 3479 2409 3524 runt
2433 3483 2557 3522 cum
2581 3468 2952 3537 conscriptore
2980 3467 3133 3535 ejus;
3168 3484 3186 3518 ι
3217 3480 3343 3519 cum
3389 3464 3441 3517 in
3490 3456 3732 3529 Ephesina
3766 3466 3829 3521 sy-

600 3564 721 3604 nem
752 3550 1117 3619 quaerentibus
1161 3554 1521 3610 occasionem.
1576 3555 1705 3609 Item
1758 3569 2013 3611 accusant
2062 3575 2183 3613 eum
2290 3562 2429 3614 nodo
2461 3568 2485 3596 ⁸
2523 3561 2791 3614 referatur
2831 3556 3045 3627 quidam
3080 3555 3303 3608 nomine
3332 3550 3627 3615 Charisius,
3657 3541 3829 3614 presby-

601 3640 699 3707 illi,
724 3639 866 3711 quod
910 3641 1122 3697 beatam
1168 3644 1387 3699 Mariam
1422 3646 1584 3701 Deum
1612 3647 1863 3717 genuisse
1893 3649 2182 3719 negaverit.
2291 3665 2370 3710 ter
2404 3661 2457 3709 et
2486 3666 2799 3710 mconomus
2842 3647 3251 3717 Philadelphus,
3302 3646 3495 3701 nescio
3537 3654 3664 3711 quos
3701 3637 3830 3691 Anto-

600 3735 719 3801 Ipse
751 3743 928 3789 autem
959 3735 1086 3789 dicit
1114 3738 1254 3804 quod
1290 3739 1355 3792 ab
1382 3738 1491 3805 ipsa
1518 3739 1568 3791 in
1600 3749 1749 3793 utero
1779 3742 1799 3771 ¹
1834 3740 2187 3809 plasmatione
2290 3747 2436 3801 nium
2460 3757 2513 3801 et
2543 3745 2801 3801 Iacobum
2833 3740 3180 3812 presbyteros
3209 3750 3503 3793 accusasse
3528 3734 3592 3788 de
3618 3727 3829 3784 societate

600 3822 744 3880 Deus
773 3825 1003 3881 Verbum
1026 3826 1315 3882 adunatqu
1346 3829 1449 3884 sibi
1477 3829 2182 3900 homineminhabitaverit,
2291 3840 2538 3905 Nestorii,
2569 3849 2622 3893 et
2648 3837 2895 3892 doruisse
2924 3832 3064 3901 quod
3107 3846 3210 3886 non
3243 3829 3507 3884 Ecclesia:
3549 3819 3827 3895 symbolum.

601 3917 896 3973 secundum
936 3920 1076 3986 quod
1114 3923 1436 3993 evangelista
1477 3924 1651 3980 dicit:
1696 3924 1917 3981 Verbum
1948 3944 2072 3983 caro
2103 3930 2187 3998 [a-
2288 3932 2385 3987 sed
2420 3930 2559 3986 aliud
2584 3972 2599 3996 ,
2650 3926 2925 3983 conversis
2951 3918 3542 3980 Tessaresctcdecatitis
3587 3908 3825 3968 haereticis,

601 4020 738 4062 ctum
778 4020 877 4079 est,
910 4022 956 4064 et
988 4013 1232 4067 habitavit
1272 4015 1324 4067 in
1352 4016 1493 4070 nobis
1525 4015 1706 4087 (Joan.
1732 4032 1771 4084 t,
1803 4017 1917 4088 14).
1946 4019 2074 4075 Item
2101 3996 2188 4073 ac—
2290 4024 2378 4094 qui
2411 4038 2517 4076 non
2540 4036 2659 4075 cum
2688 4018 2950 4083 Ecclesia,
2975 4014 3068 4070 sed
3090 4010 3497 4083 quartadecima
3529 4006 3641 4061 luna
3669 3996 3827 4071 pascit!

603 4117 801 4159 cusant
852 4121 978 4161 eum
1037 4106 1111 4161 illi
1164 4106 1305 4177 quod
1345 4110 1422 4164 sic
1462 4110 1731 4168 habitasse
1779 4111 1974 4168 dixerit
2021 4112 2185 4167 Deum
2292 4091 2653 4179 celebrabant,
2687 4111 3053 4174 tradiderunt;
3086 4122 3187 4162 nec
3208 4106 3278 4160 ibi
3303 4106 3534 4166 dicatur,
3554 4097 3633 4152 vel
3658 4094 3717 4146 ab
3738 4091 3826 4179 ip>tt

601 4195 833 4255 Verbum
865 4199 916 4254 iu
955 4211 1231 4270 assumpta
1258 4200 1487 4258 hominis
1515 4214 1725 4271 natura,
1760 4205 1898 4260 sicut
1931 4204 2189 4259 habitavit
2290 4208 2555 4273 Charisio,
2580 4175 2665 4262 vel
2704 4219 2733 4258 a
2778 4216 3068 4272 quoquam,
3100 4198 3230 4253 illud
3260 4194 3562 4269 symbolum
3604 4175 3827 4242 Theodori

2292 4302 2475 4356 fuisse.
2524 4272 2716 4353 Beatus
2755 4295 2989 4363 Cyrillus
3033 4290 3276 4345 scribens
3305 4281 3658 4343 Orientafibus
3684 4272 3818 4363 did}?

599 4386 839 4458 utrisque
871 4390 1074 4443 naturis
1098 4405 1199 4443 una
1232 4389 1385 4443 ﬁeret
1410 4407 1474 4445 ex
1506 4407 1689 4446 earum
1717 4392 2043 4447 adunatione
2070 4409 2190 4462 per-
2298 4410 2316 4444 ι
2354 4391 2562 4447 Prolata
2593 4396 2677 4444 est
2732 4387 2783 4440 in
2835 4394 3018 4439 sancta
3064 4379 3268 4451 synodo
3299 4374 3566 4448 Ephesina
3608 4358 3824 4462 deﬁciunt

595 4493 751 4533 sona.
789 4478 904 4547 Ipse
931 4491 1109 4535 autem
1143 4479 1274 4534 dicit
1304 4498 1429 4536 eum
1472 4498 1575 4536 non
1606 4483 1902 4538 secundum
1948 4500 2189 4539 connnu-
2292 4484 2455 4539 veluti
2501 4496 2531 4535 a
2576 4479 2865 4535 Theodsro
2902 4476 3163 4545 deposita,
3210 4471 3369 4526 sicuti
3418 4467 3688 4524 offerentes
3713 4450 3825 4507 dice-

601 4586 724 4626 uem
755 4570 1137 4628 habitationem
1171 4575 1529 4639 inhabitasse,
1577 4578 1672 4631 sed
1717 4578 1866 4646 j‘nxta
1898 4579 2183 4648 quamdam
2217 4578 2264 4638 D
2291 4577 2456 4642 bant;
2500 4595 2519 4627 ι
2571 4588 2671 4629 nec
2716 4572 2949 4625 affirmat
2974 4583 3092 4625 eam
3149 4564 3418 4620 Theodori
3455 4560 3649 4617 fuisse;
3679 4555 3825 4648 verit!»

596 4662 969 4727 excellentem,
998 4666 1292 4719 secundum
1322 4682 1477 4735 quam
1512 4668 1672 4721 etiam
1702 4668 1923 4723 adunari
1957 4671 2183 4727 dic'mus
2297 4682 2472 4738 neque
2498 4680 2616 4720 cum
2632 4664 2748 4734 ejus
2771 4661 3161 4731 conscriptore,
3180 4667 3237 4712 ut
3259 4657 3348 4712 ἱειί
3372 4636 3823 4735 ροιιῆῖιευηιντείςη

597 4763 851 4825 utrasque
890 4766 1105 4811 naturas
1128 4797 1143 4823 ,
1178 4768 1230 4813 et
1279 4773 1436 4812 unam
1469 4758 1615 4828 juxta
1647 4759 2022 4816 adunationem
2056 4764 2186 4820 elle-
2293 4775 2413 4815 esse
2454 4760 2784 4822 damnatam,
2818 4757 2941 4823 quia
2971 4761 3026 4808 et
3069 4766 3170 4807 nec
3208 4749 3351 4820 juste
3404 4748 3571 4802 ﬁeret.
3602 4738 3694 4791 Lex
3723 4726 3825 4782 enim

595 4856 740 4902 ctam
767 4863 888 4903 esse
914 4863 1217 4917 personam.
1248 4848 1346 4905 Ubi
1375 4851 1533 4904 simul
1562 4861 1614 4905 et
1646 4851 1771 4905 illud
1799 4854 2043 4909 attendat
2074 4856 2184 4925 pic-
2293 4864 2488 4914 uestra,
2520 4851 2659 4903 sicut
2688 4850 2739 4901 in
2773 4848 3060 4915 Evangelio
3091 4846 3350 4914 scriptum
3400 4848 3501 4904 est,
3532 4850 3627 4889 non
3659 4824 3823 4925 Ϊκάίδξτξ

596 4949 677 4993 tas
694 4942 1156 5011 vestra,quoniam
1185 4941 1509 4997 conlictutn’
1531 4941 1596 4998 de
1628 4943 1782 4999 beato
1814 4943 2013 5010 Leone,
2039 4907 2180 5015 quod
2293 4942 2566 5009 hominem,
2596 4942 2693 4995 nisi
2714 4941 2937 4994 audierit
2968 4940 3030 4992 αθ
3069 4953 3128 4992 ευ
3160 4938 3323 5005 Prii“,
3349 4944 3396 4990 ει
3440 4920 3707 5015 εοθνιουενίξ
3731 4907 3822 5015 lii“

593 5031 936 5109 Theodorum
987 5034 1180 5088 dixerit
1217 5034 1494 5090 doctorem
1529 5035 1690 5092 fuisse
1762 5036 2015 5092 Nestorii.
2050 5000 2180 5092 I‘iam
2292 5033 2447 5105 faciat
2475 5031 2652 5104 (Joan.
2674 5047 2765 5097 vn,
2790 5030 2905 5100 51).
2940 5030 3148 5082 Falsum
3179 5037 3404 5098 ergocst
3429 5037 3476 5079 et
3504 5000 3639 5091 quod
3662 5007 3771 5065 dixit
3790 5000 3820 5067 ⁸,

594 5103 717 5180 Cum
751 5125 888 5181 idem
943 5127 1130 5181 beatus
1159 5125 1268 5182 Leo
1313 5129 1557 5184 scribens
1587 5129 1818 5184 Maximo
1845 5130 2184 5185 Autiocheno
2293 5103 2434 5195 apud
2464 5103 2724 5189 synodum
2765 5122 3090 5191 Ephesinam
3130 5118 3398 5175 Theodori
3424 5106 3703 5185 symbolum
3726 5103 3819 5150 CIII“

596 5216 788 5290 (Epist.
819 5215 910 5288 66)
934 5217 1123 5274 doceat
1150 5219 1404 5290 quoniam
1429 5221 1712 5277 catholica:
1741 5220 1863 5274 Iidci
1893 5231 2066 5291 petra,
2095 5236 2190 5274 cu-
2299 5232 2399 5275 suo
2434 5216 2699 5286 scriptore
2730 5215 3060 5270 damnatum.
3100 5213 3155 5266 In
3198 5210 3535 5267 Chalcedone
3564 5200 3705 5256 etiam
3739 5196 3819 5241 ηοη

2286 5403 2370 5450 tur
2400 5396 2450 5479 iu
2499 5394 2705 5465 synodo
2738 5410 2767 5445 ν
2798 5392 3034 5479 generali
3055 5391 3312 5479 ,Iactione
3339 5392 3390 5446 4.
3425 5388 3495 5441 De
3525 5378 3694 5438 eodem
3731 5378 3809 5421 nO‘

668 5409 693 5436 ι
734 5400 863 5467 Qua:
894 5402 978 5457 hic
1017 5414 1300 5456 narrantur
1328 5394 1541 5455 exStant
1577 5399 1630 5453 iu
1677 5396 1889 5453 actione
1917 5397 1950 5449 ϐ
1984 5396 2176 5467 synodi

2284 5478 2394 5523 ster
2426 5463 2618 5523 iterum
2650 5480 2767 5535 cap.
2803 5463 2836 5517 5
2865 5464 3021 5533 hujus
3054 5463 3197 5517 libri.

595 5470 901 5537 Ephesium,
931 5489 1051 5527 cum
1075 5473 1322 5541 exemplo
1343 5476 1583 5531 ἐκθέσεως
1605 5477 1697 5526 τοῦ
1728 5470 2179 5543 παρακληθέντος

595 5543 879 5613 συμϐόλου,
910 5546 1171 5613 depravati
1202 5540 1354 5611 huius
1376 5543 1624 5614 symboli;
1651 5540 1812 5611 quod'
1834 5555 2016 5595 rursus
2053 5540 2176 5608 legi-

2360 5691 2381 5721 ⁸
2423 5690 2475 5744 In
2505 5688 2710 5753 codice,
2735 5676 2853 5740 loco
2878 5691 2970 5741 τοῦ
2993 5685 3158 5739 (ἐνωεὶ
3176 5726 3189 5748 ,
3227 5683 3448 5737 habetur
3473 5667 3603 5728 aliud
3624 5655 3812 5753 verba?!

2286 5734 2847 5827 deletu'n;,vtv3itvjit’s-Ii:e‘
2866 5734 3155 5825 posituram-te
3176 5734 3371 5810 littera:
3401 5746 3739 5820 apparent..."
3762 5734 3810 5775 tr.

2358 5838 2377 5867 ⁵
2420 5833 2561 5889 Idem
2594 5830 2741 5898 cod.,
2770 5828 2906 5897 quod
2933 5827 3192 5883 dixerunt.

670 5705 686 5734 ¹
726 5700 859 5757 Cod.
897 5702 1120 5765 Veron..
1153 5702 1426 5757 voluimus.

668 5778 686 5805 '
732 5776 871 5828 Idem
899 5776 1046 5841 cod.,
1075 5788 1218 5829 utero
1249 5772 1446 5825 matris.

668 5847 689 5879 ³
725 5844 868 5903 Idem
899 5846 1044 5916 cod.,
1076 5846 1353 5916 conﬁt-tum
1384 5854 1476 5899 cst.
