4070 6352
335 293 440 351 580

1219 279 1345 350 ιδιιο
1388 279 1812 349 ost‘ENStoNe
1852 286 2065 347 τιιιῑιι
2105 289 2422 348 CAI’ITUL.
2459 291 2584 346 LIB.
2627 278 2711 347 ιιι.

3517 288 3621 344 5Γο

333 408 460 464 alibi
490 408 690 464 mentio
717 406 986 463 Theodori
1020 408 1157 463 facta
1186 417 1289 475 est,
1319 409 1419 462 nisi
1453 407 1540 461 ubi
1593 421 1657 461 ex
1691 406 1916 476 cpistola
1948 405 1999 464 Α
2023 412 2149 473 gnat
2188 403 2228 466 ¹,
2259 402 2348 472 qui
2397 402 2641 458 scribens
2688 400 2935 458 Juvenali
2991 401 3478 475 llierosol'ymitano
3505 403 3627 481 epi-

337 500 661 557 venerabilis
684 499 787 554 lbra
813 502 1094 555 recitatum
1110 509 1191 555 est
1217 511 1411 555 nomen
1434 499 1569 569 ejus.
1590 498 1930 569 Cognoscant

236 608 257 625 ε
341 595 525 663 itaque
573 604 635 646 se
666 590 800 646 nihil
831 592 946 648 suis
985 592 1421 661 subreptionibus
1468 590 1778 662 profecisse,
1811 591 1931 660 qui-

334 685 443 741 bus
470 683 720 740 obtinere
740 683 923 739 conati
951 693 1075 739 sunt
1106 696 1164 738 ut
1187 683 1643 739 Chalcedonensis
1694 683 1929 753 synodus

332 775 437 831 sibi
491 773 760 829 contraria
807 771 1098 839 videretur,
1150 775 1457 844 approbans
1488 772 1773 841 epi~tolam
1815 773 1934 828 lau-

336 864 557 918 dantem
583 862 951 929 Theodorum,
983 880 1142 934 quem
1172 880 1293 919 eum
1324 864 1569 935 symbolo
1595 863 1932 919 damnaverit

338 972 463 1012 suo.
493 958 573 1012 Ex
601 958 684 1011 his
714 956 928 1027 quidem
960 959 1091 1013 satis
1118 972 1386 1029 superque
1431 957 1726 1028 produntur
1755 956 1930 1011 fauto—

340 1066 432 1105 res
468 1049 868 1118 haereticorum,
919 1050 1056 1104 sicut
1108 1050 1386 1120 epistolam
1436 1047 1759 1104 venerabilis
1804 1047 1930 1111 Iba),

334 1143 407 1195 ita
438 1140 598 1195 etiam
632 1139 976 1195 Theodorum
1024 1140 1458 1211 Mopsuestenum
1482 1140 1826 1208 episcopum,
1876 1138 1932 1191 in

334 1232 756 1288 desrructionem
787 1231 976 1303 synodi
1007 1233 1465 1288 Chalcedonensis
1495 1241 1549 1288 et
1575 1232 1915 1287 decretorum

339 1336 494 1393 papa
527 1323 743 1386 Leonis,
782 1337 811 1375 a
844 1338 948 1392 quo
979 1323 1218 1392 ejusdem
1251 1323 1440 1394 synodi
1486 1332 1636 1394 gesta
1677 1333 1800 1379 sunt
1827 1336 1924 1393 ap-

336 1414 586 1481 probata,
614 1413 938 1469 anathemati
987 1416 1315 1471 subdidisse.

960 1545 1186 1602 CAPUT
1221 1546 1305 1602 Ill.

334 1640 488 1706 Quod
536 1638 863 1693 Theodoram
914 1640 1146 1709 imperite
1184 1650 1432 1708 arguant,
1477 1638 1621 1709 quod
1669 1630 1932 1692 Christum

403 1712 460 1765 in
490 1712 725 1779 passione
767 1712 1074 1781 formidasse
1102 1721 1149 1765 et
1204 1712 1461 1764 turbatum
1504 1713 1666 1780 fuisse
1720 1712 1931 1778 dixerit,

2032 507 2197 564 scopo
2223 494 2353 549 dicit
2394 495 2586 566 (Epist.
2612 496 2705 567 78)
2745 514 2757 549 :
2796 517 2813 549 ι
2859 496 3019 552 Utere
3072 497 3249 566 igitur,
3299 496 3464 552 frater
3492 496 3627 551 cluas

2036 585 2272 649 rissime,
2309 588 2676 643 invictissimis
2709 590 2990 644 catholica:
3021 587 3143 643 fidei
3176 589 3537 653 documentis,
3571 597 3626 643 et

2031 678 2479 748 cvangelistaruni
2535 678 2972 747 praedicationem
3024 692 3331 735 sanctorum
3381 681 3620 736 locorum

2030 765 2088 820 in
2132 769 2324 835 quibus
2361 766 2510 836 degis
2542 768 2922 825 testificatione
2960 770 3207 828 defende.
3258 771 3410 841 Apud
3444 781 3494 827 te
3539 782 3625 826 est

2035 858 2332 929 Bethleem,
2368 861 2418 915 in
2451 876 2553 930 qua
2584 862 2830 917 salutifer
2863 863 3124 919 Davidicre
3159 865 3391 936 Virginis
3436 874 3624 934 partus

2036 953 2241 1023 illuxit,
2264 970 2382 1025 quae
2414 956 2708 1010 involutum
2743 958 2931 1026 pannis
2956 958 3094 1012 inter
3125 961 3400 1029 angustias
3446 959 3627 1014 divero

2033 1046 2161 1100 sorii
2188 1060 2427 1114 praesepe
2457 1046 2713 1115 suscepit.
2746 1046 2900 1117 Apud
2931 1055 2985 1100 te
3013 1056 3098 1101 est
3139 1046 3406 1104 declarata
3434 1047 3503 1103 ab
3528 1063 3624 1102 an-

2033 1137 2183 1207 gelis,
2219 1136 2438 1190 adorata
2476 1152 2506 1190 a
2536 1138 2727 1208 magis,
2768 1148 2821 1193 et
2867 1154 2963 1208 per
3009 1140 3299 1195 multorum
3344 1140 3627 1195 infantium

2036 1238 2239 1285 mortes
2267 1231 2332 1283 ab
2363 1229 2578 1285 Herode
2610 1232 2834 1300 qna‘sita
2864 1231 3161 1288 Salvatoris
3194 1230 3439 1288 infantia.
3468 1233 3625 1302 Apud

2038 1331 2091 1377 te
2121 1330 2233 1383 est,
2271 1321 2359 1376 ubi
2406 1322 2630 1390 pueritia
2662 1322 2784 1392 ejus
2813 1323 3068 1391 adolevit,
3117 1323 3204 1378 ubi
3258 1323 3622 1379 adolescentia

2038 1414 2345 1480 maturavit,
2402 1424 2457 1469 et
2513 1430 2607 1483 [er
2635 1416 2815 1470 omnia
2854 1418 2874 1447 ³
2906 1417 3238 1472 incrementa
3269 1429 3527 1485 corporea
3574 1415 3627 1469 in

2044 1508 2213 1562 virum
2263 1508 2550 1575 perfectum
2582 1509 2695 1564 veri
2744 1510 2978 1565 hominis
3020 1519 3207 1564 natura
3236 1510 3484 1579 profecit,
3519 1521 3625 1562 non

2038 1604 2157 1657 sine
2199 1604 2321 1660 cibo
2365 1604 2705 1669 esuritionis,
2740 1621 2844 1661 non
2889 1606 3007 1661 sine
3036 1620 3226 1662 somno
3269 1606 3487 1677 quietis,
3521 1621 3627 1660 non

2040 1694 2157 1750 sine
2188 1694 2315 1750 fletu
2361 1696 2753 1764 miserationis,
2784 1711 2884 1753 nec
2927 1697 3043 1753 sine
3074 1713 3272 1769 pavore
3302 1696 3626 1751 form‘dinis.

404 1798 522 1864 eum
549 1781 780 1864 Christus
810 1793 861 1837 et
900 1794 1153 1854 martyres
1184 1784 1251 1837 ad
1295 1792 1508 1837 mortem
1533 1799 1586 1839 re
1631 1786 1742 1853 ipsa
1776 1782 1931 1852 trepi-
1965 1805 2006 1864 Β
2045 1785 2193 1843 Unus
2224 1788 2367 1842 enim
2397 1797 2559 1859 atque
2593 1788 2732 1844 idem
2761 1799 2867 1859 est,
2897 1788 2989 1859 qui
3016 1796 3071 1844 et
3102 1790 3153 1843 in
3185 1789 3276 1844 Dei
3308 1790 3474 1844 forma
3496 1802 3626 1859 ope-

405 1853 600 1908 darint.

407 1962 561 2020 Nunc
586 1961 675 2017 illa
708 1961 1045 2034 proferamus
1080 1963 1134 2019 in
1162 1964 1357 2034 quibus
1378 1964 1542 2019 etiam
1574 1962 1715 2019 beati
1744 1961 1929 2033 Cyrilli

335 2055 708 2112 testimonium
742 2070 841 2111 suo
882 2056 1284 2111 convincuntur
1323 2057 1667 2126 impugnasse
1704 2054 1931 2124 judicio.

338 2146 476 2201 Nam
519 2145 851 2203 afﬁrmantes
880 2147 1053 2218 ipsum
1080 2162 1202 2203 esse
1233 2156 1508 2203 auctorem
1556 2149 1739 2203 nescio
1781 2146 1933 2215 cujus

338 2241 525 2311 operis
553 2250 603 2311 ι,
639 2242 691 2297 in
718 2257 824 2312 quo
854 2241 1025 2312 aliqua
1056 2241 1228 2296 sancti
1260 2240 1477 2297 Diodori
1506 2239 1788 2295 Tarsensis
1814 2240 1936 2309 epi-

332 2336 483 2407 scopi
523 2351 588 2391 ac
614 2335 885 2392 Theodori
926 2334 1069 2390 dicta
1092 2335 1394 2404 culpantur,
1429 2350 1627 2405 negare
1669 2350 1775 2390 non
1808 2351 1932 2405 pos-

332 2438 459 2487 sunt
485 2430 614 2501 quin
646 2430 716 2485 ibi
748 2429 947 2485 dixerit
978 2446 993 2483 :
1031 2448 1049 2481 (
1083 2428 1279 2498 Scripti
1311 2440 1438 2485 sunt
1466 2446 1496 2484 a
1531 2444 1725 2500 magno
1752 2430 1934 2486 Theo-

332 2520 473 2576 doro
496 2521 754 2576 adversus
777 2523 1099 2576 Arianorum
1121 2531 1180 2577 et
1204 2522 1666 2576 Eunomianorum
1698 2521 1934 2576 lizeicses

334 2613 522 2684 viginti
538 2613 675 2669 forte
695 2622 748 2668 et
774 2613 952 2669 adhuc
976 2614 1202 2683 amplius
1229 2613 1369 2679 libri,
1396 2626 1445 2670 et
1470 2616 1570 2668 alia
1604 2623 1796 2683 ιιι-αξιοι
1813 2613 1929 2669 hinc

334 2705 642 2776 evangelica
675 2713 730 2761 et
760 2706 1058 2775 apostolica
1091 2708 1290 2776 scripta
1320 2709 1705 2775 interpretatus
1733 2714 1833 2762 est.
1872 2706 1938 2761 Et

338 2795 441 2851 bos
470 2796 685 2868 quidem
734 2798 946 2853 labores
978 2798 1159 2853 nullus
1188 2813 1349 2853 ausus
1378 2808 1462 2854 est
1512 2800 1814 2868 increpare,
1840 2797 1933 2851 sed

338 2887 532 2957 dextro
558 2888 778 2945 decreto
811 2889 1080 2945 honorare
1110 2890 1344 2944 studium
1390 2901 1659 2946 rectorum
1706 2890 1935 2957 dogma-

340 2991 453 3037 tum
481 2982 621 3053 quod
656 2984 708 3037 in
737 2983 815 3039 eis
844 2991 946 3037 est.
991 3003 1008 3034 ›
1046 2984 1135 3038 Isti
1164 2999 1293 3038 vero
1326 2998 1355 3038 c
1382 2984 1657 3039 contrario
1685 2983 1935 3039 eumdem

342 3075 687 3133 Theodorum
721 3076 774 3131 in
825 3077 1097 3147 Evangelii
1132 3076 1471 3146 expositione
1504 3076 1932 3145 reprehendunt,

2038 1889 2187 1935 ratus
2213 1889 2296 1936 est
2324 1881 2578 1937 miracila
2608 1896 2799 1953 magna
2828 1883 3063 1951 virtutis,
3094 1892 3148 1938 et
3177 1884 3231 1938 in
3278 1882 3451 1938 forma
3482 1882 3627 1937 servi

2038 1972 2205 2027 subiit
2231 1973 2492 2027 smvitiam
2527 1975 2812 2043 passionis.
2850 1993 2867 2026 I
2903 1974 2959 2030 Si
2987 1989 3117 2046 ergo
3141 1975 3207 2030 de
3250 1976 3406 2030 nobis
3459 1976 3628 2030 b:ere-'

2038 2062 2131 2118 tici
2157 2072 2406 2133 quaerunt
2435 2079 2533 2119 cur
2563 2079 2671 2118 non
2699 2073 2754 2119 et
2779 2065 3021 2121 Leonem
3050 2064 3471 2122 condemnemus
3493 2080 3627 2136 prie-

2039 2152 2331 2219 dicantem,
2358 2161 2413 2209 et
2436 2155 2715 2225 prtedicari
2746 2165 3046 2227 cogentem,
3071 2157 3214 2227 quod
3241 2156 3489 2212 Christus
3519 2170 3627 2211 non

2037 2246 2157 2303 sine
2200 2261 2395 2316 pavore
2444 2246 2745 2303 formidinis
2788 2248 2957 2304 subiit
3006 2248 3266 2304 smvitiam
3330 2249 3628 2318 passionis,

2038 2340 2164 2410 quid
2198 2340 2648 2410 respondebimus
2693 2341 2980 2399 Theodoro
3012 2358 3157 2399 nunc
3200 2358 3296 2414 pro
3329 2343 3418 2398 tali
3446 2343 3466 2374 ³
3494 2358 3629 2399 con-

2038 2431 2273 2488 fessione
2301 2433 2577 2499 damnato,
2611 2435 2712 2489 nisi
2751 2444 2844 2489 aut
2868 2435 3069 2491 Leonis
3096 2450 3219 2492 esse
3248 2436 3395 2491 illam
3427 2436 3631 2505 episto—

2041 2524 2147 2579 lam
2179 2524 2522 2595 dentgemus,
2556 2527 2623 2581 ad
2646 2527 2864 2582 solitum
2895 2527 3237 2584 mendacium
3268 2530 3286 2559 θ’
3313 2530 3630 2602 confugien-

2040 2625 2121 2671 tes
2150 2617 2433 2684 anxilium,
2472 2627 2565 2672 aut
2604 2628 2660 2673 et
2701 2620 2875 2688 ipsum
2921 2619 3159 2677 Leonem
3196 2637 3315 2677 cum
3344 2623 3630 2678 Theodoro

2040 2710 2402 2764 concedamus
2448 2726 2569 2766 esse
2597 2711 2996 2768 damnandum?
3027 2714 3108 2769 En
3138 2715 3314 2784 qualia
3354 2715 3404 2770 in
3444 2715 3634 2770 defert;

2040 2799 2250 2855 sionem
2292 2800 3009 2871 conciliiChalcedonensis,
3054 2815 3104 2860 et
3135 2806 3359 2862 Romani
3412 2805 3630 2869 Leonis,

2040 2895 2352 2962 conscripta
2400 2895 2676 2961 dicuntur,
2723 2912 2842 2967 qtue
2888 2911 2986 2953 nos
3035 2913 3137 2953 suo
3190 2898 3526 2968 praeiudicio,
3578 2909 3635 2953 ct

2040 2985 2214 3055 ipsam
2254 2988 2539 3057 synodum,
2580 2997 2636 3043 et
2683 2990 2915 3045 Leonem
2954 2992 3210 3047 damnare
3260 2992 3584 3061 compellunt
3618 3010 3630 3044 :

2039 3087 2098 3135 et
2126 3083 2214 3150 qui
2250 3095 2345 3150 pro
2372 3082 2464 3135 Dei
2494 3082 2684 3137 timore
2712 3082 2908 3138 talibus
2942 3083 3212 3139 uoluerint
3232 3083 3544 3151 admisceri,
3576 3093 3632 3139 t-t

340 3172 395 3227 in
423 3186 529 3242 quo
556 3170 769 3227 labores
794 3171 932 3241 ejus,
958 3170 1201 3239 quisquis
1233 3179 1316 3225 est
1339 3178 1525 3225 auctor
1558 3169 1701 3223 illius
1732 3170 1934 3239 operis,
1967 3181 2011 3245 ο
2044 3173 2098 3229 in
2150 3175 2408 3229 Ecc'esim
2467 3175 2776 3244 pra-judicio
2828 3179 3123 3244 composfta
3163 3192 3286 3233 esse
3319 3178 3625 3245 docuerint,

340 3262 589 3333 perhibet
606 3264 749 3335 quod
774 3265 951 3319 nullus
979 3279 1142 3318 ausus
1164 3263 1325 3318 fuerit
1350 3262 1656 3333 increpare,
1680 3263 1772 3317 sed
1798 3263 1931 3317 dex-

339 3367 427 3413 tro
458 3357 633 3427 potius
684 3358 950 3412 honorare
995 3356 1250 3412 decreto:
1307 3365 1363 3412 et
1409 3354 1534 3410 hinc
1562 3370 1684 3409 eum
1713 3355 1933 3425 impium

338 3458 556 3514 vocant,
587 3448 729 3518 quod
762 3448 1048 3503 Dominum
1081 3449 1133 3501 in
1167 3448 1435 3516 passione,
1462 3457 1516 3502 et
1545 3445 1863 3502 formidasse
1883 3443 1931 3511 δ,

338 3551 393 3597 et
418 3541 686 3596 turbatum
713 3554 834 3595 esse
859 3539 1077 3607 dixerit,
1110 3540 1182 3594 ita
1214 3550 1269 3594 ut
1300 3539 1403 3594 hoc
1426 3554 1635 3609 quoque
1657 3540 1895 3594 dicerent
1919 3556 1934 3594 ;

341 3651 364 3689 ι
405 3635 698 3690 Horremus
724 3633 887 3690 ciam
923 3633 1097 3689 solum
1127 3634 1441 3689 memoriam
1472 3633 1932 3703 blaSphemiarum

341 3727 478 3797 ejus,
525 3735 580 3781 et
625 3727 732 3781 Deo
787 3726 1153 3795 supplicamus
1199 3737 1255 3783 ut
1300 3727 1454 3782 nobis
1506 3726 1599 3780 fiat
1647 3726 1933 3795 propitius,

338 3819 484 3890 quod
533 3819 753 3873 omnino
791 3818 842 3872 in
878 3819 1054 3889 lingua
1111 3820 1235 3873 talia
1270 3820 1600 3873 sustinemus
1632 3828 1938 3874 asserentes

343 3911 612 3983 trepidare
634 3912 685 3967 in
704 3913 950 3980 passione
975 3927 1098 3967 eum
1130 3927 1313 3982 posse,
1343 3912 1435 3981 qui
1464 3910 1575 3966 suis
1605 3908 1816 3965 iamulis
1846 3910 1967 3980 qui'

344 4019 442 4074 pro
485 4004 602 4072 ejus
632 4004 845 4059 nomine
878 4005 1193 4074 martyrium
1236 4014 1590 4072 susceperunt
1647 4003 1804 4058 talem
1836 4006 1935 4058 do-

343 4097 489 4150 navit
511 4096 758 4166 gratiam,
779 4105 835 4150 ut
854 4111 974 4149 cum
1002 4094 1194 4165 gaudio
1216 4103 1270 4149 et
1300 4094 1720 4165 promptitudine
1747 4104 1802 4149 et
1828 4095 1937 4149 ala-

338 4187 471 4242 crita
482 4196 531 4243 te
554 4188 829 4258 passiones
847 4188 932 4241 adi
951 4197 1091 4242 rent.
1120 4206 1138 4239 ι
1168 4187 1292 4241 llaec
1312 4196 1490 4241 autem
1514 4187 1862 4255 reprehensio
1884 4198 1941 4243 et

340 4281 631 4338 detestatio
692 4283 1017 4351 scriptorum
1070 4281 1343 4337 Theodori
1396 4295 1581 4335 sanam
1634 4280 1936 4337 doctrinam

338 4377 479 4434 beati
523 4376 721 4433 Leonis
764 4376 956 4449 synodi
999 4374 1455 4431 Litalcedotiensis
1483 4374 1717 4429 auctoris
1767 4375 1939 4445 impu-

464 4534 766 4604 Scripserat
786 4533 1039 4603 Cyrillus,
1069 4541 1126 4604 ut
1153 4540 1337 4587 auctor
1365 4541 1446 4587 est
1475 4531 1774 4596 Liberatus,
1799 4547 1916 4602 cap.
1950 4535 1999 4594 D

340 4604 427 4670 i0,
461 4603 772 4660 trcs’libros
802 4607 1061 4660 adversus
1108 4603 1400 4657 D.odorutn
1441 4616 1493 4658 et
1538 4604 1916 4673 Theodorum,

335 4678 490 4746 quasi
543 4676 845 4732 Nestoriani
894 4676 1161 4747 dogmatis
1212 4690 1479 4730 auctores.
1534 4676 1697 4745 Cujus
1744 4678 1925 4744 Operis

341 4751 635 4819 fragmenta
686 4749 1073 4819 recitanturjn
1120 4747 1330 4819 actione
1361 4748 1394 4801 5
1432 4747 1619 4817 synodi
1651 4748 1922 4817 ejusdem;

337 4817 493 4889 atque
524 4819 578 4874 in
608 4820 689 4874 h's
718 4820 807 4872 illa
837 4834 957 4890 quae
985 4817 1262 4890 Facundos
1288 4830 1696 4890 c-imtneinorat,
1730 4821 1829 4873 hoc
1859 4819 1924 4890 ti-

340 4887 454 4945 tulo
476 4908 490 4944 :
515 4890 595 4944 Ea:
616 4891 838 4944 secundo
857 4887 1001 4943 Vlibro
1027 4887 1206 4959 Cyrill:
1237 4890 1462 4956 episcopi
1493 4888 1839 4953 Alexandriae,
1865 4888 1928 4941 de

337 4977 397 5014 eo
440 4963 573 5029 quod
615 4978 746 5014 unus
791 4972 861 5016 est
901 4961 1171 5025 Christus,
1215 4969 1395 5013 contra
1441 4959 1784 5013 Theodorum.
1819 4961 1926 5015 Sed

337 5033 494 5101 longe
516 5032 825 5102 discrepans
856 5043 909 5086 et
934 5034 1144 5086 diversa
1190 5044 1271 5085 eSt
1300 5032 1489 5101 synodi
1537 5032 1727 5094 lectio,
1761 5033 1832 5085 ita
1865 5040 1927 5085 ut

337 5102 678 5160 Theodorum
705 5104 1064 5173 perstringunt
1090 5102 1273 5174 Cyrillt
1306 5104 1487 5166 verba,
1517 5118 1635 5172 qtae
1666 5105 1765 5174 hoc
1799 5103 1919 5156 loco

334 5176 402 5228 ad
430 5175 546 5245 ejus
570 5171 809 5241 laudem,
842 5171 1105 5244 postrema
1135 5171 1286 5242 parte
1314 5173 1511 5228 omissa
1531 5214 1546 5237 ,
1573 5171 1919 5245 transferun-

335 5243 585 5300 tur.vb‘ic
629 5248 773 5301 enim
816 5243 1050 5300 habent:
1079 5245 1218 5308 Quos
1256 5246 1461 5314 quidem
1510 5243 1710 5300 labores
1760 5244 1922 5298 nollet

334 5317 519 5385 aliquis
547 5319 834 5384 increpare,
868 5318 1028 5384 magis
1058 5327 1230 5370 autem
1255 5321 1550 5381 lionoraret,
1577 5318 1619 5370 si
1643 5319 1825 5370 inesset
1853 5315 1926 5369 eis

335 5388 632 5459 dogmatum
652 5390 922 5443 rectitudo.
948 5389 1173 5442 Laudari
1203 5390 1278 5440 ait
1307 5389 1540 5456 potuisse
1569 5386 1928 5459 librosTheo-

335 5457 484 5532 non,
528 5462 572 5532 si
603 5461 731 5514 nihil
773 5459 917 5528 pravi
963 5461 1249 5525 docerent;
1284 5474 1403 5514 mox
1434 5472 1559 5514 vero
1589 5457 1832 5532 quaedam
1865 5458 1920 5513 in

338 5530 419 5586 bis
447 5531 611 5602 impia
635 5546 756 5586 esse
787 5532 1154 5586 demonstrat.

413 5694 427 5766 ξ
466 5692 602 5766 Col.
630 5694 781 5761 Ven,
812 5697 1136 5766 impugnant.

406 5765 429 5796 ³
473 5765 529 5819 In
557 5766 747 5821 eodem
777 5767 901 5821 cod.
933 5767 1088 5822 deest
1114 5768 1173 5823 τὸ
1199 5768 1394 5820 omnia.

408 5836 433 5870 ³
471 5837 617 5895 idem
646 5839 792 5908 cod.,
815 5842 929 5908 jam
958 5855 1051 5907 pro
1083 5839 1207 5907 tali,
1236 5847 1343 5895 etc.

2041 3265 2188 3335 digni
2218 3265 2470 3320 dicuntur
2500 3266 2522 3296 ⁸
2544 3266 2752 3332 exsilio,
2793 3266 2939 3338 digni
2975 3268 3306 3324 carceribus.
3359 3269 3501 3324 Nihil
3534 3286 3633 3324 au.

2045 3365 2151 3413 tem
2182 3357 2408 3422 mirum;
2454 3373 2573 3412 nam
2609 3358 2729 3411 talia
2764 3372 2980 3428 semper
3024 3360 3258 3414 mundus
3284 3361 3530 3430 arguenti
3578 3375 3637 3417 se

2044 3448 2297 3505 retribuit
2326 3450 2557 3504 veritati.
2602 3450 2739 3516 Quid
2767 3465 2933 3521 porro
2963 3460 3066 3517 est,
3097 3453 3242 3521 quod
3274 3454 3328 3507 in
3358 3454 3548 3510 eodem
3577 3456 3637 3509 li-

2047 3544 2145 3595 bro
2186 3542 2238 3595 in
2287 3557 2394 3612 quo
2438 3543 2759 3599 Theodorus
2789 3543 2989 3599 dicitur
3016 3546 3213 3601 diaboli
3269 3554 3640 3617 transgressus

2046 3632 2334 3699 insaniam,
2361 3636 2484 3705 quia
2515 3636 2798 3691 Dominum
2826 3648 3069 3694 nostrum
3098 3640 3150 3694 in
3177 3640 3428 3710 passione
3456 3640 3639 3695 formi-

2043 3724 2201 3782 dasse
2230 3735 2286 3782 et
2306 3729 2578 3783 turbatum
2608 3743 2727 3785 csse
2754 3731 3032 3786 cnnfessus
3054 3739 3159 3795 est,
3190 3733 3519 3788 Athanasius
3544 3747 3640 3803 ap-

2047 3822 2326 3891 probatur,
2373 3823 2517 3892 quod
2568 3822 2620 3877 in
2652 3823 2794 3905 ljbro
2845 3829 3003 3879 tertio
3050 3824 3315 3879 adversus
3354 3825 3585 3880 Arianos
3617 3835 3641 3862 ο

2046 3911 2288 3966 scribens
2318 3913 2386 3967 de
2432 3913 2858 3981 praprietatibus
2904 3915 3135 3969 duarum
3174 3913 3371 3970 Christi
3426 3929 3642 3969 nazura-

2044 4018 2187 4068 rum,
2210 4002 2311 4058 hoc
2335 4004 2496 4059 etiam
2517 4004 2692 4059 dicat:
2719 4022 2738 4055 ι
2765 4006 2969 4061 Etenim
2996 4004 3297 4076 perturbati
3318 4008 3495 4061 carnis
3519 4021 3642 4075 pro-

2046 4095 2219 4166 prium
2247 4104 2331 4151 est
2360 4113 2373 4149 :
2401 4105 2721 4164 potestatem
2751 4105 2931 4152 autem
2965 4098 3165 4155 habere
3197 4098 3432 4167 ponendi
3463 4109 3516 4154 et
3545 4112 3639 4151 su-

2046 4185 2227 4241 mendi
2258 4187 2472 4255 quando
2507 4189 2619 4241 vult
2656 4187 2918 4255 animam,
2968 4204 3074 4243 non
3112 4200 3197 4245 est
3229 4190 3334 4244 hoc
3366 4188 3642 4260 proprium

2045 4280 2297 4345 hominis,
2349 4280 2445 4335 sed
2503 4280 2664 4335 Verbi
2715 4282 2930 4337 virtutis
2970 4282 3092 4337 est?
3142 4301 3161 4334 ι
3200 4282 3339 4338 Ecce
3391 4282 3492 4350 ipsi
3535 4299 3643 4337 non

2043 4374 2193 4441 alibi,
2225 4374 2320 4429 sed
2352 4372 2404 4429 in
2446 4372 2634 4429 eodem
2666 4373 2824 4438 libro,
2874 4376 3221 4430 immemores
3268 4375 3372 4440 sui,
3409 4374 3646 4430 fatentur

2097 4531 2125 4572 δ
2166 4533 2434 4589 Theodori
2462 4532 2624 4589 verba
2655 4533 2707 4588 in
2749 4536 2885 4588 hanc
2915 4534 3350 4591 sententiamex
3404 4535 3544 4591 libro
3575 4551 3634 4591 ιιι

2032 4616 2218 4678 contra
2250 4605 2591 4678 Apolinarem
2644 4605 2808 4678 habet
2856 4607 3092 4678 synodus
3141 4608 3355 4662 actione
3398 4608 3460 4675 4,
3490 4624 3644 4662 num.

2036 4677 2099 4732 Η
2131 4694 2142 4731 :
2175 4676 2237 4731 Et
2267 4676 2320 4730 in
2347 4694 2555 4746 magna,
2587 4677 2784 4746 inquit,
2811 4676 3152 4749 trepidatione
3181 4693 3270 4741 per
3298 4688 3495 4749 tempus
3527 4696 3648 4746 pas-

2035 4750 2191 4802 sionis
2222 4750 2525 4802 constitutus
2555 4750 2882 4820 apparitione
2909 4748 3083 4818 angeli
3121 4748 3317 4820 indiget
3350 4748 3650 4815 conjtrtan-

2037 4822 2104 4873 tis
2135 4837 2247 4873 eum
2274 4819 2339 4871 nd
2371 4821 2672 4890 patien‘iam
2692 4830 2737 4873 et
2768 4819 3099 4890 tolerantiam
3123 4819 3500 4874 imminentium
3538 4838 3645 4873 ma-

2040 4890 2232 4943 lorum.
2262 4889 2449 4959 Angeli
2472 4890 2632 4943 etiam
2662 4889 2936 4945 Christum
2964 4889 3311 4945 confortantis
3340 4892 3646 4945 orationem

2040 4959 2352 5025 ei'tinxerat,
2388 4961 2540 5031 cujus
2573 4961 2769 5015 ibidem
2805 4973 2888 5016 est
2917 4960 3120 5015 mentio
3144 4977 3292 5014 num.
3323 4961 3380 5023 4,
3409 4972 3456 5013 et
3502 4962 3645 5028 apud

2040 5034 2347 5097 Leontium,
2379 5034 2466 5100 qui
2497 5033 2838 5087 Theodorum
2873 5048 2936 5087 ex
2970 5032 3073 5086 hoc
3104 5031 3276 5100 capite
3309 5031 3491 5085 multis
3517 5047 3650 5086 exa-

2028 5102 2290 5179 gitatAIib.
2322 5120 2398 5179 nt,
2431 5118 2554 5171 cap.
2594 5103 2682 5179 δῖ.
2726 5172 2747 5179 Δ
2917 5173 2926 5179 _
2992 5173 3003 5179 _
3596 5169 3607 5179 ,

2105 5185 2127 5212 ο
2175 5174 2312 5229 Intra
2339 5172 2559 5238 iterum,
2586 5175 2684 5228 sub
2721 5172 2880 5227 tinem
2916 5173 3073 5242 bujns
3116 5186 3272 5242 cap.;
3304 5181 3565 5227 caeterum
3594 5172 3647 5242 in

2030 5244 2256 5314 vulgatis
2287 5246 2459 5300 oratio
2502 5255 2586 5301 est
2618 5244 2652 5297 4
2689 5253 2877 5299 eontra
2924 5240 3154 5298 Arianos
3176 5240 3196 5309 ξ
3222 5250 3359 5297 alter
3390 5252 3518 5314 vero
3549 5240 3644 5311 qui

2031 5313 2275 5384 seruitur
2322 5315 2605 5372 Athanasii
2642 5318 2826 5379 locus,
2875 5320 3223 5384 depromptus
3266 5322 3349 5368 est
3387 5326 3471 5384 ex,
3504 5313 3645 5368 libro

2030 5383 2150 5463 περὶ
2185 5396 2276 5448 τῆς
2317 5391 2568 5464 ὶνσάρκον
2610 5388 2905 5464 insonis-ria;
2931 5393 3021 5441 τοῦ
3052 5383 3182 5441 Θὰοῦ
3211 5386 3400 5459 Λόγου.
3446 5383 3522 5439 De
3549 5385 3647 5437 litt-

2044 5456 2196 5513 mana
2225 5469 2409 5513 natura
2438 5456 2677 5526 suscepta
2707 5456 2746 5509 ἀ
2785 5456 2974 5511 Verbo.

2121 5687 2141 5717 “
2182 5686 2324 5745 Idem
2351 5684 2495 5751 cod.,
2530 5682 2804 5736 mendacii.

2122 5758 2145 5790 ⁸
2182 5758 2327 5814 Idem
2356 5756 2502 5825 cod.,
2532 5755 2809 5809 ducantur.
