4070 6352
424 244 519 301 ὔῡι
1518 228 1811 288 FACUNDI
1854 226 2066 284 Ei'lSC.
2111 221 2623 281 IIERMIANENSIS
2700 302 2705 307 π
3660 224 3753 277 5ἷῖ

424 359 566 432 quod
593 359 780 415 beatus
811 353 1135 411 Athanasius
1178 349 1441 404 veraciter
1469 348 1522 402 in
1555 346 1805 416 passione
1839 344 2018 399 Domi—
2047 347 2098 405 Α
2123 355 2333 411 cunque
2375 354 2564 395 sanum
2609 337 2847 407 sapiunt,
2897 337 3260 407 evangelistis
3321 339 3513 407 [tofus
3561 339 3754 412 ingesta

427 470 555 512 num
582 452 779 508 dixerit
804 464 925 506 esse
948 447 1238 503 turbatum.
1258 444 1367 498 Cur
1390 456 1523 510 ergo
1544 441 1646 495 sibi
1663 439 1942 504 contrarii,
1970 438 2023 491 in

427 562 535 616 quo
554 544 909 621 Athanasium
934 538 1183 608 probant,
1215 549 1274 590 ut
1301 550 1495 602 magno
1520 533 1750 587 concilio
1774 529 2024 600 pra‘judi-

429 648 575 702 cent,
590 618 937 690 Theodorum
960 627 1258 685 damnant?
1276 626 1377 694 Qui
1396 626 1585 678 beatus
1603 623 1929 678 Athanasius
1955 621 2024 674 ita

430 732 640 784 locutus
667 738 743 780 es:
776 724 934 778 etiam
964 722 1016 776 in
1052 723 1190 776 lihro
1219 736 1379 790 quem
1405 718 1474 773 de
1499 717 1760 771 Triuitate
1793 713 2029 769 conscri-

432 818 564 889 psit:
588 836 605 867 ι
633 815 866 870 \‘crbum
897 814 1040 868 enim
1072 822 1125 867 et
1150 812 1317 865 Filius
1350 810 1440 863 Dei
1464 823 1677 877 semper
1698 815 1815 860 erat
1844 803 2028 859 Domi-

431 928 533 967 nus
568 911 728 974 Deus,
751 919 805 964 et
834 923 939 964 non
972 915 1089 977 post
1111 905 1514 960 crucilisionem
1548 901 1718 955 factus
1742 908 1827 954 est
1849 897 2032 951 Domi-

430 1018 531 1057 aus
576 1000 734 1057 Jesus
783 998 1064 1063 Christus,
1097 996 1216 1061 sed,
1260 1007 1316 1050 ut
1366 993 1609 1064 praedixi,
1642 992 2031 1046 humanitatem

432 1099 549 1169 ejus
577 1098 711 1153 elTec
734 1107 753 1151 t
780 1096 1033 1151 divinitas
1069 1095 1351 1149 Dominum
1381 1102 1435 1146 et
1482 1093 1668 1145 Deum.
1714 1088 1777 1142 Et
1818 1084 2033 1156 quando

434 1188 565 1247 dicit
590 1208 606 1244 :
640 1189 817 1255 Pater,
846 1190 891 1242 si
921 1186 1160 1258 possibile
1201 1197 1294 1250 est,
1327 1194 1547 1239 transeat
1577 1199 1608 1233 α
1638 1197 1717 1234 me
1741 1182 1878 1233 calia:
1908 1179 2032 1243 iste;

435 1291 779 1337 uerumtamen
829 1297 931 1334 non
977 1295 1087 1333 mea
1128 1278 1260 1331 rolu'
1283 1287 1360 1331 tas
1404 1276 1513 1345 ﬁat,
1548 1275 1636 1328 sed
1664 1284 1754 1326 tua
1782 1286 1802 1327 :
1824 1271 2036 1341 spiritus

438 1377 644 1445 quidem
667 1385 928 1445 promptus
953 1386 1048 1437 est,
1066 1390 1189 1428 caro
1210 1384 1382 1426 autem
1409 1372 1620 1440 in/irma
1641 1366 1855 1440 (Matth.
1889 1381 2033 1433 xxvl,

439 1469 533 1534 '59,
557 1468 673 1537 41),
703 1468 835 1522 duas
875 1467 1174 1520 voluntates
1201 1465 1287 1519 hic
1316 1464 1549 1519 ostendit
1573 1479 1585 1515 :
1612 1461 1897 1515 humanam
1920 1458 2038 1527 qui-

445 1561 569 1615 dem
594 1575 711 1629 quae
740 1568 823 1613 est
852 1557 1053 1626 carnis,
1086 1557 1243 1611 aliam
1286 1570 1415 1611 vero
1442 1568 1562 1624 qua)
1591 1563 1672 1607 est
1701 1550 1950 1614 deitatis;
1983 1556 2037 1604 et

444 1651 677 1706 humana
720 1647 934 1719 quidem
979 1658 1195 1716 propter
1231 1646 1595 1701 infirmitatem
1624 1642 1803 1698 carnis
1828 1648 2040 1697 recusat

2129 449 2250 489 esse
2293 441 2639 502 cognoscant.
2666 431 2721 487 Si
2751 440 2930 486 autem
2964 432 3267 503 recipimus
3302 434 3449 487 istos
3478 434 3693 492 dicente
3739 456 3752 492 :

2127 524 2406 592 Quomodo
2427 538 2562 592 opus
2587 523 2809 577 habebat
2840 522 3010 591 angeli
3039 524 3242 577 sulatio
3273 525 3615 593 angelorum
3640 542 3756 596 ope.

2129 619 2311 673 rator‘l
2349 628 2405 671 ut
2450 616 2648 670 nullius
2690 631 2809 670 eum
2852 616 3132 671 credamus
3165 618 3224 671 in
3260 627 3537 687 suscepta
3580 628 3755 675 natura

2128 710 2340 777 eguisse
2370 707 2570 771 solatii,
2601 707 2902 776 apostolum
2933 721 3143 777 quoque
3190 706 3446 762 Paulum
3494 723 3603 763 non
3635 711 3761 767 rcci-

2133 800 2340 868 piemus
2377 800 2641 854 dicentem
2664 813 2692 852 ':
2729 797 2907 853 Nostis
2942 800 3073 854 enim
3110 801 3359 872 gratiam
3392 800 3616 857 Domini
3642 802 3758 858 Iesu

2131 895 2344 962 Christi,
2392 895 2636 965 quoniam
2683 903 2891 964 prapter
2938 910 3024 949 vos
3070 912 3273 965 egenus
3313 897 3498 967 factus
3529 906 3627 962 est,
3654 915 3759 952 eum

2134 1000 2255 1045 esset
2280 990 2440 1054 diues,
2470 998 2523 1042 ut
2553 988 2693 1041 illius
2728 989 2905 1056 inopia
2945 1004 3032 1042 vos
3071 990 3268 1045 divites
3299 992 3495 1045 essetis
3528 991 3613 1056 (ll
3646 994 3755 1049 Cor.

2133 1096 2247 1146 vni,
2281 1081 2359 1150 9).
2392 1080 2498 1135 Sed
2532 1079 2863 1149 refragantes
2894 1081 3141 1134 munibus
3169 1098 3308 1148 qua:
3338 1081 3414 1136 de
3448 1082 3544 1137 illo
3576 1082 3758 1152 Scripta

2136 1185 2277 1239 sunt,
2324 1174 2565 1227 dicemus
2600 1172 2762 1225 etiam
2813 1187 2910 1226 nos
2941 1190 2957 1226 :
2989 1173 3283 1239 Quomodo
3338 1190 3487 1243 opus
3537 1175 3759 1231 habt-hat

2140 1266 2388 1318 mammis
2415 1272 2467 1316 et
2492 1263 2627 1316 lacte
2651 1268 2895 1316 materno
2931 1265 3082 1330 panis
3112 1266 3499 1334 angelorum?
3524 1274 3616 1318 aut
3639 1283 3759 1335 quo-

2139 1356 2297 1411 modo
2320 1370 2453 1424 opus
2485 1354 2711 1409 habebat
2735 1354 2980 1408 humanis
3002 1356 3141 1411 ulnis
3166 1367 3224 1412 et
3254 1358 3390 1410 sinu
3423 1358 3649 1423 gestari,
3672 1358 3753 1425 qui

2139 1448 2277 1519 gerit
2322 1449 2501 1501 omnia
2546 1446 2712 1503 verbo
2756 1446 2966 1501 virtutis
3004 1450 3151 1503 sure?
3182 1459 3286 1502 aut
3318 1449 3608 1517 quomodo
3634 1465 3757 1516 apus

2141 1539 2373 1595 habebat
2399 1553 2613 1607 somno,
2637 1538 2724 1607 qui
2758 1552 2860 1592 non
2891 1536 3146 1592 dormitat
3174 1538 3517 1594 costodiens
3546 1539 3754 1594 Jerusa-

2144 1632 2282 1688 lem?
2312 1630 2380 1686 Ut
2417 1630 2485 1685 ita
2519 1630 2627 1700 jam
2663 1630 2828 1683 verbo
2859 1640 3011 1683 tenus
3038 1631 3171 1685 duas
3197 1632 3472 1685 dicamus
3504 1632 3625 1700 ejus
3651 1648 3757 1688 esse

443 1717 772 1813 passionem,
804 1739 1060 1794 divinitas
1090 1740 1206 1809 ejus
1239 1748 1479 1809 prompta
1519 1745 1622 1791 est.
1661 1754 1679 1787 ι
1716 1733 1848 1789 Cum
1882 1734 2042 1803 igitur
2074 1717 2116 1776 Β
2147 1734 2399 1791 Italuras.
2432 1725 2595 1780 rebus
2626 1725 2755 1793 iPSiS
2790 1734 3114 1779 evacualtles
3154 1724 3314 1795 Quod
3364 1724 3685 1793 profitemur
3707 1726 3753 1780 in

444 1845 663 1891 sanctus
712 1834 1038 1888 Athanasius
1093 1833 1227 1886 duas
1280 1831 1584 1886 voluntates
1634 1829 1947 1897 proﬁteatur
1990 1827 2041 1880 in

446 1927 685 1995 Christo,
720 1927 1006 1982 humanam
1036 1927 1249 1997 quidem
1282 1935 1500 1995 νομιεῖ
1526 1922 1890 1979 inlirmitatem
1922 1935 2042 1976 ear-

449 2018 533 2075 nis
561 2032 896 2075 reeusantetu
925 2020 1249 2088 passionem,
1281 2019 1437 2072 aliam
1472 2032 1597 2072 vero
1626 2017 1761 2087 ejus,
1788 2029 1908 2085 qua:
1932 2013 2047 2069 dei-

449 2110 573 2167 latis
601 2119 704 2176 est,
737 2119 1062 2182 promptam,
1091 2110 1292 2165 rescire
1318 2109 1427 2180 jam
1458 2110 1656 2165 debent
1697 2106 2044 2178 Eutychiaui,

448 2205 727 2275 quoniam,
760 2204 898 2259 sicut
934 2216 1016 2259 est
1052 2217 1387 2272 consequens
1419 2212 1474 2257 ut
1504 2204 1547 2257 si
1582 2202 1728 2270 juste
1767 2202 1833 2254 da
1858 2210 2049 2254 nuntur

450 2312 551 2367 pro
604 2297 691 2351 tali
740 2294 1081 2352 confessione
1142 2294 1496 2358 Theodorus,
1560 2294 1829 2348 Romanus
1878 2293 1894 2324 ί
1941 2291 2049 2346 Leo

450 2402 559 2442 non
609 2388 778 2458 possit
823 2386 1057 2452 absolvi,
1100 2386 1173 2441 ita
1216 2385 1520 2441 necessario
1566 2400 1665 2439 nec
1712 2386 1846 2454 ipse,
1887 2398 2047 2454 quem

453 2478 698 2533 venerari
729 2493 788 2533 se
818 2477 1002 2532 dicunt
1028 2479 1073 2544 ²,
1095 2476 1421 2532 Athanasius
1446 2478 1772 2532 absolvatur.
1799 2475 1902 2531 Sed
1927 2473 2050 2544 quid

453 2584 554 2639 ego
576 2572 643 2624 de
664 2567 959 2624 Athanasio
997 2568 1215 2637 loquar;
1240 2568 1455 2638 quando
1485 2582 1583 2623 nec
1616 2568 1759 2636 ipsos
1783 2565 2051 2634 evangeli-

453 2669 564 2718 stas
587 2661 897 2715 dubitarunt
932 2660 1224 2725 incessere,
1249 2676 1370 2715 cum
1410 2674 1503 2729 per
1532 2659 1801 2715 Theodori
1830 2657 2053 2712 damna-

456 2752 656 2808 tionem
698 2753 766 2807 ad
820 2752 961 2808 beati
1008 2752 1209 2809 Leonis
1255 2763 1311 2809 et
1360 2752 1553 2823 synodi
1600 2752 2054 2807 Chalcedonensis

456 2842 706 2913 iniuriam
748 2844 989 2912 tendant,
1026 2845 1169 2915 quod
1216 2844 1498 2914 epistolam
1543 2845 1668 2912 Ibie,
1714 2844 1898 2899 laudes
1936 2844 2055 2913 ejus

457 2935 849 3002 continentem,
884 2937 1249 3006 pronuntiavit
1287 2936 1674 2992 orthodoxam?
1702 2937 1834 2991 Nam
1866 2952 2055 2991 rursus

457 3024 744 3081 Theodoro
790 3028 1165 3098 Apoliuaristis
1207 3028 1512 3093 resistente,
1560 3028 1676 3097 qui,
1730 3036 1867 3083 sicut
1915 3043 2056 3083 nunc

2146 1833 2296 1885 voce,
2329 1818 2469 1872 sicut
2492 1818 2650 1873 etiam
2683 1815 3121 1872 Chalcedonense
3151 1818 3474 1872 concihum
3510 1820 3611 1871 nos
3641 1815 3757 1872 dlci-

2146 1926 2265 1967 mus
2290 1912 2577 1976 honorare,
2606 1909 2759 1979 cujus
2784 1910 3061 1964 sententiae
3090 1924 3496 1979 repugnamus.
3528 1908 3645 1965 Non
3666 1925 3754 1965 au-

2148 2014 2252 2061 tem
2300 2004 2543 2061 dicerent
2584 2001 2872 2072 Evangelia
2921 2002 3235 2058 resistentes
3278 2019 3296 2060 :
3334 2002 3629 2069 Quomodo
3663 2012 3758 2057 tre-

2149 2098 2364 2169 pidabat
2395 2094 2720 2166 passionem,
2762 2097 2848 2165 qui
2892 2096 3002 2151 suis
3043 2094 3261 2151 famulis
3293 2096 3392 2162 qui
3425 2111 3527 2165 pro
3558 2096 3755 2151 nomine

2150 2191 2317 2259 ipsius
2342 2189 2659 2258 martyrium
2689 2196 3041 2257 susceperunt
3065 2188 3223 2241 talem
3250 2187 3403 2241 daua
3416 2186 3493 2241 vit
3518 2188 3753 2255 gratiam,

2149 2296 2271 2337 cum
2302 2279 2493 2351 gaudio
2521 2287 2575 2334 et
2606 2276 3022 2347 promptitudiue
3049 2285 3105 2331 et
3141 2276 3443 2333 alacritate
3471 2278 3619 2333 adire
3646 2292 3752 2347 pas-

2152 2374 2352 2436 siones,
2382 2371 2427 2426 si
2458 2378 2552 2424 ant
2580 2369 2844 2435 homines,
2872 2377 2963 2423 aut
2990 2369 3176 2422 saltem
3223 2378 3283 2422 ut
3329 2368 3666 2434 hominibus,
3695 2370 3753 2424 de

2153 2466 2315 2519 rehus
2348 2463 2691 2531 loquerentur
2732 2460 2997 2514 humanis.
3040 2458 3179 2526 Quid
3223 2460 3406 2528 ergo?
3461 2475 3569 2513 non
3611 2461 3753 2528 trepi-

2153 2558 2419 2615 daveruut
2447 2567 2709 2627 martyres
2735 2555 2903 2609 mori?
2926 2569 3097 2625 neque
3122 2555 3361 2607 naturali
3394 2553 3592 2609 affectu
3620 2568 3752 2607 com-

2156 2653 2287 2711 tnoti
2336 2660 2666 2721 expaverunt
2709 2649 2776 2703 ad
2832 2660 3080 2708 mortem.
3129 2663 3251 2717 qum
3305 2648 3502 2712 utique
3549 2662 3650 2701 non
3694 2661 3750 2701 ex

2157 2758 2371 2814 natura,
2394 2745 2490 2802 sed
2511 2760 2575 2801 ex
2603 2744 2833 2815 peccatis
2861 2742 3179 2812 supplicium
3203 2743 3333 2797 est?
3364 2744 3433 2797 Et
3465 2743 3535 2797 ita
3558 2757 3648 2798 eos
3666 2754 3749 2807 Spe

2158 2845 2454 2901 futurortnn
2492 2843 2513 2875 '
2551 2857 2672 2897 cum
2711 2840 2906 2913 gaudio
2948 2853 3108 2912 atque
3148 2839 3444 2894 alacritate
3492 2835 3749 2907 passiones

2161 2937 2311 2992 adire
2340 2935 2634 2998 cred'mus,
2667 2942 2724 2989 ut
2762 2933 3066 2987 nullatenus
3107 2930 3477 2999 trepidatione
3506 2927 3748 2984 malorum

2159 3028 2504 3100 prmsentium
2551 3025 2934 3081 moverentur?
2978 3040 3083 3080 non
3133 3026 3351 3094 utique,
3402 3037 3527 3077 nam
3574 3019 3749 3075 vellent

460 3116 799 3187 Eutychiani,
845 3117 1127 3173 humanam
1160 3118 1211 3171 in
1244 3116 1459 3173 Christo
1504 3119 1754 3173 volebant
1793 3133 2058 3175 cvacuare
2085 3102 2133 3166 ο
2163 3136 2268 3176 non
2304 3135 2397 3189 per
2428 3127 2653 3174 mortem
2685 3118 2750 3173 ad
2780 3118 2912 3173 illud
2942 3134 3047 3189 quo
3079 3117 3383 3173 tendebant
3415 3114 3686 3185 pervenire
3710 3110 3747 3164 si

460 3219 728 3275 naturam,
756 3218 809 3263 et
831 3209 1040 3265 dicente
1065 3211 1130 3264 ad
1155 3210 1650 3279 comprobationcm
1680 3211 1847 3281 ipsius
1872 3211 2061 3266 huma-

458 3317 543 3355 nm
576 3300 776 3356 Christi
807 3312 1036 3371 naturae,
1066 3301 1228 3372 quod,
1270 3302 1584 3358 imminente
1627 3305 1893 3373 passionis
1930 3306 2059 3360 arti-

463 3392 609 3460 culo,
642 3404 697 3448 ct
742 3393 1033 3462 impensius
1063 3395 1259 3458 oravit,
1294 3404 1348 3449 et
1387 3394 1456 3449 ab
1496 3395 1691 3465 angelo
1732 3396 2063 3451 confortatus

464 3496 569 3550 cst,
602 3484 796 3539 dicitur
822 3484 889 3537 ab
921 3484 1035 3538 istis
1061 3505 1077 3541 :
1107 3502 1126 3536 ι
1160 3484 1447 3551 Quomodo
1467 3500 1602 3556 Opus
1626 3486 1854 3543 habebat
1884 3488 2061 3557 angeli

466 3575 666 3631 solatio
706 3575 1018 3646 angelorum
1057 3577 1341 3644 o,eraiorl
1391 3578 1529 3633 sicut
1571 3580 1855 3647 Apostolus
1883 3580 2012 3635 dicit
2046 3598 2059 3634 :

472 3668 608 3736 Quia
634 3669 685 3721 in
718 3668 831 3738 ipso
870 3678 1042 3723 creata
1078 3679 1198 3723 sunt
1236 3670 1408 3724 onmin
1441 3688 1556 3741 qua:
1591 3674 1642 3726 in
1677 3673 1835 3732 caelis.
1866 3682 1917 3726 et
1952 3688 2067 3741 quia

467 3767 521 3818 in
545 3774 698 3828 terra,
732 3761 949 3816 risibilia
979 3772 1025 3816 et
1054 3762 1332 3818 inuisibilia
1364 3764 1585 3857 (L'.oloss.
1620 3780 1659 3830 ι,
1697 3762 1804 3834 16).
1842 3765 1905 3819 Et
1934 3765 2068 3835 adji-

469 3854 619 3909 ciunt
645 3856 807 3909 etiatn
838 3854 990 3923 illud,
1020 3856 1162 3926 quod
1195 3872 1355 3927 supra
1388 3854 1749 3922 meminimus,
1780 3858 2020 3913 dicentes
2050 3874 2064 3912 :

472 3956 582 4004 Aut
605 3946 872 4017 quomodo
908 3949 1211 4018 trepidabat
1253 3951 1558 4020 passionem
1590 3952 1678 4020 qui
1716 3953 1827 4006 suis
1860 3952 2071 4008 famulis

474 4037 567 4107 qui
604 4053 696 4106 pro
728 4038 947 4094 nomine
982 4039 1147 4111 ipsius
1183 4044 1497 4114 martyrium
1526 4056 1878 4113 susceperunt
1912 4046 2068 4100 talen

476 4131 696 4186 donavit
739 4133 1002 4202 gratiam,
1053 4150 1174 4190 cum
1214 4138 1410 4205 gaudio
1455 4147 1509 4191 ct
1562 4138 1983 4206 promptitudine
2020 4147 2074 4193 et

476 4224 757 4281 alacritate
799 4227 947 4283 adire
992 4230 1304 4297 passiones?
1338 4249 1359 4283 ι
1388 4235 1514 4297 Qua:
1545 4231 1722 4285 omnia
1754 4247 1858 4285 non
1888 4243 2073 4286 contra

475 4316 856 4384 Theodorum,
898 4334 998 4373 nec
1044 4330 1231 4375 contra
1276 4323 1555 4390 epistulam
1608 4322 1929 4377 venerabilis
1974 4322 2075 4377 Iba:

478 4425 595 4479 qua:
610 4410 951 4466 Theodorum
978 4412 1237 4480 laudavit,
1261 4431 1360 4469 nec
1385 4425 1567 4469 contra
1601 4415 1811 4470 beatum
1838 4416 2073 4471 Leonem

2166 3223 2404 3284 possent.
2455 3212 2681 3277 Propter
2710 3210 2810 3264 hoc
2840 3212 3000 3265 etiam
3049 3210 3164 3278 ipse
3200 3208 3471 3262 Dominus
3504 3207 3656 3260 Petro
3680 3201 3751 3255 di-

2162 3308 2278 3363 xit:
2310 3309 2494 3371 Amen,
2525 3321 2698 3372 amen,
2732 3305 2847 3358 dira
2874 3304 2963 3357 tibi
2993 3319 3012 3358 :
3039 3302 3167 3358 Cum
3195 3319 3331 3357 esses
3352 3302 3557 3371 junior,
3590 3299 3745 3385 cinge.-

2166 3402 2255 3455 bas
2278 3410 2344 3466 te,
2374 3409 2424 3454 et
2460 3398 2759 3453 ambulabas
2788 3400 2875 3452 ubi
2902 3398 3134 3462 volebas;
3166 3415 3283 3451 cum
3315 3407 3494 3450 autem
3524 3391 3744 3455 senueris,

2166 3487 2403 3544 extendes
2430 3504 2610 3542 manus
2640 3498 2773 3553 tuas,
2799 3496 2848 3543 et
2878 3488 3015 3542 alius
3037 3499 3085 3543 te
3114 3490 3280 3558 cinget
3301 3497 3350 3541 et
3373 3488 3522 3542 ducet
3547 3500 3638 3553 quo
3659 3497 3745 3535 non

2167 3585 2263 3639 vis.
2298 3583 2412 3637 Hoc
2450 3591 2621 3637 autem
2666 3581 2821 3646 dixit,
2867 3582 3006 3637 sicut
3055 3581 3387 3649 evangeliSIa
3431 3594 3529 3632 nos
3564 3574 3745 3640 docuit,

2166 3675 2462 3747 signiﬁcans
2488 3692 2590 3744 qua
2626 3684 2788 3727 morte
2815 3672 3191 3741 clariﬁcaturus
3221 3685 3349 3725 esset
3394 3670 3557 3724 Deum
3585 3666 3741 3730 (Joan.

2172 3784 2288 3835 χχι,
2340 3767 2429 3832 18,
2478 3766 2587 3836 19).
2633 3765 2872 3820 Audiunt
2916 3764 3181 3819 dicentem
3225 3763 3524 3818 Verita'em
3565 3778 3577 3813 :
3618 3757 3746 3812 Alius

2171 3860 2347 3932 cinget
2377 3870 2426 3915 et
2460 3858 2620 3913 ducet
2648 3873 2755 3929 quo
2785 3872 2888 3912 non
2924 3857 3023 3922 vis,
3053 3866 3104 3911 et
3151 3856 3250 3925 ipsi
3292 3855 3504 3924 jactant
3542 3847 3743 3905 inaniter

2174 3953 2316 4024 quod
2340 3952 2482 4006 nulla
2502 3950 2601 4005 fuit
2628 3951 2680 4005 in
2711 3949 3036 4021 martyribus
3059 3948 3349 4016 trepidatio
3374 3946 3652 4016 passionis.
3671 3938 3746 3993 Sic

2176 4055 2400 4118 possunt.
2419 4046 2602 4102 dicere
2627 4044 2879 4114 quoniam
2906 4053 2961 4098 et
2992 4043 3035 4097 si
3065 4042 3348 4112 quisquam
3382 4038 3560 4096 lethali
3589 4035 3743 4088 ulcere

2177 4142 2243 4195 de
2285 4140 2390 4194 vita
2438 4139 2757 4206 desperans,
2786 4138 3088 4204 spondente
3126 4136 3341 4189 medico
3383 4131 3521 4202 quod
3550 4130 3592 4183 ei
3625 4126 3746 4178 ferro

2179 4235 2345 4303 possit
2393 4233 2678 4289 restituere
2722 4231 3028 4292 sanitatem,
3076 4229 3147 4283 ita
3195 4243 3293 4295 Spe
3350 4226 3538 4279 futura:
3580 4213 3745 4273 salutis

2178 4327 2425 4395 gaudeat,
2462 4335 2517 4378 ut
2559 4334 2878 4394 praesentem
2918 4320 3176 4375 sectionis
3215 4316 3517 4374 molestiam
3553 4318 3745 4395 nonres

2184 4419 2454 4473 formidet.
2498 4416 2754 4471 Attendat
2795 4415 2815 4447 ⁸
2854 4430 2982 4470 vero
3014 4416 3137 4483 quid
3181 4414 3342 4468 etiam
3396 4407 3583 4463 Paulus
3625 4387 3743 4455 die-1‘

479 4503 571 4571 qui
596 4504 791 4558 similia
821 4505 1023 4566 docuit,
1047 4508 1139 4561 sed
1172 4508 1347 4574 potius
1378 4519 1562 4561 contra
1594 4508 1855 4563 Joannem
1886 4518 1940 4563 et
1973 4509 2075 4563 Lu-
2098 4497 2160 4581 ID
2186 4510 2483 4578 apostolus,
2514 4509 2583 4563 de
2623 4508 2732 4577 ipsa
2779 4518 2950 4564 morte
2995 4504 3239 4573 corporis
3274 4504 3498 4571 loquens
3528 4513 3541 4549 :
3571 4490 3745 4549 Stt'mtu

482 4610 601 4651 cam
627 4595 984 4665 evangelistas
1015 4597 1084 4651 ihi
1110 4598 1376 4653 dixerunt.
1408 4599 1539 4653 Nam
1565 4610 1619 4656 et
1654 4600 1888 4655 Joannes
1919 4600 2083 4656 refert

485 4690 756 4744 dicentem
791 4689 1073 4744 Dominum
1104 4709 1117 4744 :
1148 4692 1302 4746 Nunc
1332 4694 1501 4746 anima
1533 4710 1643 4748 mea
1677 4694 1879 4747 turbata
1909 4704 2012 4759 est;
2037 4702 2083 4748 et

484 4780 611 4849 quid
651 4780 859 4834 dicunt?
900 4778 1077 4848 Pater,
1118 4782 1351 4852 salvi/ica
1393 4802 1471 4839 me
1510 4802 1573 4839 ea:
1607 4787 1733 4839 liora
1774 4785 1869 4838 hac
1900 4783 2079 4858 (Joan.

485 4870 728 4941 111,27).
774 4872 836 4927 Et
888 4872 1058 4929 Lucas
1101 4886 1276 4930 autem
1310 4894 1323 4930 :
1356 4879 1605 4948 Apparuit
1651 4878 1727 4931 illi
1773 4879 1983 4949 angelus
2022 4878 2084 4932 de

488 4964 615 5017 caelo
653 4964 949 5035 confortans
999 4977 1227 5031 ηωυει
1271 4972 1440 5039 {actus
1487 4972 1539 5023 in
1581 4972 1790 5041 agonia,
1836 4971 2086 5038 prolixius

489 5058 669 5109 orabat
699 5072 718 5110 :
743 5068 787 5110 et
817 5059 980 5126 [actus
1010 5070 1082 5115 est
1111 5061 1274 5113 sudor
1303 5063 1412 5133 ejus
1450 5061 1581 5114 sicut
1623 5072 1779 5131 gutta:
1822 5062 2090 5133 sanguinis

490 5149 810 5205 decurrentis
851 5152 903 5205 in
945 5161 1133 5207 terram
1168 5155 1320 5225 (Luc.
1370 5170 1500 5221 χχιι,
1533 5156 1626 5219 45,
1666 5155 1781 5225 Η).
1830 5156 2090 5224 Quocirca

492 5242 837 5311 graviSsimas
866 5245 983 5299 illas
1010 5249 1388 5314 contumelias,
1416 5265 1546 5318 quas
1569 5249 1853 5304 Theodoro
1878 5262 2094 5318 propter

493 5335 635 5386 hanc
660 5337 979 5391 sententiam
1009 5325 1369 5403 ingesserunt,
1405 5342 1648 5394 volentes
1674 5356 1735 5394 ex
1769 5340 1847 5394 eis
1880 5342 2093 5394 beatum

496 5419 731 5477 Leonem
758 5433 813 5479 et
847 5426 1284 5484 Chalcedonense
1330 5431 1598 5486 maculare
1628 5431 1943 5498 concilium,
1971 5431 2087 5501 qui-

572 5615 587 5644 ι
630 5605 761 5663 Coti.
789 5608 1011 5672 Veron.,
1043 5616 1193 5662 etiam
1226 5608 1511 5664 Nonianus.

570 5680 589 5708 ²
632 5679 773 5733 Idem
803 5679 947 5744 cod.,
981 5680 1053 5733 ita
1088 5680 1372 5751 necessario
1403 5681 1632 5751 sequitur
1662 5691 1715 5737 ut
1747 5680 2020 5737 Theodoro
2048 5691 2094 5739 et

501 5747 667 5805 Leone
691 5751 968 5820 damnatis,
1001 5766 1091 5832 nec
1118 5750 1228 5821 ipse
1250 5767 1420 5822 quem,
1453 5747 1559 5809 etc.

2186 4604 2317 4658 enim
2346 4601 2589 4670 quoniam
2618 4602 2661 4653 si
2688 4602 2935 4654 terrestris
2969 4598 3150 4652 domus
3179 4605 3354 4651 nostra
3392 4594 3542 4663 hujus
3575 4584 3743 4639 lsabiil'

2187 4698 2340 4750 tionis
2366 4696 2699 4761 dissolvatur,
2726 4696 2863 4764 quod
2887 4694 3276 4761 a’diﬁcationem
3296 4708 3362 4746 ex
3382 4689 3484 4743 Deo
3505 4683 3745 4738 habent!!!“

2188 4787 2394 4841 domum
2423 4803 2522 4839 non
2553 4802 2703 4838 ntanu
2735 4788 2922 4853 factum
2945 4795 3190 4837 wternam
3216 4783 3267 4833 in
3299 4782 3456 4834 caelis.
3488 4775 3618 4832 Nam
3640 4780 3680 4822 et
3703 4767 3743 4816 in

2189 4879 2286 4933 hoc
2306 4879 2681 4948 ingemiscimus
2708 4877 3077 4930 habitationem
3100 4883 3325 4928 nostrum
3348 4886 3459 4942 qua:
3478 4869 3537 4921 de
3556 4865 3668 4919 etB-'0
3690 4863 3745 4909 εει

2194 4971 2490 5039 supirindui
2523 4971 2805 5037 cupientes,
2836 4970 2879 5023 si
2909 4978 3080 5022 tamen
3110 4977 3155 5019 et
3184 4966 3366 5026 vestiti,
3407 4976 3503 5015 non
3540 4954 3656 5011 nudi
3680 4952 3745 5047 iur

2197 5067 2478 5119 veniamur.
2526 5064 2664 5118 Nam
2691 5073 2736 5116 et
2766 5064 2853 5132 qui
2879 5077 3053 5115 sumus
3096 5059 3148 5112 in
3189 5053 3534 5118 tabernaculo,
3558 5048 3745 5121 ingenue

2196 5159 2383 5211 scimus
2407 5157 2621 5224 gravati,
2647 5172 2706 5211 eo
2728 5156 2866 5225 quod
2897 5154 3136 5207 nolumus
3163 5148 3459 5220 exspoliari,
3486 5143 3567 5198 sed
3589 5148 3744 5202 διιΙθετ·

2198 5250 2390 5314 vestiri,
2421 5259 2475 5304 ut
2512 5249 2843 5303 absorbeatur
2886 5246 3105 5300 mortale
3146 5244 3241 5297 hoc
3274 5261 3305 5296 a
3332 5243 3431 5295 uita
3458 5234 3539 5308 (II
3568 5233 3674 5286 Cor.
3703 5237 3742 5285 ι’,

2202 5342 2341 5411 l-l).
2379 5341 2669 5410 Apostolus
2713 5341 2890 5410 itaque
2930 5340 3173 5401 domum,
3215 5338 3327 5391 sive
3370 5320 3741 5411 tabernaculuiv,

2205 5448 2403 5487 vocans
2433 5447 2653 5502 corpus,
2685 5431 2814 5486 dicit
2852 5431 2992 5502 quod
3034 5444 3099 5486 eo
3139 5428 3305 5484 nollet
3346 5401 3742 5494 exspoliari;sed

2282 5613 2302 5644 ³
2345 5614 2485 5668 idem
2512 5614 2656 5677 cod,
2691 5614 2983 5683 futurorum
3006 5611 3275 5665 bonorum.

2284 5685 2303 5715 ⁸
2346 5686 2488 5743 Ideni
2519 5687 2616 5741 (od
2647 5728 2662 5754 ,
2688 5684 2971 5739 attendant.
