4070 6352
342 380 448 439 εθε

1208 381 1343 437 PRO
1375 381 1806 439 DEFENSIONE
1847 384 2059 440 TRIUM
2103 385 2416 444 CAPlTlfL.
2463 387 2587 444 LIB”.
2634 388 2711 444 111.

3536 387 3642 452 sat

344 496 461 551 ﬁeri
505 502 700 565 potes',
731 501 785 550 et
821 494 1167 562 supervrstiri
1212 497 1392 566 potius
1433 498 1853 561 immortalitate.
1882 507 1941 554 ut
1968 511 2016 569 Α
2046 510 2212 561 tuum.
2244 503 2307 558 Et
2336 505 2549 572 quidem
2595 504 2993 574 perturbatione
3040 505 3139 562 h*c
3185 519 3407 579 cogeu'e
3437 511 3639 582 dicere,

344 593 410 645 ad
434 604 559 645 eam
587 604 692 641 non
718 589 963 658 corporis
986 588 1376 657 exspoliatione
1406 593 1681 647 transiret.
1707 592 1811 647 Sed
1843 608 1936 647 ne-

344 684 459 736 scio
488 680 613 749 quid
647 681 849 745 dicunt,
877 683 1002 749 quia
1031 691 1320 752 martyres,
1359 683 1555 751 quibus
1581 684 1784 738 dictum
1814 696 1896 740 est
1928 702 1943 738 :

347 772 480 829 Cum
507 787 676 827 autem
702 784 1064 842 persequentur
1094 789 1180 826 vos
1198 774 1267 841 in
1306 776 1512 828 civitate
1551 776 1668 842 ista,
1705 778 1866 849 fugite
1893 778 1945 832 in

343 868 506 921 aliam
534 866 745 938 (Matth.
777 884 832 933 χ,
864 869 980 935 Q3),
1008 884 1113 922 non
1146 868 1486 937 trepidabant
1518 872 1675 936 mori,
1711 872 1818 926 imo
1843 885 1941 926 tre-

347 961 542 1029 pidaha
587 969 606 1013 t
636 976 742 1015 non
771 960 929 1014 mori.
958 961 1191 1025 Nollent,
1219 962 1266 1014 si
1309 961 1422 1017 fieri
1456 976 1635 1031 posset
1660 962 1698 1027 ί,
1724 964 1819 1018 sed
1849 980 1946 1019 tta-

348 1053 507 1107 turali
558 1068 667 1108 sua:
726 1054 983 1107 voluntati
1034 1054 1364 1108 voluntatem
1419 1054 1513 1108 Dei
1566 1055 1853 1111 devotio'e
1894 1066 1949 1112 et

345 1146 657 1203 ebedientia
701 1146 1079 1217 pra-ferebant.
1120 1147 1270 1215 Quod
1319 1157 1369 1200 ct
1415 1149 1501 1202 illa
1548 1148 1705 1203 verba
1740 1149 1946 1204 Domini

351 1240 817 1311 significaret-unt,
866 1242 1058 1310 quibus
1095 1243 1220 1296 dum
1265 1242 1464 1297 diceret
1502 1259 1518 1299 :
1556 1242 1729 1308 Pater,
1767 1245 1812 1298 si
1850 1245 1945 1312 vis,

350 1335 572 1402 transfer
601 1333 814 1386 calicem
857 1334 1006 1388 istum
1044 1351 1194 1401 amc,
1233 1335 1304 1389 ibi
1346 1336 1523 1389 statim
1563 1336 1866 1407 subjunxit,
1896 1350 1947 1393 ct

347 1426 429 1480 ait
458 1442 471 1477 :
510 1424 868 1481 Verumtamen
900 1444 1002 1481 non
1032 1445 1145 1482 mea
1174 1433 1429 1496 voluntas,
1454 1432 1543 1484 sed
1562 1442 1651 1484 tua
1674 1434 1764 1499 ﬁat
1797 1433 1946 1500 (Luc.

347 1532 486 1584 xxu,
517 1518 631 1587 42).
661 1519 810 1586 Quod
839 1535 967 1590 ergo
1007 1520 1081 1575 ait
1110 1537 1124 1574 :
1158 1519 1334 1575 Nolite
1372 1523 1547 1576 timere
1578 1540 1664 1578 eos
1697 1526 1783 1595 qui
1813 1526 1946 1578 occi-

351 1616 482 1670 dunt
510 1633 717 1686 corpus,
750 1619 976 1672 animam
1004 1628 1171 1673 autem
1203 1636 1303 1673 non
1331 1628 1543 1689 possunt
1571 1622 1832 1687 occidere;
1862 1621 1951 1675 πά

347 1710 521 1778 potius
546 1725 662 1764 eum
696 1710 865 1763 timete
892 1711 981 1779 qui
1006 1720 1168 1782 potest
1197 1713 1421 1765 animum
1447 1722 1493 1767 et
1523 1729 1708 1781 corpus
1739 1714 1952 1782 perdere

348 1801 403 1853 in
448 1798 728 1872 gehennam
762 1800 977 1870 (Matth.
1013 1817 1120 1867 xvt,
1150 1802 1265 1871 28),
1301 1819 1406 1857 non
1436 1802 1564 1857 illud
1594 1803 1735 1872 quod
1763 1814 1949 1858 contra

2047 608 2079 647 e
2108 595 2378 649 contrario
2426 598 2547 651 dico
2578 612 2590 650 :
2621 597 2871 653 Giorifica
2921 615 3117 654 nomen
3170 610 3340 667 tuum,
3386 603 3488 659 h‘oc
3534 616 3639 674 est,

2048 691 2173 745 dum
2205 707 2322 747 eam
2354 692 2416 746 ad
2442 709 2656 748 crucem
2687 709 2702 748 ε
2730 696 2870 764 quod
2900 696 3123 752 multum
3154 696 3255 753 hoc
3281 700 3419 767 quod
3454 699 3643 754 humaw-

2049 799 2174 837 num
2208 793 2290 838 est
2319 785 2673 849 demonstrat,
2706 795 2760 840 et
2787 797 3028 841 naturam
3055 805 3159 841 non
3187 788 3456 845 volentem
3481 796 3640 855 mori,

2049 876 2141 930 sed
2175 878 2458 944 pratsentis
2494 879 2701 932 avidam
2734 880 2873 943 vitm,
2917 881 3208 936 ostendens
3249 884 3499 951 quoniam
3535 886 3641 939 non

2048 977 2165 1021 erat
2192 968 2397 1023 alienus
2425 969 2493 1023 ab
2520 969 2768 1024 humanis
2807 972 3163 1039 passiouibus.
3193 974 3472 1042 Quomodo
3496 979 3639 1031 enim

2051 1077 2147 1116 nec
2173 1061 2355 1118 bibere
2375 1064 2580 1118 crimen
2606 1075 2705 1124 est.
2735 1080 2906 1135 neque
2928 1065 3187 1133 dormire,
3208 1068 3286 1123 sic
3309 1085 3481 1140 neque
3509 1087 3644 1137 pra:-

2049 1157 2213 1210 sentis
2235 1156 2356 1210 vitm
2380 1156 2579 1213 habere
2607 1158 2953 1213 desiderium.
2979 1158 3227 1214 Christus
3250 1171 3427 1216 autem
3448 1178 3645 1232 corpus

2051 1250 2305 1325 ruundnrn
2338 1266 2366 1303 a
2397 1252 2631 1320 peccatis
2679 1246 3021 1315 habuit,'non
3053 1269 3079 1304 a
3109 1254 3414 1307 carnalibus
3452 1269 3643 1309 neces-

2050 1342 2297 1397 sitatibus
2325 1345 2655 1413 expeditum,
2688 1345 2919 1415 alioquin
2950 1361 3047 1400 nec
3075 1361 3271 1416 corpus
3304 1347 3418 1401 fuit.
3457 1366 3477 1400 ι
3505 1348 3646 1402 Nun-

2051 1435 2175 1504 quid
2209 1435 2613 1504 Mopsuesmnus
2643 1437 2981 1505 Theodorus,
3012 1439 3101 1508 qui
3130 1440 3179 1494 in
3204 1441 3339 1494 beati
3373 1439 3568 1495 ιροηί›
3594 1454 3648 1495 et

2052 1527 2240 1597 synodi
2265 1526 2723 1582 Chalcedonensis
2754 1528 2954 1598 pra-jud
2980 1530 3119 1583 cium
3143 1533 3552 1595 cundemnatur,
3582 1534 3649 1586 ad

2053 1618 2398 1672 asserendarn
2443 1618 2642 1672 Christi
2697 1621 3103 1687 humanitatem,
3140 1623 3275 1676 sicut
3316 1623 3433 1692 ejus
3465 1624 3649 1679 condi~

2053 1711 2287 1779 scipulus
2318 1710 2503 1766 beatus
2533 1713 2790 1779 Joannes,
2823 1715 2966 1769 tnille
2998 1715 3204 1769 timoris
3249 1729 3558 1786 argumenta
3593 1719 3648 1773 irt

2055 1800 2223 1869 ipsius
2273 1806 2522 1870 passione
2562 1803 2843 1858 confeSsus
2888 1814 3005 1871 est;
3050 1816 3141 1859 aut
3188 1806 3236 1859 al
3262 1809 3381 1862 cubi
3423 1808 3490 1863 ab
3534 1810 3646 1877 eis,

350 1899 615 1963 naturam,
640 1902 723 1946 cst
765 1895 1068 1962 imperavit,
1104 1904 1160 1948 ut
1203 1896 1488 1949 humanam
1534 1905 1766 1951 mentem
1806 1895 1949 1951 nulla
1984 1902 2031 1961 Β
2058 1893 2505 1964 quemadmodum
2554 1895 2654 1949 istc
2701 1897 2989 1965 prmclarus
3030 1898 3219 1953 doctor
3262 1898 3540 1964 Ecclc~i:c,
3573 1903 3649 1957 sic

350 1986 544 2038 mortis
589 1986 875 2055 trep?datio
908 1998 1173 2058 tangeret,
1218 1988 1454 2057 alioquin
1485 2006 1639 2044 suum
1681 1989 1952 2045 diceretur

351 2078 697 2149 impugnasse
733 2090 1083 2149 praeceptum.
1116 2098 1235 2137 cum
1269 2084 1383 2152 ipse
1406 2084 1562 2139 daret
1586 2084 1656 2140 de
1680 2064 1800 2154 fuga
1822 2098 1953 2138 con-

350 2176 571 2241 silium;
597 2175 712 2244 sed,
743 2188 798 2231 ut
829 2178 989 2232 timor
1014 2177 1205 2233 timore
1236 2179 1562 2244 vinceretur,
1586 2180 1755 2234 dixit:
1778 2178 1953 2233 Nolite

350 2285 438 2324 eos
477 2270 654 2323 timere
695 2269 780 2340 φλ
822 2270 1056 2323 occidunt
1087 2286 1294 2337 corpus.
1322 2270 1447 2325 Ideo
1486 2281 1702 2326 secutus
1727 2269 1944 2339 adjecit,

350 2363 635 2434 sed‘potius
658 2379 771 2418 cum
802 2365 966 2418 timete
987 2365 1089 2435 qui
1106 2373 1266 2433 potest
1294 2365 1520 2419 animant
1548 2374 1807 2432 et'corpus
1839 2380 1953 2436 per-

354 2453 475 2507 dere
500 2454 553 2508 in
583 2455 887 2524 gehennam.
920 2453 1057 2521 Quid
1091 2463 1269 2510 autem
1311 2456 1438 2510 hinc
1478 2456 1639 2509 etiam
1676 2453 1946 2510 condisci-

350 2548 513 2617 pulus
544 2547 781 2616 praedicti
814 2548 1172 2616 Mopsoesteni
1204 2549 1498 2614 Theodori,
1531 2558 1747 2603 sanctus
1777 2548 1939 2604 Joan-

357 2656 457 2698 nes
510 2643 1134 2714 Constantinopolitanus
1173 2643 1369 2698 dixerit
1423 2643 1786 2698 advertamus.
1844 2641 1947 2710 Qui

354 2748 632 2802 exponens
670 2735 918 2790 eumdem
959 2736 1134 2790 locum
1182 2736 1454 2804 Evangelii
1493 2736 1785 2791 secundum
1813 2735 1954 2790 Mat-

358 2827 593 2893 thxum,
653 2827 732 2882 sic
788 2827 917 2882 ait:
964 2846 983 2880 ι
1028 2826 1149 2897 Ipse
1206 2829 1421 2899 quidem
1481 2828 1736 2884 intentius
1796 2837 1952 2893 orat,

357 2937 427 2977 ne
480 2922 724 2977 videatur
775 2923 1049 2979 simulatio
1096 2939 1216 2980 esse
1273 2923 1584 2994 negotium,
1629 2931 1685 2978 et
1728 2921 1957 2978 sudores

357 3011 602 3067 defluunt
629 3022 849 3083 propter
875 3014 1120 3070 eamdem
1154 3017 1345 3069 iterum
1378 3029 1592 3069 causam
1628 3022 1723 3069 :et
1757 3028 1825 3070 ne
1854 3013 1958 3069 hoc

356 3104 541 3160 dicant
567 3106 829 3171 haeretici,
862 3106 1113 3176 quoniam
1139 3107 1423 3161 simulabat
1456 3107 1725 3176 agoniarn,
1756 3105 1879 3161 ideo
1905 3117 1960 3162 et

356 3197 585 3253 sudores
615 3200 753 3255 sicut
783 3210 948 3271 guttae
978 3201 1273 3271 sanguinis,
1301 3212 1351 3255 et
1383 3202 1604 3271 angelus
1646 3200 1958 3256 confortans

2058 1988 2325 2043 turbatum
2369 2004 2431 2043 ac
2475 1991 2843 2058 perturbatum
2884 1992 2934 2046 in
2983 1994 3234 2058 passione
3262 1994 3530 2051 Christum
3562 1999 3649 2051 di-

2061 2079 2208 2134 xisse
2241 2080 2494 2148 probatus
2522 2091 2623 2149 est,
2658 2092 2711 2135 ut
2753 2082 2912 2137 etiam
2954 2083 3326 2141 liberationem
3359 2100 3647 2159 quareret,

2057 2172 2101 2227 si
2134 2172 2350 2243 quidem
2379 2182 2521 2229 esset
2550 2173 2817 2244 effugere;
2842 2185 2895 2230 et
2925 2177 3027 2229 alia
3061 2176 3224 2232 multa
3255 2195 3372 2251 qum
3406 2192 3649 2236 naturam

2056 2264 2175 2334 ejus
2220 2265 2505 2320 humanam
2551 2282 2658 2322 non
2706 2267 2971 2323 volentem
3024 2272 3181 2335 mari,
3224 2273 3317 2327 sed
3372 2276 3653 2343 praesentis

2057 2359 2266 2413 aridam
2319 2359 2441 2415 vizaa
2488 2361 2723 2418 Joannes
2772 2363 3048 2420 insinuare
3097 2376 3321 2423 testatur
3351 2387 3364 2424 :
3399 2372 3652 2440 quoaiam

2057 2451 2198 2507 sicut
2225 2468 2258 2522 p
2299 2461 2411 2507 tare
2442 2454 2644 2509 crimen
2681 2471 2785 2510 non
2819 2464 2920 2525 est,
2955 2473 3127 2529 neque
3165 2459 3421 2529 dormire,
3454 2462 3522 2517 ita
3556 2478 3654 2519 nec

2058 2541 2385 2598 desidrriom
2436 2544 2632 2600 habere
2678 2546 2799 2601 rita:
2853 2550 3166 2618 pra‘sentis?
3197 2551 3454 2623 Quodque
3485 2554 3655 2625 majus

2057 2646 2168 2703 est,
2202 2646 2257 2691 et
2286 2638 2643 2708 quorumdam
2672 2638 2832 2693 modo
2864 2639 3021 2712 [forte
3050 2641 3467 2715 quodammodo]
3498 2647 3652 2698 novi-

2059 2727 2147 2783 tirc
2178 2729 2436 2784 doctrina:
2469 2732 2912 2800 peremptorium,
2946 2734 2997 2788 in
3029 2734 3130 2789 hoc
3152 2752 3299 2790 suam
3332 2740 3653 2793 scuzeutiam

2058 2817 2263 2873 claudit
2286 2820 2575 2886 :Quoniam
2602 2822 2713 2876 lucc
2737 2824 3073 2893 passi0nibus
3095 2825 3291 2880 Christi
3315 2826 3650 2897 subtrahere,

2060 2912 2193 2968 nihil
2225 2922 2307 2968 est
2333 2913 2473 2968 aliud
2504 2929 2661 2985 quam
2691 2915 2858 2984 ipsam
2896 2918 3139 2986 corporis
3166 2917 3516 2974 substantiam
3542 2920 3656 2990 ejus

2060 3005 2348 3077 denegare,
2381 3022 2500 3062 cum
2531 3008 2658 3063 dicit
2689 3026 2701 3062 :
2732 3026 2750 3061 ‹
2789 3008 3033 3063 Cluistus
3061 3020 3237 3065 autem
3268 3026 3459 3081 corpus
3503 3029 3663 3069 mun~

2062 3099 2187 3155 dum
2215 3114 2243 3153 a
2276 3101 2511 3170 peccatis
2541 3100 2746 3171 habuit,
2782 3116 2887 3156 non
2916 3117 2945 3155 a
2975 3103 3279 3159 carnalibus
3325 3106 3658 3160 necessitati-

2062 3194 2161 3250 bus
2199 3194 2535 3263 expcditum,
2577 3194 2813 3265 alioquin
2859 3211 3033 3266 neque
3078 3210 3273 3267 corpus
3312 3196 3435 3253 fuit.
3466 3216 3482 3250 ι
3519 3197 3659 3267 Quid

359 3303 481 3344 sum
509 3292 777 3360 apparuit,
803 3302 857 3348 et
879 3292 1027 3348 mille
1051 3292 1257 3346 timoris
1287 3301 1624 3361 argumenta.
1660 3292 1725 3346 Et
1752 3307 1818 3346 ne
1840 3293 1959 3363 qu's
1989 3301 2036 3365 ρ
2066 3296 2245 3342 autem
2280 3302 2380 3357 ego
2410 3289 2509 3341 alia
2540 3286 2606 3343 de
2633 3286 2733 3341 hac
2758 3302 2835 3353 re,
2869 3287 2951 3344 vel
2984 3288 3382 3358 pra-dictorum,
3408 3290 3493 3346 vel
3522 3290 3659 3347 alio-

358 3380 501 3436 dicat
532 3383 817 3438 verborum
848 3400 969 3439 esse
1003 3383 1338 3454 figmentum,
1372 3395 1654 3453 propterea
1680 3392 1732 3439 et
1760 3386 1954 3446 oratio,

360 3485 413 3529 et
445 3475 627 3531 dicere
652 3477 869 3546 quidem
896 3495 911 3533 :
935 3478 993 3534 Si
1024 3478 1277 3548 possibile
1308 3486 1411 3543 est,
1439 3486 1696 3545 transeat,
1724 3478 1959 3534 Ostendit

362 3568 786 3636 humanitatem;
828 3571 1007 3626 dicere
1045 3587 1171 3625 vero
1205 3590 1216 3624 :
1255 3570 1637 3627 Verumtamen
1682 3586 1786 3626 non
1823 3572 1960 3625 sicut

360 3676 461 3733 ego
496 3662 639 3729 volo,
664 3663 767 3717 sed
792 3663 931 3717 sicut
957 3674 1034 3729 tu,
1067 3663 1301 3718 ostendit
1328 3662 1597 3732 quomodo
1626 3678 1719 3730 per
1747 3662 1959 3716 virtutis

360 3753 595 3808 studium
628 3764 684 3808 et
714 3755 1021 3822 patientiam
1056 3756 1368 3820 doceamur,
1410 3764 1464 3811 et
1502 3758 1809 3810 retrahente
1861 3770 1958 3809 nos

360 3854 574 3912 natura,
618 3845 871 3915 subsequi
916 3847 1104 3902 Deum.
1153 3867 1170 3898 ι
1206 3848 1306 3914 Qui
1363 3848 1525 3902 etiam
1564 3847 1614 3901 in
1655 3856 1960 3901 commento

360 3937 506 4007 quod
540 3937 589 3991 in
621 3936 843 3993 Joannis
876 3938 1221 4006 Evangelium
1264 3939 1405 4001 fecit,
1438 3941 1674 4009 capitulo
1702 3940 1962 4008 vigesimo

364 4045 546 4097 sextio,
590 4032 743 4102 Cujus
783 4044 866 4089 est
905 4034 1114 4088 initium
1149 4052 1160 4087 :
1196 4034 1294 4102 Qui
1344 4046 1487 4089 autat
1532 4036 1763 4089 animam
1810 4049 1960 4089 suam

362 4124 552 4195 perdet
590 4141 731 4192 eam,
774 4125 847 4181 ita
885 4126 1096 4182 locutus
1133 4137 1214 4181 est
1246 4143 1260 4181 :
1296 4145 1315 4178 ι
1355 4126 1423 4182 Ct
1459 4143 1564 4180 non
1603 4126 1781 4181 dicant
1824 4141 1961 4196 quo-

364 4220 507 4273 niam
559 4221 708 4290 ipse,
747 4220 958 4278 alienus
996 4235 1025 4275 a
1065 4220 1340 4275 doloribus
1390 4219 1635 4273 humanis
1685 4214 1959 4284 existens,

364 4314 523 4370 facile
552 4314 619 4370 de
646 4324 821 4370 morte
853 4315 1283 4385 philosophatur,
1309 4323 1362 4367 et
1391 4313 1611 4383 periculi
1642 4326 1836 4380 expers
1866 4326 1963 4367 nos

364 4406 639 4477 admonet,
673 4408 913 4463 ostendit
951 4408 1072 4478 quia
1111 4416 1166 4462 et
1214 4406 1462 4476 agoniam
1510 4413 1731 4474 propter
1762 4402 1967 4459 utilita-

364 4510 471 4557 tem
522 4515 625 4554 non
678 4508 893 4557 recusat
925 4518 937 4553 :
974 4502 1089 4554 tunc
1130 4508 1308 4554 auo-ru
1355 4496 1772 4567 diSpensationis
1814 4504 1962 4563 sunt,

364 4608 473 4647 non
504 4593 838 4659 divinitatis;
868 4602 1150 4663 propterea
1181 4593 1253 4646 ait
1280 4608 1295 4646 ε
1326 4591 1483 4645 Nunc
1509 4590 1682 4644 anima
1713 4604 1827 4644 mea
1857 4598 1968 4642 tur-

2065 3399 2181 3439 rum
2214 3382 2597 3438 vcnerabiliuur
2630 3382 2848 3438 Patrum
2884 3384 3189 3439 testimonia
3221 3385 3510 3454 proferam,
3534 3376 3660 3443 cum

2057 3478 2169 3549 jam
2212 3477 2313 3532 sibi
2353 3477 2685 3532 sufficienter
2714 3478 2765 3531 in
2797 3477 2986 3533 eodem
3012 3492 3107 3533 suo
3140 3477 3277 3534 libro
3309 3479 3407 3550 ipsi
3438 3494 3662 3551 respon-

2062 3574 2259 3639 derint,
2282 3573 2452 3627 sancti
2477 3571 2751 3626 Athanasii
2770 3571 3132 3626 testirnouium
3154 3582 3341 3629 contra
3365 3588 3443 3640 se,
3470 3590 3661 3642 quem-

2061 3666 2347 3721 admodum
2398 3682 2557 3737 supra
2610 3668 2982 3732 meminimus,
3038 3668 3401 3737 proferenles,
3454 3667 3505 3723 in
3552 3684 3661 3739 quo

2063 3760 2176 3816 ait:
2213 3777 2232 3810 ι
2269 3758 2481 3813 Etenim
2514 3758 2814 3829 perturbari
2846 3758 3024 3813 carnis
3054 3758 3326 3828 propriuru
3359 3768 3474 3826 est;
3510 3770 3661 3827 pote-

2065 3861 2259 3907 statem
2307 3863 2484 3907 autem
2528 3852 2729 3908 habere
2764 3851 2994 3920 ponendi
3041 3861 3107 3905 et-
3134 3851 3663 3919 sumendi,,quando

2065 3945 2196 4011 vult,
2239 3944 2494 4013 animam,
2544 3959 2650 3998 non
2702 3952 2782 3998 est
2835 3943 2936 3998 hoe
2976 3943 3247 4012 prOprium
3278 3943 3533 4009 hominis,
3566 3944 3663 3999 scd

2071 4037 2225 4093 Verbi
2256 4038 2464 4093 virtmis
2486 4047 2589 4095 est.
2628 4056 2647 4091 ι
2681 4037 2816 4105 Quid
2847 4038 3006 4108 igitur
3035 4037 3107 4093 ibi
3137 4054 3166 4093 e
3191 4038 3483 4103 contrario,
3511 4039 3665 4107 quasi

2065 4131 2263 4202 aliquid
2312 4147 2582 4202 magnum,
2615 4132 2800 4186 dicunt
2847 4131 3063 4185 beatum
3110 4132 3460 4186 Athanasium
3492 4133 3543 4185 in
3572 4146 3664 4185 eo-

2067 4224 2187 4279 dem
2217 4224 2375 4278 tertio
2404 4221 2663 4278 adversus
2675 4221 2900 4276 Arianos
2926 4221 3082 4288 libro,
3099 4221 3166 4276 de
3186 4221 3401 4276 Christo
3418 4220 3618 4275 dzxisse
3646 4237 3661 4274 :

2073 4332 2092 4365 r
2130 4313 2300 4380 Quem
2346 4312 2487 4367 Deus
2528 4312 2770 4367 existens
2821 4310 3155 4380 formidaret,
3188 4321 3280 4365 aut
3307 4306 3405 4365 cur
3432 4319 3660 4366 ntortetu

2070 4406 2495 4477 pertimesceret,
2519 4404 2646 4460 dum
2677 4414 2819 4461 esset
2847 4405 2960 4475 ipse
2990 4406 3119 4471 vita,
3151 4412 3204 4460 et
3235 4404 3367 4459 alios
3392 4418 3460 4459 ex
3490 4414 3665 4458 morte

2070 4499 2336 4567 liberans;
2380 4508 2470 4554 aut
2510 4497 2779 4570 quomodo
2816 4498 3003 4554 dicens
3036 4515 3049 4553 :
3082 4497 3256 4554 Nolite
3300 4497 3490 4553 limere
3518 4496 3664 4552 occi-

2071 4592 2286 4648 dentem
2330 4606 2551 4662 corpus,
2602 4590 2717 4660 ipse
2758 4590 3103 4646 formidaret?
3149 4610 3168 4644 ι
3218 4590 3518 4662 tntelligant
3563 4590 3667 4645 hoc

366 4684 483 4739 bata
521 4696 595 4739 est
639 4684 820 4757 (Joan.
849 4701 943 4753 xu,
969 4685 1084 4757 27).
1116 4684 1388 4753 Alioquin,
1422 4683 1520 4737 nisi
1554 4682 1652 4737 hoc
1678 4690 1780 4745 est,
1807 4696 1965 4751 quam
1996 4696 2047 4757 ι)
2073 4700 2192 4739 eum
2245 4685 2537 4739 secundum
2589 4683 2705 4753 ejus
2763 4682 3095 4739 divinitatem
3148 4682 3351 4739 dixisse
3409 4682 3666 4738 adversus

367 4781 803 4851 consequentiam
854 4779 1011 4835 habet
1059 4779 1200 4847 quod
1244 4778 1445 4833 dctum
1488 4784 1593 4840 est,
1639 4786 1691 4831 et
1738 4777 1965 4831 dicere:

372 4868 553 4936 Pater,
594 4872 819 4940 salvi/ica
854 4888 934 4926 me
963 4887 1028 4925 ea:
1056 4871 1151 4925 hac
1182 4871 1347 4924 liora?
1371 4871 1450 4924 sic
1477 4868 1798 4936 perturbari,
1831 4876 1888 4921 ut
1915 4876 1968 4922 et

376 4964 749 5022 liberationem
796 4977 1103 5038 qumreret,
1145 4966 1187 5019 si
1239 4963 1453 5033 quidem
1501 4970 1647 5017 esset
1694 4960 1967 5032 effugere?

371 5054 498 5112 lla-c
546 5068 749 5113 natura:
795 5059 1045 5114 humanae
1076 5055 1402 5111 infirmitatis
1427 5063 1572 5119 sunt,
1603 5053 1697 5107 sed
1731 5070 1838 5107 non
1871 5052 1967 5107 ha-

368 5147 474 5205 beo
510 5151 632 5221 quid
678 5152 866 5217 dicam,
906 5151 1100 5221 inquit,
1149 5149 1517 5203 liberationem
1552 5160 1817 5215 poscens:
1847 5162 1965 5216 pro-

369 5252 480 5311 pter
503 5243 598 5296 hoc
626 5243 647 5274 '
678 5244 789 5297 veni
836 5245 887 5297 in
933 5244 1112 5295 horam
1141 5241 1306 5304 hanc;
1330 5239 1481 5308 quasi
1510 5238 1715 5293 diceret
1744 5252 1761 5293 :
1794 5235 1889 5291 Vel
1920 5235 1966 5291 si

369 5334 649 5388 turbamur
690 5350 754 5390 ac
801 5333 1206 5403 perturbamnr,
1258 5346 1362 5385 non
1410 5329 1676 5400 fugiaruus
1716 5337 1967 5385 mortem.

367 5424 501 5480 Nam
530 5439 584 5482 et
626 5442 725 5497 ego
762 5442 903 5483 nunc
935 5426 1299 5495 perturbatus,
1346 5437 1453 5475 non
1499 5420 1618 5475 dico
1650 5428 1704 5474 ut
1736 5422 1962 5490 fugiam;

368 5516 526 5574 decet
554 5518 696 5574 enim
729 5519 871 5574 ferre
902 5518 1043 5590 quod
1075 5515 1407 5586 supervenit.
1440 5514 1554 5567 Non
1582 5512 1739 5567 dico:
1772 5512 1966 5569 Libera

370 5626 458 5665 me
499 5626 563 5665 ex
602 5610 730 5665 hora
764 5612 894 5678 hac;
928 5611 1021 5668 sed
1064 5608 1226 5680 quid?
1257 5606 1435 5672 Pater,
1467 5603 1703 5676 glori/ica
1728 5603 1748 5635 ⁸
1776 5621 1959 5661 nomen

444 5840 459 5869 ¹
484 5836 849 5897 Cod.Veron.,
869 5845 915 5890 et
940 5851 1040 5889 non
1057 5849 1185 5887 morr
1214 5830 1420 5891 nollent.
1446 5830 1489 5882 si
1512 5829 1625 5898 ﬁcri
1642 5836 1830 5899 posset,
1853 5838 1958 5883 etc.

442 5911 462 5942 '
486 5907 631 5964 Idem
655 5909 803 5975 cod.,
831 5905 1157 5979 propter-hoc
1179 5903 1333 5972 enim,
1358 5914 1463 5958 etc.

2074 4776 2322 4841 Arianos,
2351 4774 2439 4845 qui
2468 4789 2531 4829 ea
2563 4789 2682 4844 quae
2714 4772 3061 4828 humanitatis
3092 4772 3301 4829 fuerant
3326 4773 3390 4828 ad
3418 4773 3668 4829 divinita-

2073 4868 2139 4922 lis
2174 4866 2293 4937 ejus
2330 4866 2579 4936 injuriam
2623 4865 3036 4922 transferebant.
3072 4866 3203 4921 Nam
3248 4865 3519 4936 quomodo
3556 4880 3667 4920 non

2060 4958 2241 5011 solum
2274 4958 2326 5012 in
2367 4956 2556 5013 eodem
2602 4971 2783 5027 opere,
2830 4958 2926 5013 sed
2977 4957 3029 5011 in
3077 4956 3265 5012 eodem
3319 4962 3481 5012 etiam
3530 4956 3668 5012 libro

2071 5058 2359 5116 utrumque
2387 5048 2624 5104 diceret?
2661 5049 2763 5105 nisi
2805 5048 2944 5106 forte
2989 5049 3220 5104 similem
3266 5050 3385 5105 istis
3422 5049 3667 5105 Athana-

2076 5142 2213 5197 sium
2240 5142 2532 5208 credimus,
2564 5151 2623 5197 ut
2651 5143 2684 5212 i,
2705 5157 2765 5198 se
2795 5159 3009 5213 quoque
3031 5144 3237 5197 dicatur
3263 5145 3333 5198 ita
3368 5144 3477 5199 sibi
3499 5142 3685 5221 fuisse

2077 5234 2397 5292 contrarius.
2442 5233 2555 5289 Hoc
2595 5244 2649 5289 et
2689 5235 2755 5290 de
2800 5236 3026 5290 aliorum
3078 5234 3396 5289 testimoniis
3446 5234 3664 5290 Patrum

2076 5329 2305 5384 dixerim
2342 5343 2461 5399 quae
2506 5328 2575 5383 ibi
2613 5343 2671 5382 se
2709 5330 3047 5399 congessisse
3082 5338 3269 5384 contra
3296 5328 3666 5401 evangelicam

2076 5423 2401 5478 sententiam
2431 5426 2747 5495 gloriantur.
2770 5424 2905 5480 Sunt
2934 5433 2988 5480 et
3024 5424 3124 5480 alia
3158 5426 3321 5480 tuulta
3349 5425 3406 5480 in
3428 5426 3544 5489 ipso
3567 5440 3668 5480 eo-

2066 5529 2191 5569 rum
2219 5515 2356 5569 libro
2376 5516 2568 5586 quibus
2595 5515 2914 5585 seruetipsos
2944 5517 3276 5588 impugnant,
3308 5517 3532 5573 adversa
3562 5516 3662 5570 sibi

2080 5609 2371 5679 loquentes,
2404 5625 2525 5680 quae
2558 5623 2698 5662 nunc
2729 5610 2978 5680 persequi
3017 5609 3233 5682 longum
3258 5619 3360 5680 est,
3389 5621 3442 5667 et
3478 5608 3668 5666 melius

2147 5832 2164 5862 ³
2205 5830 2523 5903 ldctn.cod.,
2554 5830 2809 5899 clariﬁca.
