4070 6352
529 347 636 408 595

1570 349 1870 408 FACUNDI
1911 349 2117 405 EPiSII.
2151 344 2661 402 lliiRMlANlitVSiS.
3696 348 3780 407 ειυς

533 465 682 521 vobis
713 465 1057 536 reiinquimus
1085 463 1376 535 arguenda,
1415 465 1668 536 quoniam
1719 464 1820 519 hoe
1863 464 2117 519 facillime
2149 466 2200 525 Α
2229 476 2346 516 ram
2387 460 2790 526 subsistentem,
2840 467 2891 516 et
2943 459 3181 515 omnium
3224 475 3348 531 qua:
3390 472 3513 518 sunt
3542 465 3777 536 Opiﬁccm,

533 556 645 612 fieri
677 567 853 628 potest
878 575 904 632 ε¹
924 567 981 614 et
1011 556 1134 612 illud
1165 571 1297 627 Opus
1326 571 1355 610 a
1385 555 1626 625 quolibet
1653 556 1980 611 elaboratum
2006 569 2118 608 ma-

530 649 610 718 gis
638 652 814 704 ornari
843 649 1002 704 debet
1032 649 1183 703 titulo
1212 647 1442 702 nominis
1472 647 1653 713 vestri,
1699 662 1793 716 per
1832 645 1972 716 quod
2003 645 2119 699 cal-

534 741 638 795 lide
659 741 955 811 excogitata
983 742 1034 795 in
1068 740 1434 811 pra'judicium
1467 754 1671 808 magna:
1703 737 1895 808 synodi
1917 736 2121 791 ialsitas

533 830 819 886 refellitur.

1142 921 1368 984 CAPUT
1412 921 1498 976 IV.

534 1039 686 1107 Quod
737 1037 1067 1094 Theodorum
1118 1041 1372 1094 immerito
1411 1039 1804 1097 calumniantur.
1871 1038 2016 1106 quasi
2068 1038 2120 1088 in

600 1113 916 1179 expositione
971 1113 1200 1165 historia:
1249 1123 1557 1165 centurionis
1608 1110 1869 1165 Christum
1932 1126 2118 1178 parum

602 1183 860 1235 hominem
882 1197 990 1236 esse
1017 1183 1273 1253 docuerit.

604 1293 757 1349 Nunc
777 1293 921 1356 aliud
953 1294 1278 1364 aperiamus,
1310 1295 1360 1349 in
1391 1309 1496 1364 quo
1537 1294 1726 1348 iterum
1755 1308 1853 1348 suo
1881 1293 2120 1347 testimo-

533 1386 625 1442 nio
653 1388 1062 1454 convincuntur,
1097 1387 1237 1443 beati
1281 1388 1488 1457 (lyrilli,
1520 1387 1661 1456 quod
1707 1397 1918 1440 secnzos
1948 1400 2006 1440 se
2030 1385 2116 1454 ja-

531 1489 701 1547 ctant,
749 1481 1090 1550 impugnasse
1127 1479 1408 1549 judicium,
1450 1493 1592 1541 cum,
1635 1477 1700 1532 ad
1749 1476 2116 1548 pratjudieinm

534 1588 742 1643 magna;
767 1573 978 1644 synodi,
1010 1572 1261 1627 similiter
1292 1572 1536 1626 eumdem
1565 1572 1906 1630 Theodorum
1932 1570 2120 1625 crimi-

532 1675 727 1721 nantur
771 1666 1213 1734 interpretantem
1254 1662 1599 1734 Evangelium
1641 1663 1932 1721 seeondum
1983 1663 2116 1716 Mat-

531 1757 730 1814 thzeutu
764 1758 962 1814 dixisse
995 1778 1012 1811 ε
1046 1758 1169 1828 qoia
1195 1757 1488 1822 Christum,
1521 1772 1626 1821 non
1656 1771 1901 1826 tanquam
1927 1755 2116 1810 Filium

2223 552 2427 608 adierat
2468 549 2733 606 centurio.
2774 535 2910 604 ἠερε
2941 565 3007 604 ex
3051 564 3236 606 eorum
3286 551 3427 606 libro
3477 553 3529 607 in
3571 535 3781 613 nostnun

2224 642 2616 700 transtulimus.
2664 642 2728 696 Et
2773 640 2974 695 licntin
3023 640 3106 696 his
3150 641 3309 698 etiam
3358 644 3537 698 verbis
3561 661 3671 715 qua:
3706 664 3782 717 pro

2222 749 2321 790 suo
2353 733 2502 789 libitu
2533 743 2979 819 composuerat“,
3022 748 3128 788 non
3159 733 3378 804 penitus
3401 735 3668 792 obscurari
3709 755 3783 808 po.

2223 827 2383 882 tuoril
2417 825 2644 880 dicentis
2684 825 2932 892 intentio,
2978 827 3257 896 quoniam,
3298 828 3443 882 sicut
3471 827 3665 884 dictum
3693 842 3779 900 est,

2224 932 2331 970 non
2363 931 2514 968 suam
2549 914 2725 982 tidem,
2758 914 2852 968 sed
2882 915 3336 972 existimationem
3371 917 3423 970 in
3463 917 3542 971 eis
3568 918 3784 990 ignoran-

2223 1013 2290 1065 tis
2327 1008 2657 1065 centurionis
2697 1009 2985 1076 expressit,
3034 1017 3210 1063 tamen
3257 1016 3320 1063 ut
3369 1009 3475 1064 hoc
3518 1012 3783 1068 evident'us

2222 1113 2501 1172 appareat,
2534 1103 2738 1172 integra
2790 1101 2956 1170 ipsius
3004 1101 3275 1157 Theodori
3319 1102 3485 1160 verba
3533 1118 3782 1170 ponamus.

2228 1214 2250 1252 ι
2277 1195 2623 1266 Supplicabat
2657 1204 2838 1248 autent
2884 1195 2956 1259 ei,
2990 1195 3183 1264 inquit,
3217 1205 3272 1250 ut
3325 1207 3539 1250 curaret
3571 1212 3781 1266 puerum.

2223 1292 2300 1346 Ad
2345 1307 2504 1360 quem
2536 1289 2790 1344 Dominus
2819 1289 2986 1344 dicit:
3015 1289 3125 1360 Ego
3157 1290 3381 1345 veniens
3422 1291 3618 1344 curabo
3659 1306 3780 1346 eum.

2225 1383 2510 1454 Propterea
2553 1381 2787 1436 maxime
2836 1382 2949 1449 ipse
2995 1382 3290 1453 promptius
3335 1383 3417 1436 ire
3460 1382 3707 1452 promisit,
3737 1392 3783 1448 ut

2223 1477 2395 1531 virtus
2429 1475 2758 1530 centurionis
2806 1490 2925 1528 cum
2978 1475 3172 1546 refugit
3222 1488 3536 1547 appareret.
3583 1478 3780 1542 Etenim,

2223 1588 2326 1624 non
2357 1585 2474 1624 sum
2505 1569 2717 1640 dignus,
2747 1570 2893 1634 dicit,
2931 1578 2987 1623 ut
3020 1570 3185 1626 intres
3231 1570 3336 1625 sub
3376 1579 3572 1624 tectum
3603 1586 3781 1642 meum;

2221 1665 2380 1734 igitur
2425 1662 2590 1720 verbo
2630 1671 2833 1717 tantum
2883 1660 2989 1723 die.
3039 1671 3092 1717 et
3148 1662 3249 1716 hoc
3295 1677 3491 1716 cur..re
3525 1662 3778 1719 "sufﬁciet.

2223 1757 2458 1812 l‘rimum
2496 1757 2658 1826 igitur
2686 1756 3041 1812 reverentiam
3086 1755 3336 1821 multam,
3374 1756 3609 1811 secundo
3633 1763 3779 1810 autem

533 1849 627 1904 Dei
656 1860 704 1920 ⁸,
739 1859 794 1906 et
818 1860 941 1904 ante
971 1866 1183 1904 omnem
1217 1851 1536 1904 existentem
1581 1861 1902 1914 creaturam,
1935 1861 1987 1903 et
2027 1864 2120 1904 eo-
2150 1867 2196 1928 Β
2229 1852 2510 1905 maximam
2555 1851 2712 1905 tidem
2740 1850 2994 1905 ostendit.
3034 1849 3236 1904 Deinde
3279 1859 3337 1904 et
3379 1864 3501 1903 cum
3533 1850 3782 1918 prudentia

531 1955 648 1993 rum
679 1955 797 2011 quae
826 1948 952 1996 sunt.
977 1941 1248 2011 opilicem,
1280 1941 1414 2003 adiit
1453 1940 1694 1995 centurio
1730 1955 1824 2008 pro
1857 1940 2001 2008 pueri
2031 1939 2113 1993 sui

533 2031 727 2088 salute.
769 2050 787 2084 ι
825 2033 877 2087 lu
921 2033 1023 2089 hoc
1061 2044 1239 2094 autem
1292 2033 1525 2102 capitulo
1572 2035 1732 2087 etiam
1781 2031 2116 2086 fraudulenta

533 2121 737 2178 falsitas
773 2137 958 2180 eorum
987 2124 1117 2178 satis
1153 2132 1396 2194 apparet.
1429 2123 1559 2177 Nam
1591 2122 1714 2178 inde
1743 2123 1808 2178 ab
1837 2125 1914 2177 eis
1943 2123 2117 2178 Theo-

533 2212 699 2267 dorus
729 2223 1028 2280 accusatur,
1055 2216 1199 2269 unde
1240 2217 1409 2286 magis
1445 2216 1605 2272 debet
1641 2216 1708 2270 ab
1747 2231 1931 2271 eozum
1959 2231 2117 2270 aer-u-

531 2306 742 2361 salione
766 2305 1000 2361 defendi.
1044 2308 1156 2362 Non
1205 2308 1367 2375 enim,
1405 2307 1544 2363 sicut
1587 2308 1810 2378 tingunt,
1841 2325 2117 2378 exponens

533 2395 674 2452 hunc
704 2396 880 2454 locum
922 2398 1216 2468 Evangelii,
1247 2400 1371 2470 quid
1408 2401 1524 2470 ipse
1552 2401 1620 2456 de
1649 2403 1864 2456 Christo
1892 2402 2059 2458 sentir
2101 2413 2120 2458 ι

533 2489 787 2556 ostendit,
814 2491 907 2545 sed
940 2492 1114 2560 potius
1143 2491 1268 2563 quid
1314 2494 1559 2557 centurio
1603 2495 1670 2550 de
1703 2494 1798 2550 illo
1831 2497 2115 2566 putaverit.

531 2577 644 2634 Ιοιιο
684 2589 734 2635 et
776 2581 902 2653 quid
949 2583 1062 2653 ipse
1103 2583 1328 2642 sentiret
1363 2585 1614 2641 ostendit.
1661 2585 1798 2644 Nam
1853 2589 1941 2658 qui
1993 2604 2118 2644 cen—

533 2672 798 2729 turionem
837 2673 991 2742 dixit,
1029 2674 1169 2744 quod
1213 2675 1514 2746 ignorantia
1547 2677 1563 2708 ³
1597 2692 1701 2732 non
1748 2689 1804 2733 ut
1847 2680 2038 2745 Deum,
2066 2689 2120 2735 et

531 2773 656 2817 ante
689 2777 903 2822 omnem
942 2765 1261 2822 existentem
1311 2779 1643 2835 creaturam,
1675 2780 1726 2826 et
1769 2785 1954 2825 eorum
2000 2788 2118 2840 qua:

531 2865 655 2909 sunt
699 2855 970 2926 Opiﬁcem,
1010 2856 1282 2923 Christum
1331 2861 1542 2930 adierit,
1589 2866 1771 2932 procul
1813 2865 1972 2920 dubio
2005 2867 2118 2936 ipse

531 2962 636 3002 non
687 2947 959 3011 hominem
1008 2951 1421 3021 tantummodo,
1469 2955 1606 3010 sicut
1661 2957 1966 3026 Nestorius,
2023 2961 2118 3018 sed

531 3041 692 3096 etiam
745 3041 954 3110 Deum,
995 3054 1050 3100 et
1095 3054 1221 3101 ante
1279 3060 1493 3103 onmem
1541 3049 1861 3108 existentem
1910 3062 2119 3108 creatu-

531 3149 649 3190 ram
673 3173 695 3207 ,_
719 3145 770 3190 ct
811 3151 998 3197 eorum
1036 3152 1156 3208 qua:
1203 3148 1329 3202 sunt
1373 3139 1654 3209 opiﬁcem,
1687 3143 1959 3205 Christum
1999 3159 2118 3200 esse

531 3227 801 3299 cognovit.
843 3229 1123 3297 Quomodo
1169 3239 1350 3287 autem
1387 3232 1485 3303 ipsi
1527 3245 1807 3302 consuete,
1844 3247 1998 3304 prout
2029 3250 2120 3290 vos
2146 3257 2192 3320 ρ

532 3321 768 3381 luerunt,
822 3329 1128 3390 corruptam
1182 3321 1450 3378 Theodori
1500 3327 1818 3380 sententiam
1871 3327 1924 3380 in
1983 3328 2120 3384 libro

532 3425 630 3464 suo
679 3411 972 3478 posuerint,
1012 3413 1378 3482 ostendemus,
1421 3430 1485 3471 ac
1529 3417 1726 3473 deinde
1765 3420 2032 3489 quomodo
2063 3435 2122 3476 se

519 3501 764 3558 habeant
785 3503 900 3573 ejus
923 3504 1082 3568 verba
1105 3507 1397 3562 secundum
1421 3510 1743 3580 scriptorum
1773 3525 2118 3572 monumenta

539 3595 876 3663 tineibimus,
934 3607 988 3651 ut
1039 3598 1091 3658 in
1153 3600 1253 3655 hac
1309 3616 1410 3656 una
1465 3616 1790 3674 cognoscere
1833 3607 1851 3635 ²
1896 3607 2120 3662 valentis

535 3698 726 3756 quanta
760 3705 854 3761 per
883 3691 1015 3748 aiias
1057 3692 1174 3771 eius
1222 3697 1520 3756 sententias
1551 3696 1872 3759 immiserint
1923 3701 2121 3769 impor-

535 3793 661 3838 tuna
692 3800 810 3856 qua:
841 3786 928 3841 ille
959 3801 1066 3841 non
1097 3786 1250 3852 dixit,
1283 3796 1480 3858 quanta
1524 3790 1882 3845 subtraxerint
1917 3807 2115 3861 oppor-

533 3885 664 3932 tuna
687 3891 805 3945 qua;
835 3875 991 3931 dixit.
1023 3877 1112 3932 Sic
1141 3878 1286 3932 enim
1309 3877 1559 3940 dixerunt
1586 3898 1597 3932 :
1630 3899 1654 3934 ι
1679 3881 1782 3936 Sed
1804 3891 1858 3936 et
1881 3883 2122 3938 residuas

533 3965 802 4024 Theodori
825 3966 1190 4038 blasphemias
1213 3971 1377 4026 simili
1405 3973 1787 4034 convincamus
1815 3975 1994 4030 modo.
2034 3977 2123 4032 lti-

534 4056 608 4118 rit
636 4059 776 4112 enim
811 4059 924 4129 ipse
966 4060 1161 4130 impius
1192 4061 1532 4129 Theodorus,
1566 4064 1822 4120 adversus
1853 4066 2121 4122 Christum

532 4148 836 4215 insaniens,
877 4158 931 4205 et
963 4165 1137 4221 neque
1164 4153 1230 4210 ab
1260 4168 1324 4208 eo
1349 4153 1484 4210 facta
1512 4153 1779 4211 mirabilia
1813 4163 2064 4226 tanquam
2092 4172 2123 4210 a

532 4239 646 4296 Deo
678 4239 820 4297 iacta
847 4241 1004 4308 dans,
1040 4245 1370 4306 centurionis
1416 4261 1599 4303 vocem
1632 4262 1790 4317 quam
1835 4249 1900 4300 ad
1943 4234 2123 4303 Domi-

532 4344 659 4384 num
696 4329 866 4402 dixit,
914 4333 966 4387 in
1008 4336 1154 4404 pueri
1198 4335 1501 4402 curatione,
1541 4338 1810 4391 contrarie
1859 4337 2126 4408 in'erpte—

532 4429 656 4477 taos
683 4423 737 4478 in
775 4424 1066 4496 Evangelia
1110 4427 1403 4480 secundum
1451 4424 1713 4482 Joannem
1743 4427 1762 4458 ³
1786 4429 1914 4484 dicit
1962 4429 2117 4485 lucc:

532 4513 681 4573 Bene
728 4517 925 4587 adjecit
967 4517 1096 4572 illud
1130 4518 1297 4574 :Nam
1335 4529 1389 4574 et
1435 4535 1532 4590 ego
1564 4522 1722 4578 homo
1760 4537 1901 4592 sum,
1931 4526 2121 4595 quasi:

2221 1942 2380 1996 tidem
2415 1944 2684 2013 propriam
2720 1951 3028 1996 monstrans
3055 1957 3068 1993 :
3095 1940 3228 1994 Nam
3266 1947 3322 1992 et
3363 1954 3467 2008 ego
3497 1938 3650 1992 homo
3683 1954 3780 1996 sunt

2219 2037 2320 2090 sub
2351 2043 2632 2104 potestate,
2668 2034 2874 2088 habens
2904 2032 3005 2089 sub
3032 2048 3118 2089 me
3145 2032 3368 2094 milites,
3405 2043 3458 2085 et
3485 2031 3601 2085 dico
3642 2031 3778 2086 huic:

2222 2123 2386 2192 Vade,
2429 2135 2481 2179 et
2536 2126 2714 2190 vadit;
2748 2134 2804 2178 et
2855 2124 3001 2177 alio:
3033 2122 3187 2188 Veni,
3235 2135 3288 2176 et
3341 2121 3518 2186 venit;
3561 2130 3614 2176 et
3648 2134 3780 2176 servo

2221 2234 2341 2274 meo
2372 2237 2386 2274 :
2413 2218 2516 2274 Fac
2544 2220 2666 2285 hoc,
2707 2228 2758 2273 et
2801 2217 2951 2272 facit.
3004 2217 3311 2272 Prudentia:
3352 2217 3498 2271 enim
3538 2225 3666 2282 erat,
3705 2231 3777 2269 se-

2221 2309 2454 2364 cundum
2489 2311 2753 2364 rationem
2783 2324 2900 2376 quae
2935 2309 2980 2363 ei
3014 2309 3320 2374 videbatur,
3354 2308 3478 2362 talia
3506 2307 3709 2362 credere
3726 2306 3783 2360 de.

2220 2399 2460 2456 Christo.
2509 2399 2678 2454 Ilomo
2706 2399 2849 2456 enim
2888 2409 2940 2454 et
2972 2414 3104 2470 ego;
3131 2399 3226 2459 sed
3261 2409 3444 2458 tamen
3471 2413 3682 2469 quorum
3707 2412 3776 2451 ac-

2223 2494 2345 2564 cepi
2370 2503 2714 2565 potestatem,
2746 2493 2936 2547 hortmt
2965 2510 3082 2548 sum
3109 2493 3364 2548 dominus
3391 2506 3546 2563 :qnte
3577 2490 3690 2545 mihi
3717 2490 3778 2542 vi-

2221 2587 2436 2654 dentur,
2470 2603 2530 2642 ea
2562 2586 2694 2641 ﬁunt
2735 2603 2763 2640 a
2797 2587 2933 2643 meis
2977 2587 3253 2656 subjeCtis.
3287 2586 3432 2658 Ergo
3464 2585 3592 2640 nihil
3634 2582 3693 2638 ab
3730 2598 3776 2636 re

2222 2691 2328 2747 est,
2350 2685 2402 2736 et
2433 2691 2482 2734 te
2513 2681 2649 2734 hanc
2664 2689 2910 2734 sumente
2938 2696 2966 2732 a
2991 2679 3097 2734 Deo
3121 2688 3469 2747 potesmtem,
3498 2677 3652 2731 verbo
3678 2685 3774 2727 tan-

2222 2769 2577 2840 ttttnjuhente
2611 2770 2805 2840 expelli
2836 2770 3132 2841 passiones.
3165 2771 3350 2840 Neque
3389 2771 3529 2824 enim
3565 2780 3774 2836 tanquam

2223 2863 2316 2918 Dei
2345 2862 2566 2928 Filium,
2600 2872 2654 2917 el.
2687 2874 2810 2920 ante
2837 2878 3052 2917 omnem
3079 2872 3383 2918 creaturattt
3410 2861 3777 2920 subsistentem,

2223 2965 2280 3013 et
2309 2959 2548 3012 omnium
2579 2973 2695 3026 qum
2724 2968 2843 3012 sunt
2870 2956 3141 3027 Opificem,
3169 2955 3378 3010 adierat
3405 2953 3654 3010 centurio.
3677 2949 3776 3004 llaec

2223 3051 2366 3105 enim
2398 3065 2574 3120 neque
2613 3048 3000 3118 discipulorum
3045 3058 3159 3101 erat
3191 3055 3319 3101 tunc
3362 3045 3502 3100 scire
3529 3053 3644 3098 ante
3674 3055 3774 3094 cru-

2223 3158 2366 3210 cem,
2416 3142 2552 3198 sicut
2597 3141 2649 3196 in
2694 3141 2914 3210 reliquis
2962 3139 3334 3206 ostendemus,
3385 3139 3602 3193 Domino
3647 3133 3772 3200 adju-

2225 3248 2409 3306 vante,
2436 3235 2703 3300 subtilius,
2739 3236 2832 3289 sed
2861 3219 3108 3316 tangitam
3140 3233 3412 3288 hominem
3444 3247 3533 3301 per
3562 3229 3777 3284 virtutem

2225 3328 2474 3398 adeptum
2508 3343 2538 3382 a
2565 3328 2674 3384 Deo
2712 3327 2968 3396 majorem
2997 3341 3156 3397 quam
3189 3334 3272 3380 est
3319 3325 3546 3380 hominis
3577 3326 3773 3389 potesta~

2227 3429 2356 3474 tem.
2409 3419 2561 3477 Unde
2607 3421 2656 3475 ei
2705 3421 2874 3474 dixit:
2900 3419 3031 3473 Nam
3070 3429 3125 3475 et
3159 3434 3258 3490 ego
3291 3419 3453 3472 homo
3481 3430 3611 3470 sum.
3641 3430 3656 3462 ι
3688 3409 3774 3463 lloe

2225 3512 2386 3567 modo
2415 3527 2474 3568 se
2515 3514 2715 3570 habent
2760 3513 2922 3568 verba
2953 3513 3243 3567 Theodori.
3293 3510 3413 3566 Jam
3454 3523 3589 3564 nunc
3622 3497 3774 3559 confer

2225 3615 2512 3676 utrumque
2535 3606 2553 3636 ⁵
2579 3605 2716 3660 sicut
2748 3614 2798 3660 te
2839 3605 3059 3675 dignum
3097 3614 3202 3670 est,
3237 3602 3550 3675 imperator,
3581 3604 3632 3652 et
3656 3594 3775 3648 inve-

2225 3695 2348 3751 nies
2378 3709 2572 3765 quanta
2599 3697 2667 3750 ab
2710 3698 2788 3750 eis
2816 3695 3010 3752 fuerint
3043 3696 3348 3764 supposita,
3376 3702 3428 3747 et
3459 3700 3641 3760 quanta
3675 3683 3774 3735 sub.

2225 3795 2414 3852 tracta,
2439 3803 2506 3843 ne
2530 3787 2727 3853 veritas
2750 3796 3054 3857 appareret.
3085 3785 3317 3843 Maxime
3339 3770 3538 3846 autem,
3560 3777 3665 3845 quis
3689 3787 3774 3824 non

2226 3877 2402 3934 videat
2441 3878 2564 3949 quia
2597 3894 2701 3931 non
2732 3878 2801 3932 ob
2842 3877 2985 3932 aliud
3034 3881 3425 3931 su‘.traxernnt
3451 3869 3584 3943 quod
3626 3865 3685 3920 ibi
3706 3861 3774 3915 di-

2227 3980 2370 4025 ctum
2419 3981 2538 4026 est:
2572 3989 2591 4022 ι
2620 3971 2922 4027 Prudentia:
2954 3972 3096 4026 enim
3135 3982 3272 4037 erat,
3319 3967 3603 4024 secundum
3642 3957 3774 4014 ratio-

2227 4077 2348 4116 nem
2381 4079 2500 4133 qum
2539 4064 2588 4117 ei
2619 4062 2922 4130 videbatur,
2955 4063 3025 4116 tal
3050 4078 3078 4116 a
3127 4062 3354 4118 credere
3401 4061 3466 4114 de
3497 4054 3726 4114 Christo;
3753 4065 3772 4100 ι

2225 4154 2328 4209 nisi
2369 4162 2424 4208 ut
2457 4154 2510 4209 in
2551 4153 2654 4208 iiiis
2701 4151 2876 4208 verbis
2902 4153 3234 4208 centuriOnis
3260 4153 3280 4183 ⁸
3306 4151 3600 4222 ignorantis
3626 4137 3773 4199 existi-

2225 4251 2537 4312 mationem,
2580 4264 2737 4317 quam
2779 4263 2927 4301 suam
2960 4247 3140 4314 ﬁdem,
3190 4245 3462 4301 videretur
3499 4237 3773 4296 'l‘lteodot‘lls

2225 4344 2820 4416 tnagis7expressisse;
2850 4342 2933 4397 vel
2980 4340 3113 4396 iliud
3159 4349 3459 4395 extremum
3506 4333 3632 4405 quod
3679 4340 3772 4398 per-

2228 4438 2436 4508 tingere
2459 4436 2768 4500 noluerunt,
2805 4423 2897 4498 ubi.
2924 4436 3040 4489 ait:
3073 4455 3092 4487 ‹
3123 4433 3247 4488 ΙΙωο
3279 4435 3422 4489 enim
3466 4441 3625 4500 neque
3651 4417 3772 4476 disci-

2227 4531 2475 4598 pulorntu
2508 4538 2626 4583 erat
2674 4537 2799 4582 tunc
2829 4527 2968 4588 seire
2993 4535 3116 4580 ante
3138 4540 3379 4592 crucem,
3419 4524 3550 4578 sicut
3590 4511 3773 4571 inferius

535 4605 680 4665 Μιλὲέ
712 4607 980 4674 mirabile,
1011 4610 1054 4664 si
1095 4611 1235 4670 istutl
1269 4625 1428 4680 posse
1452 4614 1640 4682 habes,
1670 4613 1856 4684 homo,
1887 4631 2007 4672 cum
2048 4617 2123 4673 sis
2151 4647 2202 4708 υ
2230 4619 2601 4685 ostendi-mos,
2652 4617 2877 4683 Domino
2906 4619 3216 4688 adiuvante,
3259 4613 3539 4682 subtilius?
3567 4629 3584 4662 ι
3609 4605 3774 4670 Collis“

535 4699 804 4770 accipiens
826 4717 854 4755 a
879 4701 1021 4767 Deo;
1051 4703 1303 4773 quoniam
1345 4719 1444 4776 ego
1474 4722 1595 4762 cum
1626 4707 1728 4762 sim
1763 4707 1944 4774 homo,
1979 4710 2121 4765 acci—

535 4790 622 4859 pio
642 4791 979 4858 obedientes,
1016 4795 1181 4850 semel
1214 4797 1417 4853 habens
1439 4798 1666 4868 jubendi
1707 4809 2030 4870 potestatem
2065 4812 2122 4858 ut

535 4885 779 4954 Voluero,
812 4902 907 4958 per
929 4888 1106 4945 dantis
1130 4890 1576 4948 muniﬁcentiam.
1607 4891 1836 4962 PrOptcr
1861 4895 2001 4964 quod
2035 4895 2121 4971 ni;

536 4978 609 5031 hil
633 4978 701 5039 ab
727 4993 786 5033 re
815 4988 920 5047 est,
946 4989 998 5036 te
1022 4990 1076 5036 et
1114 4981 1250 5045 hanc
1285 4993 1532 5040 sumente
1562 4999 1592 5037 a
1633 4985 1744 5040 Deo
1776 4995 2114 5055 potestatem,

534 5071 702 5128 verbo
742 5080 954 5129 tantum
1003 5073 1231 5146 iubente
1280 5077 1476 5148 expelli
1528 5079 1826 5145 passiones.
1859 5098 1878 5131 ι
1936 5078 2118 5150 Neque

535 5165 675 5221 enim
705 5173 961 5238 tanquam
1011 5167 1105 5227 Dei
1142 5167 1358 5236 Filium,
1405 5177 1460 5223 et
1488 5177 1613 5231 ante
1652 5184 1868 5224 omnem
1911 5179 2123 5225 creatu-

546 5413 562 5422 α
610 5360 636 5393 ι
676 5349 773 5406 llic
801 5352 960 5407 etiam
992 5354 1142 5410 locus
1172 5355 1308 5409 inter
1340 5365 1534 5413 cetera
1583 5353 1856 5410 Theodori
1895 5353 2124 5408 reiectus

537 5432 620 5476 est
651 5423 703 5474 in
734 5424 924 5494 synodi
957 5441 984 5476 v
1010 5426 1220 5482 actione
1248 5428 1299 5491 4,
1333 5441 1480 5482 num.
1513 5426 1696 5491 τηεεά
1725 5428 1825 5477 alia
1853 5433 1938 5479 e-t
1961 5427 2125 5478 inter-

541 5495 790 5560 pretatio,
818 5495 954 5551 sicut
985 5507 1039 5552 et
1078 5497 1130 5552 in
1173 5497 1346 5568 Vigitii
1375 5498 1701 5564 Constituto,
1745 5511 1866 5566 cap.
1914 5496 2003 5561 55,
2041 5496 2123 5549 his

614 5687 628 5717 ⁸
670 5681 803 5739 Cod.
836 5681 1052 5740 Veron.
1084 5696 1172 5750 per
1195 5679 1553 5750 ignorantiam.

611 5759 629 5787 ’
661 5756 804 5809 Idem
827 5751 975 5823 cod.,
1010 5751 1165 5823 [acilii
1190 5767 1512 5823 cognoscere.

658 5827 800 5883 Idem
831 5822 977 5888 cod.,
1010 5819 1334 5890 Mauhmiim,
1367 5821 1572 5878 scilicet
1596 5835 1714 5889 cnp.
1745 5832 1836 5873 vm
1859 5825 1910 5874 ct
1931 5832 2007 5872 is.

612 5898 632 5927 ⁸
654 5897 798 5958 Idem
823 5893 970 5963 cod.,
998 5906 1152 5950 cum.

2231 4713 2412 4781 itaque
2442 4712 2645 4782 pariter
2674 4726 2794 4765 eum
2829 4711 2910 4765 his
2939 4712 3117 4766 verbis
3142 4713 3302 4768 linem
3325 4707 3614 4768 sementim,
3643 4707 3688 4754 et
3710 4696 3771 4748 ἱιι·

2229 4805 2412 4860 venies
2442 4804 2810 4872 Theodorum,
2842 4806 2928 4875 qui
2963 4803 3259 4870 Christum,
3298 4821 3404 4858 non
3438 4809 3670 4869 tanquam
3699 4790 3774 4844 '10-.

2230 4898 2426 4952 minem
2449 4912 2542 4966 per
2573 4897 2822 4956 virtutem
2853 4899 3104 4967 adeptum
3137 4913 3168 4951 a
3199 4898 3308 4953 Deo
3350 4896 3613 4966 majorem,
3643 4892 3770 4954 qua!“

2229 4997 2311 5043 est
2345 4989 2600 5056 hominis,
2635 4998 2975 5059 potestatem,
3007 4988 3100 5046 sed
3129 5006 3313 5044 verum
3349 4989 3438 5050 Dei
3468 4984 3642 5040 Filium
3677 4983 3770 5026 cre-

2228 5077 2387 5144 didit,
2444 5088 2501 5132 et
2546 5089 2670 5134 ante
2708 5093 2920 5141 otnnem
2972 5088 3274 5135 creaturam
3327 5078 3701 5134 subsistentem,
3729 5067 3771 5111 Ci

2237 5169 2477 5225 omnium
2504 5187 2620 5241 quae
2651 5180 2775 5226 sunt
2819 5173 3084 5241 opitiecm.
3118 5172 3248 5226 Nam
3280 5168 3541 5252 quomodo
3565 5161 3766 5217 diceret:

2232 5352 2414 5407 verbis
2445 5370 2458 5408 :
2492 5353 2602 5408 Nec
2632 5354 2765 5408 enim
2795 5361 3038 5423 tanquam
3085 5352 3223 5407 Filio
3255 5353 3363 5419 Dei,
3393 5361 3435 5423 et
3464 5355 3577 5403 ante
3606 5338 3766 5423 tiniva-

2229 5439 2340 5476 sam
2369 5435 2650 5478 creaturam
2689 5413 2950 5489 cxistenti,
2985 5431 3029 5475 et
3070 5427 3288 5478 creatori
3318 5413 3485 5479 eorum
3524 5430 3633 5489 qua!
3652 5413 3766 5466 3m”!

2229 5497 2438 5550 accessit
2467 5497 2717 5560 tertiario.

2309 5676 2329 5706 ⁸
2351 5675 2489 5729 idem
2517 5675 2660 5738 cod.,
2693 5687 2924 5744 utraque.

2307 5747 2328 5778 ⁸
2350 5746 2492 5800 ldetn
2524 5745 2666 5812 cod.,
2699 5756 2924 5799 nontam
2951 5747 3276 5801 centurionis.

2304 5819 2322 5849 ⁷
2347 5818 2403 5874 lu
2433 5817 2621 5873 eodem
2654 5816 2796 5882 cod.,
2830 5816 2981 5872 deest
3011 5818 3068 5872 τὸ
3099 5822 3279 5887 inagis.
