  <div class='ocr_page' id='page_1' title='image "/cluster/home/n/w/nwhite01/storage/ocr_20150623/67/hvd.32044015547185/304.png"; bbox 0 0 4070 6352; ppageno 0'>
   <div class='ocr_carea' id='block_1_1' title="bbox 288 328 385 387">
    <p class='ocr_par' dir='ltr' id='par_1_1' title="bbox 288 328 385 387">
     <span class='ocr_line' id='line_1_1' title="bbox 288 328 385 387; baseline -0.052 -1"><span class='ocrx_word' id='word_1_1' title='bbox 288 328 385 387; x_wconf 61' lang='lat'><strong>537</strong></span> 
     </span>
    </p>
   </div>
   <div class='ocr_carea' id='block_1_2' title="bbox 1171 304 2675 369">
    <p class='ocr_par' dir='ltr' id='par_1_2' title="bbox 1171 304 2675 369">
     <span class='ocr_line' id='line_1_2' title="bbox 1171 304 2675 369; baseline -0.007 0"><span class='ocrx_word' id='word_1_2' title='bbox 1171 314 1305 369; x_wconf 73' lang='lat' dir='ltr'><strong>Plit)</strong></span> <span class='ocrx_word' id='word_1_3' title='bbox 1348 310 1775 368; x_wconf 68' lang='lat' dir='ltr'><strong>DEFENSiONE</strong></span> <span class='ocrx_word' id='word_1_4' title='bbox 1808 309 1901 362; x_wconf 67' lang='lat' dir='ltr'><strong>Tit</strong></span> <span class='ocrx_word' id='word_1_5' title='bbox 1930 308 2019 363; x_wconf 70' lang='lat' dir='ltr'><strong>li.“</strong></span> <span class='ocrx_word' id='word_1_6' title='bbox 2062 307 2375 363; x_wconf 66' lang='lat' dir='ltr'><strong>CAPITCL.</strong></span> <span class='ocrx_word' id='word_1_7' title='bbox 2422 304 2548 363; x_wconf 82' lang='lat' dir='ltr'><strong>LIB.</strong></span> <span class='ocrx_word' id='word_1_8' title='bbox 2594 305 2675 362; x_wconf 84' lang='lat' dir='ltr'><strong>lli.</strong></span> 
     </span>
    </p>
   </div>
   <div class='ocr_carea' id='block_1_3' title="bbox 3465 306 3572 365">
    <p class='ocr_par' dir='ltr' id='par_1_3' title="bbox 3465 306 3572 365">
     <span class='ocr_line' id='line_1_3' title="bbox 3465 306 3572 365; baseline -0.019 0"><span class='ocrx_word' id='word_1_9' title='bbox 3465 306 3572 365; x_wconf 73' lang='lat'><strong>$98</strong></span> 
     </span>
    </p>
   </div>
   <div class='ocr_carea' id='block_1_4' title="bbox 290 402 3615 505">
    <p class='ocr_par' dir='ltr' id='par_1_4' title="bbox 290 402 3615 505">
     <span class='ocr_line' id='line_1_4' title="bbox 290 402 3615 505; baseline -0.003 -12"><span class='ocrx_word' id='word_1_10' title='bbox 290 443 398 499; x_wconf 70' lang='lat' dir='ltr'><strong>Nec</strong></span> <span class='ocrx_word' id='word_1_11' title='bbox 425 433 807 505; x_wconf 63' lang='lat' dir='ltr'><strong>discipularum</strong></span> <span class='ocrx_word' id='word_1_12' title='bbox 858 437 971 482; x_wconf 84' lang='lat' dir='ltr'><strong>erat</strong></span> <span class='ocrx_word' id='word_1_13' title='bbox 1000 434 1129 481; x_wconf 84' lang='lat' dir='ltr'><strong>tunc</strong></span> <span class='ocrx_word' id='word_1_14' title='bbox 1170 427 1310 479; x_wconf 86' lang='lat' dir='ltr'><strong>scire</strong></span> <span class='ocrx_word' id='word_1_15' title='bbox 1341 434 1462 478; x_wconf 86' lang='lat' dir='ltr'><strong>ante</strong></span> <span class='ocrx_word' id='word_1_16' title='bbox 1491 439 1730 486; x_wconf 81' lang='lat' dir='ltr'><strong>crucem,</strong></span> <span class='ocrx_word' id='word_1_17' title='bbox 1782 420 1880 473; x_wconf 55' lang='lat' dir='ltr'><strong>nisi</strong></span> <span class='ocrx_word' id='word_1_18' title='bbox 1915 424 1958 478; x_wconf 81' lang='grc' dir='ltr'><strong>Δ</strong></span> <span class='ocrx_word' id='word_1_19' title='bbox 1990 424 2271 492; x_wconf 84' lang='lat' dir='ltr'><strong>epistolam</strong></span> <span class='ocrx_word' id='word_1_20' title='bbox 2296 425 2616 479; x_wconf 71' lang='lat' dir='ltr'><strong>venerabilis</strong></span> <span class='ocrx_word' id='word_1_21' title='bbox 2645 424 2765 489; x_wconf 67' lang='lat' dir='ltr'><strong>line,</strong></span> <span class='ocrx_word' id='word_1_22' title='bbox 2794 440 2948 494; x_wconf 83' lang='lat' dir='ltr'><strong>quam</strong></span> <span class='ocrx_word' id='word_1_23' title='bbox 2970 402 3205 497; x_wconf 73' lang='lat' dir='ltr'><strong>synodus</strong></span> <span class='ocrx_word' id='word_1_24' title='bbox 3231 430 3567 500; x_wconf 76' lang='lat' dir='ltr'><strong>approbavit,</strong></span> <span class='ocrx_word' id='word_1_25' title='bbox 3608 418 3615 425; x_wconf 64' lang='grc'><strong>’</strong></span> 
     </span>
    </p>
   </div>
   <div class='ocr_carea' id='block_1_5' title="bbox 291 516 1873 597">
    <p class='ocr_par' dir='ltr' id='par_1_5' title="bbox 291 516 1873 597">
     <span class='ocr_line' id='line_1_5' title="bbox 291 516 1873 597; baseline -0.015 -11"><span class='ocrx_word' id='word_1_26' title='bbox 291 532 407 586; x_wconf 64' lang='grc' dir='ltr'><strong>ιη’(ι</strong></span> <span class='ocrx_word' id='word_1_27' title='bbox 450 529 564 597; x_wconf 85' lang='lat' dir='ltr'><strong>ipsc</strong></span> <span class='ocrx_word' id='word_1_28' title='bbox 603 525 784 588; x_wconf 86' lang='lat' dir='ltr'><strong>sciret,</strong></span> <span class='ocrx_word' id='word_1_29' title='bbox 831 532 885 574; x_wconf 89' lang='lat' dir='ltr'><strong>et</strong></span> <span class='ocrx_word' id='word_1_30' title='bbox 923 516 1216 587; x_wconf 66' lang='lat' dir='ltr'><strong>discipulos</strong></span> <span class='ocrx_word' id='word_1_31' title='bbox 1244 532 1453 584; x_wconf 88' lang='lat' dir='ltr'><strong>quoque</strong></span> <span class='ocrx_word' id='word_1_32' title='bbox 1496 524 1616 584; x_wconf 87' lang='lat' dir='ltr'><strong>post</strong></span> <span class='ocrx_word' id='word_1_33' title='bbox 1659 525 1873 568; x_wconf 88' lang='lat' dir='ltr'><strong>crucem</strong></span> 
     </span>
    </p>
   </div>
   <div class='ocr_carea' id='block_1_6' title="bbox 293 603 1881 684">
    <p class='ocr_par' dir='ltr' id='par_1_6' title="bbox 293 603 1881 684">
     <span class='ocr_line' id='line_1_6' title="bbox 293 603 1881 684; baseline -0.014 -6"><span class='ocrx_word' id='word_1_34' title='bbox 293 622 540 678; x_wconf 79' lang='lat' dir='ltr'><strong>crederet</strong></span> <span class='ocrx_word' id='word_1_35' title='bbox 567 610 921 684; x_wconf 78' lang='lat' dir='ltr'><strong>cognovisse?</strong></span> <span class='ocrx_word' id='word_1_36' title='bbox 948 608 1076 675; x_wconf 67' lang='lat' dir='ltr'><strong>Quis</strong></span> <span class='ocrx_word' id='word_1_37' title='bbox 1103 622 1260 677; x_wconf 89' lang='lat' dir='ltr'><strong>porro</strong></span> <span class='ocrx_word' id='word_1_38' title='bbox 1293 606 1515 660; x_wconf 86' lang='lat' dir='ltr'><strong>istorum</strong></span> <span class='ocrx_word' id='word_1_39' title='bbox 1543 612 1713 658; x_wconf 82' lang='lat' dir='ltr'><strong>tantas</strong></span> <span class='ocrx_word' id='word_1_40' title='bbox 1738 603 1881 656; x_wconf 87' lang='lat' dir='ltr'><strong>frau-</strong></span> 
     </span>
    </p>
   </div>
   <div class='ocr_carea' id='block_1_7' title="bbox 295 695 1883 775">
    <p class='ocr_par' dir='ltr' id='par_1_7' title="bbox 295 695 1883 775">
     <span class='ocr_line' id='line_1_7' title="bbox 295 695 1883 775; baseline -0.014 -4"><span class='ocrx_word' id='word_1_41' title='bbox 295 716 392 771; x_wconf 73' lang='lat' dir='ltr'><strong>des</strong></span> <span class='ocrx_word' id='word_1_42' title='bbox 422 706 801 775; x_wconf 81' lang='lat' dir='ltr'><strong>mendaciaque</strong></span> <span class='ocrx_word' id='word_1_43' title='bbox 842 719 945 756; x_wconf 83' lang='lat' dir='ltr'><strong>tton</strong></span> <span class='ocrx_word' id='word_1_44' title='bbox 978 699 1227 755; x_wconf 41' lang='lat' dir='ltr'><strong>horreat&quot;</strong></span> <span class='ocrx_word' id='word_1_45' title='bbox 1257 698 1311 753; x_wconf 88' lang='lat' dir='ltr'><strong>Si</strong></span> <span class='ocrx_word' id='word_1_46' title='bbox 1361 712 1467 751; x_wconf 91' lang='lat' dir='ltr'><strong>non</strong></span> <span class='ocrx_word' id='word_1_47' title='bbox 1509 695 1883 750; x_wconf 78' lang='lat' dir='ltr'><strong>consideratur</strong></span> 
     </span>
    </p>
   </div>
   <div class='ocr_carea' id='block_1_8' title="bbox 297 790 1884 878">
    <p class='ocr_par' dir='ltr' id='par_1_8' title="bbox 297 790 1884 878">
     <span class='ocr_line' id='line_1_8' title="bbox 297 790 1884 878; baseline -0.016 -16"><span class='ocrx_word' id='word_1_48' title='bbox 297 804 440 878; x_wconf 68' lang='lat' dir='ltr'><strong>quod</strong></span> <span class='ocrx_word' id='word_1_49' title='bbox 472 801 731 869; x_wconf 86' lang='lat' dir='ltr'><strong>sciptum</strong></span> <span class='ocrx_word' id='word_1_50' title='bbox 761 805 860 859; x_wconf 88' lang='lat' dir='ltr'><strong>est,</strong></span> <span class='ocrx_word' id='word_1_51' title='bbox 899 793 1087 846; x_wconf 66' lang='lat' dir='ltr'><strong>Pet-des</strong></span> <span class='ocrx_word' id='word_1_52' title='bbox 1118 799 1291 844; x_wconf 66' lang='lat' dir='ltr'><strong>anne:</strong></span> <span class='ocrx_word' id='word_1_53' title='bbox 1320 790 1408 861; x_wconf 84' lang='lat' dir='ltr'><strong>qui</strong></span> <span class='ocrx_word' id='word_1_54' title='bbox 1439 790 1717 853; x_wconf 84' lang='lat' dir='ltr'><strong>loquuntur</strong></span> <span class='ocrx_word' id='word_1_55' title='bbox 1744 802 1884 839; x_wconf 85' lang='lat' dir='ltr'><strong>meu-</strong></span> 
     </span>
    </p>
   </div>
   <div class='ocr_carea' id='block_1_9' title="bbox 300 879 1886 964">
    <p class='ocr_par' dir='ltr' id='par_1_9' title="bbox 300 879 1886 964">
     <span class='ocr_line' id='line_1_9' title="bbox 300 879 1886 964; baseline -0.012 -12"><span class='ocrx_word' id='word_1_56' title='bbox 300 898 506 952; x_wconf 85' lang='lat' dir='ltr'><strong>dacium</strong></span> <span class='ocrx_word' id='word_1_57' title='bbox 552 892 723 964; x_wconf 74' lang='lat' dir='ltr'><strong>(Prol.</strong></span> <span class='ocrx_word' id='word_1_58' title='bbox 757 904 811 954; x_wconf 68' lang='grc' dir='ltr'><strong>τ,</strong></span> <span class='ocrx_word' id='word_1_59' title='bbox 837 886 919 956; x_wconf 82' lang='grc'><strong>7),</strong></span> <span class='ocrx_word' id='word_1_60' title='bbox 971 898 1023 938; x_wconf 87' lang='lat' dir='ltr'><strong>et</strong></span> <span class='ocrx_word' id='word_1_61' title='bbox 1053 885 1210 937; x_wconf 93' lang='lat' dir='ltr'><strong>timor</strong></span> <span class='ocrx_word' id='word_1_62' title='bbox 1238 883 1333 937; x_wconf 96' lang='lat' dir='ltr'><strong>Dei</strong></span> <span class='ocrx_word' id='word_1_63' title='bbox 1373 879 1756 943; x_wconf 75' lang='lat' dir='ltr'><strong>contemnitur,</strong></span> <span class='ocrx_word' id='word_1_64' title='bbox 1789 892 1886 946; x_wconf 87' lang='lat' dir='ltr'><strong>pro</strong></span> 
     </span>
    </p>
   </div>
   <div class='ocr_carea' id='block_1_10' title="bbox 300 970 1887 1050">
    <p class='ocr_par' dir='ltr' id='par_1_10' title="bbox 300 970 1887 1050">
     <span class='ocr_line' id='line_1_10' title="bbox 300 970 1887 1050; baseline -0.014 -5"><span class='ocrx_word' id='word_1_65' title='bbox 300 989 537 1045; x_wconf 79' lang='lat' dir='ltr'><strong>humano</strong></span> <span class='ocrx_word' id='word_1_66' title='bbox 573 985 760 1038; x_wconf 88' lang='lat' dir='ltr'><strong>saltem</strong></span> <span class='ocrx_word' id='word_1_67' title='bbox 791 980 1016 1050; x_wconf 88' lang='lat' dir='ltr'><strong>pudore,</strong></span> <span class='ocrx_word' id='word_1_68' title='bbox 1061 975 1151 1046; x_wconf 85' lang='lat' dir='ltr'><strong>qui</strong></span> <span class='ocrx_word' id='word_1_69' title='bbox 1188 974 1348 1029; x_wconf 73' lang='lat' dir='ltr'><strong>facile</strong></span> <span class='ocrx_word' id='word_1_70' title='bbox 1379 970 1707 1042; x_wconf 82' lang='lat' dir='ltr'><strong>deprehendi</strong></span> <span class='ocrx_word' id='word_1_71' title='bbox 1738 979 1887 1040; x_wconf 88' lang='lat' dir='ltr'><strong>pote-</strong></span> 
     </span>
    </p>
   </div>
   <div class='ocr_carea' id='block_1_11' title="bbox 302 1064 1889 1145">
    <p class='ocr_par' dir='ltr' id='par_1_11' title="bbox 302 1064 1889 1145">
     <span class='ocr_line' id='line_1_11' title="bbox 302 1064 1889 1145; baseline -0.013 -8"><span class='ocrx_word' id='word_1_72' title='bbox 302 1089 447 1145; x_wconf 83' lang='lat' dir='ltr'><strong>rant,</strong></span> <span class='ocrx_word' id='word_1_73' title='bbox 480 1076 764 1132; x_wconf 83' lang='lat' dir='ltr'><strong>manifesto</strong></span> <span class='ocrx_word' id='word_1_74' title='bbox 816 1068 1093 1125; x_wconf 84' lang='lat' dir='ltr'><strong>mendacio</strong></span> <span class='ocrx_word' id='word_1_75' title='bbox 1133 1067 1432 1123; x_wconf 81' lang='lat' dir='ltr'><strong>debuerant</strong></span> <span class='ocrx_word' id='word_1_76' title='bbox 1482 1064 1792 1127; x_wconf 86' lang='lat' dir='ltr'><strong>abstinere;</strong></span> <span class='ocrx_word' id='word_1_77' title='bbox 1836 1070 1889 1116; x_wconf 91' lang='lat' dir='ltr'><strong>ct</strong></span> 
     </span>
    </p>
   </div>
   <div class='ocr_carea' id='block_1_12' title="bbox 303 1155 1889 1239">
    <p class='ocr_par' dir='ltr' id='par_1_12' title="bbox 303 1155 1889 1239">
     <span class='ocr_line' id='line_1_12' title="bbox 303 1155 1889 1239; baseline -0.012 -12"><span class='ocrx_word' id='word_1_78' title='bbox 303 1182 485 1228; x_wconf 83' lang='lat' dir='ltr'><strong>tamen</strong></span> <span class='ocrx_word' id='word_1_79' title='bbox 513 1170 579 1226; x_wconf 89' lang='lat' dir='ltr'><strong>de</strong></span> <span class='ocrx_word' id='word_1_80' title='bbox 611 1171 725 1239; x_wconf 85' lang='lat' dir='ltr'><strong>ipso</strong></span> <span class='ocrx_word' id='word_1_81' title='bbox 755 1162 1041 1221; x_wconf 85' lang='lat' dir='ltr'><strong>Theodoro</strong></span> <span class='ocrx_word' id='word_1_82' title='bbox 1082 1161 1364 1231; x_wconf 82' lang='lat' dir='ltr'><strong>loquentes</strong></span> <span class='ocrx_word' id='word_1_83' title='bbox 1391 1158 1608 1213; x_wconf 89' lang='lat' dir='ltr'><strong>dicunt:</strong></span> <span class='ocrx_word' id='word_1_84' title='bbox 1642 1176 1658 1208; x_wconf 73' lang='grc' dir='ltr'><strong><em>ι</em></strong></span> <span class='ocrx_word' id='word_1_85' title='bbox 1690 1155 1889 1211; x_wconf 87' lang='lat' dir='ltr'><strong>llorre-</strong></span> 
     </span>
    </p>
   </div>
   <div class='ocr_carea' id='block_1_13' title="bbox 305 1248 1893 1321">
    <p class='ocr_par' dir='ltr' id='par_1_13' title="bbox 305 1248 1893 1321">
     <span class='ocr_line' id='line_1_13' title="bbox 305 1248 1893 1321; baseline -0.011 -3"><span class='ocrx_word' id='word_1_86' title='bbox 305 1278 427 1319; x_wconf 88' lang='lat' dir='ltr'><strong>mus</strong></span> <span class='ocrx_word' id='word_1_87' title='bbox 453 1263 613 1316; x_wconf 85' lang='lat' dir='ltr'><strong>etiam</strong></span> <span class='ocrx_word' id='word_1_88' title='bbox 647 1260 822 1314; x_wconf 78' lang='lat' dir='ltr'><strong>solam</strong></span> <span class='ocrx_word' id='word_1_89' title='bbox 856 1254 1168 1310; x_wconf 73' lang='lat' dir='ltr'><strong>memoriam</strong></span> <span class='ocrx_word' id='word_1_90' title='bbox 1200 1250 1652 1321; x_wconf 78' lang='lat' dir='ltr'><strong>blasphemiarum</strong></span> <span class='ocrx_word' id='word_1_91' title='bbox 1674 1248 1817 1318; x_wconf 82' lang='lat' dir='ltr'><strong>ejus,</strong></span> <span class='ocrx_word' id='word_1_92' title='bbox 1840 1255 1893 1302; x_wconf 90' lang='lat' dir='ltr'><strong>et</strong></span> 
     </span>
    </p>
   </div>
   <div class='ocr_carea' id='block_1_14' title="bbox 306 1342 1895 1423">
    <p class='ocr_par' dir='ltr' id='par_1_14' title="bbox 306 1342 1895 1423">
     <span class='ocr_line' id='line_1_14' title="bbox 306 1342 1895 1423; baseline -0.01 -14"><span class='ocrx_word' id='word_1_93' title='bbox 306 1355 419 1409; x_wconf 86' lang='lat' dir='ltr'><strong>Deo</strong></span> <span class='ocrx_word' id='word_1_94' title='bbox 452 1353 837 1423; x_wconf 69' lang='lat' dir='ltr'><strong>supplicamus,</strong></span> <span class='ocrx_word' id='word_1_95' title='bbox 878 1356 935 1403; x_wconf 88' lang='lat' dir='ltr'><strong>ut</strong></span> <span class='ocrx_word' id='word_1_96' title='bbox 974 1346 1129 1401; x_wconf 90' lang='lat' dir='ltr'><strong>nobis</strong></span> <span class='ocrx_word' id='word_1_97' title='bbox 1181 1347 1266 1398; x_wconf 80' lang='lat' dir='ltr'><strong>flat</strong></span> <span class='ocrx_word' id='word_1_98' title='bbox 1303 1343 1561 1414; x_wconf 85' lang='lat' dir='ltr'><strong>prepitius</strong></span> <span class='ocrx_word' id='word_1_99' title='bbox 1589 1342 1730 1412; x_wconf 89' lang='lat' dir='ltr'><strong>quod</strong></span> <span class='ocrx_word' id='word_1_100' title='bbox 1778 1356 1895 1395; x_wconf 90' lang='lat' dir='ltr'><strong>om-</strong></span> 
     </span>
    </p>
   </div>
   <div class='ocr_carea' id='block_1_15' title="bbox 311 1436 1897 1514">
    <p class='ocr_par' dir='ltr' id='par_1_15' title="bbox 311 1436 1897 1514">
     <span class='ocr_line' id='line_1_15' title="bbox 311 1436 1897 1514; baseline -0.009 -12"><span class='ocrx_word' id='word_1_101' title='bbox 311 1447 439 1502; x_wconf 91' lang='lat' dir='ltr'><strong>nino</strong></span> <span class='ocrx_word' id='word_1_102' title='bbox 471 1447 521 1499; x_wconf 91' lang='lat' dir='ltr'><strong>in</strong></span> <span class='ocrx_word' id='word_1_103' title='bbox 562 1445 737 1514; x_wconf 79' lang='lat' dir='ltr'><strong>lingua</strong></span> <span class='ocrx_word' id='word_1_104' title='bbox 787 1441 907 1497; x_wconf 87' lang='lat' dir='ltr'><strong>talia</strong></span> <span class='ocrx_word' id='word_1_105' title='bbox 953 1440 1299 1494; x_wconf 87' lang='lat' dir='ltr'><strong>sustinemus.</strong></span> <span class='ocrx_word' id='word_1_106' title='bbox 1338 1456 1356 1489; x_wconf 76' lang='grc' dir='ltr'>ι</span> <span class='ocrx_word' id='word_1_107' title='bbox 1388 1436 1599 1503; x_wconf 86' lang='lat' dir='ltr'><strong>Quanta</strong></span> <span class='ocrx_word' id='word_1_108' title='bbox 1618 1436 1897 1489; x_wconf 85' lang='lat' dir='ltr'><strong>conscien-</strong></span> 
     </span>
    </p>
   </div>
   <div class='ocr_carea' id='block_1_16' title="bbox 315 1529 1898 1606">
    <p class='ocr_par' dir='ltr' id='par_1_16' title="bbox 315 1529 1898 1606">
     <span class='ocr_line' id='line_1_16' title="bbox 315 1529 1898 1606; baseline -0.009 -10"><span class='ocrx_word' id='word_1_109' title='bbox 315 1543 405 1596; x_wconf 67' lang='lat' dir='ltr'><strong>tire</strong></span> <span class='ocrx_word' id='word_1_110' title='bbox 430 1541 711 1603; x_wconf 69' lang='lat' dir='ltr'><strong>sant-titus,</strong></span> <span class='ocrx_word' id='word_1_111' title='bbox 739 1548 790 1592; x_wconf 92' lang='lat' dir='ltr'><strong>et</strong></span> <span class='ocrx_word' id='word_1_112' title='bbox 819 1543 1018 1606; x_wconf 86' lang='lat' dir='ltr'><strong>quanta</strong></span> <span class='ocrx_word' id='word_1_113' title='bbox 1045 1532 1357 1589; x_wconf 81' lang='lat' dir='ltr'><strong>sinceritas!</strong></span> <span class='ocrx_word' id='word_1_114' title='bbox 1384 1529 1662 1598; x_wconf 87' lang='lat' dir='ltr'><strong>Quomodo</strong></span> <span class='ocrx_word' id='word_1_115' title='bbox 1689 1544 1747 1583; x_wconf 87' lang='lat' dir='ltr'><strong>se</strong></span> <span class='ocrx_word' id='word_1_116' title='bbox 1777 1543 1898 1597; x_wconf 86' lang='lat' dir='ltr'><strong>pro-</strong></span> 
     </span>
    </p>
   </div>
   <div class='ocr_carea' id='block_1_17' title="bbox 312 1621 1899 1700">
    <p class='ocr_par' dir='ltr' id='par_1_17' title="bbox 312 1621 1899 1700">
     <span class='ocr_line' id='line_1_17' title="bbox 312 1621 1899 1700; baseline -0.009 -11"><span class='ocrx_word' id='word_1_117' title='bbox 312 1635 441 1689; x_wconf 85' lang='lat' dir='ltr'><strong>bant</strong></span> <span class='ocrx_word' id='word_1_118' title='bbox 467 1628 920 1700; x_wconf 65' lang='lat' dir='ltr'><strong>hlasrltetniarum</strong></span> <span class='ocrx_word' id='word_1_119' title='bbox 953 1643 1070 1697; x_wconf 76' lang='lat' dir='ltr'><strong>qua:</strong></span> <span class='ocrx_word' id='word_1_120' title='bbox 1099 1625 1171 1679; x_wconf 84' lang='lat' dir='ltr'><strong>ab</strong></span> <span class='ocrx_word' id='word_1_121' title='bbox 1207 1625 1309 1679; x_wconf 84' lang='lat' dir='ltr'><strong>alio</strong></span> <span class='ocrx_word' id='word_1_122' title='bbox 1339 1623 1495 1679; x_wconf 69' lang='lat' dir='ltr'><strong>dictas</strong></span> <span class='ocrx_word' id='word_1_123' title='bbox 1524 1632 1652 1677; x_wconf 85' lang='lat' dir='ltr'><strong>sunt</strong></span> <span class='ocrx_word' id='word_1_124' title='bbox 1678 1621 1899 1675; x_wconf 81' lang='lat' dir='ltr'><strong>horrere</strong></span> 
     </span>
    </p>
   </div>
   <div class='ocr_carea' id='block_1_18' title="bbox 314 1712 1899 1793">
    <p class='ocr_par' dir='ltr' id='par_1_18' title="bbox 314 1712 1899 1793">
     <span class='ocr_line' id='line_1_18' title="bbox 314 1712 1899 1793; baseline -0.01 -10"><span class='ocrx_word' id='word_1_125' title='bbox 314 1726 653 1789; x_wconf 56' lang='lat' dir='ltr'><strong>memoriam,</strong></span> <span class='ocrx_word' id='word_1_126' title='bbox 699 1722 790 1793; x_wconf 88' lang='lat' dir='ltr'><strong>qui</strong></span> <span class='ocrx_word' id='word_1_127' title='bbox 832 1731 975 1775; x_wconf 85' lang='lat' dir='ltr'><strong>tanta</strong></span> <span class='ocrx_word' id='word_1_128' title='bbox 1024 1734 1141 1787; x_wconf 66' lang='lat' dir='ltr'><strong>qua:</strong></span> <span class='ocrx_word' id='word_1_129' title='bbox 1185 1734 1290 1771; x_wconf 92' lang='lat' dir='ltr'><strong>non</strong></span> <span class='ocrx_word' id='word_1_130' title='bbox 1339 1725 1464 1770; x_wconf 86' lang='lat' dir='ltr'><strong>sunt</strong></span> <span class='ocrx_word' id='word_1_131' title='bbox 1516 1716 1657 1769; x_wconf 81' lang='lat' dir='ltr'><strong>dicta</strong></span> <span class='ocrx_word' id='word_1_132' title='bbox 1703 1712 1899 1770; x_wconf 77' lang='lat' dir='ltr'><strong>euntiu-</strong></span> 
     </span>
    </p>
   </div>
   <div class='ocr_carea' id='block_1_19' title="bbox 1996 513 3386 585">
    <p class='ocr_par' dir='ltr' id='par_1_19' title="bbox 1996 513 3386 585">
     <span class='ocr_line' id='line_1_19' title="bbox 1996 513 3386 585; baseline 0.001 -14"><span class='ocrx_word' id='word_1_133' title='bbox 1996 516 2217 585; x_wconf 83' lang='lat' dir='ltr'><strong>indigne</strong></span> <span class='ocrx_word' id='word_1_134' title='bbox 2246 529 2341 585; x_wconf 85' lang='lat' dir='ltr'><strong>pro</strong></span> <span class='ocrx_word' id='word_1_135' title='bbox 2370 514 2523 569; x_wconf 87' lang='lat' dir='ltr'><strong>laude</strong></span> <span class='ocrx_word' id='word_1_136' title='bbox 2554 513 2824 570; x_wconf 81' lang='lat' dir='ltr'><strong>Theodori</strong></span> <span class='ocrx_word' id='word_1_137' title='bbox 2859 516 3020 571; x_wconf 77' lang='lat' dir='ltr'><strong>fuisse</strong></span> <span class='ocrx_word' id='word_1_138' title='bbox 3053 517 3386 573; x_wconf 82' lang='lat' dir='ltr'><strong>damnatam.</strong></span> 
     </span>
    </p>
   </div>
   <div class='ocr_carea' id='block_1_20' title="bbox 2617 740 2946 797">
    <p class='ocr_par' dir='ltr' id='par_1_20' title="bbox 2617 740 2946 797">
     <span class='ocr_line' id='line_1_20' title="bbox 2617 740 2946 797; baseline 0.009 -5"><span class='ocrx_word' id='word_1_139' title='bbox 2617 740 2841 797; x_wconf 69' lang='lat' dir='ltr'><strong>CAPUT</strong></span> <span class='ocrx_word' id='word_1_140' title='bbox 2886 741 2946 795; x_wconf 74' lang='grc' dir='ltr'><strong>γ.</strong></span> 
     </span>
    </p>
   </div>
   <div class='ocr_carea' id='block_1_21' title="bbox 1997 873 3579 948">
    <p class='ocr_par' dir='ltr' id='par_1_21' title="bbox 1997 873 3579 948">
     <span class='ocr_line' id='line_1_21' title="bbox 1997 873 3579 948; baseline 0.005 -25"><span class='ocrx_word' id='word_1_141' title='bbox 1997 873 2150 948; x_wconf 54' lang='grc' dir='ltr'><strong>(ξηρά</strong></span> <span class='ocrx_word' id='word_1_142' title='bbox 2208 876 2341 945; x_wconf 79' lang='lat' dir='ltr'><strong>falso</strong></span> <span class='ocrx_word' id='word_1_143' title='bbox 2389 874 2716 948; x_wconf 66' lang='lat' dir='ltr'><strong>Theodorum</strong></span> <span class='ocrx_word' id='word_1_144' title='bbox 2759 886 3021 938; x_wconf 81' lang='lat' dir='ltr'><strong>accusent,</strong></span> <span class='ocrx_word' id='word_1_145' title='bbox 3067 879 3213 946; x_wconf 82' lang='lat' dir='ltr'><strong>quasi</strong></span> <span class='ocrx_word' id='word_1_146' title='bbox 3244 894 3579 948; x_wconf 62' lang='lat' dir='ltr'><strong>perseuerant</strong></span> 
     </span>
    </p>
   </div>
   <div class='ocr_carea' id='block_1_22' title="bbox 2068 945 3581 1017">
    <p class='ocr_par' dir='ltr' id='par_1_22' title="bbox 2068 945 3581 1017">
     <span class='ocr_line' id='line_1_22' title="bbox 2068 945 3581 1017; baseline 0.005 -20"><span class='ocrx_word' id='word_1_147' title='bbox 2068 945 2370 1017; x_wconf 66' lang='lat' dir='ltr'><strong>Trinitatem</strong></span> <span class='ocrx_word' id='word_1_148' title='bbox 2416 965 2527 999; x_wconf 85' lang='lat' dir='ltr'><strong>cum</strong></span> <span class='ocrx_word' id='word_1_149' title='bbox 2570 947 2799 1003; x_wconf 83' lang='lat' dir='ltr'><strong>Sabeltio</strong></span> <span class='ocrx_word' id='word_1_150' title='bbox 2843 945 3357 1017; x_wconf 9' lang='lat' dir='ltr'><strong>negorit,runamquc</strong></span> <span class='ocrx_word' id='word_1_151' title='bbox 3403 949 3581 1004; x_wconf 77' lang='lat' dir='ltr'><strong>Patris</strong></span> 
     </span>
    </p>
   </div>
   <div class='ocr_carea' id='block_1_23' title="bbox 2066 1015 3509 1087">
    <p class='ocr_par' dir='ltr' id='par_1_23' title="bbox 2066 1015 3509 1087">
     <span class='ocr_line' id='line_1_23' title="bbox 2066 1015 3509 1087; baseline 0.001 -15"><span class='ocrx_word' id='word_1_152' title='bbox 2066 1027 2112 1072; x_wconf 81' lang='lat' dir='ltr'><strong>et</strong></span> <span class='ocrx_word' id='word_1_153' title='bbox 2147 1015 2274 1072; x_wconf 75' lang='lat' dir='ltr'><strong>Filii</strong></span> <span class='ocrx_word' id='word_1_154' title='bbox 2302 1030 2346 1072; x_wconf 86' lang='lat' dir='ltr'><strong>et</strong></span> <span class='ocrx_word' id='word_1_155' title='bbox 2374 1019 2605 1087; x_wconf 78' lang='lat' dir='ltr'><strong>Spiritus</strong></span> <span class='ocrx_word' id='word_1_156' title='bbox 2634 1021 2800 1072; x_wconf 83' lang='lat' dir='ltr'><strong>sancti</strong></span> <span class='ocrx_word' id='word_1_157' title='bbox 2826 1015 3091 1085; x_wconf 39' lang='lat' dir='ltr'><strong>per—sonam</strong></span> <span class='ocrx_word' id='word_1_158' title='bbox 3124 1037 3233 1075; x_wconf 70' lang='lat' dir='ltr'><strong>esse</strong></span> <span class='ocrx_word' id='word_1_159' title='bbox 3255 1021 3509 1075; x_wconf 82' lang='lat' dir='ltr'><strong>docuerit.</strong></span> 
     </span>
    </p>
   </div>
   <div class='ocr_carea' id='block_1_24' title="bbox 2068 1151 3583 1225">
    <p class='ocr_par' dir='ltr' id='par_1_24' title="bbox 2068 1151 3583 1225">
     <span class='ocr_line' id='line_1_24' title="bbox 2068 1151 3583 1225; baseline -0.001 -15"><span class='ocrx_word' id='word_1_160' title='bbox 2068 1153 2203 1222; x_wconf 82' lang='lat' dir='ltr'><strong>Quid</strong></span> <span class='ocrx_word' id='word_1_161' title='bbox 2236 1154 2398 1208; x_wconf 74' lang='lat' dir='ltr'><strong>etiam</strong></span> <span class='ocrx_word' id='word_1_162' title='bbox 2424 1153 2565 1224; x_wconf 90' lang='lat' dir='ltr'><strong>quod</strong></span> <span class='ocrx_word' id='word_1_163' title='bbox 2599 1168 2749 1223; x_wconf 80' lang='lat' dir='ltr'><strong>:rque</strong></span> <span class='ocrx_word' id='word_1_164' title='bbox 2776 1151 2841 1208; x_wconf 89' lang='lat' dir='ltr'><strong>ad</strong></span> <span class='ocrx_word' id='word_1_165' title='bbox 2875 1156 3303 1225; x_wconf 58' lang='lat' dir='ltr'><strong>eroggcrandam</strong></span> <span class='ocrx_word' id='word_1_166' title='bbox 3330 1157 3583 1210; x_wconf 56' lang='lat' dir='ltr'><strong>invidiam</strong></span> 
     </span>
    </p>
   </div>
   <div class='ocr_carea' id='block_1_25' title="bbox 1999 1246 3586 1318">
    <p class='ocr_par' dir='ltr' id='par_1_25' title="bbox 1999 1246 3586 1318">
     <span class='ocr_line' id='line_1_25' title="bbox 1999 1246 3586 1318; baseline -0.001 -15"><span class='ocrx_word' id='word_1_167' title='bbox 1999 1262 2198 1303; x_wconf 72' lang='lat' dir='ltr'><strong>saneta:</strong></span> <span class='ocrx_word' id='word_1_168' title='bbox 2232 1248 2441 1318; x_wconf 77' lang='lat' dir='ltr'><strong>synodo</strong></span> <span class='ocrx_word' id='word_1_169' title='bbox 2483 1246 2756 1316; x_wconf 85' lang='lat' dir='ltr'><strong>injuriam,</strong></span> <span class='ocrx_word' id='word_1_170' title='bbox 2807 1247 2860 1299; x_wconf 90' lang='lat' dir='ltr'><strong>in</strong></span> <span class='ocrx_word' id='word_1_171' title='bbox 2912 1262 3013 1316; x_wconf 84' lang='lat' dir='ltr'><strong>qua</strong></span> <span class='ocrx_word' id='word_1_172' title='bbox 3062 1247 3189 1301; x_wconf 90' lang='lat' dir='ltr'><strong>dum</strong></span> <span class='ocrx_word' id='word_1_173' title='bbox 3231 1248 3586 1303; x_wconf 86' lang='lat' dir='ltr'><strong>recitarentur</strong></span> 
     </span>
    </p>
   </div>
   <div class='ocr_carea' id='block_1_26' title="bbox 2001 1338 3589 1408">
    <p class='ocr_par' dir='ltr' id='par_1_26' title="bbox 2001 1338 3589 1408">
     <span class='ocr_line' id='line_1_26' title="bbox 2001 1338 3589 1408; baseline -0.001 -14"><span class='ocrx_word' id='word_1_174' title='bbox 2001 1339 2191 1395; x_wconf 88' lang='lat' dir='ltr'><strong>laudes</strong></span> <span class='ocrx_word' id='word_1_175' title='bbox 2220 1340 2385 1408; x_wconf 76' lang='lat' dir='ltr'><strong>ipsius</strong></span> <span class='ocrx_word' id='word_1_176' title='bbox 2414 1338 2707 1404; x_wconf 82' lang='lat' dir='ltr'><strong>Theodori,</strong></span> <span class='ocrx_word' id='word_1_177' title='bbox 2733 1338 3221 1394; x_wconf 80' lang='lat' dir='ltr'><strong>anathematizatus</strong></span> <span class='ocrx_word' id='word_1_178' title='bbox 3246 1354 3350 1393; x_wconf 91' lang='lat' dir='ltr'><strong>non</strong></span> <span class='ocrx_word' id='word_1_179' title='bbox 3380 1349 3484 1401; x_wconf 88' lang='lat' dir='ltr'><strong>est,</strong></span> <span class='ocrx_word' id='word_1_180' title='bbox 3509 1340 3589 1393; x_wconf 88' lang='lat' dir='ltr'><strong>di-</strong></span> 
     </span>
    </p>
   </div>
   <div class='ocr_carea' id='block_1_27' title="bbox 1998 1429 3589 1501">
    <p class='ocr_par' dir='ltr' id='par_1_27' title="bbox 1998 1429 3589 1501">
     <span class='ocr_line' id='line_1_27' title="bbox 1998 1429 3589 1501; baseline -0.004 -13"><span class='ocrx_word' id='word_1_181' title='bbox 1998 1442 2127 1488; x_wconf 91' lang='lat' dir='ltr'><strong>cunt</strong></span> <span class='ocrx_word' id='word_1_182' title='bbox 2156 1447 2280 1488; x_wconf 86' lang='lat' dir='ltr'><strong>eum</strong></span> <span class='ocrx_word' id='word_1_183' title='bbox 2323 1432 2640 1486; x_wconf 79' lang='lat' dir='ltr'><strong>Trinitatem</strong></span> <span class='ocrx_word' id='word_1_184' title='bbox 2674 1446 2888 1501; x_wconf 73' lang='lat' dir='ltr'><strong>quoque</strong></span> <span class='ocrx_word' id='word_1_185' title='bbox 2933 1445 3177 1501; x_wconf 75' lang='lat' dir='ltr'><strong>negasse,</strong></span> <span class='ocrx_word' id='word_1_186' title='bbox 3214 1439 3268 1485; x_wconf 91' lang='lat' dir='ltr'><strong>et</strong></span> <span class='ocrx_word' id='word_1_187' title='bbox 3293 1429 3446 1501; x_wconf 79' lang='lat' dir='ltr'><strong>juxta</strong></span> <span class='ocrx_word' id='word_1_188' title='bbox 3495 1430 3589 1485; x_wconf 83' lang='lat' dir='ltr'><strong>Sa-</strong></span> 
     </span>
    </p>
   </div>
   <div class='ocr_carea' id='block_1_28' title="bbox 2004 1523 3591 1601">
    <p class='ocr_par' dir='ltr' id='par_1_28' title="bbox 2004 1523 3591 1601">
     <span class='ocr_line' id='line_1_28' title="bbox 2004 1523 3591 1601; baseline -0.003 -21"><span class='ocrx_word' id='word_1_189' title='bbox 2004 1525 2219 1580; x_wconf 87' lang='lat' dir='ltr'><strong>hellium</strong></span> <span class='ocrx_word' id='word_1_190' title='bbox 2245 1542 2403 1580; x_wconf 86' lang='lat' dir='ltr'><strong>unam</strong></span> <span class='ocrx_word' id='word_1_191' title='bbox 2430 1524 2623 1591; x_wconf 49' lang='lat' dir='ltr'><strong>Patris,</strong></span> <span class='ocrx_word' id='word_1_192' title='bbox 2657 1534 2710 1579; x_wconf 86' lang='lat' dir='ltr'><strong>et</strong></span> <span class='ocrx_word' id='word_1_193' title='bbox 2734 1524 2875 1589; x_wconf 83' lang='lat' dir='ltr'><strong>Filii,</strong></span> <span class='ocrx_word' id='word_1_194' title='bbox 2909 1523 3220 1601; x_wconf 35' lang='lat' dir='ltr'><strong>et‘Spiritus</strong></span> <span class='ocrx_word' id='word_1_195' title='bbox 3252 1524 3424 1578; x_wconf 85' lang='lat' dir='ltr'><strong>sancti</strong></span> <span class='ocrx_word' id='word_1_196' title='bbox 3470 1539 3591 1578; x_wconf 84' lang='lat' dir='ltr'><strong>cre-</strong></span> 
     </span>
    </p>
   </div>
   <div class='ocr_carea' id='block_1_29' title="bbox 2002 1616 3591 1690">
    <p class='ocr_par' dir='ltr' id='par_1_29' title="bbox 2002 1616 3591 1690">
     <span class='ocr_line' id='line_1_29' title="bbox 2002 1616 3591 1690; baseline -0.003 -15"><span class='ocrx_word' id='word_1_197' title='bbox 2002 1620 2202 1675; x_wconf 86' lang='lat' dir='ltr'><strong>didisse</strong></span> <span class='ocrx_word' id='word_1_198' title='bbox 2227 1620 2549 1690; x_wconf 83' lang='lat' dir='ltr'><strong>personam?</strong></span> <span class='ocrx_word' id='word_1_199' title='bbox 2577 1619 2824 1689; x_wconf 85' lang='lat' dir='ltr'><strong>Nunquid</strong></span> <span class='ocrx_word' id='word_1_200' title='bbox 2853 1629 2905 1672; x_wconf 91' lang='lat' dir='ltr'><strong>et</strong></span> <span class='ocrx_word' id='word_1_201' title='bbox 2936 1619 3036 1673; x_wconf 88' lang='lat' dir='ltr'><strong>hoc</strong></span> <span class='ocrx_word' id='word_1_202' title='bbox 3062 1632 3092 1673; x_wconf 91' lang='lat' dir='ltr'><strong>c</strong></span> <span class='ocrx_word' id='word_1_203' title='bbox 3116 1625 3248 1672; x_wconf 64' lang='lat' dir='ltr'><strong>intra</strong></span> <span class='ocrx_word' id='word_1_204' title='bbox 3277 1618 3290 1648; x_wconf 85' lang='lat'>&#39;</span> <span class='ocrx_word' id='word_1_205' title='bbox 3319 1616 3462 1672; x_wconf 84' lang='lat' dir='ltr'><strong>beati</strong></span> <span class='ocrx_word' id='word_1_206' title='bbox 3490 1616 3591 1686; x_wconf 80' lang='lat' dir='ltr'><strong>Cy-</strong></span> 
     </span>
    </p>
   </div>
   <div class='ocr_carea' id='block_1_30' title="bbox 2005 1710 3591 1782">
    <p class='ocr_par' dir='ltr' id='par_1_30' title="bbox 2005 1710 3591 1782">
     <span class='ocr_line' id='line_1_30' title="bbox 2005 1710 3591 1782; baseline -0.004 -14"><span class='ocrx_word' id='word_1_207' title='bbox 2005 1712 2111 1769; x_wconf 88' lang='lat' dir='ltr'><strong>riili</strong></span> <span class='ocrx_word' id='word_1_208' title='bbox 2143 1714 2467 1769; x_wconf 87' lang='lat' dir='ltr'><strong>sententiam</strong></span> <span class='ocrx_word' id='word_1_209' title='bbox 2498 1712 2704 1779; x_wconf 88' lang='lat' dir='ltr'><strong>dicunt,</strong></span> <span class='ocrx_word' id='word_1_210' title='bbox 2737 1713 2780 1765; x_wconf 92' lang='lat' dir='ltr'><strong>si</strong></span> <span class='ocrx_word' id='word_1_211' title='bbox 2817 1712 2929 1782; x_wconf 67' lang='lat' dir='ltr'><strong>ipse</strong></span> <span class='ocrx_word' id='word_1_212' title='bbox 2954 1710 3004 1766; x_wconf 89' lang='lat' dir='ltr'><strong>in</strong></span> <span class='ocrx_word' id='word_1_213' title='bbox 3033 1710 3127 1765; x_wconf 89' lang='lat' dir='ltr'><strong>illo</strong></span> <span class='ocrx_word' id='word_1_214' title='bbox 3156 1724 3321 1780; x_wconf 87' lang='lat' dir='ltr'><strong>opere</strong></span> <span class='ocrx_word' id='word_1_215' title='bbox 3349 1710 3591 1779; x_wconf 67' lang='lat' dir='ltr'><strong>quantum</strong></span> 
     </span>
    </p>
   </div>
   <div class='ocr_carea' id='block_1_31' title="bbox 312 1800 3591 1892">
    <p class='ocr_par' dir='ltr' id='par_1_31' title="bbox 312 1800 3591 1892">
     <span class='ocr_line' id='line_1_31' title="bbox 312 1800 3591 1892; baseline -0.006 -20"><span class='ocrx_word' id='word_1_216' title='bbox 312 1818 479 1892; x_wconf 62' lang='lat' dir='ltr'><strong>sunt?</strong></span> <span class='ocrx_word' id='word_1_217' title='bbox 531 1826 622 1871; x_wconf 89' lang='lat' dir='ltr'><strong>aut</strong></span> <span class='ocrx_word' id='word_1_218' title='bbox 652 1811 919 1885; x_wconf 83' lang='lat' dir='ltr'><strong>quomodo</strong></span> <span class='ocrx_word' id='word_1_219' title='bbox 967 1813 1045 1866; x_wconf 84' lang='lat' dir='ltr'><strong>cis</strong></span> <span class='ocrx_word' id='word_1_220' title='bbox 1095 1826 1199 1863; x_wconf 84' lang='lat' dir='ltr'><strong>non</strong></span> <span class='ocrx_word' id='word_1_221' title='bbox 1254 1807 1573 1877; x_wconf 63' lang='lat' dir='ltr'><strong>ptopizictur</strong></span> <span class='ocrx_word' id='word_1_222' title='bbox 1620 1805 1784 1869; x_wconf 73' lang='lat' dir='ltr'><strong>DCUS,</strong></span> <span class='ocrx_word' id='word_1_223' title='bbox 1827 1805 1896 1857; x_wconf 78' lang='lat' dir='ltr'><strong>ita</strong></span> <span class='ocrx_word' id='word_1_224' title='bbox 1935 1825 1976 1883; x_wconf 74' lang='grc' dir='ltr'><strong><em>Β</em></strong></span> <span class='ocrx_word' id='word_1_225' title='bbox 2007 1808 2205 1878; x_wconf 86' lang='lat' dir='ltr'><strong>scripta</strong></span> <span class='ocrx_word' id='word_1_226' title='bbox 2259 1806 2430 1861; x_wconf 84' lang='lat' dir='ltr'><strong>sancti</strong></span> <span class='ocrx_word' id='word_1_227' title='bbox 2476 1804 2713 1870; x_wconf 88' lang='lat' dir='ltr'><strong>Diodori,</strong></span> <span class='ocrx_word' id='word_1_228' title='bbox 2755 1813 2808 1858; x_wconf 82' lang='lat' dir='ltr'><strong>et</strong></span> <span class='ocrx_word' id='word_1_229' title='bbox 2855 1802 3104 1872; x_wconf 84' lang='lat' dir='ltr'><strong>discipuli</strong></span> <span class='ocrx_word' id='word_1_230' title='bbox 3148 1802 3263 1872; x_wconf 87' lang='lat' dir='ltr'><strong>ejus</strong></span> <span class='ocrx_word' id='word_1_231' title='bbox 3301 1800 3591 1863; x_wconf 87' lang='lat' dir='ltr'><strong>Theodori,</strong></span> 
     </span>
    </p>
   </div>
   <div class='ocr_carea' id='block_1_32' title="bbox 312 1896 1877 1978">
    <p class='ocr_par' dir='ltr' id='par_1_32' title="bbox 312 1896 1877 1978">
     <span class='ocr_line' id='line_1_32' title="bbox 312 1896 1877 1978; baseline -0.012 -10"><span class='ocrx_word' id='word_1_232' title='bbox 312 1910 631 1978; x_wconf 86' lang='lat' dir='ltr'><strong>simpliciter</strong></span> <span class='ocrx_word' id='word_1_233' title='bbox 651 1924 715 1963; x_wconf 89' lang='lat' dir='ltr'><strong>ac</strong></span> <span class='ocrx_word' id='word_1_234' title='bbox 756 1908 1016 1961; x_wconf 68' lang='lat' dir='ltr'><strong>veraciter</strong></span> <span class='ocrx_word' id='word_1_235' title='bbox 1055 1902 1374 1957; x_wconf 74' lang='lat' dir='ltr'><strong>invocatus?</strong></span> <span class='ocrx_word' id='word_1_236' title='bbox 1401 1900 1488 1955; x_wconf 81' lang='lat' dir='ltr'><strong>Isti</strong></span> <span class='ocrx_word' id='word_1_237' title='bbox 1534 1897 1777 1969; x_wconf 89' lang='lat' dir='ltr'><strong>suntqui</strong></span> <span class='ocrx_word' id='word_1_238' title='bbox 1808 1896 1877 1951; x_wconf 91' lang='lat' dir='ltr'><strong>do</strong></span> 
     </span>
    </p>
   </div>
   <div class='ocr_carea' id='block_1_33' title="bbox 312 1990 1899 2065">
    <p class='ocr_par' dir='ltr' id='par_1_33' title="bbox 312 1990 1899 2065">
     <span class='ocr_line' id='line_1_33' title="bbox 312 1990 1899 2065; baseline -0.013 -5"><span class='ocrx_word' id='word_1_239' title='bbox 312 2014 439 2060; x_wconf 81' lang='lat' dir='ltr'><strong>cent</strong></span> <span class='ocrx_word' id='word_1_240' title='bbox 487 2018 703 2065; x_wconf 72' lang='lat' dir='ltr'><strong>norant,</strong></span> <span class='ocrx_word' id='word_1_241' title='bbox 737 2011 784 2053; x_wconf 86' lang='lat' dir='ltr'><strong>ct</strong></span> <span class='ocrx_word' id='word_1_242' title='bbox 819 2010 922 2052; x_wconf 86' lang='lat' dir='ltr'><strong>tam</strong></span> <span class='ocrx_word' id='word_1_243' title='bbox 957 1998 1118 2051; x_wconf 75' lang='lat' dir='ltr'><strong>Leoni</strong></span> <span class='ocrx_word' id='word_1_244' title='bbox 1151 1995 1418 2057; x_wconf 76' lang='lat' dir='ltr'><strong>Romano,</strong></span> <span class='ocrx_word' id='word_1_245' title='bbox 1463 1994 1636 2045; x_wconf 85' lang='lat' dir='ltr'><strong>donec</strong></span> <span class='ocrx_word' id='word_1_246' title='bbox 1676 1990 1899 2055; x_wconf 77' lang='lat' dir='ltr'><strong>advixit,</strong></span> 
     </span>
    </p>
   </div>
   <div class='ocr_carea' id='block_1_34' title="bbox 314 2083 1902 2165">
    <p class='ocr_par' dir='ltr' id='par_1_34' title="bbox 314 2083 1902 2165">
     <span class='ocr_line' id='line_1_34' title="bbox 314 2083 1902 2165; baseline -0.007 -20"><span class='ocrx_word' id='word_1_247' title='bbox 314 2112 475 2165; x_wconf 81' lang='lat' dir='ltr'><strong>quam</strong></span> <span class='ocrx_word' id='word_1_248' title='bbox 502 2083 601 2150; x_wconf 77' lang='lat' dir='ltr'><strong>toti</strong></span> <span class='ocrx_word' id='word_1_249' title='bbox 637 2094 897 2147; x_wconf 80' lang='lat' dir='ltr'><strong>hactenus</strong></span> <span class='ocrx_word' id='word_1_250' title='bbox 941 2088 1197 2143; x_wconf 75' lang='lat' dir='ltr'><strong>Ecclesia:</strong></span> <span class='ocrx_word' id='word_1_251' title='bbox 1242 2086 1565 2154; x_wconf 80' lang='lat' dir='ltr'><strong>incognitam</strong></span> <span class='ocrx_word' id='word_1_252' title='bbox 1598 2084 1902 2138; x_wconf 84' lang='lat' dir='ltr'><strong>veritatem.</strong></span> 
     </span>
    </p>
   </div>
   <div class='ocr_carea' id='block_1_35' title="bbox 315 2179 1910 2260">
    <p class='ocr_par' dir='ltr' id='par_1_35' title="bbox 315 2179 1910 2260">
     <span class='ocr_line' id='line_1_35' title="bbox 315 2179 1910 2260; baseline -0.008 -16"><span class='ocrx_word' id='word_1_253' title='bbox 315 2189 671 2260; x_wconf 76' lang='lat' dir='ltr'><strong>Abjiciantur,</strong></span> <span class='ocrx_word' id='word_1_254' title='bbox 702 2188 948 2249; x_wconf 85' lang='lat' dir='ltr'><strong>obsecro,</strong></span> <span class='ocrx_word' id='word_1_255' title='bbox 998 2184 1153 2247; x_wconf 86' lang='lat' dir='ltr'><strong>tales,</strong></span> <span class='ocrx_word' id='word_1_256' title='bbox 1187 2191 1241 2236; x_wconf 89' lang='lat' dir='ltr'><strong>et</strong></span> <span class='ocrx_word' id='word_1_257' title='bbox 1286 2180 1637 2252; x_wconf 82' lang='lat' dir='ltr'><strong>profugentur</strong></span> <span class='ocrx_word' id='word_1_258' title='bbox 1668 2179 1736 2233; x_wconf 90' lang='lat' dir='ltr'><strong>ab</strong></span> <span class='ocrx_word' id='word_1_259' title='bbox 1764 2180 1910 2233; x_wconf 83' lang='lat' dir='ltr'><strong>auri-</strong></span> 
     </span>
    </p>
   </div>
   <div class='ocr_carea' id='block_1_36' title="bbox 316 2272 1909 2346">
    <p class='ocr_par' dir='ltr' id='par_1_36' title="bbox 316 2272 1909 2346">
     <span class='ocr_line' id='line_1_36' title="bbox 316 2272 1909 2346; baseline -0.01 -5"><span class='ocrx_word' id='word_1_260' title='bbox 316 2284 415 2342; x_wconf 87' lang='lat' dir='ltr'><strong>bus</strong></span> <span class='ocrx_word' id='word_1_261' title='bbox 446 2282 661 2346; x_wconf 75' lang='lat' dir='ltr'><strong>vestris,</strong></span> <span class='ocrx_word' id='word_1_262' title='bbox 696 2295 790 2334; x_wconf 79' lang='lat' dir='ltr'><strong>nec</strong></span> <span class='ocrx_word' id='word_1_263' title='bbox 820 2279 899 2333; x_wconf 89' lang='lat' dir='ltr'><strong>eis</strong></span> <span class='ocrx_word' id='word_1_264' title='bbox 928 2278 1062 2331; x_wconf 88' lang='lat' dir='ltr'><strong>ultra</strong></span> <span class='ocrx_word' id='word_1_265' title='bbox 1094 2277 1162 2331; x_wconf 91' lang='lat' dir='ltr'><strong>sit</strong></span> <span class='ocrx_word' id='word_1_266' title='bbox 1184 2275 1412 2330; x_wconf 90' lang='lat' dir='ltr'><strong>liberum</strong></span> <span class='ocrx_word' id='word_1_267' title='bbox 1446 2272 1600 2328; x_wconf 88' lang='lat' dir='ltr'><strong>titulo</strong></span> <span class='ocrx_word' id='word_1_268' title='bbox 1628 2272 1795 2327; x_wconf 76' lang='lat' dir='ltr'><strong>vestri</strong></span> <span class='ocrx_word' id='word_1_269' title='bbox 1820 2289 1909 2325; x_wconf 90' lang='lat' dir='ltr'><strong>no-</strong></span> 
     </span>
    </p>
   </div>
   <div class='ocr_carea' id='block_1_37' title="bbox 318 2363 1913 2441">
    <p class='ocr_par' dir='ltr' id='par_1_37' title="bbox 318 2363 1913 2441">
     <span class='ocr_line' id='line_1_37' title="bbox 318 2363 1913 2441; baseline -0.007 -11"><span class='ocrx_word' id='word_1_270' title='bbox 318 2376 476 2431; x_wconf 88' lang='lat' dir='ltr'><strong>tninis</strong></span> <span class='ocrx_word' id='word_1_271' title='bbox 500 2390 595 2430; x_wconf 89' lang='lat' dir='ltr'><strong>sua</strong></span> <span class='ocrx_word' id='word_1_272' title='bbox 628 2374 909 2428; x_wconf 87' lang='lat' dir='ltr'><strong>mendacia</strong></span> <span class='ocrx_word' id='word_1_273' title='bbox 956 2377 1280 2441; x_wconf 63' lang='lat' dir='ltr'><strong>praenotare.</strong></span> <span class='ocrx_word' id='word_1_274' title='bbox 1313 2367 1446 2421; x_wconf 79' lang='lat' dir='ltr'><strong>Nam</strong></span> <span class='ocrx_word' id='word_1_275' title='bbox 1490 2366 1537 2420; x_wconf 92' lang='lat' dir='ltr'><strong>si</strong></span> <span class='ocrx_word' id='word_1_276' title='bbox 1568 2366 1704 2421; x_wconf 88' lang='lat' dir='ltr'><strong>hanc</strong></span> <span class='ocrx_word' id='word_1_277' title='bbox 1743 2363 1913 2419; x_wconf 84' lang='lat' dir='ltr'><strong>mani-</strong></span> 
     </span>
    </p>
   </div>
   <div class='ocr_carea' id='block_1_38' title="bbox 317 2460 1911 2529">
    <p class='ocr_par' dir='ltr' id='par_1_38' title="bbox 317 2460 1911 2529">
     <span class='ocr_line' id='line_1_38' title="bbox 317 2460 1911 2529; baseline -0.01 -2"><span class='ocrx_word' id='word_1_278' title='bbox 317 2470 509 2527; x_wconf 72' lang='lat' dir='ltr'><strong>festam</strong></span> <span class='ocrx_word' id='word_1_279' title='bbox 532 2466 801 2524; x_wconf 81' lang='lat' dir='ltr'><strong>Theodori</strong></span> <span class='ocrx_word' id='word_1_280' title='bbox 829 2467 895 2521; x_wconf 88' lang='lat' dir='ltr'><strong>de</strong></span> <span class='ocrx_word' id='word_1_281' title='bbox 916 2465 1232 2520; x_wconf 51' lang='lat' dir='ltr'><strong>centurione</strong></span> <span class='ocrx_word' id='word_1_282' title='bbox 1260 2460 1607 2526; x_wconf 83' lang='lat' dir='ltr'><strong>sententiain,</strong></span> <span class='ocrx_word' id='word_1_283' title='bbox 1639 2475 1732 2529; x_wconf 88' lang='lat' dir='ltr'><strong>per</strong></span> <span class='ocrx_word' id='word_1_284' title='bbox 1755 2474 1911 2528; x_wconf 89' lang='lat' dir='ltr'><strong>quam</strong></span> 
     </span>
    </p>
   </div>
   <div class='ocr_carea' id='block_1_39' title="bbox 318 2550 1911 2632">
    <p class='ocr_par' dir='ltr' id='par_1_39' title="bbox 318 2550 1911 2632">
     <span class='ocr_line' id='line_1_39' title="bbox 318 2550 1911 2632; baseline -0.009 -14"><span class='ocrx_word' id='word_1_285' title='bbox 318 2564 489 2632; x_wconf 83' lang='lat' dir='ltr'><strong>magis</strong></span> <span class='ocrx_word' id='word_1_286' title='bbox 514 2576 660 2627; x_wconf 89' lang='lat' dir='ltr'><strong>eum,</strong></span> <span class='ocrx_word' id='word_1_287' title='bbox 688 2557 959 2630; x_wconf 83' lang='lat' dir='ltr'><strong>quomodo</strong></span> <span class='ocrx_word' id='word_1_288' title='bbox 991 2558 1432 2625; x_wconf 88' lang='lat' dir='ltr'><strong>promiseramus,</strong></span> <span class='ocrx_word' id='word_1_289' title='bbox 1475 2551 1809 2606; x_wconf 82' lang='lat' dir='ltr'><strong>ostendimus</strong></span> <span class='ocrx_word' id='word_1_290' title='bbox 1840 2550 1911 2604; x_wconf 87' lang='lat' dir='ltr'><strong>ab</strong></span> 
     </span>
    </p>
   </div>
   <div class='ocr_carea' id='block_1_40' title="bbox 320 2645 1908 2717">
    <p class='ocr_par' dir='ltr' id='par_1_40' title="bbox 320 2645 1908 2717">
     <span class='ocr_line' id='line_1_40' title="bbox 320 2645 1908 2717; baseline -0.006 -9"><span class='ocrx_word' id='word_1_291' title='bbox 320 2669 510 2709; x_wconf 87' lang='lat' dir='ltr'><strong>eorum</strong></span> <span class='ocrx_word' id='word_1_292' title='bbox 550 2650 893 2707; x_wconf 79' lang='lat' dir='ltr'><strong>accusatione</strong></span> <span class='ocrx_word' id='word_1_293' title='bbox 919 2648 1158 2715; x_wconf 79' lang='lat' dir='ltr'><strong>defendi,</strong></span> <span class='ocrx_word' id='word_1_294' title='bbox 1188 2648 1266 2701; x_wconf 90' lang='lat' dir='ltr'><strong>sic</strong></span> <span class='ocrx_word' id='word_1_295' title='bbox 1318 2645 1658 2717; x_wconf 89' lang='lat' dir='ltr'><strong>impudenter</strong></span> <span class='ocrx_word' id='word_1_296' title='bbox 1688 2658 1908 2699; x_wconf 78' lang='lat' dir='ltr'><strong>accusa-</strong></span> 
     </span>
    </p>
   </div>
   <div class='ocr_carea' id='block_1_41' title="bbox 320 2738 1916 2812">
    <p class='ocr_par' dir='ltr' id='par_1_41' title="bbox 320 2738 1916 2812">
     <span class='ocr_line' id='line_1_41' title="bbox 320 2738 1916 2812; baseline -0.004 -14"><span class='ocrx_word' id='word_1_297' title='bbox 320 2755 532 2812; x_wconf 66' lang='lat' dir='ltr'><strong>verunt,</strong></span> <span class='ocrx_word' id='word_1_298' title='bbox 576 2744 653 2800; x_wconf 89' lang='lat' dir='ltr'><strong>sic</strong></span> <span class='ocrx_word' id='word_1_299' title='bbox 683 2744 808 2797; x_wconf 68' lang='lat' dir='ltr'><strong>aliis</strong></span> <span class='ocrx_word' id='word_1_300' title='bbox 846 2741 1141 2812; x_wconf 81' lang='lat' dir='ltr'><strong>suppositis</strong></span> <span class='ocrx_word' id='word_1_301' title='bbox 1186 2739 1428 2809; x_wconf 86' lang='lat' dir='ltr'><strong>quidem,</strong></span> <span class='ocrx_word' id='word_1_302' title='bbox 1470 2739 1591 2792; x_wconf 90' lang='lat' dir='ltr'><strong>aliis</strong></span> <span class='ocrx_word' id='word_1_303' title='bbox 1620 2752 1751 2792; x_wconf 88' lang='lat' dir='ltr'><strong>vero</strong></span> <span class='ocrx_word' id='word_1_304' title='bbox 1793 2738 1916 2792; x_wconf 89' lang='lat' dir='ltr'><strong>sub-</strong></span> 
     </span>
    </p>
   </div>
   <div class='ocr_carea' id='block_1_42' title="bbox 321 2832 1915 2905">
    <p class='ocr_par' dir='ltr' id='par_1_42' title="bbox 321 2832 1915 2905">
     <span class='ocr_line' id='line_1_42' title="bbox 321 2832 1915 2905; baseline -0.007 -10"><span class='ocrx_word' id='word_1_305' title='bbox 321 2839 529 2905; x_wconf 67' lang='lat' dir='ltr'><strong>tractis,</strong></span> <span class='ocrx_word' id='word_1_306' title='bbox 552 2838 845 2894; x_wconf 84' lang='lat' dir='ltr'><strong>obscurare</strong></span> <span class='ocrx_word' id='word_1_307' title='bbox 876 2836 1055 2891; x_wconf 88' lang='lat' dir='ltr'><strong>conati</strong></span> <span class='ocrx_word' id='word_1_308' title='bbox 1104 2841 1249 2899; x_wconf 88' lang='lat' dir='ltr'><strong>sunt,</strong></span> <span class='ocrx_word' id='word_1_309' title='bbox 1297 2845 1357 2888; x_wconf 89' lang='lat' dir='ltr'><strong>ut</strong></span> <span class='ocrx_word' id='word_1_310' title='bbox 1398 2848 1461 2886; x_wconf 90' lang='lat' dir='ltr'><strong>ea</strong></span> <span class='ocrx_word' id='word_1_311' title='bbox 1506 2833 1558 2887; x_wconf 92' lang='lat' dir='ltr'><strong>in</strong></span> <span class='ocrx_word' id='word_1_312' title='bbox 1586 2832 1915 2887; x_wconf 86' lang='lat' dir='ltr'><strong>contrarium</strong></span> 
     </span>
    </p>
   </div>
   <div class='ocr_carea' id='block_1_43' title="bbox 321 2924 1918 2999">
    <p class='ocr_par' dir='ltr' id='par_1_43' title="bbox 321 2924 1918 2999">
     <span class='ocr_line' id='line_1_43' title="bbox 321 2924 1918 2999; baseline -0.005 -12"><span class='ocrx_word' id='word_1_313' title='bbox 321 2947 541 2989; x_wconf 84' lang='lat' dir='ltr'><strong>sensum</strong></span> <span class='ocrx_word' id='word_1_314' title='bbox 568 2946 711 2987; x_wconf 74' lang='lat' dir='ltr'><strong>smva</strong></span> <span class='ocrx_word' id='word_1_315' title='bbox 744 2929 1182 2999; x_wconf 84' lang='lat' dir='ltr'><strong>interpretatione</strong></span> <span class='ocrx_word' id='word_1_316' title='bbox 1208 2934 1612 2991; x_wconf 79' lang='lat' dir='ltr'><strong>converterent;</strong></span> <span class='ocrx_word' id='word_1_317' title='bbox 1640 2924 1766 2995; x_wconf 91' lang='lat' dir='ltr'><strong>quid</strong></span> <span class='ocrx_word' id='word_1_318' title='bbox 1799 2924 1918 2979; x_wconf 89' lang='lat' dir='ltr'><strong>illos</strong></span> 
     </span>
    </p>
   </div>
   <div class='ocr_carea' id='block_1_44' title="bbox 322 3016 1919 3088">
    <p class='ocr_par' dir='ltr' id='par_1_44' title="bbox 322 3016 1919 3088">
     <span class='ocr_line' id='line_1_44' title="bbox 322 3016 1919 3088; baseline -0.008 -7"><span class='ocrx_word' id='word_1_319' title='bbox 322 3027 376 3081; x_wconf 83' lang='lat' dir='ltr'><strong>in</strong></span> <span class='ocrx_word' id='word_1_320' title='bbox 426 3025 635 3080; x_wconf 68' lang='lat' dir='ltr'><strong>caateris</strong></span> <span class='ocrx_word' id='word_1_321' title='bbox 698 3024 891 3079; x_wconf 88' lang='lat' dir='ltr'><strong>fecisse</strong></span> <span class='ocrx_word' id='word_1_322' title='bbox 937 3020 1265 3077; x_wconf 90' lang='lat' dir='ltr'><strong>credendum</strong></span> <span class='ocrx_word' id='word_1_323' title='bbox 1320 3026 1427 3087; x_wconf 91' lang='lat' dir='ltr'><strong>est,</strong></span> <span class='ocrx_word' id='word_1_324' title='bbox 1481 3018 1571 3073; x_wconf 78' lang='lat' dir='ltr'><strong>ubi</strong></span> <span class='ocrx_word' id='word_1_325' title='bbox 1629 3016 1919 3088; x_wconf 69' lang='lat' dir='ltr'><strong>prmdictus</strong></span> 
     </span>
    </p>
   </div>
   <div class='ocr_carea' id='block_1_45' title="bbox 326 3111 1921 3187">
    <p class='ocr_par' dir='ltr' id='par_1_45' title="bbox 326 3111 1921 3187">
     <span class='ocr_line' id='line_1_45' title="bbox 326 3111 1921 3187; baseline -0.006 -13"><span class='ocrx_word' id='word_1_326' title='bbox 326 3118 660 3183; x_wconf 78' lang='lat' dir='ltr'><strong>Theodorus,</strong></span> <span class='ocrx_word' id='word_1_327' title='bbox 692 3115 1074 3187; x_wconf 78' lang='lat' dir='ltr'><strong>Apolinaristis</strong></span> <span class='ocrx_word' id='word_1_328' title='bbox 1103 3112 1501 3179; x_wconf 87' lang='lat' dir='ltr'><strong>contradicens,</strong></span> <span class='ocrx_word' id='word_1_329' title='bbox 1536 3111 1777 3181; x_wconf 71' lang='lat' dir='ltr'><strong>quredam</strong></span> <span class='ocrx_word' id='word_1_330' title='bbox 1802 3124 1921 3166; x_wconf 91' lang='lat' dir='ltr'><strong>cer-</strong></span> 
     </span>
    </p>
   </div>
   <div class='ocr_carea' id='block_1_46' title="bbox 2003 1891 3592 1970">
    <p class='ocr_par' dir='ltr' id='par_1_46' title="bbox 2003 1891 3592 1970">
     <span class='ocr_line' id='line_1_46' title="bbox 2003 1891 3592 1970; baseline -0.009 -14"><span class='ocrx_word' id='word_1_331' title='bbox 2003 1900 2217 1970; x_wconf 85' lang='lat' dir='ltr'><strong>culpat?</strong></span> <span class='ocrx_word' id='word_1_332' title='bbox 2250 1898 2382 1953; x_wconf 87' lang='lat' dir='ltr'><strong>Nam</strong></span> <span class='ocrx_word' id='word_1_333' title='bbox 2414 1898 2716 1968; x_wconf 90' lang='lat' dir='ltr'><strong>quicunque</strong></span> <span class='ocrx_word' id='word_1_334' title='bbox 2754 1894 2843 1959; x_wconf 87' lang='lat' dir='ltr'><strong>sit,</strong></span> <span class='ocrx_word' id='word_1_335' title='bbox 2880 1893 3191 1949; x_wconf 86' lang='lat' dir='ltr'><strong>testificatur</strong></span> <span class='ocrx_word' id='word_1_336' title='bbox 3222 1891 3424 1946; x_wconf 79' lang='lat' dir='ltr'><strong>interra</strong></span> <span class='ocrx_word' id='word_1_337' title='bbox 3457 1907 3592 1961; x_wconf 83' lang='lat' dir='ltr'><strong>quo-</strong></span> 
     </span>
    </p>
   </div>
   <div class='ocr_carea' id='block_1_47' title="bbox 2008 1989 3595 2052">
    <p class='ocr_par' dir='ltr' id='par_1_47' title="bbox 2008 1989 3595 2052">
     <span class='ocr_line' id='line_1_47' title="bbox 2008 1989 3595 2052; baseline -0.006 -1"><span class='ocrx_word' id='word_1_338' title='bbox 2008 1997 2147 2052; x_wconf 85' lang='lat' dir='ltr'><strong>niam</strong></span> <span class='ocrx_word' id='word_1_339' title='bbox 2170 1994 2487 2050; x_wconf 63' lang='lat' dir='ltr'><strong>Theodorus</strong></span> <span class='ocrx_word' id='word_1_340' title='bbox 2514 1992 2777 2048; x_wconf 80' lang='lat' dir='ltr'><strong>adversus</strong></span> <span class='ocrx_word' id='word_1_341' title='bbox 2806 1991 3128 2045; x_wconf 80' lang='lat' dir='ltr'><strong>Arianorum</strong></span> <span class='ocrx_word' id='word_1_342' title='bbox 3154 2000 3209 2045; x_wconf 89' lang='lat' dir='ltr'><strong>ct</strong></span> <span class='ocrx_word' id='word_1_343' title='bbox 3232 1989 3595 2043; x_wconf 73' lang='lat' dir='ltr'><strong>Eunomiana-</strong></span> 
     </span>
    </p>
   </div>
   <div class='ocr_carea' id='block_1_48' title="bbox 2008 2080 3594 2157">
    <p class='ocr_par' dir='ltr' id='par_1_48' title="bbox 2008 2080 3594 2157">
     <span class='ocr_line' id='line_1_48' title="bbox 2008 2080 3594 2157; baseline -0.008 -12"><span class='ocrx_word' id='word_1_344' title='bbox 2008 2107 2125 2146; x_wconf 91' lang='lat' dir='ltr'><strong>rnm</strong></span> <span class='ocrx_word' id='word_1_345' title='bbox 2156 2089 2391 2144; x_wconf 67' lang='lat' dir='ltr'><strong>hmreses</strong></span> <span class='ocrx_word' id='word_1_346' title='bbox 2418 2085 2606 2157; x_wconf 74' lang='lat' dir='ltr'><strong>viginti</strong></span> <span class='ocrx_word' id='word_1_347' title='bbox 2648 2094 2701 2140; x_wconf 90' lang='lat' dir='ltr'><strong>et</strong></span> <span class='ocrx_word' id='word_1_348' title='bbox 2732 2084 2962 2153; x_wconf 85' lang='lat' dir='ltr'><strong>amplius</strong></span> <span class='ocrx_word' id='word_1_349' title='bbox 2990 2084 3156 2137; x_wconf 81' lang='lat' dir='ltr'><strong>libros</strong></span> <span class='ocrx_word' id='word_1_350' title='bbox 3197 2080 3594 2149; x_wconf 81' lang='lat' dir='ltr'><strong>irreprehensi-</strong></span> 
     </span>
    </p>
   </div>
   <div class='ocr_carea' id='block_1_49' title="bbox 2010 2172 3605 2250">
    <p class='ocr_par' dir='ltr' id='par_1_49' title="bbox 2010 2172 3605 2250">
     <span class='ocr_line' id='line_1_49' title="bbox 2010 2172 3605 2250; baseline -0.006 -13"><span class='ocrx_word' id='word_1_351' title='bbox 2010 2182 2190 2237; x_wconf 90' lang='lat' dir='ltr'><strong>biliter</strong></span> <span class='ocrx_word' id='word_1_352' title='bbox 2219 2178 2465 2250; x_wconf 87' lang='lat' dir='ltr'><strong>scripsit;</strong></span> <span class='ocrx_word' id='word_1_353' title='bbox 2490 2178 2629 2249; x_wconf 86' lang='lat' dir='ltr'><strong>quod</strong></span> <span class='ocrx_word' id='word_1_354' title='bbox 2657 2192 2762 2231; x_wconf 91' lang='lat' dir='ltr'><strong>non</strong></span> <span class='ocrx_word' id='word_1_355' title='bbox 2790 2177 2948 2230; x_wconf 83' lang='lat' dir='ltr'><strong>aliter</strong></span> <span class='ocrx_word' id='word_1_356' title='bbox 2971 2183 3167 2245; x_wconf 57' lang='lat' dir='ltr'><strong>posset,</strong></span> <span class='ocrx_word' id='word_1_357' title='bbox 3200 2174 3301 2228; x_wconf 84' lang='lat' dir='ltr'><strong>nisi</strong></span> <span class='ocrx_word' id='word_1_358' title='bbox 3331 2172 3605 2228; x_wconf 75' lang='lat' dir='ltr'><strong>confitens</strong></span> 
     </span>
    </p>
   </div>
   <div class='ocr_carea' id='block_1_50' title="bbox 2012 2264 3597 2341">
    <p class='ocr_par' dir='ltr' id='par_1_50' title="bbox 2012 2264 3597 2341">
     <span class='ocr_line' id='line_1_50' title="bbox 2012 2264 3597 2341; baseline -0.006 -12"><span class='ocrx_word' id='word_1_359' title='bbox 2012 2276 2328 2330; x_wconf 83' lang='lat' dir='ltr'><strong>&#39;l‘tinitatem</strong></span> <span class='ocrx_word' id='word_1_360' title='bbox 2357 2290 2369 2325; x_wconf 93' lang='lat'><strong>:</strong></span> <span class='ocrx_word' id='word_1_361' title='bbox 2396 2271 2649 2341; x_wconf 88' lang='lat' dir='ltr'><strong>quoniam</strong></span> <span class='ocrx_word' id='word_1_362' title='bbox 2681 2278 2734 2323; x_wconf 89' lang='lat' dir='ltr'><strong>et</strong></span> <span class='ocrx_word' id='word_1_363' title='bbox 2761 2269 3073 2339; x_wconf 73' lang='lat' dir='ltr'><strong>evangelica</strong></span> <span class='ocrx_word' id='word_1_364' title='bbox 3116 2277 3275 2337; x_wconf 84' lang='lat' dir='ltr'><strong>atque</strong></span> <span class='ocrx_word' id='word_1_365' title='bbox 3303 2264 3597 2334; x_wconf 83' lang='lat' dir='ltr'><strong>apostolica</strong></span> 
     </span>
    </p>
   </div>
   <div class='ocr_carea' id='block_1_51' title="bbox 2013 2358 3600 2437">
    <p class='ocr_par' dir='ltr' id='par_1_51' title="bbox 2013 2358 3600 2437">
     <span class='ocr_line' id='line_1_51' title="bbox 2013 2358 3600 2437; baseline -0.006 -16"><span class='ocrx_word' id='word_1_366' title='bbox 2013 2371 2211 2437; x_wconf 70' lang='lat' dir='ltr'><strong>scripta</strong></span> <span class='ocrx_word' id='word_1_367' title='bbox 2244 2374 2387 2420; x_wconf 89' lang='lat' dir='ltr'><strong>rcete</strong></span> <span class='ocrx_word' id='word_1_368' title='bbox 2435 2365 2821 2434; x_wconf 87' lang='lat' dir='ltr'><strong>interpretatus</strong></span> <span class='ocrx_word' id='word_1_369' title='bbox 2868 2369 2973 2427; x_wconf 91' lang='lat' dir='ltr'><strong>est,</strong></span> <span class='ocrx_word' id='word_1_370' title='bbox 3026 2363 3079 2415; x_wconf 90' lang='lat' dir='ltr'><strong>in</strong></span> <span class='ocrx_word' id='word_1_371' title='bbox 3124 2360 3319 2430; x_wconf 84' lang='lat' dir='ltr'><strong>quibus</strong></span> <span class='ocrx_word' id='word_1_372' title='bbox 3366 2368 3420 2414; x_wconf 88' lang='lat' dir='ltr'><strong>et</strong></span> <span class='ocrx_word' id='word_1_373' title='bbox 3468 2358 3600 2413; x_wconf 80' lang='lat' dir='ltr'><strong>Mat—</strong></span> 
     </span>
    </p>
   </div>
   <div class='ocr_carea' id='block_1_52' title="bbox 2015 2452 3603 2525">
    <p class='ocr_par' dir='ltr' id='par_1_52' title="bbox 2015 2452 3603 2525">
     <span class='ocr_line' id='line_1_52' title="bbox 2015 2452 3603 2525; baseline -0.003 -13"><span class='ocrx_word' id='word_1_374' title='bbox 2015 2459 2186 2512; x_wconf 69' lang='lat' dir='ltr'><strong>tltmus</strong></span> <span class='ocrx_word' id='word_1_375' title='bbox 2237 2457 2558 2525; x_wconf 70' lang='lat' dir='ltr'><strong>prmcepisse</strong></span> <span class='ocrx_word' id='word_1_376' title='bbox 2617 2456 2905 2509; x_wconf 87' lang='lat' dir='ltr'><strong>Dominum</strong></span> <span class='ocrx_word' id='word_1_377' title='bbox 2950 2454 3149 2508; x_wconf 90' lang='lat' dir='ltr'><strong>refert:</strong></span> <span class='ocrx_word' id='word_1_378' title='bbox 3179 2452 3368 2508; x_wconf 80' lang='lat' dir='ltr'><strong>Enntes</strong></span> <span class='ocrx_word' id='word_1_379' title='bbox 3428 2453 3603 2507; x_wconf 72' lang='lat' dir='ltr'><strong>docete</strong></span> 
     </span>
    </p>
   </div>
   <div class='ocr_carea' id='block_1_53' title="bbox 2016 2542 3600 2619">
    <p class='ocr_par' dir='ltr' id='par_1_53' title="bbox 2016 2542 3600 2619">
     <span class='ocr_line' id='line_1_53' title="bbox 2016 2542 3600 2619; baseline -0.004 -16"><span class='ocrx_word' id='word_1_380' title='bbox 2016 2566 2187 2603; x_wconf 71' lang='lat' dir='ltr'><strong>omne:</strong></span> <span class='ocrx_word' id='word_1_381' title='bbox 2213 2559 2408 2619; x_wconf 68' lang='lat' dir='ltr'><strong>gentes,</strong></span> <span class='ocrx_word' id='word_1_382' title='bbox 2438 2548 2751 2619; x_wconf 58' lang='lat' dir='ltr'><strong>baptismum</strong></span> <span class='ocrx_word' id='word_1_383' title='bbox 2782 2564 2869 2600; x_wconf 83' lang='lat' dir='ltr'><strong>cos</strong></span> <span class='ocrx_word' id='word_1_384' title='bbox 2898 2547 2949 2601; x_wconf 82' lang='lat' dir='ltr'><strong>in</strong></span> <span class='ocrx_word' id='word_1_385' title='bbox 2980 2546 3186 2600; x_wconf 79' lang='lat' dir='ltr'><strong>nomine</strong></span> <span class='ocrx_word' id='word_1_386' title='bbox 3218 2544 3411 2609; x_wconf 77' lang='lat' dir='ltr'><strong>Patris,</strong></span> <span class='ocrx_word' id='word_1_387' title='bbox 3441 2555 3486 2600; x_wconf 87' lang='lat' dir='ltr'><strong>et</strong></span> <span class='ocrx_word' id='word_1_388' title='bbox 3519 2542 3600 2598; x_wconf 71' lang='lat' dir='ltr'><strong>Fi.</strong></span> 
     </span>
    </p>
   </div>
   <div class='ocr_carea' id='block_1_54' title="bbox 2018 2637 3603 2711">
    <p class='ocr_par' dir='ltr' id='par_1_54' title="bbox 2018 2637 3603 2711">
     <span class='ocr_line' id='line_1_54' title="bbox 2018 2637 3603 2711; baseline -0.003 -16"><span class='ocrx_word' id='word_1_389' title='bbox 2018 2641 2098 2707; x_wconf 84' lang='lat' dir='ltr'><strong>lii,</strong></span> <span class='ocrx_word' id='word_1_390' title='bbox 2128 2652 2172 2695; x_wconf 85' lang='lat' dir='ltr'><strong>et</strong></span> <span class='ocrx_word' id='word_1_391' title='bbox 2208 2642 2433 2710; x_wconf 72' lang='lat' dir='ltr'><strong>Spiritus</strong></span> <span class='ocrx_word' id='word_1_392' title='bbox 2477 2641 2642 2694; x_wconf 79' lang='lat' dir='ltr'><strong>sancti</strong></span> <span class='ocrx_word' id='word_1_393' title='bbox 2675 2638 2887 2711; x_wconf 78' lang='lat' dir='ltr'><strong>(Matth.</strong></span> <span class='ocrx_word' id='word_1_394' title='bbox 2937 2654 3119 2703; x_wconf 81' lang='lat' dir='ltr'><strong>xxvnt,</strong></span> <span class='ocrx_word' id='word_1_395' title='bbox 3156 2638 3270 2707; x_wconf 79' lang='lat' dir='ltr'><strong>i9).</strong></span> <span class='ocrx_word' id='word_1_396' title='bbox 3316 2637 3380 2691; x_wconf 88' lang='lat' dir='ltr'><strong>Et</strong></span> <span class='ocrx_word' id='word_1_397' title='bbox 3409 2637 3603 2692; x_wconf 87' lang='lat' dir='ltr'><strong>Paulus</strong></span> 
     </span>
    </p>
   </div>
   <div class='ocr_carea' id='block_1_55' title="bbox 2020 2729 3605 2794">
    <p class='ocr_par' dir='ltr' id='par_1_55' title="bbox 2020 2729 3605 2794">
     <span class='ocr_line' id='line_1_55' title="bbox 2020 2729 3605 2794; baseline -0.006 -5"><span class='ocrx_word' id='word_1_398' title='bbox 2020 2734 2308 2789; x_wconf 83' lang='lat' dir='ltr'><strong>Corinthiis</strong></span> <span class='ocrx_word' id='word_1_399' title='bbox 2337 2733 2473 2788; x_wconf 81' lang='lat' dir='ltr'><strong>dixit</strong></span> <span class='ocrx_word' id='word_1_400' title='bbox 2500 2751 2511 2786; x_wconf 90' lang='lat'><strong>:</strong></span> <span class='ocrx_word' id='word_1_401' title='bbox 2537 2730 2719 2787; x_wconf 83' lang='lat' dir='ltr'><strong>Gratia</strong></span> <span class='ocrx_word' id='word_1_402' title='bbox 2742 2730 2953 2783; x_wconf 84' lang='lat' dir='ltr'><strong>Domini</strong></span> <span class='ocrx_word' id='word_1_403' title='bbox 2983 2731 3143 2785; x_wconf 71' lang='lat' dir='ltr'><strong>nostri</strong></span> <span class='ocrx_word' id='word_1_404' title='bbox 3164 2729 3291 2784; x_wconf 81' lang='lat' dir='ltr'><strong>Jesu</strong></span> <span class='ocrx_word' id='word_1_405' title='bbox 3318 2729 3527 2794; x_wconf 80' lang='lat' dir='ltr'><strong>Christi,</strong></span> <span class='ocrx_word' id='word_1_406' title='bbox 3560 2739 3605 2786; x_wconf 75' lang='lat' dir='ltr'><strong>et</strong></span> 
     </span>
    </p>
   </div>
   <div class='ocr_carea' id='block_1_56' title="bbox 2020 2821 3605 2891">
    <p class='ocr_par' dir='ltr' id='par_1_56' title="bbox 2020 2821 3605 2891">
     <span class='ocr_line' id='line_1_56' title="bbox 2020 2821 3605 2891; baseline -0.004 -11"><span class='ocrx_word' id='word_1_407' title='bbox 2020 2827 2248 2881; x_wconf 82' lang='lat' dir='ltr'><strong>charitas</strong></span> <span class='ocrx_word' id='word_1_408' title='bbox 2294 2825 2411 2891; x_wconf 87' lang='lat' dir='ltr'><strong>Dei,</strong></span> <span class='ocrx_word' id='word_1_409' title='bbox 2469 2834 2514 2880; x_wconf 84' lang='lat' dir='ltr'><strong>et</strong></span> <span class='ocrx_word' id='word_1_410' title='bbox 2563 2824 2953 2879; x_wconf 81' lang='lat' dir='ltr'><strong>communicatio</strong></span> <span class='ocrx_word' id='word_1_411' title='bbox 3003 2824 3170 2877; x_wconf 74' lang='lat' dir='ltr'><strong>sancti</strong></span> <span class='ocrx_word' id='word_1_412' title='bbox 3209 2821 3459 2890; x_wconf 78' lang='lat' dir='ltr'><strong>Spiritus,</strong></span> <span class='ocrx_word' id='word_1_413' title='bbox 3490 2837 3605 2876; x_wconf 88' lang='lat' dir='ltr'><strong>cum</strong></span> 
     </span>
    </p>
   </div>
   <div class='ocr_carea' id='block_1_57' title="bbox 2021 2916 3607 2990">
    <p class='ocr_par' dir='ltr' id='par_1_57' title="bbox 2021 2916 3607 2990">
     <span class='ocr_line' id='line_1_57' title="bbox 2021 2916 3607 2990; baseline -0.003 -17"><span class='ocrx_word' id='word_1_414' title='bbox 2021 2921 2254 2974; x_wconf 71' lang='lat' dir='ltr'><strong>omnibus</strong></span> <span class='ocrx_word' id='word_1_415' title='bbox 2280 2919 2421 2975; x_wconf 79' lang='lat' dir='ltr'><strong>vobis</strong></span> <span class='ocrx_word' id='word_1_416' title='bbox 2455 2917 2540 2990; x_wconf 86' lang='grc'><strong>(11</strong></span> <span class='ocrx_word' id='word_1_417' title='bbox 2566 2918 2686 2973; x_wconf 85' lang='lat' dir='ltr'><strong>Cor.</strong></span> <span class='ocrx_word' id='word_1_418' title='bbox 2716 2934 2830 2984; x_wconf 70' lang='lat' dir='ltr'><strong>Xltl,</strong></span> <span class='ocrx_word' id='word_1_419' title='bbox 2864 2918 2977 2987; x_wconf 77' lang='lat' dir='ltr'><strong>l3),</strong></span> <span class='ocrx_word' id='word_1_420' title='bbox 3013 2928 3066 2971; x_wconf 91' lang='lat' dir='ltr'><strong>et</strong></span> <span class='ocrx_word' id='word_1_421' title='bbox 3092 2916 3347 2981; x_wconf 76' lang='lat' dir='ltr'><strong>similia‘,</strong></span> <span class='ocrx_word' id='word_1_422' title='bbox 3376 2932 3471 2986; x_wconf 87' lang='lat' dir='ltr'><strong>per</strong></span> <span class='ocrx_word' id='word_1_423' title='bbox 3488 2930 3607 2986; x_wconf 80' lang='lat' dir='ltr'><strong>quat</strong></span> 
     </span>
    </p>
   </div>
   <div class='ocr_carea' id='block_1_58' title="bbox 2024 3004 3608 3080">
    <p class='ocr_par' dir='ltr' id='par_1_58' title="bbox 2024 3004 3608 3080">
     <span class='ocr_line' id='line_1_58' title="bbox 2024 3004 3608 3080; baseline -0.005 -13"><span class='ocrx_word' id='word_1_424' title='bbox 2024 3013 2177 3067; x_wconf 87' lang='lat' dir='ltr'><strong>nobis</strong></span> <span class='ocrx_word' id='word_1_425' title='bbox 2222 3013 2273 3067; x_wconf 91' lang='lat' dir='ltr'><strong>in</strong></span> <span class='ocrx_word' id='word_1_426' title='bbox 2302 3010 2624 3080; x_wconf 77' lang='lat' dir='ltr'><strong>evangelicis</strong></span> <span class='ocrx_word' id='word_1_427' title='bbox 2671 3017 2832 3079; x_wconf 86' lang='lat' dir='ltr'><strong>atque</strong></span> <span class='ocrx_word' id='word_1_428' title='bbox 2873 3007 3183 3077; x_wconf 79' lang='lat' dir='ltr'><strong>apostolicis</strong></span> <span class='ocrx_word' id='word_1_429' title='bbox 3212 3006 3429 3076; x_wconf 86' lang='lat' dir='ltr'><strong>scriptis</strong></span> <span class='ocrx_word' id='word_1_430' title='bbox 3476 3004 3608 3059; x_wconf 79' lang='lat' dir='ltr'><strong>insi-</strong></span> 
     </span>
    </p>
   </div>
   <div class='ocr_carea' id='block_1_59' title="bbox 2026 3098 3609 3172">
    <p class='ocr_par' dir='ltr' id='par_1_59' title="bbox 2026 3098 3609 3172">
     <span class='ocr_line' id='line_1_59' title="bbox 2026 3098 3609 3172; baseline -0.003 -14"><span class='ocrx_word' id='word_1_431' title='bbox 2026 3115 2183 3161; x_wconf 87' lang='lat' dir='ltr'><strong>nuata</strong></span> <span class='ocrx_word' id='word_1_432' title='bbox 2212 3113 2297 3161; x_wconf 91' lang='lat' dir='ltr'><strong>est</strong></span> <span class='ocrx_word' id='word_1_433' title='bbox 2323 3104 2581 3169; x_wconf 77' lang='lat' dir='ltr'><strong>Trinitas.</strong></span> <span class='ocrx_word' id='word_1_434' title='bbox 2615 3104 2744 3156; x_wconf 83' lang='lat' dir='ltr'><strong>Cum</strong></span> <span class='ocrx_word' id='word_1_435' title='bbox 2790 3102 2948 3172; x_wconf 81' lang='lat' dir='ltr'><strong>igitur</strong></span> <span class='ocrx_word' id='word_1_436' title='bbox 2977 3099 3112 3166; x_wconf 77' lang='lat' dir='ltr'><strong>hrcc,</strong></span> <span class='ocrx_word' id='word_1_437' title='bbox 3149 3109 3205 3154; x_wconf 91' lang='lat' dir='ltr'><strong>ut</strong></span> <span class='ocrx_word' id='word_1_438' title='bbox 3233 3098 3435 3168; x_wconf 91' lang='lat' dir='ltr'><strong>dicunt,</strong></span> <span class='ocrx_word' id='word_1_439' title='bbox 3478 3098 3609 3154; x_wconf 85' lang='lat' dir='ltr'><strong>bea-</strong></span> 
     </span>
    </p>
   </div>
   <div class='ocr_carea' id='block_1_60' title="bbox 326 3192 3610 3283">
    <p class='ocr_par' dir='ltr' id='par_1_60' title="bbox 326 3192 3610 3283">
     <span class='ocr_line' id='line_1_60' title="bbox 326 3192 3610 3283; baseline -0.007 -16"><span class='ocrx_word' id='word_1_440' title='bbox 326 3214 488 3269; x_wconf 80' lang='lat' dir='ltr'><strong>tatire</strong></span> <span class='ocrx_word' id='word_1_441' title='bbox 520 3212 685 3283; x_wconf 74' lang='lat' dir='ltr'><strong>magis</strong></span> <span class='ocrx_word' id='word_1_442' title='bbox 708 3226 866 3280; x_wconf 90' lang='lat' dir='ltr'><strong>quam</strong></span> <span class='ocrx_word' id='word_1_443' title='bbox 899 3210 1140 3264; x_wconf 87' lang='lat' dir='ltr'><strong>modeste</strong></span> <span class='ocrx_word' id='word_1_444' title='bbox 1165 3216 1429 3278; x_wconf 83' lang='lat' dir='ltr'><strong>cauteque</strong></span> <span class='ocrx_word' id='word_1_445' title='bbox 1456 3206 1666 3260; x_wconf 91' lang='lat' dir='ltr'><strong>locutus</strong></span> <span class='ocrx_word' id='word_1_446' title='bbox 1697 3204 1815 3259; x_wconf 82' lang='lat' dir='ltr'><strong>est?</strong></span> <span class='ocrx_word' id='word_1_447' title='bbox 1840 3206 1913 3258; x_wconf 81' lang='lat' dir='ltr'><strong>Ac</strong></span> <span class='ocrx_word' id='word_1_448' title='bbox 1944 3221 1989 3281; x_wconf 70' lang='grc' dir='ltr'>ρ</span> <span class='ocrx_word' id='word_1_449' title='bbox 2031 3206 2115 3253; x_wconf 87' lang='lat' dir='ltr'><strong>tus</strong></span> <span class='ocrx_word' id='word_1_450' title='bbox 2164 3197 2397 3269; x_wconf 82' lang='lat' dir='ltr'><strong>Cyrillus</strong></span> <span class='ocrx_word' id='word_1_451' title='bbox 2446 3197 2789 3249; x_wconf 83' lang='lat' dir='ltr'><strong>Theodorum</strong></span> <span class='ocrx_word' id='word_1_452' title='bbox 2840 3192 3380 3264; x_wconf 80' lang='lat' dir='ltr'><strong>irrepreltensibilter</strong></span> <span class='ocrx_word' id='word_1_453' title='bbox 3445 3203 3610 3262; x_wconf 68' lang='lat' dir='ltr'><strong>espo-</strong></span> 
     </span>
    </p>
   </div>
   <div class='ocr_carea' id='block_1_61' title="bbox 328 3298 1917 3376">
    <p class='ocr_par' dir='ltr' id='par_1_61' title="bbox 328 3298 1917 3376">
     <span class='ocr_line' id='line_1_61' title="bbox 328 3298 1917 3376; baseline -0.008 -15"><span class='ocrx_word' id='word_1_454' title='bbox 328 3308 373 3361; x_wconf 86' lang='lat' dir='ltr'><strong>si</strong></span> <span class='ocrx_word' id='word_1_455' title='bbox 408 3305 545 3360; x_wconf 73' lang='lat' dir='ltr'><strong>beati</strong></span> <span class='ocrx_word' id='word_1_456' title='bbox 582 3303 792 3376; x_wconf 81' lang='lat' dir='ltr'><strong>Cyrilli,</strong></span> <span class='ocrx_word' id='word_1_457' title='bbox 833 3300 1285 3372; x_wconf 86' lang='lat' dir='ltr'><strong>quemadmodum</strong></span> <span class='ocrx_word' id='word_1_458' title='bbox 1311 3298 1539 3368; x_wconf 75' lang='lat' dir='ltr'><strong>iactant,</strong></span> <span class='ocrx_word' id='word_1_459' title='bbox 1577 3311 1674 3353; x_wconf 89' lang='lat' dir='ltr'><strong>eos</strong></span> <span class='ocrx_word' id='word_1_460' title='bbox 1706 3304 1917 3351; x_wconf 85' lang='lat' dir='ltr'><strong>teneret</strong></span> 
     </span>
    </p>
   </div>
   <div class='ocr_carea' id='block_1_62' title="bbox 328 3390 1919 3464">
    <p class='ocr_par' dir='ltr' id='par_1_62' title="bbox 328 3390 1919 3464">
     <span class='ocr_line' id='line_1_62' title="bbox 328 3390 1919 3464; baseline -0.006 -11"><span class='ocrx_word' id='word_1_461' title='bbox 328 3396 643 3463; x_wconf 81' lang='lat' dir='ltr'><strong>auctoritas,</strong></span> <span class='ocrx_word' id='word_1_462' title='bbox 667 3410 773 3450; x_wconf 87' lang='lat' dir='ltr'><strong>non</strong></span> <span class='ocrx_word' id='word_1_463' title='bbox 805 3394 979 3449; x_wconf 88' lang='lat' dir='ltr'><strong>solum</strong></span> <span class='ocrx_word' id='word_1_464' title='bbox 1007 3393 1316 3464; x_wconf 77' lang='lat' dir='ltr'><strong>evangelica</strong></span> <span class='ocrx_word' id='word_1_465' title='bbox 1353 3391 1553 3462; x_wconf 87' lang='lat' dir='ltr'><strong>scripta</strong></span> <span class='ocrx_word' id='word_1_466' title='bbox 1584 3390 1725 3446; x_wconf 89' lang='lat' dir='ltr'><strong>male</strong></span> <span class='ocrx_word' id='word_1_467' title='bbox 1755 3390 1919 3445; x_wconf 77' lang='lat' dir='ltr'><strong>fuisse</strong></span> 
     </span>
    </p>
   </div>
   <div class='ocr_carea' id='block_1_63' title="bbox 332 3482 1923 3557">
    <p class='ocr_par' dir='ltr' id='par_1_63' title="bbox 332 3482 1923 3557">
     <span class='ocr_line' id='line_1_63' title="bbox 332 3482 1923 3557; baseline -0.003 -15"><span class='ocrx_word' id='word_1_468' title='bbox 332 3488 673 3543; x_wconf 73' lang='lat' dir='ltr'><strong>a&#39;l‘hcodoro</strong></span> <span class='ocrx_word' id='word_1_469' title='bbox 701 3489 1049 3557; x_wconf 86' lang='lat' dir='ltr'><strong>interpretata</strong></span> <span class='ocrx_word' id='word_1_470' title='bbox 1081 3501 1185 3539; x_wconf 90' lang='lat' dir='ltr'><strong>non</strong></span> <span class='ocrx_word' id='word_1_471' title='bbox 1218 3486 1484 3549; x_wconf 87' lang='lat' dir='ltr'><strong>dicerent,</strong></span> <span class='ocrx_word' id='word_1_472' title='bbox 1519 3484 1570 3537; x_wconf 92' lang='lat' dir='ltr'><strong>in</strong></span> <span class='ocrx_word' id='word_1_473' title='bbox 1603 3482 1800 3554; x_wconf 88' lang='lat' dir='ltr'><strong>quibus</strong></span> <span class='ocrx_word' id='word_1_474' title='bbox 1830 3482 1923 3537; x_wconf 88' lang='lat' dir='ltr'><strong>ille</strong></span> 
     </span>
    </p>
   </div>
   <div class='ocr_carea' id='block_1_64' title="bbox 333 3572 1921 3650">
    <p class='ocr_par' dir='ltr' id='par_1_64' title="bbox 333 3572 1921 3650">
     <span class='ocr_line' id='line_1_64' title="bbox 333 3572 1921 3650; baseline -0.004 -16"><span class='ocrx_word' id='word_1_475' title='bbox 333 3579 601 3650; x_wconf 86' lang='lat' dir='ltr'><strong>perhibet,</strong></span> <span class='ocrx_word' id='word_1_476' title='bbox 633 3578 773 3633; x_wconf 90' lang='lat' dir='ltr'><strong>sicut</strong></span> <span class='ocrx_word' id='word_1_477' title='bbox 810 3577 1099 3643; x_wconf 73' lang='lat' dir='ltr'><strong>afﬁrmant,</strong></span> <span class='ocrx_word' id='word_1_478' title='bbox 1136 3575 1347 3631; x_wconf 87' lang='lat' dir='ltr'><strong>labores</strong></span> <span class='ocrx_word' id='word_1_479' title='bbox 1373 3574 1493 3645; x_wconf 85' lang='lat' dir='ltr'><strong>ejus</strong></span> <span class='ocrx_word' id='word_1_480' title='bbox 1522 3574 1725 3628; x_wconf 90' lang='lat' dir='ltr'><strong>nullum</strong></span> <span class='ocrx_word' id='word_1_481' title='bbox 1756 3572 1921 3628; x_wconf 73' lang='lat' dir='ltr'><strong>fuisse</strong></span> 
     </span>
    </p>
   </div>
   <div class='ocr_carea' id='block_1_65' title="bbox 331 3667 1922 3740">
    <p class='ocr_par' dir='ltr' id='par_1_65' title="bbox 331 3667 1922 3740">
     <span class='ocr_line' id='line_1_65' title="bbox 331 3667 1922 3740; baseline -0.004 -12"><span class='ocrx_word' id='word_1_482' title='bbox 331 3688 522 3728; x_wconf 85' lang='lat' dir='ltr'><strong>ausum</strong></span> <span class='ocrx_word' id='word_1_483' title='bbox 564 3672 863 3740; x_wconf 86' lang='lat' dir='ltr'><strong>increpare,</strong></span> <span class='ocrx_word' id='word_1_484' title='bbox 896 3670 993 3724; x_wconf 89' lang='lat' dir='ltr'><strong>sed</strong></span> <span class='ocrx_word' id='word_1_485' title='bbox 1036 3668 1226 3724; x_wconf 78' lang='lat' dir='ltr'><strong>dextro</strong></span> <span class='ocrx_word' id='word_1_486' title='bbox 1252 3668 1472 3723; x_wconf 91' lang='lat' dir='ltr'><strong>decreto</strong></span> <span class='ocrx_word' id='word_1_487' title='bbox 1501 3667 1768 3721; x_wconf 87' lang='lat' dir='ltr'><strong>honorare</strong></span> <span class='ocrx_word' id='word_1_488' title='bbox 1810 3677 1922 3722; x_wconf 88' lang='lat' dir='ltr'><strong>stu-</strong></span> 
     </span>
    </p>
   </div>
   <div class='ocr_carea' id='block_1_66' title="bbox 330 3760 1920 3832">
    <p class='ocr_par' dir='ltr' id='par_1_66' title="bbox 330 3760 1920 3832">
     <span class='ocr_line' id='line_1_66' title="bbox 330 3760 1920 3832; baseline -0.005 -13"><span class='ocrx_word' id='word_1_489' title='bbox 330 3764 482 3819; x_wconf 87' lang='lat' dir='ltr'><strong>dium</strong></span> <span class='ocrx_word' id='word_1_490' title='bbox 528 3775 798 3819; x_wconf 86' lang='lat' dir='ltr'><strong>rcctorum</strong></span> <span class='ocrx_word' id='word_1_491' title='bbox 846 3762 1157 3832; x_wconf 80' lang='lat' dir='ltr'><strong>dogmatum</strong></span> <span class='ocrx_word' id='word_1_492' title='bbox 1179 3760 1321 3831; x_wconf 92' lang='lat' dir='ltr'><strong>quod</strong></span> <span class='ocrx_word' id='word_1_493' title='bbox 1372 3761 1425 3814; x_wconf 92' lang='lat' dir='ltr'><strong>in</strong></span> <span class='ocrx_word' id='word_1_494' title='bbox 1457 3760 1536 3815; x_wconf 84' lang='lat' dir='ltr'><strong>eis</strong></span> <span class='ocrx_word' id='word_1_495' title='bbox 1570 3769 1689 3824; x_wconf 86' lang='lat' dir='ltr'><strong>est;</strong></span> <span class='ocrx_word' id='word_1_496' title='bbox 1737 3773 1920 3812; x_wconf 84' lang='lat' dir='ltr'><strong>verum</strong></span> 
     </span>
    </p>
   </div>
   <div class='ocr_carea' id='block_1_67' title="bbox 334 3851 1924 3926">
    <p class='ocr_par' dir='ltr' id='par_1_67' title="bbox 334 3851 1924 3926">
     <span class='ocr_line' id='line_1_67' title="bbox 334 3851 1924 3926; baseline -0.004 -15"><span class='ocrx_word' id='word_1_497' title='bbox 334 3857 501 3913; x_wconf 88' lang='lat' dir='ltr'><strong>etiam</strong></span> <span class='ocrx_word' id='word_1_498' title='bbox 535 3869 871 3926; x_wconf 67' lang='lat' dir='ltr'><strong>quaecunque</strong></span> <span class='ocrx_word' id='word_1_499' title='bbox 906 3856 958 3909; x_wconf 89' lang='lat' dir='ltr'><strong>in</strong></span> <span class='ocrx_word' id='word_1_500' title='bbox 982 3855 1105 3909; x_wconf 87' lang='lat' dir='ltr'><strong>aliis</strong></span> <span class='ocrx_word' id='word_1_501' title='bbox 1133 3853 1377 3923; x_wconf 82' lang='lat' dir='ltr'><strong>ejusdem</strong></span> <span class='ocrx_word' id='word_1_502' title='bbox 1408 3851 1679 3906; x_wconf 83' lang='lat' dir='ltr'><strong>Theodori</strong></span> <span class='ocrx_word' id='word_1_503' title='bbox 1709 3851 1924 3920; x_wconf 91' lang='lat' dir='ltr'><strong>scriptis</strong></span> 
     </span>
    </p>
   </div>
   <div class='ocr_carea' id='block_1_68' title="bbox 332 3943 1927 4018">
    <p class='ocr_par' dir='ltr' id='par_1_68' title="bbox 332 3943 1927 4018">
     <span class='ocr_line' id='line_1_68' title="bbox 332 3943 1927 4018; baseline -0.006 -13"><span class='ocrx_word' id='word_1_504' title='bbox 332 3947 529 4005; x_wconf 82' lang='lat' dir='ltr'><strong>similia</strong></span> <span class='ocrx_word' id='word_1_505' title='bbox 555 3962 661 4003; x_wconf 86' lang='lat' dir='ltr'><strong>non</strong></span> <span class='ocrx_word' id='word_1_506' title='bbox 693 3948 989 4018; x_wconf 86' lang='lat' dir='ltr'><strong>culparent,</strong></span> <span class='ocrx_word' id='word_1_507' title='bbox 1024 3945 1119 4001; x_wconf 89' lang='lat' dir='ltr'><strong>sed</strong></span> <span class='ocrx_word' id='word_1_508' title='bbox 1155 3943 1330 4015; x_wconf 87' lang='lat' dir='ltr'><strong>potius</strong></span> <span class='ocrx_word' id='word_1_509' title='bbox 1349 3958 1409 3999; x_wconf 89' lang='lat' dir='ltr'><strong>se</strong></span> <span class='ocrx_word' id='word_1_510' title='bbox 1439 3943 1723 3998; x_wconf 83' lang='lat' dir='ltr'><strong>crederent</strong></span> <span class='ocrx_word' id='word_1_511' title='bbox 1750 3943 1927 3996; x_wconf 90' lang='lat' dir='ltr'><strong>minus</strong></span> 
     </span>
    </p>
   </div>
   <div class='ocr_carea' id='block_1_69' title="bbox 334 4034 1928 4110">
    <p class='ocr_par' dir='ltr' id='par_1_69' title="bbox 334 4034 1928 4110">
     <span class='ocr_line' id='line_1_69' title="bbox 334 4034 1928 4110; baseline -0.006 -13"><span class='ocrx_word' id='word_1_512' title='bbox 334 4057 523 4097; x_wconf 86' lang='lat' dir='ltr'><strong>eorum</strong></span> <span class='ocrx_word' id='word_1_513' title='bbox 550 4041 814 4096; x_wconf 88' lang='lat' dir='ltr'><strong>rationem</strong></span> <span class='ocrx_word' id='word_1_514' title='bbox 848 4039 1084 4110; x_wconf 81' lang='lat' dir='ltr'><strong>potuisse</strong></span> <span class='ocrx_word' id='word_1_515' title='bbox 1111 4050 1472 4107; x_wconf 76' lang='lat' dir='ltr'><strong>cognoscere;</strong></span> <span class='ocrx_word' id='word_1_516' title='bbox 1503 4049 1591 4099; x_wconf 90' lang='lat' dir='ltr'><strong>ne,</strong></span> <span class='ocrx_word' id='word_1_517' title='bbox 1622 4034 1815 4087; x_wconf 68' lang='lat' dir='ltr'><strong>talibus</strong></span> <span class='ocrx_word' id='word_1_518' title='bbox 1849 4042 1928 4088; x_wconf 86' lang='lat' dir='ltr'><strong>te-</strong></span> 
     </span>
    </p>
   </div>
   <div class='ocr_carea' id='block_1_70' title="bbox 336 4123 1926 4204">
    <p class='ocr_par' dir='ltr' id='par_1_70' title="bbox 336 4123 1926 4204">
     <span class='ocr_line' id='line_1_70' title="bbox 336 4123 1926 4204; baseline -0.008 -14"><span class='ocrx_word' id='word_1_519' title='bbox 336 4149 488 4190; x_wconf 87' lang='lat' dir='ltr'><strong>mere</strong></span> <span class='ocrx_word' id='word_1_520' title='bbox 518 4134 853 4204; x_wconf 83' lang='lat' dir='ltr'><strong>improbatis,</strong></span> <span class='ocrx_word' id='word_1_521' title='bbox 886 4130 1285 4201; x_wconf 84' lang='lat' dir='ltr'><strong>consequenter</strong></span> <span class='ocrx_word' id='word_1_522' title='bbox 1324 4140 1378 4183; x_wconf 94' lang='lat' dir='ltr'><strong>et</strong></span> <span class='ocrx_word' id='word_1_523' title='bbox 1409 4127 1499 4181; x_wconf 87' lang='lat' dir='ltr'><strong>illa</strong></span> <span class='ocrx_word' id='word_1_524' title='bbox 1528 4140 1648 4196; x_wconf 72' lang='lat' dir='ltr'><strong>qua:</strong></span> <span class='ocrx_word' id='word_1_525' title='bbox 1680 4124 1731 4179; x_wconf 91' lang='lat' dir='ltr'><strong>in</strong></span> <span class='ocrx_word' id='word_1_526' title='bbox 1781 4123 1926 4178; x_wconf 85' lang='lat' dir='ltr'><strong>labo-</strong></span> 
     </span>
    </p>
   </div>
   <div class='ocr_carea' id='block_1_71' title="bbox 336 4217 1931 4299">
    <p class='ocr_par' dir='ltr' id='par_1_71' title="bbox 336 4217 1931 4299">
     <span class='ocr_line' id='line_1_71' title="bbox 336 4217 1931 4299; baseline -0.008 -16"><span class='ocrx_word' id='word_1_527' title='bbox 336 4228 486 4283; x_wconf 81' lang='lat' dir='ltr'><strong>ribus</strong></span> <span class='ocrx_word' id='word_1_528' title='bbox 518 4227 637 4299; x_wconf 84' lang='lat' dir='ltr'><strong>ejus</strong></span> <span class='ocrx_word' id='word_1_529' title='bbox 666 4242 696 4281; x_wconf 88' lang='lat' dir='ltr'><strong>a</strong></span> <span class='ocrx_word' id='word_1_530' title='bbox 728 4228 886 4282; x_wconf 81' lang='lat' dir='ltr'><strong>beato</strong></span> <span class='ocrx_word' id='word_1_531' title='bbox 921 4224 1125 4294; x_wconf 76' lang='lat' dir='ltr'><strong>Cyrillo</strong></span> <span class='ocrx_word' id='word_1_532' title='bbox 1156 4221 1448 4292; x_wconf 85' lang='lat' dir='ltr'><strong>approbata</strong></span> <span class='ocrx_word' id='word_1_533' title='bbox 1476 4233 1597 4273; x_wconf 90' lang='lat' dir='ltr'><strong>esse</strong></span> <span class='ocrx_word' id='word_1_534' title='bbox 1631 4230 1734 4271; x_wconf 91' lang='lat' dir='ltr'><strong>non</strong></span> <span class='ocrx_word' id='word_1_535' title='bbox 1766 4217 1931 4271; x_wconf 90' lang='lat' dir='ltr'><strong>dene-</strong></span> 
     </span>
    </p>
   </div>
   <div class='ocr_carea' id='block_1_72' title="bbox 337 4310 1932 4392">
    <p class='ocr_par' dir='ltr' id='par_1_72' title="bbox 337 4310 1932 4392">
     <span class='ocr_line' id='line_1_72' title="bbox 337 4310 1932 4392; baseline -0.007 -16"><span class='ocrx_word' id='word_1_536' title='bbox 337 4330 487 4392; x_wconf 71' lang='lat' dir='ltr'><strong>gant,</strong></span> <span class='ocrx_word' id='word_1_537' title='bbox 534 4321 760 4392; x_wconf 85' lang='lat' dir='ltr'><strong>culpare</strong></span> <span class='ocrx_word' id='word_1_538' title='bbox 815 4334 911 4390; x_wconf 92' lang='lat' dir='ltr'><strong>pro</strong></span> <span class='ocrx_word' id='word_1_539' title='bbox 955 4316 1311 4372; x_wconf 88' lang='lat' dir='ltr'><strong>similitudine</strong></span> <span class='ocrx_word' id='word_1_540' title='bbox 1351 4314 1683 4369; x_wconf 81' lang='lat' dir='ltr'><strong>viderentur.</strong></span> <span class='ocrx_word' id='word_1_541' title='bbox 1736 4310 1792 4366; x_wconf 89' lang='lat' dir='ltr'><strong>Si</strong></span> <span class='ocrx_word' id='word_1_542' title='bbox 1836 4324 1932 4365; x_wconf 85' lang='lat' dir='ltr'><strong>au-</strong></span> 
     </span>
    </p>
   </div>
   <div class='ocr_carea' id='block_1_73' title="bbox 341 4409 1926 4485">
    <p class='ocr_par' dir='ltr' id='par_1_73' title="bbox 341 4409 1926 4485">
     <span class='ocr_line' id='line_1_73' title="bbox 341 4409 1926 4485; baseline -0.008 -15"><span class='ocrx_word' id='word_1_543' title='bbox 341 4425 446 4471; x_wconf 76' lang='lat' dir='ltr'><strong>tem</strong></span> <span class='ocrx_word' id='word_1_544' title='bbox 473 4416 597 4485; x_wconf 85' lang='lat' dir='ltr'><strong>quia</strong></span> <span class='ocrx_word' id='word_1_545' title='bbox 624 4414 971 4470; x_wconf 81' lang='lat' dir='ltr'><strong>Nestorianus</strong></span> <span class='ocrx_word' id='word_1_546' title='bbox 1002 4426 1158 4467; x_wconf 90' lang='lat' dir='ltr'><strong>error</strong></span> <span class='ocrx_word' id='word_1_547' title='bbox 1187 4409 1486 4474; x_wconf 89' lang='lat' dir='ltr'><strong>Christum,</strong></span> <span class='ocrx_word' id='word_1_548' title='bbox 1521 4422 1627 4462; x_wconf 91' lang='lat' dir='ltr'><strong>non</strong></span> <span class='ocrx_word' id='word_1_549' title='bbox 1675 4414 1926 4476; x_wconf 87' lang='lat' dir='ltr'><strong>tanquam</strong></span> 
     </span>
    </p>
   </div>
   <div class='ocr_carea' id='block_1_74' title="bbox 340 4498 1928 4575">
    <p class='ocr_par' dir='ltr' id='par_1_74' title="bbox 340 4498 1928 4575">
     <span class='ocr_line' id='line_1_74' title="bbox 340 4498 1928 4575; baseline -0.011 -10"><span class='ocrx_word' id='word_1_550' title='bbox 340 4509 437 4565; x_wconf 88' lang='lat' dir='ltr'><strong>Dei</strong></span> <span class='ocrx_word' id='word_1_551' title='bbox 469 4508 687 4575; x_wconf 82' lang='lat' dir='ltr'><strong>Filium,</strong></span> <span class='ocrx_word' id='word_1_552' title='bbox 728 4516 783 4563; x_wconf 89' lang='lat' dir='ltr'><strong>et</strong></span> <span class='ocrx_word' id='word_1_553' title='bbox 810 4518 934 4561; x_wconf 86' lang='lat' dir='ltr'><strong>ante</strong></span> <span class='ocrx_word' id='word_1_554' title='bbox 977 4518 1191 4559; x_wconf 89' lang='lat' dir='ltr'><strong>omnem</strong></span> <span class='ocrx_word' id='word_1_555' title='bbox 1238 4512 1539 4557; x_wconf 86' lang='lat' dir='ltr'><strong>creaturam</strong></span> <span class='ocrx_word' id='word_1_556' title='bbox 1585 4498 1928 4561; x_wconf 79' lang='lat' dir='ltr'><strong>existentem,</strong></span> 
     </span>
    </p>
   </div>
   <div class='ocr_carea' id='block_1_75' title="bbox 2024 3281 3616 3360">
    <p class='ocr_par' dir='ltr' id='par_1_75' title="bbox 2024 3281 3616 3360">
     <span class='ocr_line' id='line_1_75' title="bbox 2024 3281 3616 3360; baseline -0.006 -15"><span class='ocrx_word' id='word_1_557' title='bbox 2024 3290 2198 3346; x_wconf 88' lang='lat' dir='ltr'><strong>suisse</strong></span> <span class='ocrx_word' id='word_1_558' title='bbox 2227 3287 2527 3360; x_wconf 81' lang='lat' dir='ltr'><strong>perhibent,</strong></span> <span class='ocrx_word' id='word_1_559' title='bbox 2559 3285 2830 3357; x_wconf 90' lang='lat' dir='ltr'><strong>quomodo</strong></span> <span class='ocrx_word' id='word_1_560' title='bbox 2862 3300 2968 3339; x_wconf 85' lang='lat' dir='ltr'><strong>non</strong></span> <span class='ocrx_word' id='word_1_561' title='bbox 3011 3290 3197 3337; x_wconf 87' lang='lat' dir='ltr'><strong>contra</strong></span> <span class='ocrx_word' id='word_1_562' title='bbox 3226 3281 3345 3351; x_wconf 87' lang='lat' dir='ltr'><strong>ejus</strong></span> <span class='ocrx_word' id='word_1_563' title='bbox 3371 3282 3616 3337; x_wconf 72' lang='lat' dir='ltr'><strong>testiino-</strong></span> 
     </span>
    </p>
   </div>
   <div class='ocr_carea' id='block_1_76' title="bbox 2026 3373 3612 3448">
    <p class='ocr_par' dir='ltr' id='par_1_76' title="bbox 2026 3373 3612 3448">
     <span class='ocr_line' id='line_1_76' title="bbox 2026 3373 3612 3448; baseline -0.007 -10"><span class='ocrx_word' id='word_1_564' title='bbox 2026 3384 2171 3438; x_wconf 91' lang='lat' dir='ltr'><strong>nium</strong></span> <span class='ocrx_word' id='word_1_565' title='bbox 2224 3380 2523 3436; x_wconf 87' lang='lat' dir='ltr'><strong>aftirmatur</strong></span> <span class='ocrx_word' id='word_1_566' title='bbox 2578 3378 2719 3448; x_wconf 89' lang='lat' dir='ltr'><strong>quod</strong></span> <span class='ocrx_word' id='word_1_567' title='bbox 2780 3376 2920 3432; x_wconf 92' lang='lat' dir='ltr'><strong>idem</strong></span> <span class='ocrx_word' id='word_1_568' title='bbox 2968 3373 3285 3431; x_wconf 78' lang='lat' dir='ltr'><strong>Theodorus</strong></span> <span class='ocrx_word' id='word_1_569' title='bbox 3334 3373 3612 3444; x_wconf 79' lang='lat' dir='ltr'><strong>negaverit</strong></span> 
     </span>
    </p>
   </div>
   <div class='ocr_carea' id='block_1_77' title="bbox 2024 3464 3612 3536">
    <p class='ocr_par' dir='ltr' id='par_1_77' title="bbox 2024 3464 3612 3536">
     <span class='ocr_line' id='line_1_77' title="bbox 2024 3464 3612 3536; baseline -0.008 -6"><span class='ocrx_word' id='word_1_570' title='bbox 2024 3474 2362 3536; x_wconf 84' lang='lat' dir='ltr'><strong>Trinitatem,</strong></span> <span class='ocrx_word' id='word_1_571' title='bbox 2392 3481 2445 3525; x_wconf 92' lang='lat' dir='ltr'><strong>et</strong></span> <span class='ocrx_word' id='word_1_572' title='bbox 2471 3484 2628 3524; x_wconf 91' lang='lat' dir='ltr'><strong>uuam</strong></span> <span class='ocrx_word' id='word_1_573' title='bbox 2661 3469 2820 3523; x_wconf 90' lang='lat' dir='ltr'><strong>trium</strong></span> <span class='ocrx_word' id='word_1_574' title='bbox 2852 3466 3100 3523; x_wconf 86' lang='lat' dir='ltr'><strong>docuerit</strong></span> <span class='ocrx_word' id='word_1_575' title='bbox 3130 3480 3252 3521; x_wconf 90' lang='lat' dir='ltr'><strong>esse</strong></span> <span class='ocrx_word' id='word_1_576' title='bbox 3292 3464 3612 3536; x_wconf 83' lang='lat' dir='ltr'><strong>personam?</strong></span> 
     </span>
    </p>
   </div>
   <div class='ocr_carea' id='block_1_78' title="bbox 2032 3557 3613 3625">
    <p class='ocr_par' dir='ltr' id='par_1_78' title="bbox 2032 3557 3613 3625">
     <span class='ocr_line' id='line_1_78' title="bbox 2032 3557 3613 3625; baseline -0.006 -5"><span class='ocrx_word' id='word_1_577' title='bbox 2032 3585 2053 3619; x_wconf 75' lang='grc' dir='ltr'><strong><em>ι</em></strong></span> <span class='ocrx_word' id='word_1_578' title='bbox 2087 3566 2344 3620; x_wconf 79' lang='lat' dir='ltr'><strong>Dixerunt</strong></span> <span class='ocrx_word' id='word_1_579' title='bbox 2365 3564 2540 3619; x_wconf 88' lang='lat' dir='ltr'><strong>enim:</strong></span> <span class='ocrx_word' id='word_1_580' title='bbox 2565 3561 2969 3625; x_wconf 84' lang='lat' dir='ltr'><strong>Verumtamen,</strong></span> <span class='ocrx_word' id='word_1_581' title='bbox 3001 3568 3057 3614; x_wconf 92' lang='lat' dir='ltr'><strong>ut</strong></span> <span class='ocrx_word' id='word_1_582' title='bbox 3087 3574 3274 3615; x_wconf 87' lang='lat' dir='ltr'><strong>omnes</strong></span> <span class='ocrx_word' id='word_1_583' title='bbox 3299 3557 3613 3622; x_wconf 87' lang='lat' dir='ltr'><strong>Christiani,</strong></span> 
     </span>
    </p>
   </div>
   <div class='ocr_carea' id='block_1_79' title="bbox 2026 3648 3614 3725">
    <p class='ocr_par' dir='ltr' id='par_1_79' title="bbox 2026 3648 3614 3725">
     <span class='ocr_line' id='line_1_79' title="bbox 2026 3648 3614 3725; baseline -0.007 -11"><span class='ocrx_word' id='word_1_584' title='bbox 2026 3656 2302 3714; x_wconf 81' lang='lat' dir='ltr'><strong>Theodori</strong></span> <span class='ocrx_word' id='word_1_585' title='bbox 2335 3656 2593 3711; x_wconf 89' lang='lat' dir='ltr'><strong>insaniam</strong></span> <span class='ocrx_word' id='word_1_586' title='bbox 2625 3662 3036 3725; x_wconf 78' lang='lat' dir='ltr'><strong>cognoscentes,</strong></span> <span class='ocrx_word' id='word_1_587' title='bbox 3084 3667 3190 3707; x_wconf 91' lang='lat' dir='ltr'><strong>non</strong></span> <span class='ocrx_word' id='word_1_588' title='bbox 3234 3648 3614 3706; x_wconf 82' lang='lat' dir='ltr'><strong>circumferan-</strong></span> 
     </span>
    </p>
   </div>
   <div class='ocr_carea' id='block_1_80' title="bbox 2028 3741 3615 3819">
    <p class='ocr_par' dir='ltr' id='par_1_80' title="bbox 2028 3741 3615 3819">
     <span class='ocr_line' id='line_1_80' title="bbox 2028 3741 3615 3819; baseline -0.006 -14"><span class='ocrx_word' id='word_1_589' title='bbox 2028 3759 2114 3805; x_wconf 90' lang='lat' dir='ltr'><strong>tur</strong></span> <span class='ocrx_word' id='word_1_590' title='bbox 2142 3750 2316 3819; x_wconf 91' lang='lat' dir='ltr'><strong>impiis</strong></span> <span class='ocrx_word' id='word_1_591' title='bbox 2350 3748 2492 3802; x_wconf 90' lang='lat' dir='ltr'><strong>illius</strong></span> <span class='ocrx_word' id='word_1_592' title='bbox 2521 3746 2805 3810; x_wconf 90' lang='lat' dir='ltr'><strong>doctrinis,</strong></span> <span class='ocrx_word' id='word_1_593' title='bbox 2841 3760 2999 3814; x_wconf 78' lang='lat' dir='ltr'><strong>parva</strong></span> <span class='ocrx_word' id='word_1_594' title='bbox 3030 3758 3093 3799; x_wconf 80' lang='lat' dir='ltr'><strong>ex</strong></span> <span class='ocrx_word' id='word_1_595' title='bbox 3121 3743 3239 3812; x_wconf 85' lang='lat' dir='ltr'><strong>ejus</strong></span> <span class='ocrx_word' id='word_1_596' title='bbox 3266 3741 3615 3814; x_wconf 81' lang='lat' dir='ltr'><strong>blasphemiis</strong></span> 
     </span>
    </p>
   </div>
   <div class='ocr_carea' id='block_1_81' title="bbox 2030 3831 3617 3907">
    <p class='ocr_par' dir='ltr' id='par_1_81' title="bbox 2030 3831 3617 3907">
     <span class='ocr_line' id='line_1_81' title="bbox 2030 3831 3617 3907; baseline -0.006 -13"><span class='ocrx_word' id='word_1_597' title='bbox 2030 3838 2374 3907; x_wconf 89' lang='lat' dir='ltr'><strong>conscriptis,</strong></span> <span class='ocrx_word' id='word_1_598' title='bbox 2409 3839 2462 3891; x_wconf 90' lang='lat' dir='ltr'><strong>in</strong></span> <span class='ocrx_word' id='word_1_599' title='bbox 2495 3838 2726 3890; x_wconf 83' lang='lat' dir='ltr'><strong>conficto</strong></span> <span class='ocrx_word' id='word_1_600' title='bbox 2756 3835 2825 3889; x_wconf 88' lang='lat' dir='ltr'><strong>ah</strong></span> <span class='ocrx_word' id='word_1_601' title='bbox 2854 3850 2920 3889; x_wconf 89' lang='lat' dir='ltr'><strong>eo</strong></span> <span class='ocrx_word' id='word_1_602' title='bbox 2949 3833 3217 3904; x_wconf 83' lang='lat' dir='ltr'><strong>symbolo,</strong></span> <span class='ocrx_word' id='word_1_603' title='bbox 3248 3831 3501 3901; x_wconf 66' lang='lat' dir='ltr'><strong>praisenti</strong></span> <span class='ocrx_word' id='word_1_604' title='bbox 3522 3846 3617 3885; x_wconf 78' lang='lat' dir='ltr'><strong>no-</strong></span> 
     </span>
    </p>
   </div>
   <div class='ocr_carea' id='block_1_82' title="bbox 2032 3921 3619 3996">
    <p class='ocr_par' dir='ltr' id='par_1_82' title="bbox 2032 3921 3619 3996">
     <span class='ocr_line' id='line_1_82' title="bbox 2032 3921 3619 3996; baseline -0.007 -11"><span class='ocrx_word' id='word_1_605' title='bbox 2032 3942 2147 3985; x_wconf 79' lang='lat' dir='ltr'><strong>Stro</strong></span> <span class='ocrx_word' id='word_1_606' title='bbox 2178 3930 2466 3983; x_wconf 90' lang='lat' dir='ltr'><strong>indidimus</strong></span> <span class='ocrx_word' id='word_1_607' title='bbox 2499 3928 2657 3993; x_wconf 88' lang='lat' dir='ltr'><strong>libro,</strong></span> <span class='ocrx_word' id='word_1_608' title='bbox 2680 3941 2799 3996; x_wconf 78' lang='lat' dir='ltr'><strong>quae</strong></span> <span class='ocrx_word' id='word_1_609' title='bbox 2827 3932 3076 3980; x_wconf 85' lang='lat' dir='ltr'><strong>constant</strong></span> <span class='ocrx_word' id='word_1_610' title='bbox 3105 3923 3157 3978; x_wconf 93' lang='lat' dir='ltr'><strong>iu</strong></span> <span class='ocrx_word' id='word_1_611' title='bbox 3182 3922 3310 3993; x_wconf 91' lang='lat' dir='ltr'><strong>ipsis</strong></span> <span class='ocrx_word' id='word_1_612' title='bbox 3347 3921 3619 3977; x_wconf 89' lang='lat' dir='ltr'><strong>sermoni-</strong></span> 
     </span>
    </p>
   </div>
   <div class='ocr_carea' id='block_1_83' title="bbox 2032 4013 3620 4087">
    <p class='ocr_par' dir='ltr' id='par_1_83' title="bbox 2032 4013 3620 4087">
     <span class='ocr_line' id='line_1_83' title="bbox 2032 4013 3620 4087; baseline -0.007 -8"><span class='ocrx_word' id='word_1_613' title='bbox 2032 4026 2130 4079; x_wconf 92' lang='lat' dir='ltr'><strong>bus</strong></span> <span class='ocrx_word' id='word_1_614' title='bbox 2156 4040 2168 4076; x_wconf 90' lang='lat'><strong>:</strong></span> <span class='ocrx_word' id='word_1_615' title='bbox 2194 4022 2523 4077; x_wconf 78' lang='lat' dir='ltr'><strong>Conﬁtentur</strong></span> <span class='ocrx_word' id='word_1_616' title='bbox 2552 4019 2764 4074; x_wconf 90' lang='lat' dir='ltr'><strong>Patrem</strong></span> <span class='ocrx_word' id='word_1_617' title='bbox 2791 4028 2816 4055; x_wconf 79' lang='grc' dir='ltr'>ἰ</span> <span class='ocrx_word' id='word_1_618' title='bbox 2846 4018 3141 4087; x_wconf 84' lang='lat' dir='ltr'><strong>perfectum</strong></span> <span class='ocrx_word' id='word_1_619' title='bbox 3174 4030 3428 4087; x_wconf 88' lang='lat' dir='ltr'><strong>persona,</strong></span> <span class='ocrx_word' id='word_1_620' title='bbox 3453 4026 3504 4070; x_wconf 92' lang='lat' dir='ltr'><strong>et</strong></span> <span class='ocrx_word' id='word_1_621' title='bbox 3532 4013 3620 4069; x_wconf 72' lang='lat' dir='ltr'><strong>Fi~</strong></span> 
     </span>
    </p>
   </div>
   <div class='ocr_carea' id='block_1_84' title="bbox 2034 4104 3623 4181">
    <p class='ocr_par' dir='ltr' id='par_1_84' title="bbox 2034 4104 3623 4181">
     <span class='ocr_line' id='line_1_84' title="bbox 2034 4104 3623 4181; baseline -0.005 -9"><span class='ocrx_word' id='word_1_622' title='bbox 2034 4117 2163 4172; x_wconf 87' lang='lat' dir='ltr'><strong>lium</strong></span> <span class='ocrx_word' id='word_1_623' title='bbox 2215 4114 2481 4179; x_wconf 82' lang='lat' dir='ltr'><strong>similiter,</strong></span> <span class='ocrx_word' id='word_1_624' title='bbox 2536 4124 2590 4167; x_wconf 91' lang='lat' dir='ltr'><strong>et</strong></span> <span class='ocrx_word' id='word_1_625' title='bbox 2649 4112 2905 4181; x_wconf 81' lang='lat' dir='ltr'><strong>Spiritum</strong></span> <span class='ocrx_word' id='word_1_626' title='bbox 2955 4122 3197 4165; x_wconf 89' lang='lat' dir='ltr'><strong>sanctum</strong></span> <span class='ocrx_word' id='word_1_627' title='bbox 3249 4106 3446 4163; x_wconf 87' lang='lat' dir='ltr'><strong>ibidem</strong></span> <span class='ocrx_word' id='word_1_628' title='bbox 3472 4106 3512 4162; x_wconf 83' lang='grc'><strong>³.</strong></span> <span class='ocrx_word' id='word_1_629' title='bbox 3557 4104 3623 4164; x_wconf 81' lang='lat' dir='ltr'><strong>Et</strong></span> 
     </span>
    </p>
   </div>
   <div class='ocr_carea' id='block_1_85' title="bbox 2036 4196 3621 4279">
    <p class='ocr_par' dir='ltr' id='par_1_85' title="bbox 2036 4196 3621 4279">
     <span class='ocr_line' id='line_1_85' title="bbox 2036 4196 3621 4279; baseline -0.009 -16"><span class='ocrx_word' id='word_1_630' title='bbox 2036 4209 2152 4263; x_wconf 62' lang='lat' dir='ltr'><strong>haec</strong></span> <span class='ocrx_word' id='word_1_631' title='bbox 2180 4206 2392 4279; x_wconf 90' lang='lat' dir='ltr'><strong>quidem</strong></span> <span class='ocrx_word' id='word_1_632' title='bbox 2424 4203 2738 4259; x_wconf 83' lang='lat' dir='ltr'><strong>Theodorus</strong></span> <span class='ocrx_word' id='word_1_633' title='bbox 2768 4201 2981 4271; x_wconf 82' lang='lat' dir='ltr'><strong>impius.</strong></span> <span class='ocrx_word' id='word_1_634' title='bbox 3013 4201 3238 4267; x_wconf 84' lang='lat' dir='ltr'><strong>Oportet</strong></span> <span class='ocrx_word' id='word_1_635' title='bbox 3274 4206 3451 4251; x_wconf 87' lang='lat' dir='ltr'><strong>autem</strong></span> <span class='ocrx_word' id='word_1_636' title='bbox 3480 4196 3621 4250; x_wconf 80' lang='lat' dir='ltr'><strong>audi-</strong></span> 
     </span>
    </p>
   </div>
   <div class='ocr_carea' id='block_1_86' title="bbox 2036 4289 3624 4368">
    <p class='ocr_par' dir='ltr' id='par_1_86' title="bbox 2036 4289 3624 4368">
     <span class='ocr_line' id='line_1_86' title="bbox 2036 4289 3624 4368; baseline -0.008 -12"><span class='ocrx_word' id='word_1_637' title='bbox 2036 4310 2206 4358; x_wconf 89' lang='lat' dir='ltr'><strong>torem</strong></span> <span class='ocrx_word' id='word_1_638' title='bbox 2236 4298 2505 4368; x_wconf 79' lang='lat' dir='ltr'><strong>inSpicere</strong></span> <span class='ocrx_word' id='word_1_639' title='bbox 2533 4296 2653 4368; x_wconf 81' lang='lat' dir='ltr'><strong>quia</strong></span> <span class='ocrx_word' id='word_1_640' title='bbox 2678 4296 2729 4349; x_wconf 92' lang='lat' dir='ltr'><strong>in</strong></span> <span class='ocrx_word' id='word_1_641' title='bbox 2758 4302 2941 4349; x_wconf 86' lang='lat' dir='ltr'><strong>sancta</strong></span> <span class='ocrx_word' id='word_1_642' title='bbox 2971 4291 3248 4347; x_wconf 90' lang='lat' dir='ltr'><strong>Trinitatis</strong></span> <span class='ocrx_word' id='word_1_643' title='bbox 3277 4304 3505 4361; x_wconf 87' lang='lat' dir='ltr'><strong>persona</strong></span> <span class='ocrx_word' id='word_1_644' title='bbox 3538 4289 3624 4343; x_wconf 84' lang='lat' dir='ltr'><strong>di—</strong></span> 
     </span>
    </p>
   </div>
   <div class='ocr_carea' id='block_1_87' title="bbox 2037 4381 3627 4455">
    <p class='ocr_par' dir='ltr' id='par_1_87' title="bbox 2037 4381 3627 4455">
     <span class='ocr_line' id='line_1_87' title="bbox 2037 4381 3627 4455; baseline -0.009 -4"><span class='ocrx_word' id='word_1_645' title='bbox 2037 4409 2166 4451; x_wconf 88' lang='lat' dir='ltr'><strong>cens</strong></span> <span class='ocrx_word' id='word_1_646' title='bbox 2193 4392 2444 4448; x_wconf 88' lang='lat' dir='ltr'><strong>similiter</strong></span> <span class='ocrx_word' id='word_1_647' title='bbox 2486 4399 2541 4445; x_wconf 84' lang='lat' dir='ltr'><strong>et</strong></span> <span class='ocrx_word' id='word_1_648' title='bbox 2571 4388 2767 4443; x_wconf 88' lang='lat' dir='ltr'><strong>ibidem</strong></span> <span class='ocrx_word' id='word_1_649' title='bbox 2792 4386 2836 4454; x_wconf 68' lang='lat'><strong>‘,</strong></span> <span class='ocrx_word' id='word_1_650' title='bbox 2860 4401 3022 4441; x_wconf 88' lang='lat' dir='ltr'><strong>unam</strong></span> <span class='ocrx_word' id='word_1_651' title='bbox 3064 4398 3348 4455; x_wconf 83' lang='lat' dir='ltr'><strong>personam</strong></span> <span class='ocrx_word' id='word_1_652' title='bbox 3380 4381 3627 4438; x_wconf 81' lang='lat' dir='ltr'><strong>ostendi—</strong></span> 
     </span>
    </p>
   </div>
   <div class='ocr_carea' id='block_1_88' title="bbox 2041 4475 3626 4545">
    <p class='ocr_par' dir='ltr' id='par_1_88' title="bbox 2041 4475 3626 4545">
     <span class='ocr_line' id='line_1_88' title="bbox 2041 4475 3626 4545; baseline -0.011 0"><span class='ocrx_word' id='word_1_653' title='bbox 2041 4497 2128 4545; x_wconf 89' lang='lat' dir='ltr'><strong>tur</strong></span> <span class='ocrx_word' id='word_1_654' title='bbox 2157 4486 2340 4541; x_wconf 89' lang='lat' dir='ltr'><strong>dicere</strong></span> <span class='ocrx_word' id='word_1_655' title='bbox 2372 4483 2534 4538; x_wconf 90' lang='lat' dir='ltr'><strong>trium</strong></span> <span class='ocrx_word' id='word_1_656' title='bbox 2566 4482 2841 4536; x_wconf 88' lang='lat' dir='ltr'><strong>nominum</strong></span> <span class='ocrx_word' id='word_1_657' title='bbox 2874 4485 3073 4534; x_wconf 74' lang='lat' dir='ltr'><strong>sancta:</strong></span> <span class='ocrx_word' id='word_1_658' title='bbox 3104 4475 3403 4541; x_wconf 87' lang='lat' dir='ltr'><strong>Trinitatis,</strong></span> <span class='ocrx_word' id='word_1_659' title='bbox 3433 4488 3626 4529; x_wconf 88' lang='lat' dir='ltr'><strong>secun-</strong></span> 
     </span>
    </p>
   </div>
   <div class='ocr_carea' id='block_1_89' title="bbox 340 4566 3626 4670">
    <p class='ocr_par' dir='ltr' id='par_1_89' title="bbox 340 4566 3626 4670">
     <span class='ocr_line' id='line_1_89' title="bbox 340 4566 3626 4670; baseline -0.011 -14"><span class='ocrx_word' id='word_1_660' title='bbox 340 4612 397 4657; x_wconf 90' lang='lat' dir='ltr'><strong>et</strong></span> <span class='ocrx_word' id='word_1_661' title='bbox 436 4600 676 4655; x_wconf 88' lang='lat' dir='ltr'><strong>omnium</strong></span> <span class='ocrx_word' id='word_1_662' title='bbox 711 4612 833 4669; x_wconf 66' lang='lat' dir='ltr'><strong>qua:</strong></span> <span class='ocrx_word' id='word_1_663' title='bbox 859 4608 983 4652; x_wconf 90' lang='lat' dir='ltr'><strong>sunt</strong></span> <span class='ocrx_word' id='word_1_664' title='bbox 1027 4596 1275 4666; x_wconf 90' lang='lat' dir='ltr'><strong>opificem</strong></span> <span class='ocrx_word' id='word_1_665' title='bbox 1302 4593 1499 4659; x_wconf 87' lang='lat' dir='ltr'><strong>credit,</strong></span> <span class='ocrx_word' id='word_1_666' title='bbox 1530 4591 1653 4647; x_wconf 90' lang='lat' dir='ltr'><strong>ideo</strong></span> <span class='ocrx_word' id='word_1_667' title='bbox 1682 4588 1931 4645; x_wconf 84' lang='lat' dir='ltr'><strong>Theodo-</strong></span> <span class='ocrx_word' id='word_1_668' title='bbox 1959 4608 2013 4670; x_wconf 70' lang='grc' dir='ltr'><strong>υ</strong></span> <span class='ocrx_word' id='word_1_669' title='bbox 2040 4582 2165 4635; x_wconf 84' lang='lat' dir='ltr'><strong>dum</strong></span> <span class='ocrx_word' id='word_1_670' title='bbox 2215 4577 2435 4635; x_wconf 88' lang='lat' dir='ltr'><strong>Sabellii</strong></span> <span class='ocrx_word' id='word_1_671' title='bbox 2482 4574 2764 4630; x_wconf 87' lang='lat' dir='ltr'><strong>insaniam.</strong></span> <span class='ocrx_word' id='word_1_672' title='bbox 2799 4590 2817 4624; x_wconf 70' lang='grc' dir='ltr'><strong>ι</strong></span> <span class='ocrx_word' id='word_1_673' title='bbox 2853 4570 3114 4638; x_wconf 86' lang='lat' dir='ltr'><strong>Queniam</strong></span> <span class='ocrx_word' id='word_1_674' title='bbox 3154 4582 3287 4637; x_wconf 65' lang='lat' dir='ltr'><strong>ergo</strong></span> <span class='ocrx_word' id='word_1_675' title='bbox 3331 4566 3626 4670; x_wconf 74' lang='lat' dir='ltr'><strong>dixerunt;</strong></span> 
     </span>
    </p>
   </div>
   <div class='ocr_carea' id='block_1_90' title="bbox 342 4686 1932 4757">
    <p class='ocr_par' dir='ltr' id='par_1_90' title="bbox 342 4686 1932 4757">
     <span class='ocr_line' id='line_1_90' title="bbox 342 4686 1932 4757; baseline -0.006 -7"><span class='ocrx_word' id='word_1_676' title='bbox 342 4710 461 4751; x_wconf 88' lang='lat' dir='ltr'><strong>rum</strong></span> <span class='ocrx_word' id='word_1_677' title='bbox 502 4692 1024 4756; x_wconf 85' lang='lat' dir='ltr'><strong>condemnaverunt,</strong></span> <span class='ocrx_word' id='word_1_678' title='bbox 1058 4690 1205 4745; x_wconf 72' lang='lat' dir='ltr'><strong>velut</strong></span> <span class='ocrx_word' id='word_1_679' title='bbox 1242 4688 1437 4743; x_wconf 86' lang='lat' dir='ltr'><strong>similia</strong></span> <span class='ocrx_word' id='word_1_680' title='bbox 1469 4686 1789 4757; x_wconf 82' lang='lat' dir='ltr'><strong>sapientem,</strong></span> <span class='ocrx_word' id='word_1_681' title='bbox 1834 4700 1932 4741; x_wconf 88' lang='lat' dir='ltr'><strong>ne-</strong></span> 
     </span>
    </p>
   </div>
   <div class='ocr_carea' id='block_1_91' title="bbox 343 4780 1935 4856">
    <p class='ocr_par' dir='ltr' id='par_1_91' title="bbox 343 4780 1935 4856">
     <span class='ocr_line' id='line_1_91' title="bbox 343 4780 1935 4856; baseline -0.004 -14"><span class='ocrx_word' id='word_1_682' title='bbox 343 4786 578 4842; x_wconf 80' lang='lat' dir='ltr'><strong>cessario</strong></span> <span class='ocrx_word' id='word_1_683' title='bbox 606 4788 844 4856; x_wconf 89' lang='lat' dir='ltr'><strong>sequitur</strong></span> <span class='ocrx_word' id='word_1_684' title='bbox 876 4794 934 4840; x_wconf 92' lang='lat' dir='ltr'><strong>ut</strong></span> <span class='ocrx_word' id='word_1_685' title='bbox 953 4786 1075 4855; x_wconf 86' lang='lat' dir='ltr'><strong>quia</strong></span> <span class='ocrx_word' id='word_1_686' title='bbox 1103 4784 1358 4854; x_wconf 88' lang='lat' dir='ltr'><strong>probatus</strong></span> <span class='ocrx_word' id='word_1_687' title='bbox 1386 4791 1472 4838; x_wconf 90' lang='lat' dir='ltr'><strong>est</strong></span> <span class='ocrx_word' id='word_1_688' title='bbox 1509 4782 1653 4837; x_wconf 90' lang='lat' dir='ltr'><strong>idem</strong></span> <span class='ocrx_word' id='word_1_689' title='bbox 1685 4780 1935 4837; x_wconf 84' lang='lat' dir='ltr'><strong>Theodo-</strong></span> 
     </span>
    </p>
   </div>
   <div class='ocr_carea' id='block_1_92' title="bbox 346 4876 1929 4947">
    <p class='ocr_par' dir='ltr' id='par_1_92' title="bbox 346 4876 1929 4947">
     <span class='ocr_line' id='line_1_92' title="bbox 346 4876 1929 4947; baseline -0.003 -13"><span class='ocrx_word' id='word_1_690' title='bbox 346 4892 462 4943; x_wconf 84' lang='lat' dir='ltr'><strong>rus,</strong></span> <span class='ocrx_word' id='word_1_691' title='bbox 492 4878 762 4933; x_wconf 78' lang='lat' dir='ltr'><strong>Christum</strong></span> <span class='ocrx_word' id='word_1_692' title='bbox 794 4877 888 4933; x_wconf 90' lang='lat' dir='ltr'><strong>Dei</strong></span> <span class='ocrx_word' id='word_1_693' title='bbox 916 4877 955 4932; x_wconf 84' lang='lat' dir='ltr'><strong>F</strong></span> <span class='ocrx_word' id='word_1_694' title='bbox 960 4878 1130 4941; x_wconf 92' lang='lat' dir='ltr'><strong>ilium,</strong></span> <span class='ocrx_word' id='word_1_695' title='bbox 1164 4884 1219 4932; x_wconf 89' lang='lat' dir='ltr'><strong>et</strong></span> <span class='ocrx_word' id='word_1_696' title='bbox 1242 4876 1600 4947; x_wconf 75' lang='lat' dir='ltr'><strong>antejomnem</strong></span> <span class='ocrx_word' id='word_1_697' title='bbox 1628 4883 1929 4930; x_wconf 87' lang='lat' dir='ltr'><strong>creaturam</strong></span> 
     </span>
    </p>
   </div>
   <div class='ocr_carea' id='block_1_93' title="bbox 346 4964 1936 5038">
    <p class='ocr_par' dir='ltr' id='par_1_93' title="bbox 346 4964 1936 5038">
     <span class='ocr_line' id='line_1_93' title="bbox 346 4964 1936 5038; baseline -0.004 -12"><span class='ocrx_word' id='word_1_698' title='bbox 346 4970 750 5038; x_wconf 80' lang='lat' dir='ltr'><strong>subsistentem,</strong></span> <span class='ocrx_word' id='word_1_699' title='bbox 788 4978 844 5026; x_wconf 89' lang='lat' dir='ltr'><strong>et</strong></span> <span class='ocrx_word' id='word_1_700' title='bbox 882 4970 1120 5025; x_wconf 90' lang='lat' dir='ltr'><strong>omnium</strong></span> <span class='ocrx_word' id='word_1_701' title='bbox 1162 4982 1282 5038; x_wconf 66' lang='lat' dir='ltr'><strong>quae</strong></span> <span class='ocrx_word' id='word_1_702' title='bbox 1310 4975 1435 5021; x_wconf 78' lang='lat' dir='ltr'><strong>sum</strong></span> <span class='ocrx_word' id='word_1_703' title='bbox 1478 4967 1725 5035; x_wconf 86' lang='lat' dir='ltr'><strong>opiticem</strong></span> <span class='ocrx_word' id='word_1_704' title='bbox 1754 4964 1936 5020; x_wconf 90' lang='lat' dir='ltr'><strong>credi-</strong></span> 
     </span>
    </p>
   </div>
   <div class='ocr_carea' id='block_1_94' title="bbox 347 5054 1936 5132">
    <p class='ocr_par' dir='ltr' id='par_1_94' title="bbox 347 5054 1936 5132">
     <span class='ocr_line' id='line_1_94' title="bbox 347 5054 1936 5132; baseline -0.005 -16"><span class='ocrx_word' id='word_1_705' title='bbox 347 5061 514 5128; x_wconf 84' lang='lat' dir='ltr'><strong>disse,</strong></span> <span class='ocrx_word' id='word_1_706' title='bbox 546 5062 726 5132; x_wconf 87' lang='lat' dir='ltr'><strong>inique</strong></span> <span class='ocrx_word' id='word_1_707' title='bbox 749 5061 909 5118; x_wconf 90' lang='lat' dir='ltr'><strong>fuerit</strong></span> <span class='ocrx_word' id='word_1_708' title='bbox 950 5059 1362 5122; x_wconf 87' lang='lat' dir='ltr'><strong>condemnatus,</strong></span> <span class='ocrx_word' id='word_1_709' title='bbox 1402 5056 1554 5126; x_wconf 91' lang='lat' dir='ltr'><strong>quasi</strong></span> <span class='ocrx_word' id='word_1_710' title='bbox 1584 5054 1813 5110; x_wconf 84' lang='lat' dir='ltr'><strong>Nestorii</strong></span> <span class='ocrx_word' id='word_1_711' title='bbox 1836 5054 1936 5109; x_wconf 90' lang='lat' dir='ltr'><strong>do-</strong></span> 
     </span>
    </p>
   </div>
   <div class='ocr_carea' id='block_1_95' title="bbox 345 5146 1932 5225">
    <p class='ocr_par' dir='ltr' id='par_1_95' title="bbox 345 5146 1932 5225">
     <span class='ocr_line' id='line_1_95' title="bbox 345 5146 1932 5225; baseline -0.008 -13"><span class='ocrx_word' id='word_1_712' title='bbox 345 5165 483 5220; x_wconf 88' lang='lat' dir='ltr'><strong>ctor,</strong></span> <span class='ocrx_word' id='word_1_713' title='bbox 509 5153 662 5225; x_wconf 88' lang='lat' dir='ltr'><strong>cujus</strong></span> <span class='ocrx_word' id='word_1_714' title='bbox 696 5156 867 5210; x_wconf 79' lang='lat' dir='ltr'><strong>errori</strong></span> <span class='ocrx_word' id='word_1_715' title='bbox 892 5154 1119 5208; x_wconf 89' lang='lat' dir='ltr'><strong>multum</strong></span> <span class='ocrx_word' id='word_1_716' title='bbox 1160 5150 1373 5206; x_wconf 76' lang='lat' dir='ltr'><strong>videtur</strong></span> <span class='ocrx_word' id='word_1_717' title='bbox 1404 5148 1569 5204; x_wconf 87' lang='lat' dir='ltr'><strong>fuisse</strong></span> <span class='ocrx_word' id='word_1_718' title='bbox 1608 5146 1932 5204; x_wconf 89' lang='lat' dir='ltr'><strong>contrarius.</strong></span> 
     </span>
    </p>
   </div>
   <div class='ocr_carea' id='block_1_96' title="bbox 344 5237 1936 5320">
    <p class='ocr_par' dir='ltr' id='par_1_96' title="bbox 344 5237 1936 5320">
     <span class='ocr_line' id='line_1_96' title="bbox 344 5237 1936 5320; baseline -0.008 -15"><span class='ocrx_word' id='word_1_719' title='bbox 344 5250 538 5305; x_wconf 81' lang='lat' dir='ltr'><strong>Cernis</strong></span> <span class='ocrx_word' id='word_1_720' title='bbox 564 5250 760 5320; x_wconf 82' lang='lat' dir='ltr'><strong>itaque.</strong></span> <span class='ocrx_word' id='word_1_721' title='bbox 809 5248 895 5319; x_wconf 91' lang='lat' dir='ltr'><strong>pie</strong></span> <span class='ocrx_word' id='word_1_722' title='bbox 939 5248 1209 5317; x_wconf 85' lang='lat' dir='ltr'><strong>princeps,</strong></span> <span class='ocrx_word' id='word_1_723' title='bbox 1239 5243 1531 5314; x_wconf 89' lang='lat' dir='ltr'><strong>quomodo,</strong></span> <span class='ocrx_word' id='word_1_724' title='bbox 1566 5242 1614 5297; x_wconf 87' lang='lat' dir='ltr'><strong>si</strong></span> <span class='ocrx_word' id='word_1_725' title='bbox 1641 5240 1796 5295; x_wconf 88' lang='lat' dir='ltr'><strong>nobis</strong></span> <span class='ocrx_word' id='word_1_726' title='bbox 1833 5237 1936 5292; x_wconf 89' lang='lat' dir='ltr'><strong>alia</strong></span> 
     </span>
    </p>
   </div>
   <div class='ocr_carea' id='block_1_97' title="bbox 348 5332 1937 5413">
    <p class='ocr_par' dir='ltr' id='par_1_97' title="bbox 348 5332 1937 5413">
     <span class='ocr_line' id='line_1_97' title="bbox 348 5332 1937 5413; baseline -0.006 -16"><span class='ocrx_word' id='word_1_727' title='bbox 348 5341 670 5406; x_wconf 77' lang='lat' dir='ltr'><strong>defuissent,</strong></span> <span class='ocrx_word' id='word_1_728' title='bbox 715 5340 818 5395; x_wconf 91' lang='lat' dir='ltr'><strong>hoc</strong></span> <span class='ocrx_word' id='word_1_729' title='bbox 846 5354 952 5413; x_wconf 86' lang='lat' dir='ltr'><strong>uno</strong></span> <span class='ocrx_word' id='word_1_730' title='bbox 996 5336 1129 5393; x_wconf 86' lang='lat' dir='ltr'><strong>satis</strong></span> <span class='ocrx_word' id='word_1_731' title='bbox 1161 5334 1356 5391; x_wconf 86' lang='lat' dir='ltr'><strong>idonee</strong></span> <span class='ocrx_word' id='word_1_732' title='bbox 1394 5335 1733 5398; x_wconf 85' lang='lat' dir='ltr'><strong>duceremus,</strong></span> <span class='ocrx_word' id='word_1_733' title='bbox 1773 5332 1937 5387; x_wconf 87' lang='lat' dir='ltr'><strong>etiam</strong></span> 
     </span>
    </p>
   </div>
   <div class='ocr_carea' id='block_1_98' title="bbox 422 5498 1944 5578">
    <p class='ocr_par' dir='ltr' id='par_1_98' title="bbox 422 5498 1944 5578">
     <span class='ocr_line' id='line_1_98' title="bbox 422 5498 1944 5578; baseline -0.006 -16"><span class='ocrx_word' id='word_1_734' title='bbox 422 5517 446 5546; x_wconf 79' lang='grc'><strong><em>⁸</em></strong></span> <span class='ocrx_word' id='word_1_735' title='bbox 478 5508 532 5562; x_wconf 89' lang='lat' dir='ltr'><strong>In</strong></span> <span class='ocrx_word' id='word_1_736' title='bbox 578 5509 786 5578; x_wconf 82' lang='lat' dir='ltr'><strong>synodo</strong></span> <span class='ocrx_word' id='word_1_737' title='bbox 827 5506 1130 5578; x_wconf 69' lang='lat' dir='ltr'><strong>Epltesina,</strong></span> <span class='ocrx_word' id='word_1_738' title='bbox 1167 5504 1260 5560; x_wconf 88' lang='lat' dir='ltr'><strong>ubi</strong></span> <span class='ocrx_word' id='word_1_739' title='bbox 1300 5512 1515 5578; x_wconf 79' lang='lat' dir='ltr'><strong>exstare</strong></span> <span class='ocrx_word' id='word_1_740' title='bbox 1553 5500 1788 5556; x_wconf 71' lang='lat' dir='ltr'><strong>diximus</strong></span> <span class='ocrx_word' id='word_1_741' title='bbox 1812 5498 1944 5578; x_wconf 21' lang='lat' dir='ltr'><strong>Ahoc</strong></span> 
     </span>
    </p>
   </div>
   <div class='ocr_carea' id='block_1_99' title="bbox 348 5574 1943 5651">
    <p class='ocr_par' dir='ltr' id='par_1_99' title="bbox 348 5574 1943 5651">
     <span class='ocr_line' id='line_1_99' title="bbox 348 5574 1943 5651; baseline -0.006 -17"><span class='ocrx_word' id='word_1_742' title='bbox 348 5574 653 5651; x_wconf 72' lang='lat' dir='ltr'><strong>symbolum</strong></span> <span class='ocrx_word' id='word_1_743' title='bbox 681 5596 692 5630; x_wconf 91' lang='lat'>:</span> <span class='ocrx_word' id='word_1_744' title='bbox 723 5580 865 5650; x_wconf 74' lang='grc' dir='ltr'><strong>Ὅμο)</strong></span> <span class='ocrx_word' id='word_1_745' title='bbox 877 5586 1090 5651; x_wconf 69' lang='grc' dir='ltr'><strong>ογοῦμεν</strong></span> <span class='ocrx_word' id='word_1_746' title='bbox 1110 5576 1397 5651; x_wconf 39' lang='grc' dir='ltr'><strong>δὲΔιῙςτέροι</strong></span> <span class='ocrx_word' id='word_1_747' title='bbox 1427 5574 1624 5651; x_wconf 51' lang='lat' dir='ltr'><strong>ratio}:</strong></span> <span class='ocrx_word' id='word_1_748' title='bbox 1651 5574 1943 5651; x_wconf 58' lang='grc' dir='ltr'><strong>πρρσὼτςῳ,</strong></span> 
     </span>
    </p>
   </div>
   <div class='ocr_carea' id='block_1_100' title="bbox 350 5643 1939 5721">
    <p class='ocr_par' dir='ltr' id='par_1_100' title="bbox 350 5643 1939 5721">
     <span class='ocr_line' id='line_1_100' title="bbox 350 5643 1939 5721; baseline -0.006 -17"><span class='ocrx_word' id='word_1_749' title='bbox 350 5643 434 5705; x_wconf 58' lang='lat' dir='ltr'><strong>acti</strong></span> <span class='ocrx_word' id='word_1_750' title='bbox 455 5652 564 5707; x_wconf 76' lang='grc' dir='ltr'><strong>Υἱόν</strong></span> <span class='ocrx_word' id='word_1_751' title='bbox 592 5643 798 5721; x_wconf 55' lang='grc' dir='ltr'><strong>ὁμοίωςξ</strong></span> <span class='ocrx_word' id='word_1_752' title='bbox 833 5643 923 5704; x_wconf 71' lang='grc' dir='ltr'><strong>καί</strong></span> <span class='ocrx_word' id='word_1_753' title='bbox 940 5643 1139 5718; x_wconf 73' lang='grc' dir='ltr'><strong>Πνέὖμα</strong></span> <span class='ocrx_word' id='word_1_754' title='bbox 1168 5646 1221 5704; x_wconf 84' lang='grc' dir='ltr'><strong>δὲ</strong></span> <span class='ocrx_word' id='word_1_755' title='bbox 1250 5643 1385 5720; x_wconf 57' lang='lat' dir='ltr'><strong>Etyma</strong></span> <span class='ocrx_word' id='word_1_756' title='bbox 1409 5643 1679 5704; x_wconf 76' lang='grc' dir='ltr'><strong>ὡσαύτὼς.</strong></span> <span class='ocrx_word' id='word_1_757' title='bbox 1696 5643 1699 5644; x_wconf 18' lang='grc' dir='ltr'><em>ν</em></span> <span class='ocrx_word' id='word_1_758' title='bbox 1718 5643 1818 5697; x_wconf 75' lang='lat' dir='ltr'><strong>l’ro</strong></span> <span class='ocrx_word' id='word_1_759' title='bbox 1844 5643 1939 5696; x_wconf 73' lang='lat' dir='ltr'><strong>ibi~</strong></span> 
     </span>
    </p>
   </div>
   <div class='ocr_carea' id='block_1_101' title="bbox 429 5814 1211 5877">
    <p class='ocr_par' dir='ltr' id='par_1_101' title="bbox 429 5814 1211 5877">
     <span class='ocr_line' id='line_1_101' title="bbox 429 5814 1211 5877; baseline 0.001 -11"><span class='ocrx_word' id='word_1_760' title='bbox 429 5814 443 5842; x_wconf 86' lang='grc'>¹</span> <span class='ocrx_word' id='word_1_761' title='bbox 469 5814 598 5866; x_wconf 80' lang='lat' dir='ltr'><strong>Cod.</strong></span> <span class='ocrx_word' id='word_1_762' title='bbox 636 5814 855 5877; x_wconf 82' lang='lat' dir='ltr'><strong>\&#39;eron.,</strong></span> <span class='ocrx_word' id='word_1_763' title='bbox 889 5830 987 5866; x_wconf 84' lang='lat' dir='ltr'><strong>non</strong></span> <span class='ocrx_word' id='word_1_764' title='bbox 1015 5822 1211 5867; x_wconf 80' lang='lat' dir='ltr'><strong>contra.</strong></span> 
     </span>
    </p>
   </div>
   <div class='ocr_carea' id='block_1_102' title="bbox 428 5883 1221 5950">
    <p class='ocr_par' dir='ltr' id='par_1_102' title="bbox 428 5883 1221 5950">
     <span class='ocr_line' id='line_1_102' title="bbox 428 5883 1221 5950; baseline -0.003 -11"><span class='ocrx_word' id='word_1_765' title='bbox 428 5886 446 5914; x_wconf 84' lang='grc'>³</span> <span class='ocrx_word' id='word_1_766' title='bbox 471 5883 616 5941; x_wconf 85' lang='lat' dir='ltr'><strong>idem</strong></span> <span class='ocrx_word' id='word_1_767' title='bbox 647 5884 791 5950; x_wconf 76' lang='lat' dir='ltr'><strong>cod.,</strong></span> <span class='ocrx_word' id='word_1_768' title='bbox 826 5885 985 5938; x_wconf 82' lang='lat' dir='ltr'><strong>multa</strong></span> <span class='ocrx_word' id='word_1_769' title='bbox 1012 5883 1221 5937; x_wconf 77' lang='lat' dir='ltr'><strong>similia.</strong></span> 
     </span>
    </p>
   </div>
   <div class='ocr_carea' id='block_1_103' title="bbox 2038 4658 3632 4743">
    <p class='ocr_par' dir='ltr' id='par_1_103' title="bbox 2038 4658 3632 4743">
     <span class='ocr_line' id='line_1_103' title="bbox 2038 4658 3632 4743; baseline -0.01 -16"><span class='ocrx_word' id='word_1_770' title='bbox 2038 4674 2262 4743; x_wconf 88' lang='lat' dir='ltr'><strong>Oportet</strong></span> <span class='ocrx_word' id='word_1_771' title='bbox 2301 4679 2479 4725; x_wconf 84' lang='lat' dir='ltr'><strong>autem</strong></span> <span class='ocrx_word' id='word_1_772' title='bbox 2512 4667 2807 4722; x_wconf 86' lang='lat' dir='ltr'><strong>auditorem</strong></span> <span class='ocrx_word' id='word_1_773' title='bbox 2839 4662 3127 4733; x_wconf 89' lang='lat' dir='ltr'><strong>inspicere,</strong></span> <span class='ocrx_word' id='word_1_774' title='bbox 3172 4675 3285 4716; x_wconf 88' lang='lat' dir='ltr'><strong>non</strong></span> <span class='ocrx_word' id='word_1_775' title='bbox 3330 4658 3458 4714; x_wconf 89' lang='lat' dir='ltr'><strong>mihi</strong></span> <span class='ocrx_word' id='word_1_776' title='bbox 3500 4672 3632 4713; x_wconf 83' lang='lat' dir='ltr'><strong>con-</strong></span> 
     </span>
    </p>
   </div>
   <div class='ocr_carea' id='block_1_104' title="bbox 2041 4752 3630 4827">
    <p class='ocr_par' dir='ltr' id='par_1_104' title="bbox 2041 4752 3630 4827">
     <span class='ocr_line' id='line_1_104' title="bbox 2041 4752 3630 4827; baseline -0.009 -8"><span class='ocrx_word' id='word_1_777' title='bbox 2041 4763 2316 4821; x_wconf 87' lang='lat' dir='ltr'><strong>temnendi</strong></span> <span class='ocrx_word' id='word_1_778' title='bbox 2352 4761 2618 4827; x_wconf 65' lang='lat' dir='ltr'><strong>ridentur,</strong></span> <span class='ocrx_word' id='word_1_779' title='bbox 2657 4758 2774 4825; x_wconf 88' lang='lat' dir='ltr'><strong>sed,</strong></span> <span class='ocrx_word' id='word_1_780' title='bbox 2803 4769 2861 4812; x_wconf 91' lang='lat' dir='ltr'><strong>ut</strong></span> <span class='ocrx_word' id='word_1_781' title='bbox 2902 4763 3245 4821; x_wconf 89' lang='lat' dir='ltr'><strong>monuerunt,</strong></span> <span class='ocrx_word' id='word_1_782' title='bbox 3295 4752 3630 4824; x_wconf 89' lang='lat' dir='ltr'><strong>inspicienda</strong></span> 
     </span>
    </p>
   </div>
   <div class='ocr_carea' id='block_1_105' title="bbox 2040 4842 3633 4924">
    <p class='ocr_par' dir='ltr' id='par_1_105' title="bbox 2040 4842 3633 4924">
     <span class='ocr_line' id='line_1_105' title="bbox 2040 4842 3633 4924; baseline -0.011 -11"><span class='ocrx_word' id='word_1_783' title='bbox 2040 4856 2193 4913; x_wconf 90' lang='lat' dir='ltr'><strong>nobis</strong></span> <span class='ocrx_word' id='word_1_784' title='bbox 2222 4868 2384 4924; x_wconf 86' lang='lat' dir='ltr'><strong>atque</strong></span> <span class='ocrx_word' id='word_1_785' title='bbox 2411 4851 2699 4922; x_wconf 78' lang='lat' dir='ltr'><strong>aperienda</strong></span> <span class='ocrx_word' id='word_1_786' title='bbox 2729 4858 2855 4905; x_wconf 87' lang='lat' dir='ltr'><strong>sunt</strong></span> <span class='ocrx_word' id='word_1_787' title='bbox 2882 4856 2937 4904; x_wconf 91' lang='lat' dir='ltr'><strong>et</strong></span> <span class='ocrx_word' id='word_1_788' title='bbox 2982 4848 3067 4901; x_wconf 89' lang='lat' dir='ltr'><strong>illa</strong></span> <span class='ocrx_word' id='word_1_789' title='bbox 3100 4845 3262 4901; x_wconf 84' lang='lat' dir='ltr'><strong>verba</strong></span> <span class='ocrx_word' id='word_1_790' title='bbox 3291 4858 3411 4915; x_wconf 67' lang='lat' dir='ltr'><strong>qua:</strong></span> <span class='ocrx_word' id='word_1_791' title='bbox 3447 4842 3633 4897; x_wconf 86' lang='lat' dir='ltr'><strong>dicunt</strong></span> 
     </span>
    </p>
   </div>
   <div class='ocr_carea' id='block_1_106' title="bbox 2041 4932 3631 5013">
    <p class='ocr_par' dir='ltr' id='par_1_106' title="bbox 2041 4932 3631 5013">
     <span class='ocr_line' id='line_1_106' title="bbox 2041 4932 3631 5013; baseline -0.011 -9"><span class='ocrx_word' id='word_1_792' title='bbox 2041 4963 2162 5004; x_wconf 81' lang='lat' dir='ltr'><strong>esse</strong></span> <span class='ocrx_word' id='word_1_793' title='bbox 2187 4946 2455 5002; x_wconf 85' lang='lat' dir='ltr'><strong>Theodori</strong></span> <span class='ocrx_word' id='word_1_794' title='bbox 2488 4955 2543 4999; x_wconf 91' lang='lat' dir='ltr'><strong>et</strong></span> <span class='ocrx_word' id='word_1_795' title='bbox 2573 4944 2810 5013; x_wconf 87' lang='lat' dir='ltr'><strong>ipsorum</strong></span> <span class='ocrx_word' id='word_1_796' title='bbox 2839 4939 3034 5009; x_wconf 91' lang='lat' dir='ltr'><strong>quibus</strong></span> <span class='ocrx_word' id='word_1_797' title='bbox 3065 4952 3127 4993; x_wconf 88' lang='lat' dir='ltr'><strong>ea</strong></span> <span class='ocrx_word' id='word_1_798' title='bbox 3159 4935 3408 4991; x_wconf 80' lang='lat' dir='ltr'><strong>refellere</strong></span> <span class='ocrx_word' id='word_1_799' title='bbox 3437 4932 3631 4987; x_wconf 82' lang='lat' dir='ltr'><strong>volue-</strong></span> 
     </span>
    </p>
   </div>
   <div class='ocr_carea' id='block_1_107' title="bbox 2044 5023 3637 5107">
    <p class='ocr_par' dir='ltr' id='par_1_107' title="bbox 2044 5023 3637 5107">
     <span class='ocr_line' id='line_1_107' title="bbox 2044 5023 3637 5107; baseline -0.011 -12"><span class='ocrx_word' id='word_1_800' title='bbox 2044 5048 2191 5106; x_wconf 89' lang='lat' dir='ltr'><strong>runt,</strong></span> <span class='ocrx_word' id='word_1_801' title='bbox 2245 5046 2305 5092; x_wconf 93' lang='lat' dir='ltr'><strong>ut</strong></span> <span class='ocrx_word' id='word_1_802' title='bbox 2334 5037 2576 5107; x_wconf 77' lang='lat' dir='ltr'><strong>dignosci</strong></span> <span class='ocrx_word' id='word_1_803' title='bbox 2605 5033 2856 5090; x_wconf 89' lang='lat' dir='ltr'><strong>facillime</strong></span> <span class='ocrx_word' id='word_1_804' title='bbox 2896 5040 3053 5100; x_wconf 84' lang='lat' dir='ltr'><strong>queat</strong></span> <span class='ocrx_word' id='word_1_805' title='bbox 3085 5027 3185 5098; x_wconf 85' lang='lat' dir='ltr'><strong>qui</strong></span> <span class='ocrx_word' id='word_1_806' title='bbox 3211 5026 3382 5096; x_wconf 78' lang='lat' dir='ltr'><strong>magis</strong></span> <span class='ocrx_word' id='word_1_807' title='bbox 3411 5023 3637 5079; x_wconf 67' lang='lat' dir='ltr'><strong>videan-</strong></span> 
     </span>
    </p>
   </div>
   <div class='ocr_carea' id='block_1_108' title="bbox 2044 5118 3635 5203">
    <p class='ocr_par' dir='ltr' id='par_1_108' title="bbox 2044 5118 3635 5203">
     <span class='ocr_line' id='line_1_108' title="bbox 2044 5118 3635 5203; baseline -0.01 -15"><span class='ocrx_word' id='word_1_808' title='bbox 2044 5145 2132 5188; x_wconf 89' lang='lat' dir='ltr'><strong>tur</strong></span> <span class='ocrx_word' id='word_1_809' title='bbox 2161 5132 2308 5203; x_wconf 92' lang='lat' dir='ltr'><strong>loqui</strong></span> <span class='ocrx_word' id='word_1_810' title='bbox 2340 5129 2634 5186; x_wconf 87' lang='lat' dir='ltr'><strong>secundum</strong></span> <span class='ocrx_word' id='word_1_811' title='bbox 2679 5126 3007 5184; x_wconf 89' lang='lat' dir='ltr'><strong>Sabellium:</strong></span> <span class='ocrx_word' id='word_1_812' title='bbox 3043 5132 3219 5178; x_wconf 90' lang='lat' dir='ltr'><strong>utrum</strong></span> <span class='ocrx_word' id='word_1_813' title='bbox 3249 5121 3358 5188; x_wconf 92' lang='lat' dir='ltr'><strong>ille,</strong></span> <span class='ocrx_word' id='word_1_814' title='bbox 3388 5118 3635 5189; x_wconf 81' lang='lat' dir='ltr'><strong>quisquis</strong></span> 
     </span>
    </p>
   </div>
   <div class='ocr_carea' id='block_1_109' title="bbox 2042 5213 3638 5296">
    <p class='ocr_par' dir='ltr' id='par_1_109' title="bbox 2042 5213 3638 5296">
     <span class='ocr_line' id='line_1_109' title="bbox 2042 5213 3638 5296; baseline -0.01 -15"><span class='ocrx_word' id='word_1_815' title='bbox 2042 5238 2145 5292; x_wconf 91' lang='lat' dir='ltr'><strong>est,</strong></span> <span class='ocrx_word' id='word_1_816' title='bbox 2175 5227 2261 5296; x_wconf 89' lang='lat' dir='ltr'><strong>qui</strong></span> <span class='ocrx_word' id='word_1_817' title='bbox 2296 5224 2469 5279; x_wconf 82' lang='lat' dir='ltr'><strong>dixit:</strong></span> <span class='ocrx_word' id='word_1_818' title='bbox 2503 5241 2520 5273; x_wconf 73' lang='grc' dir='ltr'><strong><em>ι</em></strong></span> <span class='ocrx_word' id='word_1_819' title='bbox 2548 5221 2886 5278; x_wconf 81' lang='lat' dir='ltr'><strong>Conﬁtemur</strong></span> <span class='ocrx_word' id='word_1_820' title='bbox 2932 5218 3144 5271; x_wconf 84' lang='lat' dir='ltr'><strong>Patrem</strong></span> <span class='ocrx_word' id='word_1_821' title='bbox 3188 5213 3480 5284; x_wconf 88' lang='lat' dir='ltr'><strong>perfectum</strong></span> <span class='ocrx_word' id='word_1_822' title='bbox 3512 5225 3638 5282; x_wconf 86' lang='lat' dir='ltr'><strong>per-</strong></span> 
     </span>
    </p>
   </div>
   <div class='ocr_carea' id='block_1_110' title="bbox 2045 5305 3636 5390">
    <p class='ocr_par' dir='ltr' id='par_1_110' title="bbox 2045 5305 3636 5390">
     <span class='ocr_line' id='line_1_110' title="bbox 2045 5305 3636 5390; baseline -0.014 -8"><span class='ocrx_word' id='word_1_823' title='bbox 2045 5340 2200 5390; x_wconf 84' lang='lat' dir='ltr'><strong>sona,</strong></span> <span class='ocrx_word' id='word_1_824' title='bbox 2228 5331 2284 5377; x_wconf 87' lang='lat' dir='ltr'><strong>et</strong></span> <span class='ocrx_word' id='word_1_825' title='bbox 2315 5320 2505 5376; x_wconf 85' lang='lat' dir='ltr'><strong>Filium</strong></span> <span class='ocrx_word' id='word_1_826' title='bbox 2557 5315 2828 5378; x_wconf 72' lang='lat' dir='ltr'><strong>similiter,</strong></span> <span class='ocrx_word' id='word_1_827' title='bbox 2873 5323 2929 5366; x_wconf 89' lang='lat' dir='ltr'><strong>et</strong></span> <span class='ocrx_word' id='word_1_828' title='bbox 2972 5309 3228 5381; x_wconf 84' lang='lat' dir='ltr'><strong>Spiritum</strong></span> <span class='ocrx_word' id='word_1_829' title='bbox 3261 5316 3500 5363; x_wconf 83' lang='lat' dir='ltr'><strong>sanctum</strong></span> <span class='ocrx_word' id='word_1_830' title='bbox 3534 5305 3636 5361; x_wconf 82' lang='lat' dir='ltr'><strong>ibi-</strong></span> 
     </span>
    </p>
   </div>
   <div class='ocr_carea' id='block_1_111' title="bbox 2052 5468 3639 5560">
    <p class='ocr_par' dir='ltr' id='par_1_111' title="bbox 2052 5468 3639 5560">
     <span class='ocr_line' id='line_1_111' title="bbox 2052 5468 3639 5560; baseline -0.018 -10"><span class='ocrx_word' id='word_1_831' title='bbox 2052 5497 2191 5559; x_wconf 83' lang='lat' dir='ltr'><strong>dem,</strong></span> <span class='ocrx_word' id='word_1_832' title='bbox 2218 5489 2357 5560; x_wconf 87' lang='lat' dir='ltr'><strong>quod</strong></span> <span class='ocrx_word' id='word_1_833' title='bbox 2386 5482 2633 5560; x_wconf 73' lang='lat' dir='ltr'><strong>estapud</strong></span> <span class='ocrx_word' id='word_1_834' title='bbox 2661 5477 3003 5560; x_wconf 64' lang='lat' dir='ltr'><strong>Facundum,</strong></span> <span class='ocrx_word' id='word_1_835' title='bbox 3028 5472 3479 5560; x_wconf 46' lang='lat' dir='ltr'><strong>suspicari‘licealt</strong></span> <span class='ocrx_word' id='word_1_836' title='bbox 3503 5468 3639 5560; x_wconf 70' lang='lat' dir='ltr'><strong>scri-</strong></span> 
     </span>
    </p>
   </div>
   <div class='ocr_carea' id='block_1_112' title="bbox 2054 5541 3642 5637">
    <p class='ocr_par' dir='ltr' id='par_1_112' title="bbox 2054 5541 3642 5637">
     <span class='ocr_line' id='line_1_112' title="bbox 2054 5541 3642 5637; baseline -0.017 -16"><span class='ocrx_word' id='word_1_837' title='bbox 2054 5541 2801 5637; x_wconf 26' lang='lat' dir='ltr'><strong>‘iuis—seiitid&#39;entnqnod</strong></span> <span class='ocrx_word' id='word_1_838' title='bbox 2841 5558 2924 5604; x_wconf 85' lang='lat' dir='ltr'><strong>est</strong></span> <span class='ocrx_word' id='word_1_839' title='bbox 2973 5541 3243 5608; x_wconf 62' lang='lat' dir='ltr'><strong>eoae-im.</strong></span> <span class='ocrx_word' id='word_1_840' title='bbox 3277 5541 3477 5618; x_wconf 78' lang='lat' dir='ltr'><strong>Synodl</strong></span> <span class='ocrx_word' id='word_1_841' title='bbox 3502 5555 3533 5595; x_wconf 75' lang='grc' dir='ltr'><strong>ν</strong></span> <span class='ocrx_word' id='word_1_842' title='bbox 3561 5542 3642 5595; x_wconf 64' lang='lat' dir='ltr'><strong>inc</strong></span> 
     </span>
    </p>
   </div>
   <div class='ocr_carea' id='block_1_113' title="bbox 2057 5625 2701 5707">
    <p class='ocr_par' dir='ltr' id='par_1_113' title="bbox 2057 5625 2701 5707">
     <span class='ocr_line' id='line_1_113' title="bbox 2057 5625 2701 5707; baseline -0.028 -14"><span class='ocrx_word' id='word_1_843' title='bbox 2057 5625 2290 5707; x_wconf 66' lang='lat' dir='ltr'><strong>ierpres,</strong></span> <span class='ocrx_word' id='word_1_844' title='bbox 2322 5630 2500 5684; x_wconf 80' lang='lat' dir='ltr'><strong>cedent</strong></span> <span class='ocrx_word' id='word_1_845' title='bbox 2528 5625 2701 5678; x_wconf 86' lang='lat' dir='ltr'><strong>modo.</strong></span> 
     </span>
    </p>
   </div>
   <div class='ocr_carea' id='block_1_114' title="bbox 2128 5788 2713 5855">
    <p class='ocr_par' dir='ltr' id='par_1_114' title="bbox 2128 5788 2713 5855">
     <span class='ocr_line' id='line_1_114' title="bbox 2128 5788 2713 5855; baseline -0.026 0"><span class='ocrx_word' id='word_1_846' title='bbox 2128 5803 2147 5832; x_wconf 77' lang='grc'><strong>³</strong></span> <span class='ocrx_word' id='word_1_847' title='bbox 2171 5796 2314 5853; x_wconf 86' lang='lat' dir='ltr'><strong>idem</strong></span> <span class='ocrx_word' id='word_1_848' title='bbox 2344 5791 2490 5855; x_wconf 89' lang='lat' dir='ltr'><strong>cod.,</strong></span> <span class='ocrx_word' id='word_1_849' title='bbox 2522 5788 2713 5841; x_wconf 86' lang='lat' dir='ltr'><strong>itidem.</strong></span> 
     </span>
    </p>
   </div>
   <div class='ocr_carea' id='block_1_115' title="bbox 2126 5859 2713 5933">
    <p class='ocr_par' dir='ltr' id='par_1_115' title="bbox 2126 5859 2713 5933">
     <span class='ocr_line' id='line_1_115' title="bbox 2126 5859 2713 5933; baseline -0.027 -5"><span class='ocrx_word' id='word_1_850' title='bbox 2126 5873 2144 5903; x_wconf 71' lang='grc'><strong>³</strong></span> <span class='ocrx_word' id='word_1_851' title='bbox 2167 5869 2313 5926; x_wconf 68' lang='lat' dir='ltr'><strong>idem</strong></span> <span class='ocrx_word' id='word_1_852' title='bbox 2342 5863 2489 5933; x_wconf 89' lang='lat' dir='ltr'><strong>cod.,</strong></span> <span class='ocrx_word' id='word_1_853' title='bbox 2519 5859 2713 5915; x_wconf 75' lang='lat' dir='ltr'><strong>itidem.</strong></span> 
     </span>
    </p>
   </div>
  </div>
