4070 6352
468 242 572 300 5Ε9

1539 246 1830 304 ΡΑΕΕΝΟΙ
1866 248 2075 305 EPISC.
2119 248 2635 308 HERMIANENSIS'

3661 236 3771 311 σου

469 358 588 414 dem
612 360 661 424 ';
696 376 715 411 ι
749 373 815 414 an
848 359 955 425 isti,
992 358 1081 430 qui
1110 358 1294 415 dicunt
1320 376 1333 415 :
1364 358 1589 430 Oportet
1627 372 1805 416 autem
1845 362 2051 433 audito-
2082 366 2130 425 Α
2158 376 2464 419 assertterat
2493 364 2717 420 alterius
2746 378 2867 420 esse
2899 364 3234 435 substantiis,
3268 376 3324 424 et
3353 384 3460 426 non
3500 370 3768 441 ejusdem

471 463 584 504 rem
619 449 879 519 inspicere
909 452 1033 522 quia
1082 451 1135 506 in
1168 463 1367 506 sancta:
1407 452 1684 509 Trinitatis
1716 470 1940 523 persona
1973 455 2054 509 di-

473 556 600 596 cens
630 543 876 597 similiter
907 551 961 596 et
1010 544 1205 599 ibidem
1229 546 1273 598 ⁸.
1309 545 1371 599 lli
1412 545 1555 600 enim
1590 547 1758 616 magis
1802 547 2057 602 videntur

472 631 620 700 juxta
651 632 869 687 Sahcllii
913 649 1177 700 errorem,
1210 649 1367 704 quem
1400 637 1551 705 quasi
1584 638 1933 706 redarguunt,
1973 638 2054 691 lo-

475 725 589 793 qui,
624 727 712 794 qui
752 729 936 781 dicunt
964 729 1014 781 in
1048 740 1228 782 sancta
1260 729 1536 784 Trinitati~
1579 747 1826 799 persona,
1870 742 1921 785 et
1953 747 2055 785 non

418 894 419 897 η
472 819 609 875 sicut
652 822 848 876 veritas
908 823 1087 887 habet,
1116 824 1167 877 in
1214 835 1413 878 Sancta:
1467 825 1744 879 Trinitatis
1793 826 2057 894 personis.

472 910 599 966 llaec
627 924 801 968 autem
833 916 977 982 prius
1010 915 1408 970 inconmderate
1443 917 1739 985 loquentes,
1776 927 1957 982 postea
1987 916 2061 968 la-

474 1004 665 1057 borant
691 1006 999 1070 ostendere,
1021 1015 1073 1061 et
1102 1006 1276 1069 nobis,
1309 1020 1556 1077 tanquam
1584 1008 1705 1061 hinc
1727 1007 2056 1074 dubitemus,

474 1099 709 1165 probare
740 1109 1003 1153 conantur
1042 1100 1183 1168 quod
1216 1110 1324 1154 tres
1358 1115 1602 1169 persona:
1632 1100 1759 1163 sint,
1797 1100 1974 1164 Pater,
2008 1110 2063 1153 et

474 1189 669 1256 Filius,
700 1199 752 1245 et
782 1190 1011 1258 Spiritus
1042 1203 1275 1245 sanetus.
1315 1192 1519 1257 Quibus
1548 1192 1651 1244 huc
1678 1206 1778 1258 ego
1805 1205 2063 1257 compen-

477 1280 629 1336 diose
660 1281 980 1350 respondeo,
1024 1282 1167 1350 quod
1206 1281 1343 1335 istud
1391 1281 1716 1351 symbo’utn,
1748 1280 1799 1333 in
1833 1296 1900 1349 qu
1926 1302 1935 1325 ι
1964 1296 2061 1333 uc-

479 1381 657 1441 gatam
688 1371 968 1441 pctbibent
999 1373 1340 1435 Trinitatem,
1373 1373 1608 1441 priorum
1642 1371 1947 1425 testimonio
1980 1369 2061 1423 af-

481 1461 722 1518 ﬁrmetur
752 1478 858 1516 non
881 1478 912 1517 e
943 1478 1001 1517 se
1025 1463 1297 1517 Theodori
1327 1481 1339 1515 :
1366 1464 1489 1530 quia
1520 1461 1833 1516 Trinitatem
1868 1476 2064 1529 negare

481 1572 586 1610 non
618 1564 818 1626 posset,
853 1572 1009 1625 quem
1042 1556 1229 1611 beatus
1254 1556 1508 1628 Cyrillus.
1542 1566 1598 1609 ut
1639 1555 1835 1621 ferunt,
1871 1555 2066 1609 adver-

478 1664 573 1704 sus
614 1649 934 1703 Arianorum
985 1659 1035 1703 et
1084 1648 1539 1703 Eunomianorum
1594 1647 1831 1703 haereses
1880 1645 2066 1715 viginti

2160 456 2315 526 cujus
2345 467 2427 512 est
2449 456 2645 523 deitas,
2674 465 2733 512 ut
2761 468 2936 512 tamen
2967 474 3084 514 eam
3128 460 3295 515 solam
3337 472 3527 519 contra
3563 463 3773 519 Nesto-

2162 552 2299 604 rium
2334 560 2512 621 neget,
2543 549 2690 605 velut
2721 552 2773 605 in
2806 552 3021 621 propria
3056 567 3301 622 persona,
3331 570 3452 610 esse
3486 555 3772 624 divisam,

2162 653 2415 715 tanquam
2445 646 2621 700 sciens
2666 646 2729 699 ad
2764 661 2921 700 unam
2955 662 3019 701 ex
3052 647 3316 705 Trinitate
3345 652 3773 706 subsistentiam

2165 740 2456 805 pertint-re.
2488 737 2639 802 Quod
2666 738 2709 791 si
2742 726 2941 793 et'bmc
2971 740 3124 794 nobis
3163 756 3226 795 ex
3256 740 3342 795 his
3370 758 3491 811 quae
3532 743 3776 812 scripsit

2164 829 2465 883 testimonia
2498 829 2816 896 defuissent,
2848 840 2904 886 et
2946 832 3049 885 alia
3081 834 3241 888 multa
3271 852 3388 904 qua:
3411 848 3609 905 postea
3648 852 3776 904 pro-

2166 922 2420 983 feremus,
2473 922 2675 989 pudere
2723 923 2909 978 debuit
2958 924 3075 993 ejus
3118 939 3458 984 accusatores
3504 940 3623 984 tam
3681 928 3777 982 ab.

2165 1014 2326 1068 Surda
2380 1014 2591 1085 sibique
2640 1018 2908 1073 contraria
2960 1017 3025 1069 de
3053 1036 3372 1089 quocunque
3415 1022 3775 1090 conﬁngere.

2166 1109 2296 1163 Nam
2342 1125 2461 1163 cum
2521 1110 2621 1178 ip-i
2668 1111 2845 1166 dicant
2893 1113 3033 1182 quod
3084 1113 3399 1169 Trinitatem
3454 1113 3777 1181 negaverit,

2169 1210 2416 1269 tanquam
2470 1203 2610 1257 Deus
2659 1204 2951 1270 solitarius,
3003 1221 3100 1260 nec
3143 1205 3333 1260 Filium
3387 1206 3614 1268 habeat,
3673 1220 3778 1261 nec

2168 1295 2422 1364 Spiritum
2464 1308 2725 1361 sanetum,
2772 1310 2957 1352 contra
3012 1299 3203 1361 iterum
3254 1300 3353 1369 ipsi
3394 1300 3586 1355 dieztnt
3622 1299 3777 1370 quod

2169 1388 2302 1439 duos
2329 1387 2695 1456 prmdicaverit
2729 1390 2884 1443 ﬁlios.
2918 1391 3027 1445 Sed
3061 1394 3329 1461 quomodo
3371 1404 3422 1447 et
3467 1408 3644 1446 unum
3679 1409 3779 1445 ne-

2171 1494 2348 1548 gasse,
2381 1489 2436 1534 ct
2478 1482 2612 1533 duos
2646 1481 2965 1549 pratdicasse
3012 1482 3238 1545 dicatur,
3277 1484 3484 1551 ignoro.
3538 1483 3779 1537 Ridicu-

2173 1573 2304 1633 lum,
2341 1575 2425 1641 pie
2449 1573 2759 1641 imperator,
2782 1575 3092 1644 ridiculum,
3130 1575 3223 1629 sed
3253 1576 3570 1629 dolendum.
3635 1575 3778 1630 Eice

2174 1665 2359 1735 quales
2392 1681 2546 1735 nugae
2576 1676 2722 1732 sunt,
2752 1668 2945 1737 quibus
2972 1668 3314 1723 subscribere
3349 1679 3627 1735 coguntur
3652 1668 3778 1735 epi-

480 1741 615 1796 ῖοτιθ
654 1751 707 1793 ει
750 1739 923 1795 adhuc
973 1740 1206 1810 amplius
1260 1740 1425 1795 Iibtos
1472 1750 1527 1795 ει
1570 1741 1672 1794 alia
1727 1750 1921 1809 βτινιθν
1951 1738 2065 1794 ιιωο
2098 1756 2141 1815 B
2170 1758 2335 1827 scopi,
2369 1772 2422 1813 ei
2448 1757 2549 1812 nisi
2578 1758 2821 1823 fecerint,
2852 1759 2995 1828 dgni
3038 1759 3227 1814 exsilio
3252 1760 3588 1829 judicantur.
3631 1760 3779 1816 Ecce

480 1830 782 1901 evangelica
826 1840 880 1886 et
909 1831 1201 1900 apostolica
1258 1831 1460 1900 scripta
1507 1831 1917 1899 interpretatum
1947 1843 2068 1884 0533

481 1925 701 1989 indicat,
731 1936 779 1979 et
810 1925 908 1979 bos
935 1925 1027 1993 qni
1051 1931 1148 1981 'ein
1178 1924 1391 1979 labut'cs
1419 1926 1534 1989 ejus
1560 1924 1759 1978 nullum
1785 1922 1947 1977 fuisse
1975 1938 2070 1977 au-

482 2033 600 2070 sum
634 2017 732 2071 inc.
751 2032 930 2086 epare,
963 2017 1058 2072 sed
1086 2018 1276 2072 dextro
1299 2016 1516 2071 decreto
1541 2016 1805 2071 honorare
1833 2015 2068 2071 studium

485 2120 754 2163 rectorum
786 2109 1093 2178 dogmatnm
1126 2108 1269 2175 quod
1304 2108 1354 2163 iu
1401 2109 1479 2163 eis
1509 2119 1611 2163 est.
1660 2107 1899 2177 Denique
1927 2108 2069 2161 idem

486 2199 808 2255 'l'heodnrus
840 2201 890 2254 in
940 2201 1163 2271 epistola
1196 2201 1263 2255 ad
1306 2200 1602 2255 Artemium
1650 2200 2069 2254 Alexandrinum

486 2293 865 2365 presbyterum
888 2294 1141 2361 secunda,
1159 2294 1237 2355 sic
1264 2293 1425 2348 dicit:
1458 2312 1475 2344 ι
1508 2294 1652 2360 Quos
1671 2292 1905 2359 oportuit
1931 2292 2073 2347 seire

485 2383 611 2453 quia
642 2385 875 2450 l‘atrem,
904 2394 957 2439 et
989 2385 1204 2449 Filium,
1236 2395 1291 2439 et
1312 2385 1566 2454 Spiritum
1599 2394 1842 2438 sanctum
1875 2382 2071 2437 adora-

486 2490 628 2542 mus,
658 2475 710 2530 in
743 2476 860 2531 istis
889 2477 1122 2531 divinam
1156 2489 1211 2533 et
1244 2486 1498 2531 mterttam
1523 2485 1577 2531 et
1606 2476 1895 2531 increatam
1927 2491 2075 2529 coui-

492 2570 627 2637 pYeri
656 2569 899 2632 dicentes
931 2570 1268 2627 Trinitatem.
1302 2572 1562 2639 Quoniam
1603 2570 1842 2639 ejusdem
1886 2585 2073 2625 esseu-

491 2664 578 2718 tite
608 2675 687 2719 est
718 2664 1135 2735 unumquodque
1185 2665 1397 2728 horum,
1443 2664 1543 2720 hoc
1587 2672 1671 2717 est
1715 2673 1928 2717 (eterna:
1959 2678 2076 2716 om-

491 2761 638 2813 nium
689 2758 950 2813 factorum
994 2747 1189 2823 causa},
1243 2770 1296 2813 et
1328 2771 1514 2813 revera
1555 2756 1769 2811 divinae.
1807 2755 1870 2811 Et
1916 2755 2072 2810 Pater

492 2866 599 2904 non
634 2859 855 2921 propter
895 2849 1065 2915 aliud,
1096 2848 1189 2904 sed
1230 2857 1451 2919 propter
1481 2846 1749 2917 propriam
1783 2848 2071 2902 essmtiam

490 2941 797 2997 adorandus
831 2954 930 2996 esu
968 2941 1043 2995 lta
1072 2941 1233 2995 etiam
1258 2950 1311 2998 et
1350 2939 1534 3003 Filius,
1568 2953 1673 2992 non
1706 2952 1801 3007 pro
1829 2938 1935 2993 alio
1977 2936 2077 2991 hnc

490 3034 785 3103 accipiam,
818 3032 917 3090 sed
944 3032 1063 3099 quia
1097 3031 1240 3087 illius
1279 3041 1334 3087 et
1366 3031 1485 3088 talis
1513 3028 1763 3086 essentia:
1798 3038 1900 3095 est,
1935 3030 2076 3085 eiica

2172 1849 2237 1903 ad
2266 1850 2406 1918 quod
2467 1851 2889 1907 conlirmzindutu
2946 1851 3227 1906 adducitur
3274 1852 3434 1907 etiam
3487 1853 3779 1908 Romanus

2172 1942 2474 2010 episcopus,
2512 1959 2578 1998 ne
2605 1944 2739 2013 quid
2764 1946 3007 1997 inausum
3042 1943 3309 2000 videretur
3338 1944 3631 2001 ambitiosa
3664 1944 3780 2000 Ιιει-

2174 2035 2463 2090 reticorum
2496 2035 2776 2107 subreptio
2802 2037 3103 2107 reliquisse.

2785 2192 3010 2249 CAPUT
3052 2195 3136 2250 Vl.

2178 2305 2341 2385 Quod.
2361 2306 2661 2385 Theodorus
2689 2312 2987 2376 mepketias
3010 2314 3072 2364 de
3098 2312 3300 2367 Christo
3332 2330 3433 2365 non
3479 2318 3773 2378 atarunrit,

2245 2382 2341 2431 etsi
2375 2382 2580 2454 aliquas
2629 2382 2887 2435 interdum
2916 2384 3069 2437 etiam
3121 2386 3383 2438 moraliter
3407 2400 3677 2454 exponat;
3728 2397 3775 2442 at

2247 2450 2383 2519 quod
2409 2462 2698 2506 constanter
2727 2470 2757 2506 a
2787 2454 2982 2525 Cyrillo
3015 2457 3258 2511 laudatus
3283 2458 3367 2510 sit.

2255 2565 2448 2622 Verum
2482 2566 2641 2622 etiam
2681 2576 2736 2622 et
2777 2567 2922 2622 aliud
2951 2568 3171 2637 accipe,
3206 2570 3254 2623 in
3286 2586 3391 2637 quo
3436 2570 3693 2623 similiter
3721 2577 3776 2623 ut

2178 2661 2411 2730 amplius
2442 2661 2732 2717 notabilem
2765 2661 3005 2717 facerent
3049 2678 3292 2731 magnum
3323 2664 3584 2732 synodum
3606 2704 3621 2728 ,
3659 2672 3777 2715 tan-

2178 2770 2339 2823 quam
2370 2770 2476 2807 nun
2508 2754 2664 2807 unius
2697 2760 2898 2809 tantum
2929 2753 3172 2817 limresis,
3203 2764 3291 2808 aut
3313 2754 3564 2815 duarum,
3589 2755 3776 2808 crimi-

2181 2845 2338 2901 nibus
2381 2844 2677 2899 involutum
2708 2846 3048 2901 Theodorum
3088 2846 3291 2901 laudari
3338 2846 3617 2915 pertulerit
3647 2845 3691 2911 ³,
3724 2853 3777 2901 et

2180 2937 2315 3001 sibi,
2363 2947 2411 2992 et
2442 2936 2646 3007 judicio
2676 2937 2816 2993 beati
2848 2937 3052 3010 Cyrilli,
3082 2953 3179 2993 suo
3212 2938 3519 2992 testimonio
3547 2938 3779 2992 convin-

2183 3040 2378 3084 cuntur
2409 3044 2528 3085 esse
2555 3030 2831 3095 contrarii,
2884 3030 3125 3087 dicentes
3153 3031 3398 3087 eumdem
3428 3030 3774 3085 Theodorum

491 3141 650 3199 quam
701 3125 1031 3201 congruebat
1078 3125 1192 3181 hinc
1234 3122 1469 3197 impleri.
1522 3123 1781 3178 Similiter
1819 3122 1980 3177 etiam
2026 3133 2078 3177 et
2110 3139 2155 3201 ρ
2187 3132 2463 3192 amputare
2493 3139 2705 3193 quoque
2750 3139 2939 3179 omnes
2970 3124 3021 3177 iii
3060 3124 3276 3179 Christo
3325 3124 3493 3179 factas
3538 3126 3774 3193 prophe-

493 3218 752 3285 Spiritum
803 3232 1046 3276 sane‘um
1092 3217 1330 3288 ejusdem
1379 3216 1625 3270 essentia?
1665 3222 2077 3283 cognoscentes,

495 3322 718 3381 propter
749 3310 1019 3380 propriam
1052 3312 1341 3367 essentiam
1390 3309 1700 3362 adoramus.
1752 3306 1841 3362 Sic
1887 3316 1942 3362 et
1975 3315 2083 3364 tres

496 3416 755 3471 personas
784 3403 1035 3470 dicimus,
1064 3415 1495 3471 unamquamque
1520 3399 1833 3470 pézrl‘ee‘am,
1869 3409 1923 3457 et
1942 3401 2083 3468 ejus-

494 3494 616 3547 dem
648 3493 918 3557 essentne,
951 3505 1168 3548 atteram
1195 3507 1257 3545 ac
1285 3490 1499 3559 divinze,
1531 3501 1585 3546 et
1615 3506 1801 3546 eorum
1848 3508 1965 3561 qua:
1998 3492 2087 3547 fa-

496 3591 580 3637 cta
610 3592 735 3637 sunt
777 3597 991 3637 causam
1023 3581 1348 3636 arbitrantes
1391 3596 1533 3648 esse,
1566 3590 1619 3637 et
1652 3590 1761 3636 tres
1800 3581 2086 3637 adoramus

497 3686 781 3743 personas,
820 3672 975 3726 unius
1004 3686 1097 3731 eas
1144 3670 1390 3727 essentia
1420 3672 1701 3727 credentes
1731 3687 1916 3727 revera
1948 3673 2085 3727 divi-

499 3780 603 3818 nze.
636 3762 918 3834 Quomodo
951 3766 1127 3833 itaque
1167 3764 1421 3832 pos.~ibile
1469 3772 1553 3821 est
1597 3774 1840 3836 quartam
1893 3780 2089 3834 perso-

501 3870 621 3908 nam
652 3870 815 3931 super
849 3857 943 3914 Iias
972 3855 1173 3912 addere
1204 3857 1348 3911 illam
1380 3871 1500 3928 quae
1531 3866 1809 3926 assumpta
1834 3867 1917 3913 est
1944 3859 2087 3913 servi

498 3949 762 4002 formant?
797 3963 955 4018 quam
1011 3963 1184 4019 neque
1215 3948 1456 4026 ejusdem
1498 3948 1811 4004 substantia:
1855 3949 2085 4013 arbitra-

500 4053 622 4096 mur
650 4053 797 4107 esse,
824 4041 908 4097 cui
939 4055 1113 4112 neque
1155 4050 1375 4111 propter
1419 4056 1477 4095 se
1508 4041 1687 4098 cultus
1716 4042 1961 4109 debetur,
1996 4058 2090 4096 ne-

501 4148 607 4201 qne
646 4144 865 4205 promer
916 4136 1185 4207 propriam
1235 4135 1526 4193 essentiam
1576 4136 1777 4191 debere
1817 4135 2089 4201 sincincre

497 4224 869 4282 adorationem
920 4228 1284 4298 agnoscimus,
1317 4242 1491 4299 neque
1532 4229 1700 4297 ipsam
1752 4228 1919 4285 solam
1951 4227 2089 4293 apud

499 4333 559 4375 se
588 4318 761 4375 divise
792 4320 845 4374 in
876 4321 1090 4391 propria
1119 4336 1349 4391 persona
1393 4322 1704 4388 adoramus,
1737 4321 1892 4376 sicuti
1922 4322 2085 4374 dividi

499 4428 619 4468 eam
651 4422 862 4485 putant.
896 4432 915 4466 ι
952 4413 1327 4484 Nunquidnam
1373 4423 1493 4483 post
1544 4414 1735 4469 horum
1767 4428 2093 4471 commemo-

2188 3213 2289 3268 tias
2317 3222 2361 3268 ι.
2396 3214 2565 3282 Quem
2596 3231 2717 3269 cum
2763 3214 3000 3285 indigne,
3046 3216 3190 3271 velut
3221 3232 3316 3285 pro
3340 3216 3559 3272 Judaica
3590 3219 3769 3283 impie»

2188 3311 2318 3371 tate,
2352 3305 2742 3372 damnaverint,
2772 3306 3011 3363 dicentes
3038 3308 3179 3377 quod
3209 3323 3313 3362 non
3344 3308 3510 3363 Deum
3537 3308 3774 3363 credide—

2190 3401 2260 3455 rit
2290 3399 2558 3457 Christum
2590 3400 2641 3470 ι),
2677 3418 2863 3457 rursus
2892 3418 2958 3457 ex
3008 3402 3231 3458 adverso
3259 3404 3420 3457 etiam
3456 3402 3775 3456 Manichaeo-

2189 3509 2309 3548 rum
2350 3494 2398 3547 ei
2430 3494 2631 3549 crimen
2662 3494 2981 3567 impingunt,
3015 3510 3148 3564 quos
3191 3496 3441 3549 novimus
3475 3496 3638 3549 Vetus
3672 3510 3774 3549 non

2188 3587 2433 3654 accipere
2449 3585 2873 3642 Testamentum.
2904 3587 3035 3641 Nam
3064 3586 3237 3642 Judaei
3265 3602 3477 3656 quoque
3505 3585 3774 3657 Christum

2190 3694 2285 3749 per
2317 3679 2605 3750 prophetas
2645 3679 3016 3735 anmmtiatum
3051 3694 3172 3736 esse
3202 3695 3307 3735 non
3337 3680 3605 3751 dis-negant
3635 3696 3649 3734 :
3682 3676 3774 3731 sed

2190 3771 2363 3827 adhuc
2402 3786 2523 3826 eum
2551 3778 2837 3827 venturum
2880 3779 3223 3840 eXSpectant,
3256 3786 3413 3841 quem
3437 3772 3651 3829 venisse
3681 3784 3774 3823 nos

2189 3864 2481 3918 credimus.
2503 3863 2601 3918 Cui
2626 3879 2756 3918 vero
2777 3865 2849 3919 sit
2868 3864 2948 3919 vel
2973 3879 3158 3933 parum
3185 3862 3499 3930 intelligenti
3522 3859 3775 3915 credibile

2192 3964 2250 4009 ut
2280 3955 2493 4011 dicatur
2517 3957 2803 4026 episcopus
2834 3958 2884 4009 in
2915 3956 3153 4010 Eecle~ia
3195 3954 3459 4009 catholica
3484 3952 3776 4007 cred.disse

2191 4063 2253 4103 ac
2289 4048 2536 4104 docuisse
2564 4049 2704 4119 quod
2749 4047 2892 4103 nihil
2930 4046 3411 4119 pra'uuntiavcriul
3456 4044 3524 4100 de
3568 4042 3777 4096 (.briste

2192 4145 2501 4212 prophetae,
2534 4152 2589 4198 et
2631 4144 2684 4198 in
2712 4144 2827 4213 ejus
2855 4141 3232 4198 communione
3262 4139 3563 4195 mansisse?
3598 4138 3777 4206 Neque

2192 4235 2358 4305 enim,
2386 4237 2528 4292 sicut
2556 4237 2845 4291 multorum
2876 4234 3276 4300 haereticorum,
3306 4234 3551 4287 occultus
3580 4232 3667 4286 hic
3693 4246 3775 4285 er-

2191 4348 2280 4388 ror
2306 4340 2408 4394 est,
2440 4340 2532 4386 aut
2559 4331 2734 4400 aliqua
2766 4328 3231 4385 verisimilitudine
3254 4327 3546 4388 coloratus,
3580 4335 3637 4379 ut
3675 4338 3775 4378 non

2195 4424 2369 4493 primo
2397 4423 2674 4492 religiosas
2700 4436 2855 4475 aures
2886 4421 3124 4475 olTendat
3151 4420 3371 4486 auditu,
3408 4435 3531 4474 cum
3564 4417 3775 4482 dicitur,

500 4512 764 4567 rationem
791 4512 997 4581 jactare
1027 4511 1248 4583 debent,
1273 4529 1300 4566 a
1330 4513 1616 4568 Theodoro
1644 4513 1944 4586 symbolum
1968 4528 2089 4568 esse
2122 4516 2170 4577 ι)
2198 4516 2327 4569 nihil
2372 4513 2439 4568 de
2468 4512 2681 4568 Christo
2714 4513 3065 4582 prophetasse
3100 4513 3412 4582 prophetas.
3446 4512 3559 4566 l‘loc
3585 4511 3777 4579 quippe

501 4604 788 4660 roulietuni
829 4605 880 4660 in
912 4618 1020 4673 quo
1052 4614 1291 4672 negatam
1323 4618 1564 4660 asserunt
1593 4604 1949 4659 Trinitatem?
1983 4606 2088 4659 Ant

502 4698 585 4751 vel
620 4713 716 4753 nos
751 4697 997 4754 dubitare
1023 4698 1284 4754 debemus
1313 4701 1517 4755 sanctis
1559 4699 1807 4757 Panibus
1842 4699 2085 4764 credere,

502 4790 893 4861 quodalienus
917 4790 1076 4846 fuerit
1099 4804 1128 4843 a
1155 4805 1313 4846 sensu
1343 4790 1613 4846 Nestorii?
1638 4791 1767 4846 Nam
1799 4791 1852 4847 in
1886 4790 1988 4845 hoc
2011 4802 2089 4845 te-

502 4883 756 4939 stimonio
786 4899 891 4938 non
923 4885 1096 4939 solum
1130 4894 1238 4939 tres
1261 4900 1518 4953 personas
1541 4894 1596 4940 et
1622 4885 1934 4940 Trinitatem
1959 4900 2088 4940 con-

503 4976 709 5043 litetur,
759 4975 994 5043 l‘alrem,
1048 4987 1103 5032 et
1134 4976 1349 5043 Filium,
1398 4974 1455 5031 e‘t
1501 4976 1757 5046 Spiritum
1803 4986 2085 5042 sanctum;

501 5068 597 5123 sed
626 5072 786 5123 etiam
820 5079 978 5140 negat
998 5086 1121 5128 esse
1152 5070 1409 5141 p08>ibile
1449 5070 1593 5126 velut
1622 5080 1865 5139 quartam
1900 5085 2086 5139 perso-v

502 5174 627 5214 nam
658 5176 818 5230 super
848 5161 943 5217 has
975 5162 1175 5218 addere
1200 5162 1346 5216 illam
1378 5178 1498 5232 qua:
1533 5169 1807 5229 assumpta
1835 5169 1919 5216 est
1947 5161 2091 5216 servi

502 5253 726 5309 formam
754 5273 767 5312 :
794 5272 954 5328 quam
991 5258 1070 5313 sic
1097 5266 1285 5313 contra
1315 5256 1660 5328 Apolinatem
1693 5264 1747 5311 et
1795 5255 2090 5326 Eutychein

576 5443 599 5470 ³
643 5435 733 5510 Ad
768 5437 868 5493 hoc
899 5448 1064 5508 caput
1115 5443 1384 5509 pertinent
1414 5455 1530 5510 quae
1575 5437 1626 5510 in
1658 5435 1846 5491 eadem
1876 5435 2088 5489 actione

504 5509 692 5579 synodi
722 5507 981 5579 habentur
1012 5507 1155 5565 nutu.
1181 5513 1252 5568 ευ
1282 5525 1331 5565 et
1359 5507 1726 5579 sequentibus.

576 5575 604 5616 δ
645 5580 700 5633 lu
732 5578 907 5635 edicto
935 5582 1238 5647 Jttstiuiatti,
1271 5598 1417 5637 Itum.
1438 5573 1504 5636 Π
1533 5598 1546 5634 :
1580 5578 1708 5635 Οὐδέ
1736 5582 1836 5656 γὰρ
1866 5573 1987 5633 εἶναι
2008 5577 2091 5633 τὸν

580 5738 595 5769 ⁸
622 5738 753 5792 Cod.
788 5739 1007 5802 \’eron.,
1032 5738 1227 5794 itidem.

581 5811 600 5845 ³
621 5810 764 5870 idem
794 5810 938 5880 cod.,
966 5808 1157 5864 itidem.

2196 4616 2281 4665 est
2322 4620 2585 4660 evacuare
2632 4618 2822 4659 omnes
2865 4604 2918 4657 in
2966 4603 3182 4658 Christo
3232 4603 3401 4658 factas
3446 4601 3774 4670 prepbetias,

2196 4697 2338 4768 quod
2362 4696 2598 4767 jactatur
2621 4694 2812 4751 fecisse
2840 4694 3180 4750 Theodorus.
3209 4692 3461 4761 Quamvis
3486 4694 3667 4762 itaque
3687 4706 3776 4745 sua

2197 4797 2389 4859 sponte
2427 4789 2567 4858 quod
2600 4787 2687 4843 hic
2714 4787 2782 4842 de
2814 4788 2905 4841 illo
2929 4787 3218 4842 coniictum
3251 4796 3333 4841 est
3362 4784 3677 4840 incredibile
3708 4783 3778 4836 vi-

2197 4882 2409 4949 deatur,
2450 4891 2629 4939 tamen
2658 4891 2715 4936 et
2759 4880 2859 4935 hoc
2886 4881 3182 4935 secundum
3227 4879 3370 4948 ipsos
3411 4888 3598 4933 contra
3642 4875 3778 4932 beati

2199 4972 2384 5044 Cyr-illi
2414 4974 2735 5029 sente..tiam
2757 4972 2970 5027 dicitur.
3001 4975 3131 5027 Nam
3154 4974 3195 5025 si
3221 4986 3408 5025 omnes
3430 4970 3481 5024 in
3512 4970 3775 5025 Christum

2201 5067 2368 5121 factas
2416 5066 2725 5136 preplietias
2776 5063 3093 5120 Theodorus
3138 5063 3461 5132 amputavit,
3498 5077 3605 5117 neu
3639 5071 3779 5115 recte

2199 5158 2504 5229 evangelica
2529 5156 2724 5227 scripta
2756 5156 3136 5226 interpretatus
3160 5166 3274 5222 est,
3304 5155 3355 5208 in
3384 5152 3583 5223 quibus
3615 5152 3777 5206 Lucas

2203 5250 2484 5314 Dominum
2514 5248 2716 5306 dixisse
2739 5255 3128 5302 commemorat
3155 5264 3166 5300 :
3201 5244 3329 5300 ιιιτσ
3352 5254 3467 5300 sunt
3496 5244 3646 5298 verba
3671 5256 3778 5313 qua

2198 5438 2375 5560 33pm
2405 5434 2547 5491 Θεόν.
2595 5435 2710 5490 Nec
2755 5435 2889 5489 enim
2942 5435 3064 5488 dicit
3119 5433 3411 5488 Theodorus
3465 5430 3633 5488 Deum
3679 5445 3777 5485 me

2230 5509 2475 5560 ’tristum.

2230 5509 2475 5560 Iltristum.

2274 5732 2290 5762 ³
2331 5731 2474 5788 ldent
2507 5730 2653 5797 cod.,
2677 5729 2997 5802 pertulerint.
