4070 6352
288 351 388 408 σαι

1128 349 1261 407 1³110
1303 345 1726 403 DEFENSIONE
1777 342 1995 399 TRIUM
2036 341 2352 400 CAPITUL.
2392 344 2521 401 LIB.
2552 344 2637 401 111.

3430 347 3538 403 602

286 470 488 525 locutus
517 483 626 523 sum
654 466 723 521 ad
765 482 876 533 vos,
904 482 1017 521 eum
1045 466 1217 523 adhuc
1242 484 1394 521 rssem
1428 467 1677 521 vobiscum
1702 480 1720 519 :
1747 480 1867 533 qao-
1901 464 1946 523 A
1977 463 2028 517 in
2060 471 2290 534 utroque
2320 462 2634 519 Theodorus
2680 470 2734 519 et
2779 476 2884 519 non
2932 477 2962 519 a
2987 471 3156 520 terutn
3177 506 3193 532 ,
3232 475 3353 521 esse
3400 460 3553 517 docet

286 565 428 618 niam
451 578 649 615 necesse
670 574 736 618 est
760 560 957 632 impleri
982 562 1152 613 omnia
1179 578 1289 632 qua:
1313 562 1500 629 scriptu
1523 570 1641 614 sunt
1668 562 1718 614 in
1742 560 1869 613 libro

290 654 485 726 Moysi,
509 664 555 707 et
580 651 869 719 Pmpltetis,
898 661 941 705 et
971 650 1195 707 Psalmis
1217 654 1279 706 de
1302 670 1379 706 me
1404 651 1555 721 (Luc.
1581 668 1727 717 xxtv,
1752 651 1867 719 Η).

290 748 398 805 Sed
428 764 597 818 neque
625 747 932 814 Apostolum
962 760 1106 806 recte
1126 752 1395 819 exposuit,
1418 748 1506 818 qui
1538 749 1589 802 in
1611 748 1872 818 Epistola-

288 856 407 894 rum
452 854 667 893 suarum
711 840 971 909 principio
1013 840 1142 895 dicit
1182 859 1195 894 :
1244 840 1439 895 Paulus
1482 857 1653 895 servus
1683 838 1870 895 Citriin

284 933 437 1003 Jesu,
469 945 671 990 vocatus
688 936 966 1005 apostolus,
997 945 1288 1005 segregatus
1310 938 1361 989 in
1393 934 1725 1008 Evangrlium
1753 935 1868 1002 Dei,

284 1028 425 1098 quod
453 1039 569 1081 ante
592 1030 890 1093 promiserat
922 1045 1012 1097 per
1033 1030 1301 1100 prophetas
1325 1045 1442 1083 suos
1460 1072 1472 1093 ,
1501 1030 1551 1081 in
1586 1028 1871 1097 Srripturis

284 1121 477 1173 sancis
506 1120 567 1172 de
600 1118 734 1173 Fitio
762 1137 888 1183 suo,
928 1138 1012 1190 qui
1041 1121 1207 1191 fartus
1232 1132 1300 1174 est
1326 1121 1370 1175 ei
1396 1136 1459 1174 ea:
1496 1121 1684 1174 semine
1708 1120 1872 1173 David

284 1211 561 1271 secundum
588 1226 793 1264 carnem
816 1210 992 1279 (Rom.
1015 1227 1053 1275 ι,
1085 1211 1165 1281 Ι);
1200 1220 1255 1266 et
1280 1211 1383 1264 alia
1410 1221 1657 1266 sexcenta
1688 1210 1872 1269 huius—

284 1301 469 1368 modi,
519 1303 713 1371 quibus
764 1302 916 1372 plena
963 1312 1087 1355 sunt
1130 1302 1433 1370 evangelica
1480 1310 1535 1357 et
1578 1304 1871 1372 apostoiica

284 1398 504 1463 scripta.
538 1394 677 1462 Quid
719 1403 895 1448 autem
945 1394 1083 1449 idem
1123 1394 1436 1449 Theodorus
1482 1394 1533 1448 in
1565 1406 1870 1449 commento

285 1484 542 1555 Epistulae
566 1487 628 1540 ad
655 1485 924 1541 Romanos
948 1487 1259 1555 praedictum
1282 1487 1571 1555 capitulum
1595 1500 1871 1555 exponens

284 1578 507 1646 dixerit,
539 1578 877 1633 attendamus
906 1597 917 1631 :
955 1597 974 1630 ι
1007 1580 1067 1633 Et
1101 1579 1349 1649 quoniam
1382 1594 1574 1632 novum
1606 1594 1712 1648 quo
1734 1579 1869 1632 tarn-

283 1669 446 1723 modo
467 1684 589 1724 esse
610 1669 885 1724 videbatur
906 1671 1046 1740 quod
1065 1671 1132 1725 ab
1152 1670 1231 1725 eis
1247 1670 1313 1725 de
1333 1669 1545 1724 Christo
1568 1669 1867 1736 dicebatur,

283 1759 548 1833 adiungit,
581 1762 719 1837 quod
746 1774 864 1816 ante
891 1763 1189 1833 promiserat
1221 1780 1309 1832 per
1334 1763 1606 1833 praplictas
1636 1779 1775 1829 suos,
1803 1778 1867 1816 cx

1976 554 2165 609 Fi‘ium
2198 555 2312 611 Dei.
2344 554 2455 609 Non
2481 555 2640 627 igitur
2664 556 2889 611 alterum
2917 571 3036 611 esse
3066 570 3288 625 persona
3320 554 3400 609 vel
3432 554 3550 609 sub-

1974 645 2237 716 sistentia,
2267 646 2403 701 sicut
2425 647 2731 715 Nestorius,
2763 649 2983 704 credidit
3015 647 3307 703 secundum
3338 662 3553 703 carnem

1972 756 2036 795 ex
2069 743 2273 798 semine
2303 743 2468 797 David
2500 742 2696 800 factum
2717 786 2732 811 ,
2778 754 2835 800 et
2861 746 3086 800 alterum
3130 744 3422 800 secundum
3448 742 3553 796 dci-

1977 844 2133 887 tatem
2169 834 2356 888 Filium
2392 835 2513 901 Dei,
2546 835 2636 906 qui
2682 848 2731 891 et
2775 837 3064 892 Secundum
3095 850 3343 902 carnem,
3389 844 3443 890 et
3474 851 3555 890 se-

1974 909 2206 982 cUndnm
2237 929 2520 994 deitatem,
2570 930 2817 985 eumdem
2860 930 3050 985 Filium
3084 932 3211 985 dicit
3245 929 3554 1000 Apostolum

1973 1024 2308 1090 cognovisse.
2337 1024 2488 1081 Unde
2516 1036 2733 1081 secutus
2754 1026 2946 1091 adjecit
2971 1043 2983 1079 :
3014 1028 3136 1080 Dur
3160 1028 3302 1082 enim
3329 1038 3553 1094 naturm,

1973 1132 2138 1169 unum
2172 1126 2348 1171 autem
2392 1118 2644 1186 quiddam
2693 1120 3026 1172 connexione
3074 1119 3457 1189 intell'gunttr.
3495 1122 3557 1175 Et

1974 1209 2218 1278 quamvis
2248 1209 2414 1263 altera
2457 1210 2527 1264 sit
2567 1210 2835 1278 hominis,
2888 1210 3054 1265 altera
3091 1226 3221 1265 Vero
3270 1212 3361 1266 Dei
3403 1212 3558 1267 Verbi

1975 1311 2193 1368 natura,
2222 1312 2549 1358 Concurrunt
2594 1315 2769 1358 tamen
2814 1305 2864 1358 in
2899 1322 3059 1359 unum
3105 1306 3307 1375 atnbm,
3340 1317 3559 1376 propter

1974 1393 2389 1462 assumptioncm
2422 1405 2476 1449 et
2524 1412 2583 1463 pr
2608 1404 2740 1465 ipter
2785 1397 3161 1452 adunationcm
3199 1413 3317 1466 qua:
3364 1412 3428 1452 ex
3476 1412 3562 1451 as-

1974 1487 2279 1553 sumptione
2311 1486 2335 1539 Γ
2364 1499 2447 1541 cta
2479 1499 2575 1541 est.
2617 1489 2832 1543 Fatetur
2861 1500 3063 1555 autent,
3094 1490 3386 1545 secundum
3419 1490 3561 1558 Allo-

1974 1577 2203 1642 SItilttttt,
2237 1578 2377 1648 quod
2417 1590 2541 1633 ante
2585 1579 2724 1635 Deus
2775 1597 2868 1649 [cr
2918 1582 3205 1651 prophetae
3256 1584 3562 1651 promiserit

1974 1663 2268 1734 ChriStum,
2296 1678 2348 1722 et
2378 1670 2497 1740 quia
2528 1670 2594 1723 de
2628 1670 2762 1724 Filio
2791 1672 2906 1741 ejus
2932 1674 3204 1744 pr0phetae
3228 1674 3388 1729 locuti
3413 1682 3560 1729 sunt.

1975 1760 2090 1816 Non
2122 1778 2251 1833 ergo
2285 1774 2508 1818 evavuat
2556 1766 2656 1821 iste
2684 1781 2872 1821 omnes
2900 1766 3067 1822 factas
3114 1769 3167 1821 in
3199 1768 3412 1823 Christo
3441 1784 3563 1837 pro-

283 1853 565 1923 pr0phetia
611 1855 796 1909 volens
836 1855 1096 1911 doctrinae
1144 1856 1512 1926 antiquitatem
1562 1856 1867 1911 ostendere.
1904 1844 1944 1901 Β
1977 1854 2208 1923 phetias.
2261 1856 2400 1909 Sane
2431 1862 2551 1925 qn'a
2583 1873 2763 1911 verum
2796 1870 2876 1911 est
2919 1859 3315 1928 impngnato:es
3362 1868 3563 1913 sancta:

287 1943 438 2000 Unde
463 1955 516 2001 et
542 1949 887 2015 magniﬁcans
940 1947 1272 2018 prophetiam
1292 1989 1308 2013 ,
1360 1948 1495 2003 bene
1523 1948 1787 2020 adiunxit,
1817 1946 1871 2000 in

282 2037 567 2108 Scripfttris
593 2041 799 2094 sanrtis.
833 2040 1016 2110 Neque
1037 2042 1179 2096 enim
1206 2042 1456 2107 litteram,
1485 2043 1565 2097 vel
1596 2041 1872 2098 characte-

285 2144 398 2183 rem
430 2142 673 2187 sanctum
707 2132 919 2187 volebat
947 2134 1152 2202 dicere;
1186 2135 1279 2190 sed
1311 2135 1644 2207 prophetiam
1678 2134 1868 2202 ipsam,

282 2238 405 2291 quae
445 2232 561 2277 erat
599 2223 804 2292 διςὶεἰιυ
845 2236 1030 2280 sancto
1074 2227 1454 2281 revelationem
1484 2228 1564 2281 eis
1613 2228 1870 2281 donante.

283 2314 457 2383 Ipsam
500 2331 626 2386 ergo
655 2318 988 2386 prophetiam
1022 2326 1169 2373 recte
1196 2320 1274 2373 sic
1316 2319 1629 2387 appellavit.
1659 2317 1748 2373 Sic
1772 2319 1787 2350 ί
1820 2326 1874 2371 et

282 2408 407 2462 alibi
434 2408 564 2463 dixit
593 2428 604 2459 :
642 2410 821 2464 Omnis
851 2410 1124 2481 Scriptura
1151 2411 1392 2464 divinitus
1435 2412 1692 2479 inspirata
1732 2410 1872 2465 utilis

283 2511 354 2551 rst
387 2497 475 2567 (ll
503 2498 634 2553 Tim.
675 2502 776 2567 tu).
820 2502 899 2567 Qu
923 2500 955 2555 d
1009 2502 1188 2569 itaque
1232 2502 1349 2556 istae
1378 2502 1605 2556 dicunt?
1632 2503 1694 2555 de
1730 2499 1873 2555 Filio

283 2594 417 2662 rjus.
452 2592 515 2646 Et
542 2596 793 2662 quoniam
822 2609 1108 2648 commune
1152 2605 1235 2648 est
1276 2595 1364 2648 lilii
1395 2610 1628 2656 nomen,
1660 2602 1710 2647 et
1750 2609 1870 2647 cum

282 2687 352 2739 de
376 2684 653 2740 divinitate
681 2686 900 2755 dicitur,
932 2687 1092 2740 etiam
1119 2685 1183 2740 de
1212 2685 1543 2740 humanitate
1568 2685 1870 2754 accipitur:

284 2776 620 2833 manifestius
655 2779 865 2847 aperire
892 2779 1078 2834 volens
1107 2780 1251 2833 unde
1278 2780 1324 2833 ei
1358 2796 1497 2833 nunc
1528 2780 1709 2835 dicere
1749 2795 1874 2850 pro-

282 2869 515 2939 positum
547 2870 651 2935 sit,
681 2870 763 2925 vel
790 2870 943 2939 cujus
989 2871 1063 2925 rei
1094 2870 1264 2941 gratia
1311 2870 1692 2944 prophetarum
1724 2872 1875 2925 testi-

283 2962 519 3017 monium
549 2962 830 3032 adjunxit:
865 2959 965 3027 Qui
1007 2963 1171 3032 factus
1214 2971 1286 3015 est
1315 2963 1359 3014 ei
1383 2977 1445 3015 ex
1478 2962 1665 3015 semine
1705 2960 1875 3016 David

200 3128 205 3129 γ
282 3054 560 3109 secundum
590 3071 811 3121 carnem,
841 3064 1025 3123 aperte
1052 3054 1263 3123 quidem
1302 3054 1592 3109 ostendens
1621 3053 1871 3126 quoniam

284 3147 354 3202 de
383 3160 657 3218 assumpto
701 3149 913 3203 homine
956 3166 1259 3204 sermonem
1292 3149 1523 3216 inducit;
1556 3162 1731 3205 tamen
1776 3164 1874 3205 nec

1974 1948 2164 2017 synodi
2193 1949 2262 2002 ob
2291 1948 2392 2003 hoc
2422 1948 2488 2005 de
2520 1950 2608 2003 illo
2638 1951 2735 2005 ista
2762 1951 2996 2021 jactare,
3030 1954 3170 2022 quod
3217 1956 3268 2007 in
3303 1954 3564 2023 intetpre-

1977 2042 2177 2097 latione
2208 2043 2536 2097 PsaltnOrnm
2564 2046 2806 2115 qumdam
2836 2046 3109 2101 moraliter
3141 2048 3454 2113 exposuisse
3485 2046 3565 2100 di-

1976 2149 2148 2205 catur,
2182 2156 2298 2210 qna‘.
2329 2140 2380 2193 in
2409 2140 2677 2194 (Zhri~tum
2711 2142 2879 2213 magis
2919 2141 3059 2196 dicta
3090 2141 3288 2195 debent
3316 2140 3565 2213 intelligi,

1976 2243 2033 2286 tit
2082 2249 2185 2285 non
2236 2233 2289 2287 di
2324 2234 2586 2287 cutiamus
2630 2236 2899 2303 quomodo
2938 2233 3041 2303 ipsi
3071 2249 3129 2286 ea
3164 2235 3470 2301 posuerint,
3515 2242 3568 2289 et

1977 2326 2248 2395 quomodo
2275 2327 2342 2378 ab
2373 2327 2463 2380 illo
2493 2336 2617 2380 sunt
2647 2324 2667 2357 ’⁵
2700 2328 2867 2394 posita
2892 2342 2905 2392 ;
2936 2341 3109 2396 neque
3130 2325 3240 2395 jam
3281 2325 3569 2393 probemus

1976 2418 2118 2485 quod
2155 2420 2249 2472 ista
2282 2433 2367 2472 res
2397 2417 2708 2473 ha‘reticum
2750 2434 2856 2471 non
2898 2416 3088 2483 faciat,
3130 2433 3250 2471 cutn
3283 2432 3427 2484 saepe
3458 2417 3569 2471 lau-

1978 2509 2153 2563 dabile
2179 2508 2469 2578 judicetur,
2512 2508 2555 2562 si
2586 2512 2744 2563 etiam
2779 2506 3051 2562 moraliter
3082 2517 3418 2575 expatiantur
3448 2522 3570 2575 quae
3604 2494 3609 2497 ᾗ

1980 2602 2296 2672 prophetice
2324 2601 2464 2655 dicta
2494 2612 2617 2655 sunt
2648 2618 2662 2655 :
2698 2600 2779 2653 his
2818 2601 3102 2655 terminum
3132 2599 3569 2655 contentionibus

1980 2695 2107 2748 dant
2134 2711 2251 2764 qum
2279 2695 2299 2725 ⁸
2330 2694 2471 2747 idem
2517 2693 2832 2747 Theodorus
2874 2693 2925 2747 in
2955 2692 3093 2747 llbro
3130 2692 3197 2746 de
3236 2691 3489 2757 allegoria
3516 2698 3571 2744 et

1980 2784 2203 2842 historia
2256 2800 2413 2852 quem
2466 2794 2649 2839 contra
2700 2783 2985 2852 ()rigencm
3032 2782 3247 2851 scripsit
3294 2780 3468 2853 (unde
3518 2787 3572 2834 et

1984 2878 2162 2933 odium
2206 2876 2651 2946 Origenianorum
2683 2873 2927 2943 incurrit)
2956 2872 3087 2927 dicit
3123 2871 3190 2926 ad
3219 2870 3519 2927 Cerdonem
3553 2886 3569 2924 :
3649 2900 3658 2908 -

1987 2986 2007 3021 ι
2045 2968 2158 3037 Ego
2180 2966 2394 3035 quidem
2418 3005 2433 3031 ,
2462 2964 2604 3033 quod
2634 2974 2815 3019 nostra
2842 2966 2920 3020 sic
2948 2962 3132 3019 laudes
3152 3006 3167 3031 ,
3205 2976 3310 3015 non
3338 2959 3425 3015 alii
3456 2960 3571 3015 cui-

1978 3061 2121 3129 piam
2152 3058 2377 3129 imputo,
2408 3074 2565 3129 quam
2591 3057 2840 3111 amicitia:
2870 3071 3027 3126 quam
3069 3053 3207 3109 circa
3240 3068 3340 3109 nos
3371 3051 3568 3120 habes,

1979 3169 2138 3225 quam
2171 3154 2332 3208 etiam
2362 3153 2413 3206 in
2438 3150 2617 3205 multis
2645 3159 2699 3205 et
2729 3150 2936 3221 magnis
2966 3147 3126 3203 rebus
3150 3161 3366 3217 semper
3390 3155 3573 3201 osten-

282 3240 579 3297 divinitatis
626 3244 877 3298 indicium
919 3258 1023 3297 non
1065 3243 1418 3312 signiﬁcatum
1454 3242 1687 3311 reliquit.
1721 3241 1777 3296 ln
1806 3257 1872 3296 eo
1898 3229 1945 3293 C
1978 3245 2139 3310 disti;
2184 3254 2239 3300 et
2276 3244 2507 3299 maxime
2533 3244 2784 3314 quoniam
2813 3241 2834 3273 ⁶
2864 3258 2926 3297 ea
2969 3256 3089 3310 qua:
3125 3237 3321 3311 scripta
3352 3249 3480 3295 sunt
3519 3238 3572 3293 in

283 3337 429 3391 enim
470 3337 610 3404 quod
659 3338 897 3404 addidit,
942 3339 1218 3393 secundum
1264 3354 1495 3403 carnem,
1543 3335 1875 3392 sufficienter

283 3431 519 3486 ostendit
547 3431 670 3500 quia
698 3442 747 3485 tl
779 3432 933 3487 aliter
966 3432 1058 3486 lilii
1091 3430 1531 3499 signiﬁcationem
1562 3431 1876 3484 novitacci-

284 3534 444 3591 pere,
474 3522 735 3591 siquidem
783 3524 1074 3577 secundum
1119 3523 1221 3577 hoc
1259 3524 1363 3576 scit
1401 3536 1522 3576 eum
1566 3536 1631 3576 ex
1674 3521 1877 3576 semine

286 3614 454 3669 David
485 3614 704 3680 factum,
740 3626 986 3686 tanquam
1017 3616 1309 3671 secundum
1343 3614 1485 3669 aliud
1518 3630 1622 3667 non
1653 3614 1722 3668 ita
1753 3628 1875 3668 eum

285 3720 641 3776 cog-oscens.
662 3708 789 3762 Dote
813 3707 954 3763 enim
981 3718 1202 3775 naturre,
1229 3724 1392 3762 unum
1417 3718 1593 3762 autem
1623 3705 1873 3776 quiddam

284 3800 618 3853 cunnexione
651 3799 957 3868 intelligunt
987 3801 1029 3855 ’.
1058 3801 1239 3854 Alti‘ra
1268 3802 1477 3865 quidem
1508 3808 1591 3853 est
1618 3800 1873 3865 assutnpti

284 3891 540 3951 hominis,
574 3891 736 3946 altera
765 3909 890 3945 vero
918 3893 1006 3946 Dei
1039 3893 1216 3946 Verbi.
1250 3894 1585 3947 Concurrunt
1615 3900 1793 3945 autem
1822 3892 1874 3943 in

286 3999 451 4037 unum
482 3983 652 4038 amba:
682 3992 901 4052 propter
929 3984 1386 4053 aswmptionem,
1419 3992 1475 4038 et
1502 3991 1716 4053 propter
1744 3981 1877 4035 adu-

285 4076 581 4143 nationem,
612 4092 729 4145 quae
760 4092 823 4132 ex
856 4076 1222 4144 assumptione
1250 4075 1387 4129 facta
1438 4084 1553 4139 est,
1604 4090 1761 4144 quam
1809 4074 1876 4130 ad

286 4169 456 4224 Deum
488 4168 510 4201 ³
562 4168 722 4225 habet
760 4170 900 4224 servi
950 4169 1140 4224 forma.
1176 4189 1194 4221 ι
1246 4168 1383 4223 Ecce
1424 4168 1776 4231 Theodorus,
1825 4174 1879 4222 et

285 4261 582 4332 pr0phetas
608 4262 675 4317 de
706 4261 933 4316 Domino
962 4261 1180 4315 Christo
1213 4260 1449 4325 locutos,
1483 4260 1736 4329 et-ipsum
1771 4260 1877 4313 Do-

286 4356 493 4407 minum
539 4353 812 4408 Christum
845 4353 1116 4408 hominem
1150 4354 1434 4408 centltetur
1464 4363 1518 4408 et
1552 4352 1719 4407 Deum
1746 4372 1759 4412 :
1787 4353 1877 4424 qui
1921 4392 1931 4399 .

288 4446 367 4497 sic
397 4444 711 4515 Apostolum
749 4444 878 4499 dicit
907 4444 1165 4500 doctrinae
1210 4458 1319 4498 sua:
1362 4444 1730 4514 antiquitatem
1778 4461 1878 4516 per

286 4536 619 4606 pmpbetiam
672 4535 725 4590 in
756 4535 972 4590 Christo
1018 4532 1213 4590 factam
1260 4534 1579 4605 ostendere,
1630 4538 1874 4591 utetiam

1981 3339 2224 3396 Psalmos
2284 3337 2540 3404 miraris,
2603 3352 2720 3408 qua:
2787 3336 2949 3391 etiam
3021 3335 3191 3402 prima
3251 3342 3571 3389 caeterorutn

1980 3432 2219 3488 omnium
2246 3429 2578 3500 scripsimus.
2618 3428 2731 3483 Non
2763 3438 2942 3482 autem
2970 3434 3225 3496 quantam
3252 3430 3575 3495 oportuerat

1981 3525 2268 3581 habuimus
2292 3524 2437 3579 circa
2484 3523 2637 3576 istam
2689 3537 2801 3576 rem
2850 3520 3214 3589 diligentiam;
3257 3516 3396 3587 passi
3427 3517 3572 3571 enim

1980 3633 2168 3676 sumus
2192 3631 2526 3689 quzecunque
2552 3614 2892 3683 incipientes,
2922 3623 2976 3667 ut
3000 3613 3199 3678 evenit,
3230 3611 3280 3664 in
3309 3610 3573 3679 imperitia

1982 3713 2252 3769 scribendi
2284 3710 2582 3766 constituti.
2616 3708 2889 3778 Siquidem
2923 3718 2975 3758 et
3008 3705 3201 3759 inultas
3248 3703 3575 3757 immutatio-

1984 3825 2079 3863 nes
2110 3809 2198 3861 illo
2231 3818 2469 3872 tempore
2512 3820 2628 3870 quas
2662 3812 2841 3854 nostra
2886 3808 3010 3853 sunt
3040 3808 3408 3866 susceperunt,
3441 3810 3575 3865 quas

1984 3918 2091 3956 non
2121 3910 2202 3954 est
2232 3896 2513 3970 praasentis
2557 3894 2811 3964 temporis
2840 3905 3128 3955 enarrare;
3168 3905 3235 3943 ex
3266 3902 3369 3957 qua
3415 3902 3574 3941 causa

1982 3991 2150 4061 magis
2179 3990 2511 4057 negligenter
2533 4002 2561 4040 a
2590 3985 2743 4039 nobis
2772 3981 3066 4051 composita
3097 3988 3220 4034 sunt
3248 3978 3496 4050 plurima,
3520 3986 3577 4031 et

1981 4083 2216 4139 maxime
2246 4081 2335 4134 illa
2376 4095 2494 4149 quae
2544 4077 2714 4146 prima
2761 4085 2907 4130 sunt.
2942 4093 2959 4125 ι
2998 4073 3085 4128 Εοε
3108 4088 3138 4128 e
3166 4072 3250 4127 vel
3281 4072 3325 4125 si
3358 4070 3575 4125 lucreti-

1982 4188 2104 4226 cum
2136 4169 2377 4224 facerent
2420 4184 2480 4221 ea
2525 4182 2643 4236 qua:
2676 4166 2727 4219 in
2770 4166 2859 4219 illo
2892 4162 3349 4234 reprehenderunt
3395 4161 3577 4216 inter—

1982 4270 2227 4335 pretante
2258 4259 2574 4315 Psalterium
2594 4299 2607 4319 ,
2645 4259 2759 4327 ipse
2788 4265 2961 4310 semet
3002 4263 3300 4309 retractans
3328 4251 3572 4308 eamdem

1984 4354 2481 4425 interpretationem
2511 4366 2660 4404 suatn
2691 4349 2978 4417 displicere
3002 4346 3103 4401 sibi
3130 4345 3346 4411 fatetur,
3364 4352 3419 4400 et
3443 4343 3578 4399 levia

1983 4448 2300 4504 conﬁdentis
2327 4444 2707 4501 adolescentiae
2737 4444 2877 4498 dicta
2921 4441 3226 4496 maturioris
3254 4442 3425 4493 artatis
3453 4452 3579 4509 gra-

1985 4542 2148 4595 vitate
2195 4538 2438 4607 castigat.
2472 4535 2637 4605 Magis
2670 4537 2829 4605 igitur
2872 4534 3033 4589 etiam
3071 4533 3124 4587 in
3173 4534 3274 4586 hoc
3305 4531 3422 4601 ipso
3454 4544 3579 4599 pro-

196 4622 199 4625 Δ
285 4629 430 4683 diem
456 4634 596 4699 (Ιυοά
626 4629 716 4684 ﬁlii
757 4644 985 4695 ηοηιεην
1015 4645 1134 4685 cum
1164 4629 1229 4686 de
1252 4628 1534 4685 divinitate
1560 4629 1776 4696 dicitur,
1808 4630 1876 4685 de
1909 4613 1958 4673 υ
1985 4633 2224 4701 bandus,
2259 4646 2357 4686 nec
2386 4639 2590 4684 tantum
2624 4627 2910 4697 vituperari
2956 4641 3051 4695 pro
3081 4640 3291 4691 errore,
3319 4630 3578 4693 quantum

287 4720 619 4775 humanitate
663 4735 875 4791 quoque
920 4719 1242 4790 accipiatur;
1273 4730 1327 4775 et
1366 4720 1485 4790 quia
1527 4736 1647 4774 cum
1691 4720 1758 4776 de
1784 4736 1875 4774 as-

288 4820 502 4880 sumpto
539 4811 757 4867 homine
805 4827 1111 4867 sermonem
1169 4812 1407 4879 inducit,
1454 4827 1552 4865 nec
1583 4812 1876 4867 divinitatis

293 4902 548 4957 indicium
575 4921 678 4959 non
719 4906 1074 4975 signiﬁcatum
1104 4904 1354 4970 reliquit;
1382 4904 1631 4974 quodque
1657 4914 1737 4958 est
1768 4904 1879 4959 evi-

289 4996 527 5056 dentius,
554 5007 601 5050 et
634 4988 773 5071 quod
802 4998 943 5051 nulla
970 5006 1150 5067 posset
1191 4998 1242 5051 in
1271 4996 1482 5051 devium
1514 5011 1729 5050 sensum
1765 5012 1878 5049 ma-

290 5091 431 5160 ligna
475 5089 917 5162 interpretatione
946 5090 1217 5156 converti,
1251 5091 1380 5145 dicit
1406 5089 1546 5160 quod
1592 5090 1880 5159 Apostolus

289 5184 480 5240 Fitinm
512 5183 605 5239 Dei
656 5185 949 5239 secundum
994 5200 1208 5240 carnem
1241 5184 1454 5252 quidem
1484 5183 1617 5238 sciat
1660 5200 1782 5238 eum
1813 5199 1877 5238 ex

288 5279 496 5333 semine
527 5278 690 5333 David
717 5276 916 5334 factum
936 5319 951 5343 ,
983 5287 1232 5348 tanquam
1262 5278 1552 5333 secundum
1583 5278 1724 5331 aliud
1771 5295 1877 5332 non

288 5372 359 5426 ita
389 5387 509 5426 eum
560 5386 928 5441 cognoscens,
981 5371 1030 5427 id
1080 5380 1199 5436 est,
1246 5371 1539 5425 secundum
1597 5369 1875 5425 deitatem.

289 5462 541 5529 Quamvis
574 5462 751 5535 itaque
779 5463 1070 5518 secundum
1103 5460 1246 5517 aliud
1276 5473 1329 5521 et
1352 5460 1516 5528 aliud,
1546 5478 1667 5518 eum
1694 5472 1877 5519 tamen

365 5672 380 5701 ¹
422 5671 534 5723 Cod
570 5672 797 5735 Verum,
825 5673 975 5725 sicut.

364 5741 388 5811 ξ
428 5742 570 5796 Ideni
596 5745 742 5807 co-L,
773 5744 1143 5811 intelliguntur.

367 5810 387 5841 ³
430 5812 571 5865 Idem
602 5814 748 5876 cod.,
776 5810 943 5867 Deum
976 5814 1207 5869 Veritum.

366 5880 389 5912 ⁵
429 5883 574 5939 ldetu
597 5884 744 5945 cod..
775 5886 894 5939 sint.

1985 4727 2147 4782 debet
2188 4740 2284 4795 pro
2315 4722 2652 4778 correctione
2679 4720 2920 4788 laudari,
2964 4720 3146 4773 divina
3189 4716 3463 4786 Scriptura
3493 4714 3579 4769 di-

1984 4833 2175 4876 cente:
2211 4820 2309 4885 Qui
2340 4818 2551 4879 labitur,
2583 4818 2671 4870 sed
2700 4830 2798 4867 non
2830 4829 2892 4866 ea:
2920 4812 3127 4877 animo;
3171 4820 3219 4863 et
3256 4808 3366 4877 quis
3396 4817 3467 4861 est
3492 4805 3580 4875 qui

1986 4932 2087 4970 non
2140 4914 2358 4983 peccarit
2407 4914 2461 4964 in
2512 4910 2689 4980 lingua
2720 4908 2850 4961 sua?
2883 4906 2949 4959 Et
2996 4906 3081 4959 hic
3132 4904 3309 4973 itaque
3358 4918 3463 4956 non
3512 4915 3580 4955 ex

1987 5007 2168 5059 animo
2199 5019 2256 5059 se
2288 5005 2493 5072 lapsum
2526 5012 2818 5071 spontanea
2854 4998 2932 5052 sui
2976 4995 3393 5066 reprehensione
3423 5006 3580 5044 mon-

1984 5096 2192 5159 stravit,
2218 5101 2272 5147 et
2293 5096 2432 5163 quod
2457 5102 2539 5147 est
2563 5091 2814 5160 amplius,
2845 5091 2893 5142 in
2923 5102 3089 5158 Opere
3118 5089 3167 5139 in
3192 5100 3298 5154 quo
3320 5084 3387 5135 ab
3408 5082 3582 5136 amico

1984 5187 2229 5242 laudatus
2270 5197 2375 5240 est.
2432 5186 2643 5240 Utinam
2694 5185 2835 5238 hunc
2869 5180 3068 5236 imitari
3100 5178 3183 5232 vel
3231 5178 3297 5230 ab
3328 5176 3445 5229 aliis
3493 5189 3581 5228 te-

1986 5278 2237 5349 prehensi
2278 5278 2584 5346 dignentur,
2630 5276 2718 5346 qui
2762 5276 2995 5330 scientes
3022 5288 3083 5326 ac
3114 5271 3358 5326 volentes
3392 5267 3581 5323 Eccle-

1982 5369 2117 5423 sium
2153 5368 2528 5437 prodiderunt!
2569 5368 2631 5421 Et
2672 5366 2787 5421 haec
2833 5365 3052 5436 quidem
3080 5363 3351 5418 Theodori
3386 5378 3581 5433 purga-

1985 5463 2116 5519 tioni
2147 5464 2441 5519 sufﬁciunt.
2489 5462 2595 5518 Sed
2649 5461 2769 5526 isd,
2820 5460 2909 5529 qui
2966 5458 3161 5513 hmresi
3219 5458 3565 5527 deputant,s

2056 5668 2080 5700 ⁸
2120 5669 2259 5721 1ιΙριη
2291 5667 2439 5733 cod.,
2473 5666 2605 5719 hunc
2636 5667 2905 5720 terminum
2936 5665 3338 5721 contentionibus
3379 5664 3581 5731 dumos,

1989 5740 2124 5810 quod
2151 5739 2313 5806 idem,
2343 5749 2446 5792 etc.

2064 5811 2083 5840 °
2126 5811 2270 5866 Idem
2299 5812 2442 5875 cod.,
2478 5810 2700 5879 quando.
