4070 6352
602 290 633 346 6
644 290 701 344 Β

1660 283 1943 341 FACUN‘DI
1976 282 2181 340 EPlSC.
2219 282 2711 343 illiRlllANE‘NSlS
3750 306 3826 362 Gut

603 404 845 473 quaedam
880 403 1186 473 prophetico
1218 402 1267 454 in
1299 398 1568 454 Christum
1602 398 1739 453 dicta
1773 398 1930 453 etiam
1964 397 2181 452 morali-
2216 396 2269 456 Α
2294 396 2519 451 titiciose
2549 399 2711 468 magis
2756 415 2912 471 quam
2959 402 3244 469 voraritcr,
3292 404 3576 477 aliquoties
3605 413 3664 468 ad
3701 422 3828 474 mani.

604 511 683 557 ter
731 507 1082 569 exportantur.
1133 496 1371 567 cogitare
1412 495 1609 550 debent
1658 493 1925 564 quomodo
1971 492 2184 547 beatmn

599 594 859 664 Cyrillum
888 591 1087 661 possint
1113 588 1424 644 defendere.
1453 587 1508 641 ln
1539 587 1627 641 illo
1659 588 1801 641 enim
1831 600 2014 654 opere,
2046 582 2185 653 quod

599 701 720 739 eutn
747 683 1025 752 scripsisse
1050 682 1233 736 dicunt
1255 681 1305 735 in
1336 680 1805 748 reprehensiOnem
1831 677 2185 747 quorumdam

598 776 861 830 dictorum
894 774 1108 828 Diodori
1150 781 1307 843 atque
1338 772 1627 835 Theodori,
1662 771 1766 824 tale
1797 769 1998 839 aliquid
2032 767 2183 822 inve-

596 869 759 935 nitur,
795 878 850 922 ut
881 870 924 923 si
947 867 1121 922 adhuc
1149 866 1217 920 ab
1249 868 1363 935 ipso
1389 867 1742 933 compositum
1775 865 1979 929 dicant,
2015 866 2178 918 tiu-re-

597 961 758 1015 ticum
784 977 903 1015 eum
930 960 1090 1014 fuisse
1113 962 1448 1013 conﬁrment.
1472 960 1711 1025 Namque
1733 967 1921 1011 auctor
1942 955 2180 1024 ejusdem

595 1055 771 1122 Operis
807 1061 996 1107 tractat
1022 1053 1091 1106 ibi
1120 1051 1430 1121 capitulum,
1462 1051 1512 1102 in
1544 1065 1651 1116 quo
1679 1049 1743 1102 ad
1777 1049 2027 1101 llebra‘os
2055 1045 2183 1100 dicit

593 1148 882 1216 Apostolus
908 1165 922 1201 :
955 1145 1076 1200 Non
1104 1147 1238 1200 enim
1266 1145 1455 1215 angelis
1483 1143 1695 1214 subjecit
1724 1145 1890 1195 orbem
1917 1154 2060 1196 terra:
2093 1144 2183 1210 [u-

596 1246 787 1306 ltu-um,
814 1244 876 1291 de
897 1254 994 1304 quo
1016 1238 1288 1306 loquimur.
1317 1234 1551 1289 Testatus
1576 1244 1645 1288 est
1677 1245 1847 1286 autem
1877 1234 1927 1285 in
1958 1233 2182 1298 quodam

594 1330 704 1382 loco
750 1330 863 1399 quis
907 1330 1075 1381 dicens
1136 1327 1333 1397 (Hebr.
1368 1344 1435 1393 tt,
1469 1328 1520 1393 ὕ,
1554 1327 1619 1397 9)
1656 1344 1669 1380 :
1708 1327 1841 1392 Quid
1890 1336 1959 1379 est
2003 1325 2179 1391 homo,

595 1421 730 1490 quod
771 1438 956 1475 memor
985 1438 1035 1474 es
1064 1424 1197 1492 ejus,
1232 1431 1321 1473 aut
1348 1421 1485 1488 ﬁlius
1512 1419 1753 1482 hominis,
1786 1419 2025 1488 quoniam
2059 1419 2149 1471 risi
2161 1448 2180 1458 -

595 1523 671 1565 tus
699 1514 853 1567 eum?
882 1511 935 1565 Μ
942 1514 1112 1565 inniin
1133 1529 1243 1565 eum
1278 1513 1429 1582 paulo
1466 1513 1633 1564 minus
1662 1512 1724 1564 ab
1754 1511 1947 1581 angelis
1969 1552 1983 1574 ,
2015 1511 2179 1580 gloria

591 1612 637 1655 et
671 1604 859 1655 honore
880 1606 1131 1656 coronasti
1156 1613 1361 1667 eunt,,et
1384 1604 1690 1657 cutstituisti
1715 1620 1827 1657 eum
1850 1619 2001 1667 super
2025 1619 2179 1675 opera

590 1710 833 1745 manuum
878 1704 1077 1748 tuarum
1117 1712 1136 1749 :
1170 1697 1339 1747 omnia
1377 1695 1635 1767 subjecis:i
1681 1695 1770 1749 sub
1811 1694 2023 1762 pedibus
2065 1697 2177 1763 eius

2292 486 2589 543 testandum
2619 502 3008 548 sacramentum
3041 495 3155 564 ejus
3187 496 3407 552 induci?
3445 501 3600 567 Quasi
3632 514 3753 560 tanta
3778 524 3828 566 sit

2289 578 2579 647 Scripturm
2626 582 2822 637 divina:
2868 587 3125 655 penuria,
3159 588 3247 642 vel
3287 599 3437 644 tanta
3480 589 3636 649 fuerit
3664 600 3829 669 ignavia

2289 672 2455 739 ipsius
2486 675 2630 730 Pauli
2657 680 2881 745 apostoli
2909 682 2972 735 ad
3008 683 3459 742 manili-standum
3483 705 3825 755 sset-amentum

2286 764 2516 835 Christi,
2570 779 2627 823 ιιι
2657 772 2759 825 tale
2806 776 3170 832 testimoaium
3222 781 3504 839 invenisse
3534 802 3635 842 non
3664 805 3825 859 posset,

2286 859 2427 927 quod
2459 859 2530 915 de
2555 860 2669 927 ipso
2692 879 2817 919 vere
2843 867 2911 920 sit
2938 868 3216 937 scriptum,
3247 884 3299 927 et
3328 872 3485 943 cujus
3510 893 3611 933 non
3639 881 3828 952 aliquam

2286 958 2492 1019 partem
2523 953 2795 1009 minimam
2819 998 2833 1021 ,
2882 958 3167 1029 aliquoties
3216 964 3548 1033 artiﬁciose,
3580 972 3686 1027 sine
3720 982 3827 1044 peri-

2284 1043 2424 1107 culo,
2453 1047 2902 1115 quemadmodum
2946 1052 3113 1120 dicit,
3142 1055 3234 1110 sed
3267 1057 3537 1130 integrum
3574 1043 3825 1134 atquesin-

2283 1148 2489 1203 cerum,
2522 1135 2658 1191 sicut
2686 1138 2933 1207 habetur,
2967 1145 3283 1214 simpliciter
3313 1165 3376 1204 ac
3408 1166 3599 1207 secure
3623 1156 3681 1209 ad
3707 1172 3826 1215 suum

2284 1227 2484 1283 referre
2516 1233 2845 1301 propositum
2873 1248 3073 1306 posset.
3101 1240 3231 1295 Cum
3253 1259 3385 1298 vero
3408 1244 3555 1302 dicat
3575 1248 3700 1303 idem
3720 1252 3826 1322 Apo-

2284 1322 2451 1373 stolus
2484 1338 2495 1374 :
2530 1325 2608 1375 An
2644 1327 3046 1391 experimentum
3076 1334 3298 1400 quwritis
3329 1339 3447 1407 ejus
3476 1339 3563 1407 qui
3592 1341 3642 1393 in
3669 1358 3735 1396 me
3768 1346 3827 1398 Ιο-

2282 1414 2456 1483 quitur
2489 1414 2718 1471 Christus
2770 1418 2858 1486 (11
2889 1421 3006 1477 Cor.
3038 1441 3163 1492 xm,
3198 1426 3290 1498 5)?
3340 1429 3388 1484 si
3433 1447 3539 1485 non
3586 1435 3827 1494 artiﬁcioso

2283 1505 2457 1573 potius
2505 1523 2662 1578 quam
2698 1513 2958 1569 veraciter
2999 1518 3167 1586 dixit,
3211 1523 3555 1591 omnipotens
3596 1527 3825 1599 Christus,

2283 1596 2373 1666 qui
2402 1599 2561 1653 etiam
2595 1613 2774 1656 nostra
2801 1614 2885 1661 est
2914 1612 3109 1665 veritas
3131 1652 3145 1675 ,
3180 1613 3486 1671 afﬁrmatur
3515 1620 3651 1688 quod
3678 1631 3727 1676 ut
3758 1596 3823 1677 sn;

2283 1701 2614 1747 cramentum
2655 1710 2807 1749 suum
2838 1700 3234 1771 manifestarct,
3268 1707 3319 1761 in
3352 1723 3449 1762 sua
3481 1708 3733 1780 Scriptura
3758 1731 3825 1768 re.

588 1782 761 1851 (Psal.
797 1801 905 1847 vut,
940 1787 1013 1853 5).
1051 1784 1115 1838 In
1143 1803 1198 1840 eo
1226 1788 1359 1839 enim
1387 1788 1524 1857 quod
1547 1789 1714 1841 omnia
1748 1789 1761 1817 ¹
1787 1789 2021 1859 subjerit,
2046 1788 2175 1841 nihil
2206 1772 2255 1833 Β
2285 1796 2401 1835 rum
2438 1784 2801 1841 testimonium
2833 1790 3070 1847 invenire
3096 1811 3197 1849 nou
3227 1798 3427 1866 peluit.
3458 1799 3677 1857 Videant
3703 1805 3823 1876 igitur

589 1876 781 1930 dimisit
812 1894 909 1930 non
932 1878 1213 1949 subjectum
1239 1880 1300 1932 ei.
1331 1878 1485 1932 Nunc
1510 1888 1677 1931 autem
1706 1882 1919 1932 necdum
1950 1882 2177 1933 videmus

590 1968 761 2020 omnia
789 1970 1013 2040 subjecta
1042 1971 1106 2023 ei.
1141 1970 1275 2022 lium
1297 1972 1385 2040 qui
1414 1973 1611 2025 modico
1640 1989 1791 2038 quant
1823 1974 1988 2036 angeli
2015 1974 2177 2025 mino-

587 2067 727 2111 ralus
778 2069 884 2127 est,
929 2062 1154 2114 videmus
1194 2060 1372 2114 Iesum
1422 2072 1630 2134 propter
1674 2066 1959 2133 pasrionem
1999 2066 2176 2117 mortis

591 2146 756 2215 gloria
781 2156 831 2202 et
857 2149 1048 2204 honore
1077 2162 1400 2217 coronatum,
1429 2164 1483 2206 ut
1506 2155 1671 2226 gratia
1702 2155 1797 2210 Dei
1825 2175 1916 2227 pro
1942 2158 2174 2210 omnibus

590 2249 811 2308 gustaret
841 2252 1074 2297 mortem.
1108 2244 1363 2299 Tractans
1388 2262 1516 2315 ergo
1547 2250 1828 2302 memorati
1875 2252 2054 2320 oprris
2082 2268 2176 2305 au-

589 2344 706 2387 ctor
734 2332 831 2388 hoc
864 2337 1255 2403 testimonium,
1287 2354 1348 2393 ea
1382 2356 1498 2407 qua:
1539 2343 1827 2408 Apostolus
1856 2343 2170 2412 prophetam

588 2423 655 2477 de
699 2424 908 2480 Christo
952 2428 1265 2495 praedixisse
1312 2439 1556 2497 testatur,
1603 2430 1671 2486 de
1721 2432 1838 2488 aliis
1885 2432 2175 2490 afﬁrmavit

587 2517 788 2587 scripta
817 2533 935 2576 esse
961 2522 1206 2590 personis
1241 2541 1253 2577 :
1302 2522 1394 2578 sed
1424 2524 1491 2577 ab
1518 2525 1701 2579 eodem
1733 2528 1975 2595 apostolo
2005 2531 2174 2582 artiﬁ-

586 2609 731 2664 ciose
784 2610 849 2664 ad
907 2614 1346 2669 manliestandum
1424 2615 1620 2671 Christi
1676 2621 1992 2687 mysterium
2051 2636 2174 2677 esse

586 2702 860 2757 translata.
910 2705 997 2759 Ait
1038 2707 1176 2761 enim
1209 2725 1221 2760 :
1262 2726 1281 2759 t
1312 2708 1505 2763 Paulus
1548 2719 1724 2765 autem
1759 2712 1913 2767 valde
1959 2714 2171 2782 sapiens

582 2792 795 2858 artifex,
828 2795 890 2850 ad
922 2797 1362 2853 introducendum
1392 2800 1571 2854 divina
1598 2805 1871 2873 mysteria,
1897 2805 2055 2858 ctiam
2082 2807 2167 2861 illa

582 2898 701 2952 quae
730 2885 797 2941 de
826 2887 1089 2957 aliquibus
1111 2891 1234 2945 aliis
1260 2891 1401 2946 dicta
1432 2902 1554 2946 sunt
1585 2893 1637 2947 in
1663 2894 1935 2963 Scriptura
1964 2895 2163 2967 divina,

582 2977 864 3045 aliquoties
908 2979 972 3034 ad
1019 2981 1464 3039 manifestaudum
1505 2984 1701 3039 Christi
1746 2999 2163 3058 sacramentum,

581 3069 801 3127 inducit.
834 3071 1210 3131 Verumtamen
1238 3092 1344 3129 non
1371 3092 1431 3130 ca
1460 3089 1668 3146 separat
1695 3079 1761 3133 ab
1783 3079 1887 3134 il.is
1916 3082 2161 3150 personis

2281 1872 2405 1939 quid
2437 1874 2693 1931 adversus
2736 1879 2832 1933 ista
2887 1886 3278 1953 respondeant,
3322 1890 3415 1959 qui
3446 1872 3761 1949 Theodorum
3786 1899 3824 1951 in

2281 1962 2736 2026 Chalcedonensis
2767 1975 2977 2029 concilii
3024 1979 3394 2048 praejudit-ium
3427 1985 3819 2053 cortdcmnsntcs,

2279 2067 2331 2109 ut
2364 2070 2831 2141 semetcxcuscnt.
2859 2067 3119 2137 oljiciuut
3144 2072 3242 2125 hoc
3272 2072 3396 2129 ideo
3420 2090 3479 2128 se
3506 2073 3702 2141 fecisse,
3725 2095 3821 2147 quo-

2280 2148 2421 2202 niam
2452 2153 2501 2204 in
2534 2152 2624 2206 illo
2647 2170 2808 2223 Opere
2833 2161 3018 2215 beatus
3046 2161 3275 2232 Cyrillus
3305 2165 3426 2235 ejus
3449 2167 3587 2222 dicta
3611 2170 3817 2241 culpavit.

2278 2238 2408 2293 Nam
2456 2258 2553 2297 ιιι-ε
2585 2244 2786 2301 Judtcis
2837 2253 3104 2318 quomodo
3145 2255 3511 2322 persuadeant
3553 2238 3752 2325 habent,
3789 2262 3821 2318 si

2277 2333 2487 2390 dicatur
2517 2338 2606 2394 ille
2635 2340 2714 2394 vir
2744 2343 2796 2397 in
2828 2360 2933 2414 quo
2959 2344 3205 2402 Christus
3237 2349 3559 2420 loquebatur
3596 2352 3757 2407 falsum
3780 2363 3819 2411 et

2277 2426 2343 2481 de
2381 2430 2501 2487 aliis
2531 2436 2773 2503 personis
2802 2436 3001 2492 dictum
3033 2442 3400 2499 testimonium
3428 2446 3493 2499 ad
3526 2445 3819 2501 manifestan-

2277 2522 2401 2577 dum
2442 2541 2834 2583 sacramentum
2866 2532 3220 2590 artiﬁcialiter
3259 2536 3558 2593 induxisse.
3588 2536 3815 2594 Postremo

2276 2631 2373 2670 nec
2408 2618 2536 2689 ipsis
2577 2622 2858 2679 catholicis
2884 2627 3023 2681 scire
3059 2628 3429 2695 quzcrentibus
3456 2645 3553 2685 cur
3576 2630 3817 2701 Apostolus

2274 2721 2392 2775 qua:
2424 2708 2490 2764 de
2519 2709 2638 2765 aliis
2661 2712 2799 2767 dicta
2828 2726 2954 2771 sunt
2983 2717 3047 2770 ad
3078 2718 3529 2775 manifestandum
3558 2720 3730 2776 Christi
3752 2736 3815 2775 sa-

2274 2812 2605 2857 eramentum
2650 2806 2920 2864 induxerit
2950 2809 3260 2868 satisfacere
3291 2823 3541 2883 possunt,
3588 2822 3638 2868 et
3672 2814 3815 2867 dicere

2271 2895 2413 2963 quod
2461 2895 2632 2966 aliqua
2668 2900 2860 2954 saltem
2905 2903 3007 2957 hoc
3038 2903 3149 2958 ﬁeri
3184 2906 3390 2962 utilitas
3440 2907 3693 2971 invitavit;
3721 2906 3813 2975 quia

2270 3000 2431 3054 super
2480 2989 2621 3060 quod
2670 3008 2698 3045 a
2755 3003 2952 3049 nostra:
3004 2996 3126 3051 ﬁdei
3176 3001 3415 3061 veritate,
3454 3000 3605 3072 longe
3648 3009 3742 3064 est,
3779 2998 3811 3053 si

2269 3077 2573 3136 Christiana
2602 3085 2802 3139 utilitas
2826 3103 2984 3142 verax
3017 3105 3122 3144 non
3149 3106 3269 3147 esse
3298 3091 3532 3161 dicatur,
3562 3093 3703 3148 etiam
3725 3094 3813 3150 s’ne

1523 3140 1536 3146 _
1918 3140 1932 3150 _
2869 3140 2885 3142 _
2942 3140 2983 3142 ac
3154 3140 3267 3147 η--
3300 3140 3532 3161 _--_-_.,
3563 3140 3703 3148 ww-

583 3163 634 3215 in
665 3178 797 3233 quas
827 3165 965 3219 dicta
993 3182 1111 3223 esse
1143 3170 1535 3241 cognoscimus,
1566 3171 1658 3225 sed
1692 3187 1863 3241 neque
1892 3173 2070 3226 omnia
2102 3174 2162 3227 il-
2186 3140 2240 3207 α
2269 3168 2667 3240 adjudicatione
2697 3174 2838 3232 beati
2867 3177 3059 3250 Cyrilli
3090 3199 3192 3238 non
3223 3184 3445 3243 dicitur.
3486 3188 3611 3244 Nam
3639 3188 3678 3243 si
3704 3187 3810 3242 utili-

583 3258 751 3309 lorum
797 3257 862 3310 ad
891 3257 1159 3313 Christum
1190 3262 1409 3329 redigit;
1452 3277 1634 3315 verum
1679 3262 1910 3333 aliquam
1959 3273 2163 3334 partem

584 3351 856 3405 minimam
899 3353 1179 3420 a'iquoties
1221 3357 1473 3424 suscipit,
1515 3371 1671 3425 quam
1706 3357 1817 3425 ipse
1850 3349 2017 3427 possit
2047 3358 2164 3415 sine

583 3441 689 3495 ullo
721 3443 952 3509 periculo
973 3446 1258 3501 artiﬁciose
1280 3448 1342 3500 ad
1367 3464 1518 3502 suum
1545 3447 1745 3504 referre
1769 3453 2120 3519 propositum.
2138 3472 2156 3505 ι

583 3531 709 3587 Πευο
734 3544 907 3589 utrum
940 3536 1075 3591 beati
1108 3536 1287 3609 Cyrilli
1319 3555 1384 3593 au
1413 3539 1631 3595 alterius
1660 3558 1780 3597 esse
1811 3544 1992 3609 velint,
2019 3545 2163 3614 ipso-

581 3640 699 3677 rum
729 3626 946 3681 arbitrio
992 3622 1348 3698 permittimus
1378 3632 1700 3700 eligendum.
1748 3635 1877 3691 Nam
1927 3639 1968 3692 si
2018 3638 2155 3696 beati

578 3716 760 3787 Cyrilli
809 3727 964 3786 sunt,
1013 3730 1066 3775 et
1110 3721 1156 3775 si
1204 3723 1294 3793 qui
1334 3725 1645 3794 pt‘Opltt'liCC
1683 3727 1821 3784 dicta
1874 3733 2161 3786 nim-aliter

581 3824 791 3878 quoque
838 3813 1172 3883 tractaverit,
1210 3814 1493 3870 lncrcticus
1538 3827 1617 3872 est
1646 3821 1932 3889 dicendus;
1986 3825 2155 3879 multo

577 3902 938 3980 magistpsum
968 3902 1275 3960 hazreticum
1303 3907 1466 3962 fuisse
1506 3922 1842 3977 asseverant,
1873 3914 1963 3985 qui
1993 3929 2155 3985 supe-

576 3989 688 4043 rius
719 4000 1007 4046 memorata
1037 4006 1222 4049 contra
1254 3997 1609 4053 testimonium
1642 4002 1877 4071 Apostoli
1903 4022 2004 4059 non
2032 4022 2154 4075 pro-

574 4078 789 4149 phetice
813 4081 877 4137 de
902 4081 1099 4139 Christi
1141 4097 1498 4153 sacramento,
1526 4092 1619 4146 sed
1648 4094 1713 4148 de
1743 4096 2011 4165 aliquibus
2034 4098 2153 4155 aliis

574 4173 819 4243 personis
840 4175 979 4231 dicta
1007 4191 1126 4232 esse
1153 4178 1452 4236 conﬁrmat.
1485 4183 1540 4238 Si
1573 4201 1699 4240 vero
1729 4190 1894 4258 magis
1926 4189 2028 4246 hoc
2057 4191 2154 4247 eli-

573 4274 762 4335 gerent
791 4266 1003 4335 dicete,
1034 4269 1177 4339 quod
1206 4270 1333 4328 illud
1374 4290 1507 4344 opus
1539 4292 1643 4332 non
1677 4278 1810 4334 beati
1844 4281 2027 4351 Cyrilli
2061 4285 2148 4353 sit,

574 4360 1041 4426 prmsumptionem
1094 4378 1280 4430 suam,
1332 4382 1431 4437 qua
1485 4369 1823 4426 Theodorum
1866 4391 1986 4429 cum
2037 4378 2149 4434 suis

571 4450 906 4518 dogmatibus
926 4450 1330 4523 damnaverunt,
1353 4459 1469 4528 ejus
1494 4463 1743 4533 exemplo
1764 4478 2020 4522 excusare
2041 4485 2147 4523 non

2267 3272 2349 3318 ter
2396 3265 2523 3322 illud
2581 3270 2949 3339 prOpheticum
3001 3276 3066 3330 de
3114 3278 3329 3336 Christo
3388 3282 3554 3339 fuisse
3600 3285 3811 3351 scripturn

2266 3360 2554 3430 Apostolus
2584 3365 2736 3432 dixit,
2774 3370 2934 3424 noxie
2962 3380 3144 3427 contra
3178 3374 3377 3431 dictum
3405 3389 3485 3432 est
3514 3395 3542 3433 a
3574 3378 3711 3433 beato
3734 3376 3810 3444 Cy-

2266 3451 2405 3519 rillo,
2439 3454 2579 3524 quod
2605 3456 2671 3512 de
2699 3456 2911 3514 Christo
2941 3464 3202 3530 scriptum
3249 3482 3353 3522 non
3391 3468 3577 3537 fuerit;
3607 3484 3693 3524 nec
3718 3485 3809 3537 pro-

2263 3543 2392 3599 dere
2434 3546 2619 3602 debuit
2659 3551 2797 3619 quod
2830 3552 3025 3610 Paulus
3071 3557 3236 3612 voluit
3267 3575 3390 3617 esse
3420 3563 3655 3618 celatum.
3699 3562 3806 3613 l‘re

2261 3636 2447 3691 sertim
2500 3641 2620 3709 quia
2678 3643 2907 3700 inaniter
2958 3646 3060 3703 hoc
3114 3652 3345 3709 suadere
3406 3654 3695 3724 qua-rebat,
3740 3649 3809 3720 qui

2262 3729 2460 3786 docens
2505 3749 2572 3788 ne
2614 3734 2745 3791 ﬁdes
2797 3738 3087 3797 haberetur
3133 3744 3433 3815 Apostolo,
3480 3747 3637 3802 multo
3674 3742 3807 3814 magis

2259 3822 2484 3879 docebat
2516 3827 2613 3881 sibi
2664 3845 2769 3884 non
2822 3846 2939 3888 esse
2978 3837 3326 3893 credendum.
3375 3841 3626 3896 Noverint
3664 3846 3804 3891 autem

2258 3911 2345 3969 isti
2374 3919 2512 3985 quod
2539 3933 2874 3990 consequens
2904 3938 3007 3979 non
3039 3928 3107 3980 sit
3133 3939 3189 3981 ut
3218 3945 3441 3987 evacuet
3464 3945 3640 3986 omnes
3660 3926 3796 3982 factas

2260 4009 2310 4061 in
2341 4008 2611 4064 Christum
2645 4016 2952 4083 propltctias
2974 4059 2989 4084 ,
3022 4020 3113 4087 qui
3164 4021 3339 4090 aliqua
3380 4023 3596 4096 mystice
3636 4020 3683 4074 in
3709 4030 3803 4073 eum

2256 4099 2397 4155 dicta
2421 4103 2587 4156 moral
2615 4113 2693 4159 ter
2716 4121 2929 4178 quoque
2953 4122 3099 4165 recte
3128 4116 3457 4172 tractaverit.
3484 4115 3607 4170 Nam
3628 4111 3803 4167 audiant

2256 4193 2571 4277 Apostolum
2630 4198 2957 4254 scribentem
3028 4202 3275 4272 Ephesiis
3326 4217 3484 4277 atque
3534 4206 3798 4261 dicentem:

2256 4270 2479 4359 I’i’opler
2512 4289 2607 4343 hoc
2652 4292 2902 4362 relinquet
2932 4295 3084 4350 homo
3129 4310 3321 4367 patrem
3366 4311 3413 4355 et
3445 4310 3641 4354 matrem
3667 4308 3798 4356 suam.

2253 4390 2300 4433 et
2330 4381 2608 4435 adhwrcbit
2658 4386 2810 4438 uxori
2850 4402 2989 4451 sure,
3036 4398 3086 4442 et
3126 4402 3269 4445 erunt
3304 4393 3408 4447 duo
3439 4396 3489 4447 in
3529 4405 3669 4445 carne
3701 4401 3799 4440 tma-

2262 4469 2564 4541 Mysterium
2627 4474 2723 4529 hoc
2787 4494 3028 4547 magnum
3076 4490 3149 4536 est
3189 4498 3209 4536 :
3253 4500 3342 4553 ego
3409 4495 3569 4539 anteiit
3620 4480 3719 4533 dico
3758 4477 3799 4529 ἱη

570 4549 811 4606 possunt.
837 4542 986 4599 Licet
1013 4549 1313 4616 quicunque
1334 4563 1520 4606 auctor
1545 4555 1685 4609 illius
1715 4559 1890 4623 operis
1920 4574 2043 4614 esse
2071 4561 2150 4615 di.
2182 4541 2459 4617 DChristo
2510 4575 2558 4620 et
2608 4567 2659 4620 in
2711 4541 2940 4624 Ecclesia
2991 4572 3205 4645 (Ep/tes.
3251 4541 3302 4639 vv,
3344 4577 3456 4646 31).
3508 4577 3611 4631 Hoc
3651 4578 3797 4627 autem

568 4649 741 4700 catur,
775 4634 905 4690 nihil
945 4638 1069 4694 huic
1099 4644 1292 4710 poterit
1321 4658 1504 4698 eorum
1537 4646 1833 4702 defensioni
1868 4652 2149 4722 proﬁcere,

568 4722 691 4793 quia
721 4740 819 4780 nec
840 4726 1124 4789 Theodoro
1165 4736 1445 4790 anathema
1482 4740 1706 4805 dixisse,
1742 4758 1839 4797 nec
1867 4743 1983 4813 ejus
2022 4746 2153 4817 dog-

566 4815 799 4873 matibus
829 4817 1118 4879 invenitur.
1162 4825 1518 4886 Considerare
1550 4832 1708 4901 igitur
1737 4833 1931 4889 debent
1973 4815 2147 4893 utrum

564 4906 893 4995 afﬁrmantes
936 4911 1064 4968 illud
1098 4930 1232 4985 opus
1273 4933 1299 4970 a
1332 4918 1486 4976 beato
1526 4922 1727 4994 Cyritlo
1757 4926 2011 4995 scriptum
2054 4927 2147 4984 ha-

564 4994 723 5051 beant
746 5000 886 5071 quod
913 5014 1011 5073 pro
1038 5004 1127 5059 illo
1149 5008 1527 5076 respondeant,
1552 5014 1593 5065 si
1624 5013 1699 5067 eis
1722 5015 1929 5072 dicatur
1958 5036 1970 5072 :
2002 5019 2144 5087 Quo-

563 5089 704 5142 niam
736 5103 1070 5150 mortuorum
1112 5096 1318 5165 judices
1369 5116 1518 5167 esse,
1554 5112 1605 5156 ct
1636 5104 1685 5159 in
1723 5107 1973 5164 Ecclesia:
2015 5128 2147 5182 pace

563 5188 722 5250 atque
774 5182 979 5241 honore
1029 5186 1309 5247 defunctos
1362 5193 1509 5248 velut
1558 5194 1838 5253 haereticos
1888 5201 2144 5261 damnare

562 5278 914 5346 prmsumitis,
951 5282 1077 5352 quid
1127 5283 1193 5339 de
1220 5283 1420 5355 Cyrillo
1458 5286 1709 5357 episcopo
1734 5290 2020 5360 judicatis,
2054 5298 2143 5367 qui

561 5365 788 5424 dedocet
817 5372 957 5442 quod
992 5374 1185 5429 Paulus
1226 5378 1514 5445 Apostolus
1546 5380 1696 5436 docet
1724 5426 1737 5450 ,
1772 5393 1825 5438 et
1857 5388 2048 5442 asserit
2074 5365 2139 5444 ea

561 5472 676 5524 quae
715 5462 1027 5531 proplietice
1054 5468 1103 5521 in
1134 5466 1406 5525 Christum
1438 5488 1478 5527 se
1500 5473 1634 5543 ripta
1672 5486 1797 5531 sunt
1827 5478 1893 5532 de
1924 5481 2142 5546 quibus-

560 5546 678 5603 dam
704 5551 820 5609 aliis
842 5554 981 5609 dicta
1004 5571 1121 5612 esse
1147 5562 1421 5628 personis;
1452 5564 1519 5619 ab
1544 5568 1799 5634 Apostolo
1826 5582 2023 5637 autem,
2055 5588 2138 5628 ar-

632 5790 644 5819 ³
682 5790 815 5846 Cod.
852 5792 1070 5863 Veron,
1102 5797 1148 5851 ei
1172 5803 1357 5855 omnia.

2254 4657 2395 4725 quod
2443 4658 2513 4712 ait
2562 4674 2809 4729 magnum
2860 4678 2978 4718 esse
3028 4668 3383 4736 mysterium,
3439 4671 3597 4724 Erunt
3631 4663 3720 4719 duo
3756 4659 3796 4711 in

2254 4762 2416 4802 carne
2462 4765 2560 4803 una
2585 4793 2599 4816 ,
2633 4753 2874 4808 scribens
2904 4753 3197 4813 Corinthiis
3243 4760 3401 4814 aliter
3440 4760 3795 4827 interpretato".

2254 4853 2317 4893 ac
2367 4840 2495 4894 dicit
2532 4859 2544 4895 :
2597 4843 2825 4899 Nescitis
2880 4850 3121 4915 quoniam
3162 4866 3377 4921 corpora
3418 4862 3574 4907 vestra
3614 4842 3793 4900 membra

2255 4929 2448 4985 Christi
2503 4937 2669 4989 sunt?
2721 4935 2927 4992 Tollcns
2973 4957 3090 5012 ergo
3153 4943 3377 4997 membra
3430 4942 3608 4999 Christi
3644 4937 3795 5008 faciam

2251 5024 2475 5077 membra
2523 5029 2842 5083 meretricis?
2894 5031 3045 5087 absit.
3093 5034 3172 5087 An
3222 5037 3423 5089 nescitis
3464 5034 3681 5105 quoniam
3723 5021 3792 5094 ᾳυί

2248 5114 2473 5170 adhmret
2506 5120 2777 5186 mqretriei,
2813 5138 2967 5175 unum
2996 5139 3180 5193 corpus
3209 5128 3462 5197 e/ﬁritur?
3490 5126 3639 5181 Erunt
3664 5118 3789 5177 enim,

2250 5206 2432 5274 inquit,
2459 5208 2561 5262 duo
2592 5210 2642 5263 in
2674 5228 2827 5266 carne
2848 5230 2947 5268 una
2975 5213 3028 5286 (I
3059 5217 3180 5273 Cor.
3206 5234 3277 5285 Vl,
3311 5220 3395 5284 15,
3423 5220 3528 5292 ib).
3558 5217 3681 5272 Ecce
3698 5222 3787 5265 ml‘

2248 5314 2408 5366 gnum
2452 5300 2579 5354 illud
2627 5306 3162 5378 commendatumque
3212 5314 3552 5383 mysterium,
3582 5301 3703 5377 quod
3745 5298 3785 5351 ίη

2250 5388 2461 5444 Christo
2493 5400 2546 5444 rt
2586 5393 2636 5446 in
2670 5394 2904 5449 Ecclesia
2950 5416 3072 5455 esse
3118 5399 3371 5471 insinuat,
3401 5406 3554 5459 etiam
3591 5394 3784 5452 fornica-

2250 5481 2352 5534 toti
2399 5496 2461 5537 ac
2504 5486 2769 5540 meretrici
2802 5488 2995 5545 Paulus
3027 5492 3312 5561 Apostolus
3343 5496 3462 5550 sine
3502 5479 3780 5559 blasphemia

2250 5584 2480 5644 coaptat.
2513 5576 2620 5632 Nec
2654 5578 2849 5635 alicubi
2905 5584 3178 5652 mentitur,
3208 5596 3297 5642 aut
3330 5586 3542 5650 fallitur,
3566 5579 3639 5637 vel
3680 5571 3777 5630 tam
