4070 6352
280 358 387 416 605

1178 354 1308 409 ΡΙἶο
1350 352 1773 409 DEFENSiONE
1806 353 2018 408 TtilliM
2059 349 2370 407 CAI’ITUL.
2401 350 2531 407 LIB.
2585 353 2669 409 Ill.

3453 354 3556 408 606

280 474 573 531 scribendo
599 472 761 526 factas
789 470 838 523 in
863 468 1132 523 Cl.ristum
1161 468 1464 538 prophetias
1485 478 1727 531 evacuat,
1748 480 1869 519 cum
1902 467 1950 524 Λ
1978 461 2116 515 beati
2139 459 2319 531 Cyrilli
2366 462 2682 516 sententiam
2738 460 2899 515 fuisse
2958 460 3201 516 damnata
3235 478 3251 519 :
3284 464 3402 533 quia
3435 479 3555 520 cum

280 569 603 636 plerumque
645 576 826 619 sermo
857 561 1103 626 divinus,
1135 572 1190 613 ut
1222 559 1411 615 similis
1439 560 1737 626 margaritae
1770 574 1865 612 un-

281 657 446 726 dique
492 652 857 725 penetr:.bilis,
889 651 1183 707 rectissimo
1229 660 1432 705 tantum
1475 660 1530 705 et
1573 650 1766 705 librato
1806 663 1867 703 ac

280 746 463 801 medio
511 744 709 815 aperiri
761 743 951 795 debeat
998 741 1288 796 intellectu.
1316 740 1548 794 Audiam
1595 754 1626 793 e
1694 740 1865 807 ipsum

280 839 554 892 ChriStum
598 836 649 889 in
684 832 970 903 Evangelia
1001 832 1165 886 factas
1218 831 1271 885 in
1320 847 1377 885 se
1408 830 1715 899 proiihetias
1763 844 1866 883 non

281 942 409 983 cvat
426 935 663 991 nantem,
689 923 969 978 Phariswis
993 922 1317 976 tentantibus
1356 932 1513 989 atque
1538 921 1865 975 dicentibus:

284 1021 427 1075 Licet
480 1019 673 1072 homini
719 1018 970 1070 dimittere
1012 1033 1222 1070 uxorem
1274 1032 1420 1068 suam
1467 1032 1766 1085 quacunque
1808 1032 1871 1068 ex

284 1134 445 1169 causa
470 1117 494 1170 ?
526 1116 701 1169 taliter
728 1111 1071 1181 respondisse
1103 1129 1114 1164 :
1154 1108 1271 1163 Non
1300 1110 1511 1175 legistis,
1536 1111 1653 1178 quin
1683 1109 1771 1178 qui
1800 1108 1872 1177 fe-

284 1212 349 1261 cit
382 1209 445 1261 ab
475 1209 643 1274 initio,
686 1206 966 1260 masculum
988 1216 1031 1257 et
1062 1205 1303 1273 feminam
1328 1204 1444 1271 [erit
1474 1218 1579 1263 eos,
1603 1212 1649 1255 et
1682 1201 1852 1253 dixit:

288 1302 511 1367 Propter
540 1299 634 1351 hoc
658 1299 876 1351 dimittet
899 1299 1047 1349 [mna
1078 1306 1269 1365 patrem
1295 1303 1343 1349 et
1371 1305 1602 1355 matrem,
1629 1304 1672 1346 et
1702 1293 1876 1346 adluc-

286 1392 415 1446 re'Jit
440 1390 588 1444 uxori
611 1406 736 1455 suat,
762 1399 804 1442 et
834 1398 980 1441 erant
1007 1389 1109 1440 duo
1134 1388 1184 1439 in
1211 1403 1361 1439 carne
1390 1386 1528 1438 una?
1558 1382 1875 1455 Itaquejant

287 1501 387 1540 non
407 1494 524 1538 sunt
544 1487 666 1546 duo,
691 1483 777 1536 sed
802 1500 903 1536 una
932 1499 1069 1534 cat-0.
1097 1482 1244 1547 Quod
1274 1495 1394 1549 ergo
1425 1478 1559 1533 Deus
1584 1478 1872 1541 coniunxit,

288 1579 438 1630 homo
461 1592 561 1629 non
587 1586 784 1645 separet
830 1573 1046 1643 (Matth.
1072 1590 1178 1637 tux,
1208 1572 1261 1637 5,
1295 1574 1369 1640 7).
1403 1575 1573 1641 Atque
1605 1571 1730 1625 illud
1767 1586 1876 1623 ma-

289 1684 450 1738 gnum
482 1682 528 1723 et
556 1668 825 1738 singulare
856 1668 1189 1737 mysterium,
1217 1664 1354 1734 quod
1386 1666 1436 1717 in
1472 1666 1587 1731 ipso
1618 1675 1665 1715 et
1693 1663 1743 1715 in
1781 1664 1876 1717 lie-

295 1764 459 1819 clesia
494 1779 655 1837 verax
688 1763 803 1833 ejus
834 1764 965 1817 dixit
996 1758 1304 1831 Apostolus,
1331 1758 1441 1824 ipse
1472 1757 1560 1824 qui
1590 1764 1763 1809 nostra
1798 1766 1877 1807 est

1972 568 2076 606 non
2105 561 2189 607 est
2220 554 2269 605 in
2301 560 2549 620 promptu
2592 566 2819 620 persona
2850 567 2968 619 qure
3008 552 3178 621 culpae
3204 563 3555 622 supponatur,

1972 646 2321 713 capitu'orum
2353 643 2656 713 redargutio
2688 644 2954 700 invenitur
3001 644 3224 699 incerta.
3260 643 3451 699 Verum
3503 655 3555 700 et

1973 739 2077 794 hoc
2106 738 2383 791 attendere
2432 738 2600 806 pietas
2644 746 2821 792 vestra
2852 736 3121 807 dignetur,
3149 739 3269 808 quia
3306 754 3409 793 non
3438 739 3559 793 illos

1971 833 2105 887 dicit
2133 833 2388 887 obsesSos
2418 832 2604 886 morbo
2632 832 2880 895 Nestorii,
2915 834 3004 903 qui
3034 834 3333 897 certabant,
3364 851 3431 889 ne
3462 836 3558 889 viri

1971 926 2303 980 admirabilis
2333 937 2383 979 et
2418 927 2703 978 maximam
2734 925 2953 993 gloriam
2987 929 3261 991 merentis,
3294 925 3560 981 Theodori

1972 1018 2215 1086 quaedam
2257 1018 2486 1085 capitula
2520 1017 2898 1089 damnarentur
2926 1035 2940 1073 :
2969 1018 3060 1072 sed
3103 1020 3249 1088 ipsos
3280 1020 3453 1089 potius
3484 1020 3563 1074 di-

1977 1108 2052 1162 cit
2086 1108 2223 1176 quod
2248 1108 2586 1162 occasi0uem
2618 1108 2850 1162 lacerent
2880 1111 3151 1162 contrario
3182 1111 3428 1180 dogmate
3459 1128 3561 1177 quo

1978 1199 2314 1261 tenebantur,
2348 1200 2434 1269 qui
2484 1216 2542 1254 se
2570 1200 2710 1255 circa
2755 1200 3096 1255 Theodorum
3144 1203 3348 1258 infense
3399 1204 3562 1259 habe-

1976 1290 2123 1344 bant.
2180 1291 2323 1358 Quos
2354 1293 2515 1346 etiam
2567 1293 2855 1363 objurgans
2900 1294 3041 1364 quod
3093 1306 3240 1349 recte
3293 1298 3564 1352 ambulare

1977 1384 2265 1449 nescirent,
2298 1386 2546 1439 admonet
2577 1394 2633 1438 ut
2661 1400 2752 1439 eos
2782 1388 2868 1455 qui
2912 1386 2981 1440 ita
3014 1389 3270 1455 sentiunt,
3302 1399 3561 1457 quantum

1980 1489 2281 1543 possumus,
2314 1476 2619 1545 longissime
2667 1478 3050 1547 relinquamus,
3084 1496 3182 1534 nec.
3212 1496 3564 1537 “assumamus

1980 1564 2033 1618 in
2080 1574 2314 1620 nostram
2346 1575 2578 1620 mentem
2611 1567 2751 1636 quod
2786 1569 3110 1624 concinnare
3139 1572 3465 1639 qumrehant,
3511 1583 3564 1626 ut

1982 1670 2101 1709 cu-u
2141 1671 2245 1709 non
2278 1658 2530 1710 existeret
2585 1669 2728 1711 certa
2761 1674 3008 1727 persona,
3044 1677 3162 1729 qua!
3192 1672 3281 1714 aut
3311 1662 3444 1717 bene
3490 1665 3565 1718 in-

1982 1754 2367 1814 terpretaretur
2390 1763 2451 1801 ea
2480 1764 2596 1817 qua:
2625 1750 2852 1818 dixerat,
2886 1750 3022 1807 sicut
3056 1754 3167 1821 ipse
3191 1752 3375 1808 beatus
3401 1756 3566 1825 Cyril-

293 1858 510 1921 vcrilas.
536 1857 693 1908 (ﬂiam
722 1871 815 1923 pro
840 1855 1165 1909 reget-valido
1188 1870 1365 1923 gener,
1391 1848 1509 1906 “(cr
1538 1845 1739 1903 {(PiiCTe
1760 1860 1882 1898 COII-
1919 1849 1965 1908 Β
1992 1844 2070 1894 lus
2100 1842 2166 1894 de
2191 1842 2301 1895 SUiS
2331 1843 2574 1910 capitulis
2606 1841 2748 1907 fecit,
2780 1855 2873 1897 ant
2902 1848 2944 1899 Si
2995 1860 3099 1899 non
3147 1846 3346 1902 faceret
3399 1850 3567 1918 CUiplli

292 1948 454 2017 juga'i
483 1950 739 2014 scriptum
774 1947 933 2000 fuisse
964 1947 1290 2016 pronuntiat.
1322 1946 1382 1998 Et
1416 1944 1497 1997 his
1524 1943 1733 2013 quidem
1768 1937 1876 1995 Std-

296 2041 435 2093 iiciat
464 2039 719 2107 proba-se
736 2039 873 2107 quod
897 2052 1038 2107 εαξρο
1066 2036 1329 2090 laudabile
1351 2035 1637 2103 judicatur,
1654 2036 1693 2089 si
1718 2038 1876 2089 etiam

295 2134 574 2187 momlitcr
601 2122 936 2201 expatiantur
964 2146 1084 2200 qua:
1113 2129 1424 2198 proriIietice
1455 2129 1593 2182 dicta
1624 2138 1768 2183 sunt.
1805 2129 1880 2182 ln-

303 2234 445 2279 terea
475 2240 598 2280 vero
629 2227 911 2295 persiiicis,
941 2224 1251 2291 imperator,
1281 2233 1335 2276 et
1365 2223 1477 2292 ipsa
1511 2222 1877 2291 multiplicium

295 2317 737 2370 documentorum
776 2314 1036 2369 evidentia
1078 2314 1245 2383 magis
1284 2329 1345 2367 ac
1390 2312 1559 2379 magis
1602 2316 1882 2381 cognoscis

294 2404 438 2476 quod
484 2406 709 2472 epistula
744 2406 844 2460 Ibzc
890 2406 1199 2460 Nestoriana
1248 2405 1492 2460 convinci
1544 2413 1773 2475 nequeat.
1815 2422 1877 2459 cx

297 2499 451 2552 Luae
480 2496 766 2551 Theodori.
803 2497 1003 2551 Idcirco
1054 2508 1249 2562 autem,
1281 2498 1416 2551 sicut
1459 2497 1569 2565 jam
1624 2496 1879 2561 diximus,

296 2605 427 2657 quae:
445 2589 473 2642 i:
496 2604 611 2643 run:
648 2589 903 2651 luerctici,
923 2597 981 2642 ut
1002 2599 1281 2658 negaretur
1304 2606 1332 2643 a
1356 2589 1563 2659 synodo
1579 2588 1743 2644 fuisse
1765 2604 1881 2643 sus-

297 2689 467 2747 cepta,
503 2695 570 2748 qu
609 2678 640 2731 d
670 2680 841 2746 palam
870 2678 1056 2732 falson
1085 2688 1187 2742 est,
1210 2688 1267 2732 ut
1288 2681 1537 2748 primum,
1571 2680 1726 2734 nobis
1750 2679 1880 2733 nihil

296 2770 696 2836 resistentibus,
730 2771 834 2821 imo
865 2770 1273 2835 affirmantibus,
1306 2786 1632 2839 quacunque
1664 2770 1881 2823 crimina

301 2862 495 2917 vellent
532 2864 581 2915 in
614 2878 729 2917 eam
763 2873 1145 2932 congererent;
1191 2864 1382 2918 deimle
1433 2874 1485 2917 ut
1538 2866 1648 2932 ipsa
1702 2874 1883 2916 nostra

297 2956 581 3020 negatione
611 2952 877 3023 suscipien
901 2962 1003 3008 tam
1035 2970 1139 3008 non
1172 2954 1335 3009 fuisse
1366 2964 1749 3008 monstrarent.
1786 2954 1884 3008 Ve-

298 3060 419 3113 rum
450 3050 632 3117 accipe
653 3049 759 3116 jam
787 3049 1054 3118 quomodo
1085 3063 1188 3102 non
1219 3050 1390 3102 solum
1424 3048 1475 3102 in
1509 3048 1594 3101 his
1620 3062 1737 3116 qua:
1767 3061 1880 3100 me-

297 3142 647 3205 tnoratimus,
690 3142 782 3196 sed
816 3144 869 3195 in
896 3141 1143 3196 omnibus
1172 3140 1392 3194 omnino
1416 3156 1510 3210 pro
1552 3139 1744 3207 quibus
1774 3139 1884 3193 Mo-

1985 1942 2408 2005 supponeretur,
2461 1950 2594 1987 vana
2639 1938 2991 2004 capitulorum
3043 1937 3344 2007 redargutio
3400 1940 3566 1995 fieret.

1984 2027 2302 2087 iiuxnaniins
2357 2026 2533 2094 itaque
2578 2040 2676 2081 suo
2728 2027 3045 2082 admonebat
3076 2030 3365 2099 1’eaeinplo
3426 2034 3568 2102 quod

1984 2130 2149 2179 multa
2187 2126 2333 2178 recte
2365 2118 2639 2188 proposito
2671 2117 2980 2173 dicerentur
3021 2118 3139 2189 qua:
3183 2122 3339 2175 aliter
3371 2125 3568 2192 possint

1984 2217 2227 2279 intelliti.
2278 2216 2348 2271 Sc
2372 2224 2523 2270 amns
2570 2223 2730 2273 ergo,
2789 2208 3203 2265 dementissime
3262 2214 3569 2282 imperatur,

1978 2307 2133 2378 juxta
2168 2308 2353 2379 Cyl-illi
2384 2312 2722 2373 sententiain,
2756 2301 2895 2379 quod
2940 2304 3026 2372 qui
3061 2304 3172 2358 lucc
3199 2314 3380 2374 agunt,
3413 2308 3462 2360 in
3498 2308 3567 2362 itt-

1984 2410 2191 2456 ccrtum
2221 2411 2521 2463 currentes,
2545 2410 2599 2455 et
2629 2417 2805 2455 aerem
2836 2394 3183 2455 vei-iterantes
3214 2397 3569 2453 inveniantur.

1984 2490 2209 2558 [ἔθυε-μω
2242 2507 2428 2544 rursus
2475 2493 2525 2546 in
2561 2492 2662 2546 line
2692 2493 2857 2560 ipsus
2901 2487 3141 2563 epistoia:
3168 2487 3236 2547 de
3267 2490 3458 2542 lalibus
3488 2489 3571 2544 di-

1987 2597 2061 2638 cn
2093 2601 2104 2635 :
2145 2603 2161 2634 ι
2199 2586 2302 2639 Sed
2326 2594 2464 2653 ,uste
2488 2585 2703 2638 audient
2729 2586 2935 2640 tametsi
2959 2587 3143 2653 nolint,
3166 2580 3575 2658 quihujnsmodi

1988 2693 2179 2732 causas
2210 2677 2446 2745 pr;i.~bcnt
2468 2678 2880 2732 :Obliviscimini
2916 2696 3009 2733 vos
3040 2680 3205 2749 ipsos,
3238 2681 3452 2745 quando
3479 2676 3574 2736 ad-

1987 2784 2169 2823 versus
2195 2770 2442 2836 pulveres
2464 2784 2618 2822 arcus
2640 2769 2946 2824 extenditis.
2979 2770 3094 2825 Non
3133 2771 3273 2825 enim
3305 2782 3572 2841 superest,

1986 2864 2073 2932 qui
2102 2864 2238 2929 apud
2272 2877 2367 2917 Vos
2417 2862 2703 2930 inscriptus
2729 2872 2840 2929 e=t;
2874 2873 2926 2918 ct
2958 2879 3042 2919 me
3068 2864 3246 2918 nullus
3299 2865 3479 2934 culpet
3520 2867 3573 2922 in

1991 2957 2104 3010 ha-c
2150 2956 2311 3009 verba
2361 2970 2720 3024 progressum,
2755 2955 2849 3009 sed
2900 2957 3055 3011 cedat
3103 2958 3308 3011 famoso
3354 2959 3573 3014 nimium

1990 3047 2318 3120 prawessori.
2348 3046 2520 3101 Grave
2567 3048 2709 3101 enim
2763 3059 2843 3102 est
2872 3048 3132 3104 insultare
3189 3049 3573 3117 defuncus,vel

1989 3143 2035 3197 si
2055 3142 2173 3196 laici
2206 3140 2421 3205 fuerint,
2444 3138 2637 3192 nedum
2668 3140 2773 3193 illis
2797 3140 2883 3208 qui
2917 3142 2967 3192 in
2996 3141 3305 3211 episcopatu
3336 3143 3472 3198 hanc
3504 3145 3573 3199 vi-

297 3248 638 3306 psucstenum
692 3240 705 3270 ³
756 3238 1177 3302 dimnaverunt,
1223 3238 1478 3308 judicium
1532 3238 1668 3291 beati
1700 3237 1882 3307 Cyrilli
1912 3236 1957 3299 C
1991 3244 2096 3288 tam
2120 3232 2500 3302 deposuerunt.
2535 3230 2895 3285 Instssimum
2920 3232 3064 3286 enim
3094 3243 3317 3302 apparet
3350 3236 3575 3305 pruden-

298 3330 642 3391 ca'caVi-rint,
675 3330 761 3399 qui
810 3330 1064 3384 resistens
1108 3329 1373 3383 hazreticis
1401 3328 1771 3383 accusantibus
1801 3327 1884 3382 di-

302 3432 388 3473 cta
421 3419 700 3473 memorati
734 3418 1001 3473 Theodori
1034 3419 1111 3473 sic
1140 3416 1296 3473 beato
1326 3416 1519 3473 Joanni
1546 3417 1884 3472 Antiocheno

300 3519 354 3562 et
385 3510 647 3564 universae
673 3509 925 3565 Orientaii
953 3510 1157 3582 synodo
1197 3509 1402 3563 scribit.
1440 3528 1457 3559 ι
1492 3508 1724 3562 Audacia
1757 3522 1885 3562 vero

300 3610 355 3658 ct
385 3609 655 3656 certamen
689 3601 828 3667 quod
857 3618 1040 3657 omnes
1076 3602 1272 3669 pariter
1302 3600 1616 3669 suscepistis
1647 3616 1741 3668 pro
1770 3600 1885 3654 viro

301 3693 473 3747 admir
509 3692 623 3757 bili,
658 3704 714 3747 et
754 3694 1042 3746 maximam
1074 3693 1294 3761 gloriam
1340 3700 1578 3747 merente
1601 3691 1738 3760 apud
1768 3707 1885 3757 vos,

304 3786 593 3839 Theodoro
617 3785 758 3851 dico,
786 3786 1136 3839 reclainantes
1159 3785 1415 3837 adversus
1438 3785 1666 3853 aliquos,
1691 3784 1779 3853 qui
1806 3799 1884 3849 se,

302 3889 357 3935 υι
388 3884 629 3945 apparet,
657 3877 797 3931 circa
822 3876 969 3930 illum
999 3876 1205 3930 infense
1234 3876 1451 3939 habent,
1475 3887 1527 3929 et
1552 3877 1887 3929 occasionem

302 3970 557 4024 iluieutes
599 3968 868 4023 contrario
898 3970 1147 4035 dogmate
1190 3984 1297 4039 quo
1343 3978 1608 4031 tenentur,
1644 3977 1699 4021 ut
1742 3966 1890 4037 capi-

302 4059 410 4119 tula
436 4075 536 4128 qua
555 4059 676 4113 dam
709 4075 812 4111 non
838 4074 901 4113 ex
937 4059 1247 4112 melioribus
1278 4059 1571 4121 intellecta,
1606 4060 1745 4112 sicut
1774 4062 1893 4127 qui-

301 4153 424 4204 dam
454 4151 731 4211 dixerunt,
756 4150 820 4203 de
845 4150 1038 4219 quibus
1066 4157 1119 4204 et
1151 4158 1380 4203 vestram
1405 4148 1741 4203 sanctitatem
1773 4164 1891 4215 pcr-

300 4241 669 4305 turbaverunt,
687 4242 955 4310 exigerent
974 4237 1644 4295 condemnari.iiocautem
1664 4248 1716 4292 et
1730 4254 1893 4305 nunc,

300 4334 455 4388 sicuti
473 4342 660 4388 vestrae
685 4334 875 4387 littene
906 4339 1227 4396 monstrant,
1248 4328 1313 4383 ad
1338 4329 1537 4399 regiam
1561 4331 1747 4386 urbem
1777 4345 1897 4399 per-

302 4432 487 4495 gentes
500 4433 730 4487 movent,
749 4425 791 4478 si
810 4440 913 4495 quo
933 4423 1089 4478 modo
1106 4422 1425 4493 praevaleant
1446 4436 1525 4491 pe
1540 4422 1764 4477 suadere
1779 4436 1899 4477 con-

301 4533 463 4573 cursu
487 4519 803 4588 aliquorum,
820 4528 872 4571 ut
899 4533 990 4587 per
1007 4518 1400 4586 imperatoriam
1429 4516 1653 4570 formam
1677 4516 1899 4572 anathe-

1988 3329 2130 3382 tibzs
2156 3326 2280 3380 viris
2311 3325 2502 3379 cedere
2535 3323 2833 3393 prmscienti
2876 3325 3291 3395 uniuscujusque
3334 3329 3576 3382 volunta-

1989 3428 2118 3481 tem,
2150 3426 2204 3472 et
2234 3417 2577 3487 cognoscenti
2610 3414 2779 3484 qualis
2810 3416 3173 3484 unusquisque
3223 3429 3464 3473 nostrum
3500 3421 3575 3472 l'n-

1990 3520 2137 3564 turus
2163 3511 2253 3564 sit.
2291 3526 2309 3559 ι
2346 3506 2604 3576 Apparuit
2633 3522 2698 3561 ex
2724 3507 2805 3560 his
2833 3522 2953 3576 quae
2985 3518 3275 3565 memorata
3304 3520 3445 3576 sunt,
3477 3512 3579 3567 clo--

1992 3601 2322 3656 mentissime
2348 3600 2654 3668 imperator,
2683 3598 2822 3667 quod
2853 3596 3083 3669 Cyrillus
3115 3602 3397 3670 cpiscopus
3422 3618 3579 3671 grave

1988 3696 2196 3767 judiret
2226 3694 2482 3747 insultare
2514 3690 2799 3755 defunctis,
2825 3691 2985 3745 etiam
3016 3691 3163 3745 laicis
3195 3709 3208 3746 :
3241 3704 3440 3763 quanto
3470 3711 3578 3748 ma-

1989 3791 2070 3860 gis
2098 3790 2149 3843 in
2178 3788 2487 3857 episcopatu
2520 3785 2683 3839 vitam
2722 3784 3026 3838 iiuientibus
3066 3800 3163 3837 ana
3195 3784 3349 3841 hema
3380 3787 3581 3852 dicere,

1992 3890 2257 3936 eteorum
2298 3892 2474 3931 causa:
2508 3875 2765 3946 judicium
2804 3875 2912 3928 Deo
2943 3876 3249 3943 praeripere,
3281 3876 3580 3945 praescienti

1994 3970 2402 4037 uoiuscujusque
2436 3966 2786 4030 voluntatem,
2808 3982 2909 4035 qua
2938 3966 3235 4021 intentione
3262 3968 3386 4037 quid
3411 3967 3579 4034 dicat,

1992 4061 2084 4128 (pii
2110 4057 2268 4113 etiam
2300 4059 2448 4111 novit
2477 4057 2645 4126 qua'is
2676 4057 3039 4126 unusquisque
3082 4066 3323 4112 nostrum
3372 4057 3582 4115 futurus

1994 4149 2084 4217 sit,
2111 4157 2164 4203 et
2196 4148 2380 4215 quales
2410 4147 2750 4202 inveniuntur
2772 4146 2793 4176 ⁸
2824 4150 2874 4200 in
2908 4148 3000 4201 illo
3026 4148 3247 4217 judicio,
3273 4149 3359 4204 ubi
3388 4164 3581 4207 omnes

1997 4240 2329 4295 adstabimus
2351 4250 2474 4295 ante
2502 4239 2732 4294 tribunal
2756 4240 2975 4308 Christi,
2999 4252 3054 4295 ut
3084 4243 3281 4296 referat
3307 4246 3583 4315 unusquis-

1997 4348 2099 4402 que
2124 4333 2339 4401 pr0pria
2367 4333 2610 4403 corporis
2653 4344 2814 4403 prout
2855 4334 3039 4402 gesit,
3075 4334 3188 4389 sive
3220 4337 3441 4403 malum,
3473 4341 3590 4397 sive

1999 4424 2239 4478 bonum?
2269 4422 2435 4494 Cujus
2484 4439 2609 4477 \cro
2636 4424 2884 4479 catholici
2929 4424 3163 4479 animum
3195 4443 3299 4482 non
3329 4428 3587 4496 offendat,

1999 4514 2139 4583 quod
2168 4514 2253 4567 isti
2280 4514 2487 4583 judices
2530 4524 2860 4568 mortuorum
2894 4513 3076 4570 dicunt
3102 4518 3350 4574 eumdem
3374 4522 3589 4577 beatum

304 4608 736 4664 matisubdantur
761 4607 848 4662 illa
867 4624 983 4677 quae
999 4610 1063 4662 ab
1086 4611 1162 4663 eis
1180 4607 1537 4677 proferuntur,
1555 4623 1673 4662 cum
1690 4622 1903 4663 aecusa-
1935 4610 1985 4668 D
2010 4605 2263 4674 Cyrillum
2304 4606 2406 4659 sibi
2450 4605 2718 4659 exstitisse
2766 4605 3113 4676 contrarium,
3144 4616 3199 4664 et
3224 4611 3376 4666 aliter
3405 4625 3589 4682 p05tea

304 4701 453 4758 tione
473 4701 761 4757 volentium
780 4716 840 4754 ea
859 4700 1165 4756 defendere.
1196 4702 1272 4755 Ad
1290 4704 1388 4756 hoc
1414 4710 1589 4755 autem
1607 4700 1748 4770 dico,
1765 4700 1902 4755 sicut

309 4792 437 4851 mihi
468 4791 692 4858 videtur,
710 4802 763 4847 et
785 4792 929 4845 omni
958 4801 1191 4847 mentem
1217 4792 1456 4857 habenti,
1478 4791 1727 4860 quoniam
1752 4789 1897 4847 nefas

309 4888 391 4934 cst
415 4891 660 4949 reputare
691 4882 769 4937 vel
793 4868 1025 4952 graviter
1056 4882 1193 4937 ferre
1219 4898 1311 4937 eos
1334 4882 1418 4951 qui
1460 4893 1601 4937 recte
1627 4882 1901 4937 ambulare

309 4972 574 5037 nesciunt,
591 4970 681 5027 sed
702 4974 860 5027 etiam
884 4984 1134 5042 quantum
1153 4982 1322 5042 potest
1350 4974 1654 5043 longissime
1669 4973 1899 5029 derelin-

307 5078 474 5137 quere
496 5062 588 5132 qui
613 5066 682 5117 ita
704 5066 963 5121 sentiunt.
989 5065 1097 5119 Nisi
1123 5064 1258 5121 forte
1282 5066 1333 5119 in
1361 5074 1595 5121 mentem
1619 5080 1897 5121 assumen-

306 5155 433 5211 dum
482 5163 569 5211 est
612 5156 755 5226 quod
804 5157 1129 5211 concinnare
1159 5158 1423 5221 'volunt;
1475 5173 1597 5212 cum
1655 5159 1897 5213 maxime

308 5264 484 5318 neque
506 5250 557 5303 in
581 5258 830 5319 promptu
851 5260 931 5303 est
955 5263 1177 5317 persona
1200 5264 1359 5317 quam
1383 5249 1553 5316 culpae
1571 5257 1895 5320 supponunt,

307 5349 365 5395 et
393 5342 753 5410 capitulorum
787 5340 1095 5410 redargutio
1137 5340 1357 5405 incerta,
1387 5351 1440 5398 et
1471 5345 1559 5411 qui
1592 5342 1707 5397 haec
1737 5352 1899 5412 agunt

306 5432 362 5485 in
394 5433 657 5487 incertum
706 5442 1005 5497 currentes,
1040 5440 1092 5486 et
1132 5447 1309 5485 aerem
1360 5433 1701 5487 verberantes
1745 5434 1895 5487 iuve-

308 5522 542 5576 nientur.
582 5541 599 5574 ι
646 5523 782 5577 Ecce
804 5523 1143 5592 probavimus
1168 5538 1272 5578 non
1297 5523 1561 5591 quaedam,
1592 5523 1689 5577 sed
1717 5524 1895 5577 omnia

309 5629 426 5681 qua:
454 5625 708 5671 accusant
737 5616 787 5668 in
816 5614 974 5669 dictis
1004 5614 1360 5683 Mopsuesteni
1408 5614 1678 5669 Theodori
1710 5624 1893 5670 contra

382 5794 401 5824 ι
431 5792 560 5846 Cod.
593 5793 812 5858 Veron,
838 5793 1242 5862 Mapsuestenam
1271 5794 1609 5851 Theodorum.

384 5865 403 5895 ²
436 5864 581 5919 Idem
610 5865 753 5933 cod.,
788 5867 1100 5920 continuare.

2002 4698 2069 4754 de
2101 4697 2414 4767 quibusdam
2449 4697 2656 4765 striptis
2690 4698 2967 4753 memorati
2998 4699 3262 4756 Theodori
3290 4701 3587 4774 judicasse,

2003 4799 2161 4859 atque
2184 4790 2234 4844 in
2266 4789 2367 4844 hoc
2392 4788 2660 4853 incidis~e,
2681 4788 2820 4857 quod
2848 4790 2896 4843 in
2926 4789 3149 4845 aliorum
3182 4792 3417 4862 inquieta
3451 4811 3590 4866 pra:-

2003 4883 2303 4951 sumptione
2338 4880 2609 4948 culpavit?
2658 4896 2777 4934 cum
2809 4881 2950 4935 dicat
3000 4885 3284 4951 Apostolus
3320 4904 3331 4936 :
3366 4885 3426 4941 Si
3457 4890 3590 4940 enim

2003 4993 2117 5043 qua'
2146 4976 2394 5039 destruxi,
2425 4976 2530 5027 lucc
2572 4973 2753 5025 iterum
2794 4974 3016 5042 a’diﬁco,
3049 4978 3483 5043 prwvaricatorem
3512 4994 3589 5030 me

2005 5066 2255 5119 constituo
2297 5064 2437 5132 (Gal.
2486 5080 2543 5129 ll,
2584 5062 2692 5134 18).
2734 5064 2970 5133 Namque
3016 5081 3135 5119 cum
3195 5068 3306 5136 ipse
3349 5067 3591 5125 docuerit

2004 5158 2142 5228 quod
2175 5158 2248 5211 illi
2277 5157 2363 5226 qui
2392 5172 2448 5210 se
2477 5155 2682 5210 infense
2711 5157 2966 5211 haberent
2991 5158 3129 5211 circa
3159 5161 3325 5213 virum
3357 5160 3561 5215 admira

2001 5250 2160 5304 bilem
2199 5262 2250 5304 et
2299 5249 2586 5302 maximam
2628 5250 2849 5319 gloriam
2901 5258 3191 5304 merentem
3224 5251 3583 5321 Theodorum,

2002 5351 2303 5411 quaerentes
2348 5339 2589 5410 quoidam
2634 5340 2751 5409 ejus
2781 5340 3011 5408 capitula
3044 5357 3149 5396 non
3181 5357 3243 5397 et
3279 5344 3590 5401 melioribus

2003 5433 2273 5488 intellecta
2302 5432 2561 5495 damnari,
2593 5432 2925 5487 occasionem
2972 5434 3146 5501 potius
3176 5434 3413 5490 facerent
3456 5453 3589 5491 con-

2009 5526 2172 5580 trario
2196 5525 2441 5593 dogma'e
2465 5538 2569 5593 quo
2594 5523 2929 5591 tenebantur,
2956 5539 3155 5594 eosque
3180 5542 3281 5580 non
3307 5540 3452 5582 recte
3474 5546 3589 5591 amo

2008 5616 2193 5671 bulare
2226 5615 2555 5685 pronuntiet,
2587 5613 2856 5684 quomodo
2886 5629 2944 5671 se
2986 5616 3448 5685 prtcvaricatorctn
3482 5637 3586 5676 non

2082 5797 2099 5827 "
2143 5797 2280 5850 Idem
2324 5794 2467 5857 cud.,
2500 5794 2879 5848 admonebatur.

2085 5877 2097 5896 '
2141 5868 2283 5923 Idem
2312 5868 2455 5935 C'Jt|.,
2495 5866 2657 5936 qualis
2688 5866 2986 5921 inveniatur.
