4070 6352
560 286 663 343 607

1667 286 1963 345 FACl'rNDl
2009 285 2220 343 EPISC.
2256 287 2763 348 llEMllANENSlS

3781 297 3861 357 808

558 401 929 463 constitueret,
956 397 1081 453 etin
1110 412 1168 454 se
1190 405 1536 453 converteret
1562 399 1739 453 omnia
1767 415 1886 470 qua:
1908 400 2150 454 invectus
2182 403 2229 463 Α
2260 399 2523 453 voluerint
2552 417 2656 455 non
2684 401 2910 455 alienam
2944 412 3286 471 provocare,
3324 396 3429 454 sed
3462 413 3615 455 suam
3648 417 3861 468 revocare

562 492 616 546 in
637 493 772 546 alios
790 490 943 556 dixit,
963 490 1007 544 si
1037 491 1152 558 ipse
1173 504 1386 558 quoque
1412 498 1594 556 postea
1612 491 1769 545 vellet
1788 491 1965 560 aliqua
1985 490 2154 545 Theo-

561 581 679 635 dori
705 581 932 650 capitula
962 578 1350 636 condemnari?
1378 579 1486 633 Attt
1515 582 1787 649 quomodo
1833 598 1938 636 non
1968 582 2161 651 depre-

564 672 887 730 henderetur
912 672 1012 729 sibi
1037 687 1159 728 esse
1186 676 1516 735 contrarius,
1543 676 1634 742 qui
1663 689 1781 727 cuin
1813 688 1909 727 nos
1938 688 2161 728 monue-

563 767 633 820 rit
654 767 853 831 ut,alia
873 775 1197 836 quaerentes,
1216 774 1473 834 quantum
1496 763 1610 819 fieri
1636 774 1828 831 potest,
1852 764 2162 836 longissime

564 856 952 926 relinquamus,
985 855 1322 926 postmodum
1353 854 1403 908 in
1431 866 1664 909 mentem
1696 865 1995 909 assumeret
2018 856 2161 923 quod

562 951 887 1005 cuncinnarc
918 951 993 1008 illi
1025 950 1296 1018 volebant,
1328 957 1387 1003 ut
1418 966 1537 1003 cum
1573 964 1798 1017 persona
1830 950 1882 1003 in
1914 957 2160 1019 promptu

565 1055 672 1095 non
718 1052 862 1097 esset
902 1056 1062 1113 quam
1095 1042 1266 1111 culpa:
1282 1037 1682 1111 'supponercnt,
1712 1042 1992 1105 inceztam,
2026 1040 2163 1093 sicut

563 1131 681 1200 ipse
712 1132 973 1199 definivit,
1001 1132 1358 1203 capitulorum
1387 1133 1650 1186 Theodori
1684 1131 1876 1185 facere:
1913 1130 2163 1199 redargu.

572 1224 796 1292 tionem,
822 1226 875 1279 in
901 1226 1163 1280 incertum
1185 1226 1337 1297 juxta
1369 1241 1519 1280 suam
1560 1226 1880 1279 sententiam
1912 1239 2155 1289 currens,

577 1324 829 1373 etaercrn
862 1319 1187 1373 verberans?
1215 1320 1408 1373 Durum
1440 1319 1596 1371 nimis
1625 1328 1706 1372 est
1744 1330 1797 1371 ut
1832 1319 1933 1371 boc
1962 1327 2163 1371 temere

569 1408 638 1464 de
666 1408 862 1480 Cyrtilu
906 1422 1139 1478 putetur.
1170 1412 1313 1483 quod
1357 1412 1682 1466 obliviscens
1707 1411 2076 1480 semetipsum,
2110 1418 2164 1465 et

569 1515 675 1553 non
702 1515 760 1556 se
791 1501 1030 1570 rogitans
1058 1518 1178 1557 esse
1208 1503 1510 1569 mortalem,
1541 1503 1795 1555 adversus
1822 1502 2087 1571 pulveres,
2113 1501 2161 1556 id

559 1602 643 1646 est
671 1593 921 1648 adversus
956 1605 1220 1649 mortuum
1270 1607 1324 1650 et
1371 1597 1422 1649 iu
1456 1595 1699 1662 pulveres
1728 1595 2019 1660 redactum,
2071 1608 2161 1647 ar-

558 1696 687 1740 com~
711 1668 1025 1740 extenderet
1056 1701 1071 1739 :
1104 1701 1225 1740 cum
1261 1686 1533 1754 impossibi
1558 1700 1587 1739 e
1625 1700 1730 1737 non
1771 1695 1917 1738 esset
1962 1693 2015 1736 ut
2061 1682 2160 1736 huc

2262 495 2617 548 sententiam?
2644 494 2791 561 Quod
2833 494 2982 550 enim
3016 494 3082 549 de
3114 494 3222 549 illo
3259 490 3507 547 forsitan
3554 492 3688 549 alius
3721 498 3861 560 dicere

2263 602 2367 639 non
2400 587 2640 651 auderet,
2675 587 2787 657 ipse
2813 587 2922 657 jam
2952 588 3081 642 dixit
3115 607 3130 640 :
3172 586 3467 653 Quoniam
3493 586 3609 643 hac
3639 590 3767 659 juste
3790 612 3861 650 au-

2264 677 2435 741 dient,
2464 678 2674 731 tametsi
2707 679 2895 746 nolint,
2922 679 3009 747 qui
3040 679 3383 751 bnjusmodi
3418 693 3619 735 causas
3644 686 3860 747 prebeat.

2264 770 2331 824 Et
2365 770 2482 823 ideo
2512 786 2617 823 non
2648 781 2849 826 temere
2878 772 3192 826 credendus
3226 779 3323 827 est
3354 782 3555 827 contra
3607 789 3747 830 suam
3770 794 3861 834 seu.

2265 860 2483 916 tentiam
2513 876 2700 916 causas
2730 861 3034 931 hujusmodi
3067 863 3418 932 przebuisse.
3458 863 3568 919 Sed
3592 865 3701 935 jam
3723 869 3862 924 multi-

2264 954 2489 1022 pliciter,
2537 954 2672 1008 sit-ut
2705 956 3066 1022 promisimus,
3111 966 3455 1021 ostensum,
3508 956 3757 1028 Auguste.
3791 978 3860 1018 co-

2263 1046 2497 1113 gnoscis,
2514 1048 2765 1115 quoniam
2789 1047 3162 1102 litercticorurn
3188 1063 3323 1102 corn
3335 1049 3515 1116 plices
3534 1049 3586 1102 iu
3603 1057 3861 1107 ev:tcuatio-

2266 1154 2388 1192 nem
2423 1155 2629 1207 magum
2663 1140 2851 1209 synodi
2882 1141 3363 1196 Chalcedonensis
3390 1153 3561 1212 atque
3588 1154 3855 1203 statutorutn

2265 1228 2406 1283 beati
2437 1229 2654 1294 Leonis,
2683 1229 3022 1286 Theodorum
3054 1247 3288 1300 quoque
3318 1232 3754 1301 Mapsuesteuum
3776 1239 3858 1305 cpi-

2262 1331 2479 1387 scopurn
2507 1319 2664 1372 nimis
2686 1320 2942 1375 audacter
2960 1322 3061 1376 sub
3082 1323 3466 1377 anathemate
3489 1323 3852 1391 damnaverunt,

2265 1422 2318 1467 et
2347 1412 2487 1482 quod
2521 1413 2787 1467 incassum
2824 1414 3064 1469 nituntur
3095 1416 3487 1471 temeritatem
3535 1431 3683 1469 suam
3711 1420 3851 1475 aest-io

2264 1519 2369 1574 quo
2400 1504 2693 1575 patrocinio
2726 1504 2864 1560 beati
2893 1506 3083 1578 Cyrilli
3109 1506 3455 1563 defendere.
3491 1505 3594 1562 Ubi
3624 1508 3851 1564 simulati.

2265 1604 2475 1649 vertere
2494 1594 2666 1664 potuit
2687 1597 2948 1651 serenitas
2972 1609 3059 1653 tua
3081 1597 3359 1666 quoniam
3379 1596 3503 1651 haec
3525 1598 3851 1655 demonstrare

2266 1697 2586 1755 quaerentes,
2625 1688 2713 1741 illa
2746 1690 2905 1742 etiam
2935 1690 3054 1755 tria,
3087 1690 3218 1745 licet
3268 1706 3341 1742 ex
3383 1688 3675 1745 occa~ione
3711 1700 3757 1746 et
3774 1693 3849 1747 alio

562 1783 835 1843 pateretur
852 1787 904 1830 et
933 1776 1047 1845 ipse
1071 1788 1189 1845 post
1211 1787 1459 1841 mortem,
1479 1775 1687 1845 quando
1708 1774 1817 1844 jaru
1846 1774 2151 1843 defendere,
2189 1784 2239 1844 Β·
2262 1776 2472 1841 intenti,
2510 1776 2639 1830 falsa
2685 1792 2804 1832 esse
2836 1780 3115 1834 docuimus
3149 1798 3161 1831 :
3200 1780 3487 1834 videlicet
3515 1772 3653 1847 quod
3682 1781 3741 1835 de
3761 1783 3848 1850 ipso

567 1865 653 1918 vel
703 1865 897 1919 melius
951 1867 1288 1936 interpretari
1337 1883 1434 1921 sua
1481 1866 1616 1920 dicta
1663 1882 1765 1919 twn
1817 1873 2012 1934 possvt.
2047 1866 2159 1934 lpsc

565 1953 831 2013 Theodori
862 1958 1085 2012 mmulos
1115 1973 1347 2030 arguens
1376 1958 1510 2012 dixit
1536 1975 1549 2012 :
1579 1958 1759 2012 Grave
1788 1965 1868 2010 est
1897 1937 2154 2011 euim’in-

557 2046 755 2100 sultare
780 2046 1065 2113 defunctis,
1081 2048 1163 2104 vel
1190 2050 1234 2102 si
1262 2048 1380 2103 laici
1408 2048 1622 2112 fuerint,
1643 2048 1834 2101 nedum
1860 2047 1969 2103 illis
1991 2048 2075 2118 qui
2101 2049 2151 2102 iu

556 2136 867 2205 episcopatu
890 2138 1025 2193 hanc
1039 2138 1199 2192 vitam
1215 2137 1604 2207 deposuerunt:
1622 2153 1672 2193 et
1693 2138 1808 2205 ipse
1824 2146 2023 2192 temere
2036 2154 2154 2191 cre-

558 2227 768 2282 dendus
793 2238 873 2283 est
903 2229 1043 2297 quod
1070 2239 1253 2297 postea
1282 2228 1565 2282 Theodoro
1594 2230 1647 2283 in
1676 2230 1979 2297 episcopatu
2008 2245 2153 2283 mor-

558 2331 661 2378 tem
689 2321 901 2375 obeunti
934 2322 1165 2391 potuerit
1193 2322 1469 2388 insultare,
1500 2331 1555 2379 et
1584 2337 1711 2386 non,
1742 2324 1879 2378 sient
1919 2330 2101 2377 oratus
2132 2322 2149 2354 ¹

560 2426 666 2479 eSI,
685 2412 878 2468 cedere
908 2413 1018 2467 Deo
1046 2414 1343 2481 pra-scienti
1370 2413 1782 2480 uniuscujusque
1809 2412 2157 2481 voluntatem,

558 2515 608 2564 et
626 2504 968 2573 cognoscenti
989 2503 1161 2572 qualis
1186 2504 1546 2573 unusquiSqne
1567 2512 1802 2557 nostrum
1828 2503 2034 2557 futurus
2057 2503 2160 2560 sit?

558 2594 687 2663 Quis
720 2597 821 2650 hoc
867 2595 935 2649 dc
965 2593 1165 2665 Cyrillo
1195 2595 1374 2649 dicere
1424 2595 1640 2659 audeat,
1684 2593 1785 2648 nisi
1819 2592 1904 2663 qui
1950 2594 2003 2647 in
2034 2608 2157 2647 eum

634 2735 657 2771 ⁸
688 2732 822 2790 Cod.
858 2733 1079 2800 νει-θην
1112 2736 1359 2789 hortums.

2261 1868 2546 1925 Theodoro
2571 1872 2839 1937 dixerunt,
2870 1875 2989 1942 quia
3014 1872 3303 1927 Christum
3340 1871 3629 1926 hominem
3660 1882 3846 1926 tanturn-

2261 1962 2441 2028 modo,
2472 1980 2575 2016 non
2608 1966 2765 2018 etiam
2804 1966 2966 2019 Deum
2998 1966 3260 2033 credidit,
3298 1974 3359 2021 et.
3412 1972 3544 2035 quia
3574 1967 3841 2021 Trinitatem

2254 2051 2407 2122 juxta
2441 2054 2733 2110 Sabellium
2765 2058 3070 2127 denegavit,
3116 2067 3171 2113 et
3199 2060 3339 2126 quia
3375 2058 3668 2112 evacuatit
3693 2074 3840 2113 omnes

2230 2144 2311 2199 in
2341 2146 2610 2199 Christum
2643 2146 2808 2201 factas
2837 2149 3161 2216 prolihrtias.
3198 2149 3272 2203 Et
3326 2148 3453 2202 hmo
3496 2148 3701 2219 quidem
3729 2149 3839 2202 sntft-

2256 2235 2698 2305 cerejudicatnus
2742 2241 2929 2307 cisqui
2977 2242 3207 2296 tideliac
3258 2243 3350 2309 pia
3379 2243 3677 2313 intentione
3699 2242 3838 2295 volunt

2269 2346 2592 2400 cogno~cere
2624 2338 2923 2391 veritatem.
2948 2337 3052 2391 Sed
3086 2346 3389 2406 propterea
3422 2335 3660 2389 dicemus
3675 2343 3723 2388 et
3743 2335 3834 2397 alia,

2267 2426 2515 2494 quoniam
2547 2428 2677 2481 satis
2707 2435 2809 2483 non
2842 2439 2924 2484 est
2952 2430 3017 2483 ad
3058 2432 3505 2495 contentionem,
3540 2427 3675 2499 quod
3710 2430 3836 2481 aliaa-

2269 2517 2357 2573 dat
2387 2520 2452 2574 ad
2486 2520 2665 2577 tidem.
3470 2538 3475 2541 '

556 2872 3815 2910 FW

1700 3000 2049 3083 LIBER
2104 2998 2717 3106 QUARTUS.

1076 3232 1303 3288 CAPUT
1344 3230 1630 3289 PRIMUM.

560 3348 711 3415 Quod
729 3345 980 3417 Cyrillum
1009 3348 1149 3413 sequi
1178 3363 1279 3399 non
1332 3345 1566 3410 debeant,
1602 3345 1643 3399 si
1690 3343 2019 3397 Theodorum
2055 3344 2157 3398 ali-

628 3421 833 3487 quando
863 3420 1094 3483 crtlpasse
1118 3418 1440 3477 coiiccdutur,
1469 3434 1585 3469 cuni
1627 3418 1677 3468 in
1721 3416 1781 3468 iis
1806 3432 1909 3469 non
1938 3432 2161 3485 scquau-

631 3499 714 3544 tur
749 3506 861 3557 quw
888 3499 1068 3542 contra
1095 3487 1510 3556 Chrysostomum
1544 3488 1774 3554 scripsit.

631 3600 701 3656 Ut
726 3603 972 3653 noverint
1000 3600 1291 3654 adversarii
1316 3608 1510 3667 quanta
1535 3600 1605 3652 sit
1627 3599 1862 3654 efficacia
1888 3600 2157 3666 veritatis,

564 3711 723 3765 quam
764 3692 912 3763 sequi
948 3707 1104 3746 nemo
1137 3692 1323 3746 nolens
1356 3690 1529 3760 putuit
1571 3690 1808 3760 etTogere
1838 3706 2161 3761 persequen-

564 3796 695 3851 tem,
726 3782 1089 3841 concedamus
1115 3785 1165 3838 ei
1196 3782 1535 3837 Theodorum
1585 3780 2018 3851 Mopsuestenum
2049 3782 2159 3852 epi-

562 3893 783 3947 scopum
807 3877 859 3931 iu
887 3874 1200 3946 quibusdam
1233 3875 1554 3943 scrip'orum
1586 3887 1804 3926 suorum
1835 3873 2082 3941 capitulis
2124 3888 2155 3928 a

565 3971 724 4026 beato
752 3968 951 4040 Cyrillo
996 3981 1116 4021 esse
1159 3968 1429 4035 culpatum
1463 3982 1476 4019 :
1513 3966 1775 4036 nunquid,
1803 3965 1847 4019 si
1890 3965 2049 4020 etiam
2094 3965 2161 4019 ab

565 4060 697 4130 ipsis
734 4061 978 4129 culpatus
1014 4066 1158 4112 esset
1181 4056 1567 4123 tantummodo,
1608 4064 1663 4111 et
1688 4072 1791 4111 non
1822 4057 1922 4112 sub
1951 4057 2160 4111 anathe-

563 4163 705 4213 mate
727 4152 1136 4221 condemnatus,
1157 4159 1373 4224 possent
1393 4152 1641 4224 exemplo
1656 4148 1841 4227 Cyrilli
1869 4151 2162 4213 convictio-

518 4228 530 4241 ’
564 4269 685 4309 nem
728 4254 966 4308 veritatis
996 4252 1247 4305 eludere?
1282 4248 1412 4303 Nam
1442 4264 1562 4303 curn
1607 4248 1721 4316 ipse
1763 4248 2013 4304 definiret
2039 4246 2161 4319 quia

563 4361 686 4402 cum
732 4361 836 4401 non
868 4346 933 4399 sit
966 4346 1017 4398 in
1051 4352 1297 4414 promptu
1331 4358 1559 4413 persona
1603 4358 1721 4413 quae
1750 4344 1923 4411 culpae
1950 4356 2163 4411 suppo-

564 4447 756 4505 natur,
793 4436 1146 4504 capitulorum
1191 4433 1496 4503 redargutio
1544 4435 1613 4491 sit
1650 4438 1886 4500 incerta,
1920 4446 1975 4489 et
2018 4433 2161 4504 quod

566 4545 727 4600 grave
746 4530 815 4583 sit
837 4527 1088 4583 insultare
1110 4525 1399 4592 defunctis,
1418 4526 1498 4581 vel
1526 4529 1568 4581 si
1594 4528 1711 4582 laici
1734 4526 1949 4593 fuerint,
1965 4526 2160 4582 nedum

2183 3231 2231 3295 C
2262 3230 2497 3285 confidat
2528 3230 2619 3285 illo
2644 3231 2827 3301 judice
2875 3232 2955 3289 vel
3005 3241 3140 3288 teste
3171 3230 3415 3304 purgari,
3448 3249 3477 3287 a
3522 3248 3622 3303 quo
3669 3232 3711 3283 in
3748 3240 3823 3281 ωηο

2263 3322 2563 3393 eodemque
2585 3322 2750 3389 facto,
2773 3338 2877 3377 non
2902 3323 2978 3385 ob
3003 3322 3149 3379 aliud
3171 3334 3340 3395 atque
3363 3324 3533 3389 aliud,
3557 3322 3645 3377 sed
3672 3322 3730 3373 ob
3750 3323 3820 3372 hoc

2261 3415 2459 3486 ipsum.
2485 3424 2539 3469 et
2577 3414 2888 3471 defenditur
2913 3426 2968 3471 et
3009 3416 3283 3485 culpatur.
3320 3416 3440 3471 Non
3475 3416 3632 3486 igitur
3657 3412 3818 3466 etiamst

2264 3506 2453 3561 beatus
2480 3506 2713 3579 Cyrillus
2750 3506 2894 3561 aliud
2930 3518 3109 3575 postea
3141 3518 3332 3563 contra
3367 3504 3694 3562 Theodorum
3721 3501 3817 3553 srri-

2264 3600 2478 3669 psisset,
2515 3601 2599 3654 isti
2643 3608 2790 3655 recte
2835 3599 3186 3655 crederentur
3215 3600 3338 3667 ejus
3371 3599 3547 3654 secuti
3582 3594 3815 3667 judicium.

2261 3690 2354 3747 sed
2387 3692 2564 3761 potius
2590 3690 3049 3746 Chalcedonensis
3075 3692 3290 3745 concilii
3325 3690 3584 3761 quzesisse
3612 3683 3814 3755 pra‘juiti-

2263 3786 2401 3839 cium
2432 3784 2765 3839 viderentur.
2795 3784 2907 3838 Nisi
2927 3783 3064 3837 forte
3085 3784 3201 3838 sine
3228 3782 3341 3838 ulla
3373 3780 3707 3837 humanitatis
3724 3788 3814 3831 con—

2263 3878 2589 3932 sideratione
2611 3875 2973 3946 reSpondeant
2992 3874 3133 3945 quod
3158 3875 3498 3929 aversandus
3524 3868 3809 3940 sitCyrilltIS.

2263 3985 2380 4025 cum
2413 3971 2672 4024 insultare
2704 3969 2972 4039 prohibet,
3010 3984 3112 4022 non
3146 3968 3319 4021 dicam
3352 3962 3736 4022 adrnirabilibus
3756 3956 3813 4009 vi-

2263 4066 2339 4119 ris
2368 4073 2421 4118 et
2448 4062 2730 4117 maximam
2760 4063 2982 4133 gloriam
3013 4062 3369 4125 merentibus,
3392 4058 3533 4129 quod
3561 4059 3665 4120 ipse
3689 4048 3806 4105 dixit.

2266 4156 2382 4225 sed,
2418 4156 2558 4230 quod
2588 4155 2760 4212 solum
2785 4152 3004 4222 sufficit,
3031 4153 3081 4209 in
3118 4152 3376 4210 Ecclesia
3406 4165 3532 4223 pace
3560 4140 3808 4204 defunctis;

2266 4252 2571 4322 sequendus
2615 4262 2819 4312 autem,
2850 4265 2972 4305 cum
3012 4263 3105 4303 eos
3154 4245 3522 4302 criminandos
3564 4239 3805 4322 existimat:

2264 4317 2415 4409 Quod
2459 4343 2502 4397 si
2535 4349 2589 4395 et
2638 4340 2739 4393 hoc
2772 4338 3065 4407 impudenti
3101 4337 3459 4393 obStinatione
3502 4332 3683 4393 dicant,
3713 4317 3805 4393 ηυίά

2264 4432 2458 4488 dicturi
2492 4441 2614 4487 sunt
2643 4429 2785 4500 quod
2832 4445 2953 4484 eum
2984 4444 3089 4483 non
3117 4437 3417 4497 sequuntur
3446 4426 3496 4480 in
3525 4418 3798 4477 condemnl'

2266 4525 2412 4580 tione
2460 4524 2633 4578 sancti
2686 4522 2909 4578 Joannis
2949 4519 3557 4591 Constautinopolitaui,
3603 4509 3799 4586 ejusdem

568 4618 674 4675 illis
703 4618 790 4687 qui
840 4618 891 4671 in
923 4616 1231 4685 episcopatu
1281 4617 1618 4673 banc‘vitam
1667 4617 2049 4688 deposuerunt,
2092 4631 2158 4672 eo
2187 4634 2239 4697 ι)
2267 4614 2533 4689 Theodori
2574 4612 2943 4682 condiscipuli,
2971 4611 3037 4666 de
3083 4626 3188 4680 quo
3233 4620 3377 4665 tanta
3402 4622 3453 4665 et
3482 4608 3596 4663 talia
3635 4606 3797 4658 locum

568 4707 710 4776 quod
737 4706 1091 4776 justissitnuru
1125 4720 1377 4777 appareat
1414 4708 1758 4776 prudentibus
1806 4709 1934 4762 viris
1966 4707 2157 4762 cedere

569 4801 866 4874 prmscicnti
904 4803 1316 4873 uuiu-cujusque
1347 4788 1694 4869 voluntatem,
1730 4813 1782 4857 et
1810 4801 2155 4870 cognoscenti

569 4895 741 4965 qualis
777 4898 1141 4964 unusquisque
1182 4907 1419 4949 nosu'um
1471 4892 1678 4948 futurus
1723 4894 1814 4958 sit,
1865 4891 2154 4962 quomodo,

568 4988 617 5043 si
645 4986 839 5055 aliquid
874 4998 1053 5056 postea
1100 4990 1426 5043 contrarium
1475 4989 1699 5052 diceret,
1728 4988 1844 5057 ejus
1877 4985 1975 5055 ipsi
2010 4993 2161 5054 puta-

570 5094 756 5136 rentur
782 5078 950 5135 secuti
979 5081 1320 5145 sententiam,
1349 5080 1562 5149 quando
1593 5081 1643 5133 in
1674 5078 2003 5133 contrarium
2038 5092 2161 5131 cur-

520 5184 541 5198 '
570 5174 739 5229 rentia
773 5174 919 5244 sequi
948 5171 1207 5242 possibile
1241 5173 1373 5227 nulli
1414 5172 1501 5239 sit,
1537 5180 1591 5226 et
1622 5171 1817 5226 frustra
1849 5186 1906 5224 se
1933 5169 2159 5241 quisque

644 5325 671 5353 ι
709 5314 932 5370 Joannis
956 5312 1321 5383 Chrysostomi
1364 5326 1558 5366 nomen
1590 5310 1795 5383 primus
1825 5309 2065 5361 omnium
2107 5307 2159 5361 itt

573 5403 752 5441 sacras
781 5385 985 5440 tabulas
1018 5380 1198 5440 retulit
1241 5383 1551 5440 Alexander
1580 5380 1968 5445 Antiochenus,
1999 5388 2162 5445 atque

577 5468 635 5510 ttt
666 5457 803 5511 idem
834 5456 923 5512 alii
948 5455 1204 5521 facerent,
1233 5456 1299 5509 ad
1330 5458 2030 5524 imperatorem_omnesque
2062 5450 2162 5524 Ec:

574 5529 855 5584 clcsiarum
883 5527 1166 5596 episcolios
1192 5520 1432 5594 scripsit.
1467 5524 1672 5596 Atticus
1701 5520 2160 5596 Constantinorioli

574 5611 628 5654 et
653 5602 766 5666 ipse
792 5594 1006 5653 tandem
1038 5594 1304 5662 ascripsit,
1331 5605 1386 5650 et
1413 5595 1667 5666 Cyrillum
1697 5594 1784 5661 qui
1813 5594 2161 5666 vehementer

577 5663 917 5724 obniti-batur
949 5682 1004 5723 ut
1032 5670 1083 5723 in
1115 5666 1347 5736 Atlgypto
1376 5663 1570 5720 ascribi
1599 5666 1938 5735 praeciperet,
1969 5663 2158 5717 litteris

582 5742 821 5795 hortatus
848 5749 973 5803 est;
1016 5740 1107 5794 sed
1151 5738 1365 5804 frustra,
1400 5748 1456 5791 ut
1484 5737 1600 5792 ha-c
1644 5736 1760 5805 ejus
1810 5736 1874 5788 ad
1922 5736 2154 5789 Atticum

576 5812 801 5879 cpistola
842 5813 1092 5866 declarat.
1129 5808 1300 5868 Cessit
1335 5819 1507 5867 autem
1541 5816 1723 5879 postea
1756 5805 2004 5878 Cyrillus,
2037 5820 2156 5876 par-

2262 4713 2364 4771 est,
2385 4714 2441 4757 ut
2466 4703 2605 4773 quod
2631 4716 3119 4757 commemoramus
3142 4701 3253 4754 sola
3279 4717 3378 4755 nos
3401 4710 3649 4755 excusare
3664 4697 3799 4743 causa!

2265 4796 2561 4850 necessitas
2613 4794 2818 4864 possit?
2846 4792 3172 4847 Rescribens
3210 4794 3408 4861 quippe
3454 4790 3598 4843 beato
3637 4778 3792 4841 Attico.

2265 4888 2424 4957 hujus
2475 4887 2635 4957 regiae
2681 4884 2912 4939 civitatis
2941 4883 3213 4951 episcopo,
3264 4883 3437 4937 dicit:
3475 4899 3492 4931 ι
3531 4878 3713 4945 Legcns
3732 4868 3796 4923 lit:

2266 4992 2406 5037 teras
2451 4997 2480 5035 a
2525 4993 2702 5034 γεεί-ει
2732 4978 3037 5031 reverentia
3069 4978 3279 5042 missas,
3313 4972 3533 5045 cognovi
3580 4978 3602 5006 ι
3636 4972 3791 5019 nomen

2262 5074 2483 5131 Joannis
2514 5074 2564 5126 iu
2598 5073 2768 5125 sacris
2793 5070 3057 5141 diptychis
3102 5069 3357 5134 scripturn
3413 5066 3461 5122 1³.
3510 5063 3791 5125 Interrogans

2268 5177 2447 5221 autem
2516 5163 2639 5218 inde
2697 5162 2973 5216 venientes
3016 5204 3031 5227 ,
3086 5160 3309 5231 cognovi
3378 5173 3479 5213 nou
3542 5155 3589 5208 in
3642 5144 3789 5201 ordine

2273 5305 2367 5358 tim
2402 5301 2585 5357 lsidori
2620 5300 2902 5356 Pelusiote
2946 5313 3127 5362 suasu,
3157 5297 3342 5363 partim
3371 5296 3560 5354 divino.
3580 5300 3631 5344 ut
3656 5286 3785 5342 aiunt.

2270 5377 2385 5429 νίηιι
2408 5376 2734 5439 adrnonitus,
2761 5372 3085 5439 .loannisque
3111 5362 3303 5423 numen
3328 5368 3525 5437 synodo
3544 5362 3783 5439 pttnt'Ocalf

2268 5428 2535 5517 diptychis
2582 5428 2849 5517 apposuit,
2886 5453 2941 5495 ut
2989 5428 3055 5517 ἐξ(
3084 5439 3264 5517 Ιξέἰςεω
3310 5428 3783 5517 ρΙῖἰΙυεορΙιοηρεξἯι

2269 5501 2631 5584 Νιέέριιυτιιςξ
2655 5501 2791 5582 apud
2823 5501 2980 5584 quem
3010 5510 3170 5564 Attici
3193 5501 3399 5584 quoque
3436 5501 3667 5584 etCyrilli
3691 5508 3781 5550 tuu-

2271 5599 2373 5642 tuar
2394 5576 2582 5641 littera:
2607 5576 2857 5652 leguntur
2884 5582 2973 5636 lib.
3002 5596 3111 5641 xrv.
3142 5576 3261 5652 cap.
3291 5576 3361 5634 56
3389 5589 3441 5634 et
3467 5576 3548 5652 27ἶ
3685 5635 3711 5652 Α,

2339 5656 2367 5697 ¹³
2395 5657 2574 5728 Gri“?
2593 5644 2798 5728 Civili“.
2828 5657 2877 5708 ἓν
2897 5663 3009 5728 rei;
3038 5644 3424 5728 ἷερξςῖς-δέ-λτοις.
3454 5645 3634 5728 atticus
3656 5644 3776 5728 etia‘tt-t

2264 5732 2517 5800 μυστικὰς
2540 5718 2745 5800 δέλιξους
2766 5718 3430 5800 appellarat,_'Ni_cephorus
3453 5718 3779 5800 ἐκκλησιςσξξξτ

2263 5776 2938 5875 iaiii;;"'u€"itie'x£.hinc
2969 5776 3299 5851 AntiOcliet'io
3348 5792 3548 5852 louucns
3574 5797 3671 5852 cap.
3694 5776 3769 5828 ’25³

3973 2836 3981 3127 1

3968 3356 3979 3617 ⁴

3964 3702 3977 4107 κ

3959 4650 3969 5117 i
