4070 6352
256 258 355 319 699

1141 251 1273 310 PRO
1313 250 1740 310 DEFEXSIONE
1778 249 1997 306 TRIUM
2036 250 2353 306 CAPITUL.
2396 251 2521 307 LIB.
2566 250 2651 306 IV.

3424 255 3528 326 610

257 379 513 434 laicorum
542 417 555 441 ,
605 373 696 430 s‘eJ
752 372 806 427 in
869 370 1243 441 episeoporum
1303 371 1491 424 laxari.
1544 365 1836 422 l'riesciens
1866 366 1917 425 Α
1940 364 2102 433 elegit
2145 363 2549 419 consultissime
2573 406 2588 431 ,
2619 375 2674 421 et
2702 365 2989 421 admodum
3032 366 3261 422 mirabili
3294 369 3524 438 pietate,

254 480 472 533 autem,
519 476 573 523 et
623 464 765 532 apud
832 479 915 518 me
969 462 1142 531 ipsum
1198 463 1436 531 cogitans
1467 504 1480 526 ,
1536 461 1578 515 si
1633 458 1833 528 regulis

252 568 563 613 sanctorum
649 555 910 620 Patrum,
981 553 1072 622 qui
1140 551 1367 606 Nicieam
1445 557 1830 611 cenvenerunt.

252 651 581 705 concinnant
622 648 713 718 qui
770 647 883 700 ha‘c
929 644 1208 711 fecerunt,
1254 655 1308 699 ct
1362 644 1630 713 paululum
1681 658 1833 697 men-

251 741 321 796 tis
349 742 563 796 oculum
591 740 655 792 ad
678 752 920 807 magnam
951 737 1091 792 illam
1113 736 1582 805 congregationem
1613 748 1833 789 eorum-

252 834 380 886 dem
429 841 736 886 sanctorum
788 830 1000 883 Patrum
1048 828 1381 892 extendens,
1415 828 1569 882 video
1613 839 1829 881 omnem

248 924 398 978 illam
451 923 917 994 congregationem
970 921 1109 975 velut
1151 920 1467 988 quibusdam
1515 918 1685 971 oculis
1733 918 1831 970 ab-

142 1066 153 1075 ,
244 1029 524 1077 nitentem,
548 1023 598 1069 et
627 1014 772 1068 omni
794 1015 984 1068 virtute
1003 1013 1370 1083 prohibentem
1394 1026 1489 1065 nos
1508 1023 1833 1065 concurrere

246 1106 306 1161 in
328 1108 623 1178 huiusmodi
647 1121 987 1162 consensum.
1011 1106 1249 1173 Qualiter
1276 1114 1451 1158 autem
1469 1102 1832 1157 sacerdotibus

248 1199 348 1255 Dei
378 1212 818 1265 connumeretur,
844 1210 901 1254 et
928 1199 1177 1253 induatur
1218 1199 1430 1253 illorum
1474 1209 1672 1252 sortem
1694 1238 1708 1261 ,
1741 1198 1831 1265 qui

240 1290 317 1347 de
344 1294 642 1349 socerdotio
683 1294 863 1362 pulsus
890 1294 1010 1348 est?
1038 1294 1120 1346 Vel
1169 1293 1394 1361 qualiter
1423 1290 1476 1345 in
1514 1292 1702 1345 ordine
1733 1292 1835 1344 erit

247 1383 586 1452 pontiﬁcum,
619 1386 707 1455 qui
739 1386 805 1439 ab
835 1383 1210 1439 ecclesiasticis
1240 1383 1408 1437 muris
1432 1383 1686 1435 exclusus
1715 1382 1831 1435 est?

244 1478 350 1542 Qui
374 1492 561 1531 rursus
578 1477 633 1531 in
663 1477 1117 1546 consequentibus
1143 1475 1382 1545 ejusdem
1405 1474 1643 1543 epistolae
1663 1472 1790 1527 dicit
1817 1489 1829 1524 :

240 1567 382 1621 Jube
402 1582 466 1621 ex
489 1570 730 1639 catalogo
750 1583 1120 1638 episcoporum
1146 1567 1368 1622 Joannis
1397 1582 1587 1619 nomen
1613 1564 1827 1619 auferri.

239 1658 299 1713 Si
329 1660 472 1713 enim
517 1660 650 1714 nihil
693 1663 794 1715 hoc
838 1676 960 1715 esse
1006 1661 1349 1724 arbitramur,
1401 1673 1505 1711 non
1549 1659 1832 1712 contristet

1938 455 2247 509 cathedram
2276 457 2614 524 episcopatus
2644 459 2725 513 sui
2771 460 3073 529 relinquere
3099 477 3112 525 ;
3144 477 3302 531 quam
3336 473 3392 516 ut
3431 477 3526 532 per

1939 545 2053 613 ejus
2083 546 2454 603 defensionem
2497 553 2652 606 unica
2694 553 2894 609 Christi
2940 555 3269 611 divideretur
3299 556 3521 611 haeredi-

1941 647 2040 692 tas.
2073 638 2179 693 Sed
2205 656 2284 693 va:
2307 643 2504 696 mundo
2536 659 2565 696 a
2591 645 2879 715 scandulis,
2915 663 3007 714 per
3030 663 3147 716 quae
3170 646 3404 702 Joannes
3427 663 3526 716 pro

1939 732 2132 786 talibus
2160 735 2397 798 meritis,
2432 734 2628 801 Judas,
2661 737 2948 792 Jechonias
2969 779 2983 803 ,
3016 754 3078 793 ac
3108 740 3359 809 profanus
3390 739 3525 794 dici-

1938 833 2043 891 tur,
2078 834 2131 880 et
2160 827 2406 881 Eudoxio
2432 827 2634 882 Ariano
2662 831 2918 900 episcopo
2959 842 3313 901 comparatur.
3357 831 3527 897 Quale

1937 932 2098 987 porro
2132 919 2258 973 illul
2291 930 2393 986 est,
2427 921 2567 991 quod
2599 922 2787 976 beatus
2817 923 3023 977 Atticus
3054 940 3247 978 nomen
3275 925 3525 997 decesso-

1937 1011 2012 1063 ris
2042 1011 2124 1064 sui
2154 1011 2396 1074 Joannis,
2429 1029 2534 1066 non
2566 1014 2617 1067 in
2649 1014 2838 1068 ordine
2886 1015 3174 1079 laicorum,
3207 1016 3298 1069 sed
3330 1016 3382 1067 in
3414 1016 3525 1083 epi-

1935 1117 2222 1171 sc0porum
2244 1143 2258 1166 ,
2286 1104 2439 1173 quasi
2488 1114 2676 1158 contra
2722 1104 2937 1173 regulas
2964 1113 3273 1158 sanctorum
3306 1104 3521 1158 Patrum

1935 1197 2024 1265 qui
2059 1198 2109 1250 in
2139 1197 2312 1251 Nicaaa
2336 1208 2719 1262 convenerant,
2760 1207 2977 1252 laxasse
2999 1198 3282 1264 culpatur?
3310 1196 3376 1250 Et
3402 1196 3525 1251 hinc

1936 1292 2195 1344 asseritur
2224 1289 2366 1343 inter
2409 1290 2569 1345 laicos
2598 1305 2720 1344 eum
2769 1290 3034 1345 ascribere
3065 1289 3313 1344 debuisse
3336 1330 3351 1356 ,
3380 1288 3525 1357 quod

1936 1396 2041 1435 non
2073 1381 2226 1435 liceat
2251 1380 2318 1433 ab
2342 1381 2721 1437 eccltsiasticis
2744 1383 2912 1435 muris
2936 1380 3216 1435 exclusum
3248 1381 3300 1433 in
3323 1379 3517 1433 ordine

1938 1475 2135 1529 habere
2167 1474 2507 1544 pontiﬁcum;
2542 1490 2716 1544 neque
2758 1474 2906 1529 .luda:
2937 1474 3214 1527 traditorfs
3245 1488 3441 1527 nomen
3472 1472 3525 1525 in

1936 1565 2304 1634 apostolorum
2338 1569 2509 1620 choro
2540 1566 2901 1630 introducere,
2926 1566 3041 1619 sive
3071 1564 3378 1621 Jechoniam
3402 1580 3521 1617 cnut

1939 1656 2106 1709 David
2160 1666 2215 1710 ct
2254 1656 2467 1711 Samuel
2500 1663 2554 1710 et
2597 1656 2872 1725 prophetis
2915 1670 3325 1709 couttmnrrare.
3360 1656 3521 1719 Quasi

238 1752 410 1804 etiam
439 1753 802 1819 apostolorum
834 1751 1058 1808 chorum
1103 1754 1327 1805 traditur
1356 1751 1436 1805 eis
1467 1764 1823 1805 cminuniera-
1862 1741 1909 1799 B
1940 1769 2088 1821 vero,
2118 1754 2159 1807 si
2189 1752 2422 1806 Joannes
2447 1751 2514 1805 ab
2550 1752 2928 1806 ecclesiasticis
2959 1749 3124 1803 muris
3166 1764 3196 1802 e
3228 1757 3309 1803 set
3340 1748 3523 1801 exclu-

238 1847 362 1905 tus;
399 1842 700 1896 introducto
726 1851 902 1897 autem
935 1842 1350 1908 nomine'Judae,
1385 1842 1472 1895 ubi
1522 1840 1676 1895 nobis
1712 1839 1825 1893 Ma-

239 1928 386 1984 th'as
426 1932 680 2000 ponitur?
726 1932 782 1987 Si
825 1949 953 2003 ergo
996 1948 1176 1999 nemo,
1209 1933 1500 1987 excludens
1532 1932 1782 1986 Mathiam
1806 1968 1823 1997 ,

236 2021 432 2075 scribit
460 2020 649 2077 Judam
681 2023 735 2077 in
772 2024 1134 2093 apostolorum
1164 2022 1353 2089 choro,
1384 2031 1596 2076 maneat
1636 2032 1687 2074 et
1714 2036 1827 2075 ser-

238 2120 407 2166 vetur
434 2129 561 2183 rogo
595 2094 711 2183 ροεῖ
741 2115 909 2169 beatis
934 2114 1205 2170 lLCIIIOl'itP
1232 2114 1533 2169 Nectarium
1561 2114 1825 2167 secundus

232 2204 436 2273 gradus
481 2206 622 2261 beati
669 2209 904 2271 Arsacii,
936 2217 993 2261 ut
1036 2224 1138 2261 non
1173 2223 1267 2274 per
1295 2208 1604 2261 violentiam
1653 2209 1827 2260 intro-

231 2297 456 2352 ductum
489 2300 647 2369 hujus
671 2317 862 2355 nomen
889 2301 1142 2355 excludat
1166 2302 1301 2355 beati
1328 2302 1662 2356 men‘mriam.
1694 2301 1823 2359 Item

235 2391 463 2445 inferius
508 2392 638 2447 dicit
681 2409 695 2445 :
733 2393 849 2447 Non
903 2393 1063 2462 igitur
1110 2405 1527 2448 connumeretur
1571 2395 1824 2465 depulsus

230 2481 521 2537 Jeclwnias
548 2500 669 2539 cum
704 2485 890 2549 David,
915 2496 967 2539 et
994 2486 1263 2550 Samuele,
1297 2497 1351 2539 et
1382 2489 1696 2553 prophetis;
1730 2504 1825 2541 ne-

233 2589 343 2643 que
365 2575 485 2644 quia
518 2578 695 2649 inepte
722 2579 919 2647 placuit
962 2578 1187 2632 Eudoxii
1220 2581 1449 2634 cadaver
1475 2590 1498 2615 υ
1523 2580 1575 2633 in
1622 2593 1822 2635 sanctis

232 2666 373 2720 locis
413 2667 702 2736 deponere,
735 2670 854 2724 ideo
882 2679 937 2724 et
980 2685 1076 2724 nos
1113 2672 1390 2739 profanum
1435 2677 1570 2726 sicut
1598 2681 1654 2726 et
1681 2689 1811 2728 san-

230 2772 379 2814 etum
408 2762 825 2817 introducamus.
875 2781 894 2815 ›
933 2764 1053 2817 ΙΙωο
1083 2765 1417 2819 amarissima
1451 2765 1588 2819 beati
1631 2764 1821 2836 Cyrilli

231 2852 425 2920 verba,
460 2851 779 2908 Christianis
830 2855 1100 2909 mentibus
1132 2857 1455 2921 aversanda,
1486 2872 1606 2925 qua:
1634 2873 1735 2911 con
1766 2874 1823 2914 ra

229 2944 610 2998 suavissimum
648 2944 901 3000 Ecclesiae
938 2960 1174 3015 patrem,
1207 2948 1363 3001 melle
1392 2949 1569 3002 Attico
1614 2950 1822 3003 dulcio-

231 3048 373 3099 rem,
412 3034 497 3089 sui
535 3036 731 3091 oblitus
772 3039 1003 3108 Cyrillus
1045 3040 1263 3105 elludit,
1294 3057 1399 3095 non
1442 3041 1561 3095 sine
1608 3043 1818 3097 tristitia

238 3127 414 3182 coacti
444 3130 757 3198 repetimus,
787 3146 927 3198 quon
951 3147 1035 3184 am
1068 3148 1258 3186 causas
1297 3149 1417 3187 cum
1448 3134 1560 3187 suis
1593 3150 1691 3188 auc
1717 3136 1826 3189 ori-
1850 3115 1897 3178 δ

242 3218 344 3273 bus
367 3218 478 3289 jam
504 3221 739 3289 sepultas
763 3223 811 3275 in
842 3223 1206 3293 pra-judicium
1232 3225 1549 3279 Chalcedon-
1573 3228 1682 3281 usis
1702 3243 1824 3283 con-

233 3313 383 3379 cilii,
418 3317 738 3372 resuscitare
780 3294 995 3384 quidam
1047 3329 1098 3372 et
1131 3320 1196 3372 ad
1243 3324 1617 3377 contentiones
1662 3325 1822 3379 redu-

237 3418 365 3458 cere
406 3405 713 3460 voluerunt.
768 3408 899 3461 Nam
951 3409 1068 3476 quis
1119 3424 1421 3465 memorare
1451 3428 1554 3467 non
1607 3418 1822 3471 horreat

236 3498 378 3565 quod
408 3496 640 3569 Cyrillus
670 3499 953 3562 Joannem,
984 3508 1058 3566 et,
1091 3503 1231 3572 quod
1263 3512 1348 3558 est
1372 3505 1665 3574 crudelius,
1703 3507 1816 3576 jam

236 3588 569 3653 defunctum.
604 3592 737 3659 proli
780 3592 960 3647 nefas!
989 3592 1203 3659 Judam,
1253 3595 1566 3650 Jechoniam
1590 3640 1604 3662 ,
1639 3600 1819 3665 profa-

235 3695 471 3750 numque
501 3697 692 3737 vocare
721 3699 826 3737 non
859 3685 1114 3752 trepidat,
1142 3697 1195 3740 et
1226 3703 1348 3741 cum
1396 3689 1682 3745 conferens
1711 3692 1819 3747 Eu-

233 3772 395 3827 doxio
424 3775 584 3845 hujus
612 3777 758 3831 urbis
791 3779 1012 3847 Ariano,
1041 3783 1181 3835 sicut
1226 3782 1414 3841 fertur.
1448 3785 1720 3854 episcopo,
1753 3788 1820 3842 ab

232 3867 616 3924 ecclesiasticis
657 3870 828 3924 muris
859 3871 985 3925 dicit
1019 3873 1329 3927 exclusum?
1357 3875 1455 3942 Qui
1488 3891 1582 3944 pro
1613 3880 1815 3935 unitate

231 3960 493 4013 servanda
526 3960 779 4015 Ecclesia:
809 3977 966 4031 quam
1013 3961 1219 4027 dilexit,
1271 3965 1460 4019 maluit
1501 3982 1613 4020 sua:
1639 3983 1817 4023 causa:

232 4043 374 4106 ferre
413 4052 699 4120 jacturam.
745 4053 879 4107 Nam
926 4054 972 4108 si
1001 4068 1121 4108 eam
1162 4055 1323 4110 vellet
1358 4071 1603 4112 asserere
1629 4099 1644 4123 ,
1676 4060 1818 4113 sicut

232 4152 349 4198 erat
378 4144 500 4197 vita:
538 4143 825 4212 probabilis
879 4154 933 4199 et
977 4145 1237 4201 facundia:
1272 4147 1580 4214 singularis,
1615 4148 1816 4205 habens

233 4234 399 4289 etiam
454 4248 701 4305 magnam
747 4236 972 4304 gratiam
1019 4237 1198 4304 populi
1237 4236 1557 4303 Christiani,
1588 4241 1671 4295 cui
1721 4255 1817 4310 pro

231 4326 524 4396 majoribus
548 4329 658 4381 suis
682 4328 887 4382 meritis
913 4337 1027 4383 erat
1052 4338 1327 4397 acceptus,
1359 4339 1413 4383 et
1440 4329 1811 4386 delensionem

230 4418 377 4472 sedis
405 4419 740 4487 apostolicae,
770 4418 887 4473 sine
919 4418 1072 4489 cujus
1111 4430 1228 4474 erat
1257 4419 1463 4490 judicio
1492 4422 1818 4477 condemna-

1932 1860 2046 1910 sus,
2079 1844 2321 1900 etJndas
2368 1854 2530 1912 atque
2570 1844 2856 1899 Jechonias
2925 1843 3238 1906 trahi-nius,
3282 1841 3520 1909 ipsorum

1933 1934 2149 1989 Patrum
2188 1935 2387 2005 regulis
2413 1935 2724 1988 conveniret
2754 1944 2809 1987 ut
2839 1942 3111 1985 laxaretur
3139 1932 3219 1985 vel
3254 1934 3302 1983 in
3332 1930 3520 1986 ordine

1932 2028 2211 2093 laicormu.
2238 2030 2371 2095 Quia
2402 2043 2529 2083 vero
2560 2046 2662 2081 non
2698 2038 2922 2096 negatur
2942 2026 3179 2081 Joannes
3201 2036 3519 2094 quocunque

1928 2121 2118 2175 ordine
2166 2121 2221 2175 in
2270 2122 2437 2174 sacris
2468 2121 2736 2193 d:ptycliis
2780 2121 2995 2173 interim
3029 2118 3278 2185 ἀρυυὶεευ
3312 2117 3476 2170 laxari
3504 2150 3520 2181 ,

1930 2214 2261 2269 suflicicuter
2287 2228 2341 2269 et
2369 2216 2535 2283 ipsius
2557 2217 2923 2269 criminatoris
2954 2215 3034 2267 sui
3064 2213 3369 2267 testimonio
3398 2224 3522 2275 pro-

1929 2305 2082 2358 batur
2109 2308 2247 2374 quod
2277 2323 2374 2361 nec
2398 2308 2466 2359 ab
2494 2307 2868 2361 ecclesiasticis
2896 2306 3063 2361 muris
3087 2306 3334 2359 exclusus
3365 2342 3383 2369 ,
3420 2315 3521 2354 nec

1925 2396 2090 2452 Judas
2118 2398 2200 2452 vel
2234 2397 2516 2453 Jcchultias
2543 2397 2649 2453 dici
2681 2399 2943 2461 debuerit,
2980 2405 3035 2451 et
3067 2395 3343 2460 profanus.
3380 2392 3515 2449 Cum

1936 2500 2140 2552 autem,
2168 2491 2304 2543 sicut
2331 2491 2583 2554 diximus,
2619 2489 2705 2542 isti
2745 2488 2892 2541 nimii
2925 2486 3213 2540 dilectores
3238 2522 3253 2548 ,
3281 2492 3337 2536 et
3378 2481 3516 2535 ultra

1928 2586 2141 2635 niodmn
2174 2584 2357 2653 Cyrilli
2402 2596 2687 2647 setiuaces,
2722 2596 2827 2635 non
2856 2589 3147 2640 sequantur
3179 2576 3297 2647 ejus
3329 2589 3514 2630 excin-

1935 2676 2076 2743 plum
2110 2679 2158 2728 in
2186 2690 2346 2729 causa
2379 2673 2953 2740 Constantinopnlitani
2983 2670 3227 2737 Joannis,
3250 2668 3522 2737 quomodo

1942 2772 1992 2822 in
2022 2768 2389 2834 condiscipulo
2437 2768 2555 2833 ejus
2585 2766 2866 2820 Tlimdnro
2892 2762 3152 2835 Cyrillum
3196 2760 3366 2815 secuti
3404 2757 3517 2813 exi-

1939 2859 2265 2914 stimentur?
2296 2858 2550 2927 ϋηο-[ἱείς
2579 2858 2760 2927 igitur,
2793 2859 3050 2926 Anguste,
3084 2858 3223 2938 quod
3257 2853 3516 2907 Ecclesia:

1937 2954 2345 3006 conturbatmes
2374 2950 2831 3007 evidentissima")
2878 2947 3276 3002 conniventiam
3324 2958 3474 2998 suam
3497 2984 3513 3009 ,

1928 3061 2086 3112 quam
2130 3044 2479 3113 Eutyehiauis
2517 3053 2706 3096 contra
2752 3049 2997 3094 sanctum
3048 3037 3335 3093 concilium
3373 3052 3512 3104 prie:

1930 3145 2095 3199 Stant,
2128 3136 2484 3205 nequidquam
2517 3134 2768 3201 exeuiplo
2801 3133 2939 3187 beati
2977 3131 3160 3202 Cyt'illi
3192 3130 3516 3184 obumbrare

1932 3227 2196 3281 nitantur.
2231 3227 2359 3279 t\'atn
2390 3241 2512 3280 cum
2549 3224 2638 3278 ille
2677 3223 2937 3277 Joannem
2968 3222 3110 3275 dicat
3155 3225 3429 3288 prolanunt
3464 3227 3517 3276 et

1925 3319 1995 3372 ab
2023 3317 2399 3372 ecclesiasticis
2449 3317 2616 3370 muris
2660 3316 2973 3377 exclusum,
3007 3313 3090 3366 isti
3130 3327 3251 3367 eum
3295 3310 3515 3375 habent,

1924 3412 2065 3466 sicut
2097 3410 2374 3465 trahendus
2404 3418 2507 3475 est,
2542 3408 2714 3463 virum
2745 3406 3119 3462 admirabilem
3148 3420 3196 3461 et
3225 3405 3515 3459 maximam

1925 3505 2151 3577 gloriam
2179 3513 2512 3567 merentem;
2543 3501 2887 3557 Theodorum
2914 3516 3040 3554 vero
3064 3515 3185 3554 cum
3209 3498 3348 3552 idem
3371 3496 3516 3554 dicat

1925 3600 2099 3653 virum
2128 3596 2505 3651 admirabilem
2532 3604 2587 3650 et
2615 3595 2902 3648 maximam
2935 3594 3158 3663 gloriam
3190 3599 3513 3654 merentem,

1929 3694 2019 3747 isti
2050 3708 2171 3746 eum
2195 3690 2398 3745 habere
2427 3690 2616 3744 volunt
2652 3687 2929 3758 profanum
2963 3695 3017 3742 et
3044 3685 3110 3741 ab
3132 3681 3514 3741 ecclesiasticis

1925 3787 2091 3842 muris
2122 3785 2420 3840 exclusum.

2558 3910 2784 3966 CAPUT
2824 3909 2888 3964 11.

1924 4029 2075 4095 Quod
2100 4029 2150 4081 in
2194 4025 2452 4080 Theodori
2477 4024 2819 4095 damnatione
2838 4018 3086 4095 Cyrillum
3114 4018 3260 4089 sequi
3300 4034 3399 4095 non
3424 4017 3512 4070 de-

1994 4100 2158 4160 beant,
2183 4114 2296 4149 cum
2337 4098 2481 4149 illuni
2524 4098 2575 4146 in
2611 4094 2822 4146 Diodori
2851 4092 3177 4143 damnatione
3206 4090 3387 4142 merito
3413 4104 3514 4142 non

1990 4179 2287 4240 sequantur,
2312 4183 2459 4240 quem
2489 4165 2670 4240 Pares
2695 4172 2753 4240 _et
2789 4164 3042 4240 principes
3066 4162 3346 4240 _orthodox_i
3370 4174 3514 4240 com-

1990 4228 2387 4303 méndantﬁrﬂi
2438 4235 2801 4302 Apolinarista:
2848 4228 3074 4286 Ita'relici
3130 4247 3245 4285 cum
3299 4228 3514 4284 Jutiano

1990 4314 2242 4380 Apostuta
2269 4311 2312 4362 ri
2340 4316 2578 4377 uperant.

1994 4428 2132 4494 Quid
2160 4425 2324 4481 etiam
2348 4424 2509 4492 Qtlud,
2545 4421 2681 4475 sicut
2702 4419 2808 4488 jam
2838 4416 3289 4483 memoravimus,
3323 4415 3392 4469 ita
3423 4414 3509 4470 di-

232 4519 335 4571 tus,
365 4509 517 4563 facile
539 4522 714 4577 posset
738 4509 981 4564 obtinere
1008 4511 1310 4579 victoriam,
1337 4529 1453 4582 qua:
1476 4513 1627 4567 illum
1654 4516 1812 4570 etiam
1848 4501 1896 4561 D
1921 4534 2048 4577 cuni
2076 4521 2144 4575 ab
2164 4519 2351 4573 eodem
2368 4516 2571 4587 Cyrillo
2591 4512 2973 4583 reprehensum
2997 4526 3118 4566 esse
3144 4510 3511 4574 Theodorum,

229 4600 522 4671 fugientem
554 4612 635 4657 est
662 4612 943 4671 persecuta
993 4616 1108 4670 pom
1149 4614 1399 4659 mortem.
1434 4604 1539 4661 Sed
1571 4617 1815 4662 metuens

226 4708 333 4758 ne,
368 4694 647 4749 absolutus
703 4694 928 4749 aliorum
971 4694 1174 4764 judicio
1201 4736 1215 4761 ,
1268 4713 1359 4766 per
1398 4698 1813 4756 obstinatimtem

227 4785 656 4841 adversariorum
679 4802 896 4843 suorum
921 4806 1027 4845 non
1050 4791 1382 4859 reciperetur
1403 4793 1471 4848 ab
1490 4795 1630 4860 aliis,
1655 4804 1815 4866 atque

228 4876 301 4931 ita
336 4877 652 4944 quibusdam
681 4881 729 4937 ei
753 4886 1300 4948 communicantibus,
1333 4888 1652 4955 quibusdam
1687 4908 1816 4947 vero

225 4972 602 5028 aversantibus
628 4976 742 5045 ejus
771 4980 1205 5031 conuuuniouem
1225 5017 1240 5042 ,
1276 4977 1512 5033 Ecclesia
1544 4982 1817 5039 scindere-

227 5073 335 5129 tur,
375 5080 470 5134 pro
499 5066 649 5136 cujus
679 5070 906 5124 utilitate
937 5070 1143 5124 sciebat
1171 5084 1229 5124 se
1260 5071 1566 5139 episcOpuni
1591 5073 1809 5143 factum,

218 5207 425 5323 Ερῶτος
443 5206 531 5260 τήν
549 5200 771 5257 Ἰωάννου
796 5224 963 5276 προση
972 5205 1137 5284 [opius
1154 5212 1260 5264 τοῖς
1283 5204 1709 5271 ἐκκλησιαστικοῖς
1732 5211 1809 5267 διο

257 5276 393 5323 ύοοιτ
426 5274 668 5323 ἐνὲταττι.
697 5275 927 5323 Cvrillus
972 5279 1112 5323 idem
1163 5286 1365 5323 nostea-
1408 5280 1677 5323 κατ’ἁληλιηυ
1706 5292 1806 5323 "7...

257 5274 394 5351 ὒροις
426 5274 668 5351 ἐνὲταττς.
697 5274 927 5351 Cyrillus
972 5274 1132 5351 idem,
1163 5286 1365 5351 postea,
1408 5280 1677 5351 κατάλογον
1706 5292 1806 5337 τῶν

223 5343 531 5422 ἐπέσκὸπων,
563 5346 687 5413 quia
732 5347 783 5399 in
814 5343 1081 5417 diptycltis
1122 5347 1374 5414 inscripta
1414 5362 1563 5403 erant
1594 5343 1806 5408 nomina

225 5427 622 5483 episcoporum.
682 5430 685 5431 '
1720 5447 1726 5452 -

298 5493 323 5519 ιι
345 5484 547 5560 _Ariani
566 5525 582 5551 ,
614 5485 848 5556 episcopi
872 5486 1478 5560 Constantinopolitani.’
1500 5490 1669 5560 ilujus
1718 5510 1805 5549 re-

228 5553 419 5622 liquias
459 5557 509 5610 in
555 5553 919 5625 aposmlorum
964 5561 1160 5627 templo
1191 5558 1438 5613 conditas
1472 5553 1635 5617 fuisse
1668 5567 1804 5619 scri-

226 5637 405 5696 pserat
433 5627 641 5682 Atticus
664 5643 678 5680 :
707 5628 833 5686 Οὖδᾶ
860 5631 959 5706 γάρ
995 5652 1045 5685 τι
1071 5632 1155 5686 τὸν
1182 5628 1338 5687 Δαϐὶδ
1365 5628 1586 5703 ἔϐλαψεν
1614 5637 1645 5692 ἡ
1668 5633 1804 5693 ἔντι-

302 5766 320 5801 ⁸
360 5767 490 5823 Cod.
528 5769 749 5839 Veram,
777 5772 1100 5827 damnarent.

1910 4627 1983 4671 ut
2029 4624 2275 4671 sanetum
2331 4626 2546 4683 quoque
2604 4608 2933 4673 Diodorum,
2972 4606 3287 4677 magistrum
3350 4602 3514 4674 ipsius

1923 4708 2228 4771 Theodori,
2274 4709 2474 4775 pariter
2511 4703 2580 4757 ab
2617 4717 2682 4756 eo
2710 4709 2765 4755 et
2806 4701 2860 4755 in
2917 4704 3106 4754 eadem
3146 4713 3305 4753 causa
3333 4697 3513 4751 dicant

1920 4802 2090 4858 fuisse
2116 4800 2422 4871 culpatum?
2452 4798 2507 4853 Si
2539 4799 2699 4867 igitur
2724 4793 3096 4848 auctoritatem
3121 4791 3309 4862 Cyrilli
3339 4789 3510 4845 secuti

1919 4905 2064 4961 sunt,
2098 4894 2439 4948 Theodorum
2462 4888 2823 4951 damnantes‘,
2851 4901 3149 4955 quanquam
3180 4884 3363 4937 dicere
3395 4896 3506 4935 non

1922 4990 2163 5042 audeant
2187 4984 2327 5053 quod
2353 4983 2445 5037 ille
2474 4980 2757 5035 Theodoro
2782 4980 3064 5031 anathema
3097 4975 3314 5036 dixerit,
3344 4972 3502 5042 cujus

1918 5082 2078 5135 etiam
2102 5077 2296 5148 scripta
2322 5074 2775 5131 anathematizare
2807 5068 3096 5143 prohibuit,
3115 5081 3279 5136 quare
3306 5073 3506 5128 tamen,

1915 5238 2012 5302 μσς
2038 5223 2129 5270 τοῦ
2159 5215 2315 5271 Σαοὺλ
2342 5213 2537 5273 κηδεία⁹
2566 5211 2702 5302 οὔτεθ
2722 5214 2843 5297 γοὺς
2874 5206 3192 5298 ἥττοσι-ὅλους
3220 5202 3371 5302 ini;
3421 5211 3507 5257 τοῦ

1946 5299 1952 5302 .
2035 5292 2042 5302 ι
2140 5290 2151 5302 ι
2232 5288 2259 5302 ο
2294 5292 2301 5302 ι
2393 5288 2405 5302 ς
2498 5285 2541 5302 (\v
2606 5287 2663 5302 -ς
2736 5286 2759 5302 ν
2966 5281 2976 5302 ,‘
3013 5279 3118 5302 ,γλ-1
3147 5276 3199 5302 -1
3278 5278 3481 5302 .-.μ---ζ

1930 5292 2104 5347 Λρεὶου
2129 5288 2365 5347 ἀσεϐείας
2386 5285 2578 5344 suasa,—
2606 5280 2858 5347 Εὐδόξιος,
2883 5281 2982 5334 ὑπὸ
3004 5279 3125 5331 αὐτὸ
3146 5276 3203 5329 τό
3229 5278 3509 5347 etiamqui-

1913 5344 2022 5433 ριᾏν
2048 5365 2290 5433 κείμενος.
2324 5344 2472 5410 Nihil
2499 5357 2633 5408 enim
2662 5344 2847 5433 pauidi
2875 5346 3349 5433 obfuitlronoriﬁcu
3371 5344 3505 5433 Suu-

1916 5415 1980 5482 iis
2001 5415 2286 5496 sepultura,
2304 5444 2459 5495 neque
2481 5423 2727 5494 apostolis
2742 5422 2848 5496 Arii
2876 5415 3149 5496 iuipietatis
3176 5425 3398 5496 sectator
3413 5415 3509 5468 Eu-

1915 5486 2100 5555 doxius
2133 5501 2224 5554 sub
2255 5486 2419 5569 ipsum
2464 5486 2628 5569 qliare
2652 5491 3045 5569 condit_us.‘.lloc
3074 5504 3201 5569 ergo
3222 5496 3289 5569 ut
3315 5486 3507 5569 ᾁξὶκως

1913 5584 1965 5629 et
1993 5581 2176 5629 contra
2209 5555 2440 5626 canones
2472 5567 2666 5622 factum
2700 5564 2892 5620 merito
2923 5558 3190 5632 improbat
3218 5555 3478 5631 Cyrillus.
