4070 6352
648 272 743 325 (ill

1739 261 2033 318 FACUNDI
2077 260 2289 317 EPISC.
2322 260 2825 321 lll-thtllANENStS
3801 285 3874 341 ωε

652 403 759 445 non
793 384 1075 443 Diodorum
1106 396 1315 455 quoque
1363 378 1789 433 damnaverunt?
1822 379 1900 431 An
1946 379 2065 447 quia
2120 378 2235 445 ipse
2270 376 2502 436 Aausos
2543 377 2707 433 fuisse
2753 378 3114 435 condemnare
3169 379 3393 437 beatum
3440 382 3742 457 Diodorum,
3777 410 3877 463 quo.
3966 396 3967 463 ξ

652 496 759 535 non
792 486 873 532 est
904 475 1144 531 laudatus
1173 474 1223 527 in
1254 470 1672 527 Chalcedonensi
1695 470 1944 533 concilio,
1982 485 2087 523 non
2114 483 2239 523 eum

651 572 1022 643 judicaverunt
1077 580 1199 620 esse
1247 562 1648 627 damnandum;
1705 561 2044 616 Theodorum
2107 575 2240 616 vero

652 666 1059 725 damnaverunt,
1092 656 1213 728 quia
1242 666 1296 711 et
1326 657 1376 711 in
1407 655 1632 725 cpistola
1666 655 1769 710 Iba:
1798 669 1959 723 quam
2002 670 2239 723 pronun-

650 757 801 813 tiavit
839 753 1234 817 orthodoxam,
1266 761 1322 806 et
1363 751 1414 805 in
1450 751 1684 805 decretis
1724 749 1913 821 synodi
1947 748 2240 804 Orientalis

647 862 769 917 quze
797 843 1114 915 approbavit
1158 842 1299 898 idem
1331 840 1768 897 Chalcedonense
1794 841 2078 896 concilium
2103 882 2116 905 ,
2156 840 2241 893 in.

648 940 859 996 venitur
887 937 1152 1003 laudatus,
1187 945 1245 989 ut
1268 934 1641 992 auctoritatem
1687 934 1855 1003 ipsius
1888 934 2099 987 concilii
2133 934 2237 986 hu-

658 1045 721 1085 us
735 1030 1083 1086 damnatione
1100 1028 1406 1085 calcarent?
1435 1028 1508 1082 lta
1533 1026 1690 1096 plane
1714 1035 1817 1091 est,
1841 1026 2015 1080 ethoc
2040 1040 2238 1093 negare

651 1123 827 1178 nullus
864 1122 1081 1193 sapiens
1130 1131 1325 1192 potest.
1358 1120 1492 1174 Nam
1524 1119 1670 1190 prius
1702 1119 1885 1188 utique
1911 1125 1967 1173 et
2000 1117 2231 1187 amplius

651 1220 968 1289 magistrum
1015 1217 1133 1286 ejus
1176 1214 1465 1271 Diodorum
1509 1213 1863 1277 damnarent,
1894 1211 2047 1266 Velut
2086 1226 2238 1266 com-

651 1310 831 1364 munis
878 1308 1077 1364 erroris
1114 1317 1405 1363 auctorem.
1466 1307 1658 1362 Verum
1704 1321 1804 1374 ego
1842 1318 2091 1376 promere
2130 1318 2236 1357 non

650 1403 934 1467 omittam,
984 1400 1352 1470 qualecunque
1398 1398 1525 1453 illud
1570 1406 1685 1463 est,
1744 1396 1885 1467 quod
1942 1396 2027 1449 hic
2068 1395 2236 1449 videri

653 1504 829 1566 potest
873 1509 1056 1549 eorum
1106 1492 1406 1548 defensioni
1443 1500 1773 1561 competere.
1807 1490 2069 1544 Fortassis
2096 1490 2237 1542 enim

650 1588 891 1642 dicentes
930 1601 944 1639 :
990 1586 1044 1640 Si
1104 1584 1223 1655 quis
1284 1599 1389 1638 non
1427 1581 1844 1636 anatliematizat
1897 1580 2239 1634 Thimdornm

651 1672 986 1751 Mopsuestia:
1009 1686 1064 1735 et
1092 1678 1211 1748 ejus
1235 1678 1506 1747 dogmata,
1542 1678 1595 1731 in
1640 1692 1706 1730 eo
1733 1676 1872 1745 quod
1905 1674 2237 1744 adjecerunt,

2345 468 2520 538 niam,
2572 469 2710 524 sicut
2756 480 2809 524 et
2858 470 3079 526 inferius
3131 473 3521 542 ostendemus,
3580 482 3802 548 optimum
3842 500 3879 546 et

2345 560 2633 615 maximum
2683 562 3048 617 testimonium
3094 563 3253 619 habet
3304 568 3483 621 sancti
3522 568 3800 644 Athanasii,
3843 595 3879 639 et

2345 655 2486 710 Petri
2526 665 2685 725 atque
2710 656 2977 712 Timothei
3008 657 3507 716 Alexandrinorum
3533 666 3821 737 antistitum,
3841 687 3879 732 et

2344 746 2520 801 Basilii
2547 747 2912 814 Caesariensis,
2929 758 2981 803 et
3000 748 3230 805 'Joannis
3258 751 3822 828 Constantinopolitaui,
3840 776 3878 822 et

2349 838 2631 907 Epiphanii
2659 837 2840 907 Cyprii
2862 880 2876 903 ,
2905 849 2960 895 ct
2986 842 3369 911 episcoporum
3400 842 3758 915 Aigyptiorum
3779 893 3792 919 ,
3813 859 3876 924 qui

2344 930 2398 985 in
2424 931 2668 984 exsilium
2699 932 2915 1001 relegati
2945 947 2973 986 a
3007 931 3229 988 Valente
3251 932 3592 1003 imperatore
3619 939 3813 1008 inerant.
3835 958 3874 1002 et

2342 1022 2554 1077 c'incilii
2582 1032 2796 1078 centum
2845 1024 3227 1094 quinquaginta
3273 1026 3656 1100 sacerdotum,
3694 1036 3768 1103 qui
3791 1053 3875 1095 cum
3912 1100 3916 1109 ,

2341 1116 2457 1188 ipso
2482 1119 2713 1175 Diodoro
2742 1121 2792 1174 in
2819 1122 2957 1177 hanc
2989 1124 3174 1179 urbem
3203 1134 3397 1182 contra
3425 1127 3769 1187 Macedoniam
3787 1150 3877 1190 cott-

2342 1222 2620 1275 venerant,
2652 1213 2847 1283 quibus
2879 1215 3041 1269 tantis
3068 1231 3133 1270 ac
3172 1216 3376 1272 talibus
3415 1219 3647 1289 Cyrillus
3685 1238 3772 1277 non
3794 1236 3873 1281 erat

2343 1303 2707 1372 prml'erendus
2734 1346 2747 1369 ,
2778 1306 2969 1360 omitto
3013 1322 3153 1362 nunc
3197 1310 3563 1375 reSpondere,
3587 1314 3716 1382 quod
3743 1332 3820 1373 nec
3839 1319 3873 1375 in

2344 1407 2500 1447 causa
2533 1392 2801 1449 Theodori
2831 1397 2981 1451 solus
3007 1396 3240 1469 Cyrillus
3276 1400 3449 1454 tantis
3490 1400 3747 1467 Patribus,
3774 1424 3871 1474 quo-

2345 1495 2462 1536 rum
2511 1493 2564 1537 ct
2602 1484 2691 1539 ille
2730 1486 3040 1541 testimonio
3078 1491 3538 1557 commendatur,
3585 1496 3873 1561 praelerride-

2346 1573 2541 1629 buerit.
2593 1575 2705 1631 lloc
2742 1592 2905 1633 unum
2957 1580 3171 1635 interim
3214 1590 3411 1648 teneo,
3461 1586 3769 1652 quoniamet
3806 1590 3870 1657 ipsi

2346 1664 2569 1731 docent,
2600 1667 2745 1736 justa
2786 1669 2999 1725 ratione
3024 1672 3295 1737 dictante,
3327 1674 3477 1729 beati
3506 1674 3679 1746 Cyrilli
3705 1692 3754 1734 se
3775 1680 3872 1750 judi-

650 1788 850 1844 eosqne
880 1773 968 1843 qui
1010 1779 1102 1825 aut
1128 1771 1325 1826 similia
1357 1771 1404 1825 ei
1452 1778 1743 1839 sapnerunt
1769 1808 1783 1832 ,
1814 1779 2056 1822 sanctum
2107 1767 2233 1821 Dio-
2277 1753 2323 1814 Β
2351 1758 2496 1811 Cium
2529 1761 2828 1829 reliquisse.
2866 1762 3191 1832 Incipiamus
3218 1765 3413 1837 itaque
3435 1768 3547 1837 jam
3571 1771 3869 1838 praedictorum

646 1866 834 1920 dorum
866 1864 1085 1935 intelligi
1118 1862 1351 1918 voluisse
1398 1862 1666 1917 dicentur.
1700 1860 1808 1916 Sed
1838 1877 1952 1926 cur,
1978 1860 2228 1926 obsecro,

657 1960 704 2014 si
748 1959 1121 2014 anetoritatem
1150 1958 1165 1987 ¹
1196 1956 1364 2011 secuti
1398 1965 1524 2017 sunt
1563 1955 1705 2009 beati
1746 1953 1963 2024 Cyrilli,
1996 1955 2162 2022 magis
2192 1961 2247 2008 et

645 2051 793 2120 prius
828 2049 1091 2106 Diodorus
1122 2047 1377 2118 magister
1423 2047 1541 2116 ejus
1582 2048 1886 2101 nominatus
1935 2060 2040 2099 non
2065 2047 2084 2075 ’
2124 2055 2241 2110 est,

650 2151 711 2197 ut
742 2144 809 2195 ita
852 2143 1041 2197 saltem
1101 2140 1513 2204 decerneretur;
1547 2139 1590 2193 si
1622 2140 1741 2208 quis
1770 2152 1875 2192 non
1922 2136 2241 2193 anathema-

646 2237 779 2290 tizat
809 2234 1098 2289 Diodorum
1130 2242 1181 2288 et
1209 2233 1329 2302 ejus
1358 2231 1627 2300 dogmata,
1653 2230 1933 2285 anathema
1964 2230 2062 2295 sit,
2094 2229 2242 2282 velut

646 2326 839 2395 quibus
874 2324 1014 2378 male
1042 2321 1388 2378 Theodorum
1416 2321 1616 2376 dicitur
1646 2320 1935 2386 imbuisse;
1967 2329 2015 2373 et
2040 2319 2233 2375 deinde

646 2428 979 2489 sequeretur,
1010 2432 1212 2487 eosque
1242 2417 1335 2484 qui
1366 2426 1461 2469 aut
1486 2415 1680 2469 similia
1712 2414 1760 2467 ei
1789 2423 2115 2482 sapuerunt,
2148 2420 2240 2468 aut

646 2512 878 2580 sapiunt.
914 2510 1063 2565 Nunc
1091 2519 1269 2565 autem
1298 2509 1349 2563 in
1381 2507 1668 2569 Theodoro
1696 2507 1814 2578 ejus
1844 2507 2105 2577 discipulo
2139 2508 2223 2562 in-

646 2601 815 2656 tentio
855 2609 1040 2672 aperta
1075 2610 1131 2656 et
1173 2600 1453 2655 manifesta
1500 2599 1781 2668 dirigitur,
1813 2599 2074 2654 Diodorus
2104 2613 2233 2654 vero

647 2706 755 2747 non
784 2691 1179 2758 dinumeratur,
1212 2691 1295 2746 vel
1329 2691 1375 2745 si
1418 2699 1470 2745 et
1509 2690 1623 2760 ipse
1646 2689 2064 2760 subintelligitur
2088 2688 2245 2743 abdi-

649 2784 873 2839 ‘candus.
910 2783 1110 2840 Deinde
1147 2784 1226 2837 sic
1254 2782 1439 2838 beatus
1471 2782 1701 2853 Cyrillus
1748 2782 1800 2837 in
1844 2784 2243 2837 accusationem

645 2877 812 2930 sancti
860 2875 1074 2939 Diodori
1119 2874 1319 2945 alEquid
1359 2875 1643 2945 scripsisse
1672 2875 1889 2941 dicitur,
1932 2884 1991 2930 ut
2022 2876 2154 2929 nihil
2188 2878 2240 2930 in

650 2966 768 3036 ejus
821 2968 1194 3023 defensionem
1238 2967 1521 3035 scripsisse
1550 2968 1791 3032 dicatur;
1846 2969 1898 3021 in
1946 2968 2245 3023 accusatio-

646 3071 768 3112 nem
794 3072 921 3112 vero
948 3056 1214 3113 Theodori
1254 3057 1333 3113 sic
1378 3058 1576 3127 aliquid
1625 3057 1906 3127 scripsisse
1941 3059 2157 3127 dicitur,
2185 3067 2241 3113 ut

2350 1850 2737 1905 venerabilium
2789 1850 3350 1913 Patrumtestimonia
3398 1865 3869 1930 recensere,quituus

2348 1942 2752 1995 commendatur
2776 1942 3061 2011 Diodorus,
3086 1961 3245 2014 quem
3272 1962 3405 2002 cum
3434 1948 3712 2007 Theodoro
3728 1958 3868 2022 pariter

2348 2042 2402 2088 et
2430 2037 2481 2088 in
2513 2035 2701 2091 eadem
2731 2052 2893 2092 causa
2940 2040 3213 2107 culpatum
3247 2041 3441 2096 dicunt
3469 2057 3500 2096 a
3541 2043 3868 2115 Cyrillo,velut

2346 2140 2410 2179 ea
2437 2125 2720 2182 docentem
2755 2144 2873 2198 quae
2896 2128 3174 2186 Nestorius
3202 2131 3387 2187 docuit
3415 2146 3433 2189 :
3459 2141 3517 2187 ut
3540 2135 3654 2202 quia
3679 2136 3774 2191 sine
3794 2154 3866 2191 nn-

2345 2221 2521 2289 gistro
2566 2234 2665 2275 suo
2710 2236 2831 2276 cum
2876 2238 2983 2291 quo
3026 2223 3101 2277 illi
3145 2240 3306 2279 causa
3349 2227 3646 2282 communis
3675 2237 3768 2291 est,
3799 2245 3865 2281 non

2350 2314 2517 2381 potuit
2536 2312 2683 2382 juste
2711 2313 3027 2369 Theodorus
3052 2315 3409 2371 condemnari
3440 2359 3455 2383 ,
3486 2332 3604 2373 cum
3635 2319 3865 2387 probavere

2349 2419 2468 2457 mus
2498 2405 2789 2460 Diodorum
2845 2421 2951 2460 non
3002 2421 3123 2462 esse
3168 2402 3582 2473 damnandum,
3631 2409 3771 2463 multo
3792 2425 3866 2461 ain-

2349 2498 2485 2568 plins
2514 2497 2854 2553 manifestum
2899 2499 2990 2553 liat
3030 2500 3279 2555 omnibus
3320 2516 3425 2570 pro
3471 2500 3589 2555 solo
3633 2500 3865 2569 praajudic‘o

2358 2586 2547 2657 synodi
2602 2587 3100 2657 Chalcedonensis,
3150 2591 3333 2659 inique
3384 2590 3712 2647 Theodorum
3754 2590 3864 2645 fuisse

2360 2680 2688 2736 damnatum.
2727 2683 2921 2738 Beatus
2956 2686 3115 2753 igitur
3147 2684 3479 2741 Athanasius
3523 2685 3593 2739 ita
3639 2696 3871 2739 memorato

2351 2784 2538 2831 sancto
2568 2774 2799 2830 Diodoro
2820 2777 3005 2832 scribit
3033 2792 3047 2829 :
3082 2795 3101 2827 ι
3138 2776 3367 2833 Domino
3393 2792 3514 2833 meo
3544 2777 3646 2831 lilio
3663 2785 3856 2832 claman-

2350 2870 2557 2924 tissimo
2580 2870 2985 2936 consacerdoti,
3018 2871 3273 2940 episcopo
3298 2871 3454 2926 Tarsi
3484 2870 3722 2934 Diodoro,
3748 2868 3863 2922 Διιτρ-

2356 2960 2538 3015 nasins
2566 2961 2617 3014 in
2649 2961 2876 3015 Domino
2906 2962 3156 3017 salutem.
3180 2961 3397 3018 Gratias
3436 2962 3651 3016 Domino
3678 2957 3861 3026 itemqui

2350 3052 2653 3121 ubicunque
2682 3065 2833 3106 suam
2878 3053 3179 3107 doctrinam
3227 3054 3439 3123 fundat,
3486 3062 3539 3109 et
3581 3053 3861 3117 maxiuucpet

647 3150 810 3204 etiam
861 3150 913 3204 in
963 3149 1079 3219 ejus
1129 3148 1497 3205 defensionem
1544 3151 1825 3219 scripsisse
1881 3164 2231 3206 monstretur.
2273 3138 2317 3200 C
2352 3143 2488 3197 ﬁlios
2512 3144 2779 3212 proprios,
2814 3146 3027 3213 qualem
3064 3152 3120 3199 ct
3150 3154 3201 3199 te
3247 3145 3421 3214 ipsum
3466 3160 3550 3199 res
3582 3144 3679 3212 ipsa
3705 3142 3860 3195 drnwtr

644 3240 861 3295 Clarum
910 3249 992 3295 est
1030 3241 1243 3311 itaque,
1282 3242 1324 3295 si
1364 3241 1549 3295 videre
1593 3241 1885 3305 velimus”,
1926 3242 2066 3311 quod
2119 3258 2242 3313 pro-

651 3342 856 3403 pterea,
900 3350 1006 3387 non
1051 3332 1396 3387 denominato
1442 3330 1676 3387 Diodoro
1702 3374 1716 3398 ,
1750 3334 2088 3388 Theodorum
2118 3350 2239 3389 cum

647 3427 760 3479 suis
790 3426 1149 3494 dogmatibus,
1180 3435 1235 3480 et
1261 3439 1355 3479 eos
1382 3429 1470 3494 qui
1495 3427 1544 3481 ei
1578 3441 1684 3481 non
1715 3426 1899 3481 dicunt
1923 3428 2232 3493 anitlicma,

644 3514 1055 3580 damnaverunt,
1087 3516 1208 3585 quia
1238 3516 1486 3570 laudatus
1534 3528 1619 3571 est
1643 3527 1696 3572 et
1738 3520 1789 3574 in
1821 3519 2043 3587 epistula
2078 3536 2239 3575 vene-

654 3606 844 3660 rabilis
876 3605 980 3660 Iba:
1007 3620 1163 3675 quam
1196 3607 1437 3677 synodus
1467 3608 1833 3677 pronuntiavit
1859 3612 2241 3682 orthodoxam,

652 3696 793 3752 etin
827 3698 1065 3765 epistolis
1092 3697 1447 3753 Orientalium
1480 3701 1696 3755 Patrum
1728 3702 1921 3773 quibus
1951 3706 2243 3759 auctorita-

656 3797 763 3844 tem
794 3789 1117 3859 przeeipuam
1149 3788 1361 3844 detulit.
1414 3790 1696 3862 Alioquin,
1730 3794 1772 3848 si
1808 3809 1963 3849 error
1993 3797 2243 3853 conside-

651 3890 804 3959 retur
830 3880 917 3951 qui
944 3883 1106 3937 fuisse
1132 3881 1371 3951 jactatur
1397 3884 1702 3953 amborum,
1732 3886 1873 3942 idem
1907 3887 2123 3943 Diodori
2153 3889 2242 3959 qui

647 3956 919 4028 Theodori
967 3973 1188 4028 dicitur.
1225 3974 1282 4030 Si
1316 3989 1547 4044 persona
1600 3978 1845 4045 magistri
1883 3986 2043 4048 atque
2073 3956 2241 4033 disc'i-

655 4065 795 4135 puli,
827 4073 920 4119 aut
949 4066 1120 4134 solus,
1156 4076 1249 4121 aut
1281 4068 1427 4135 prius
1457 4067 1775 4123 nominatim
1800 4070 2241 4126 condemnandus

648 4164 767 4211 erat
786 4168 975 4211 auctor
1004 4160 1227 4213 erroris.
1258 4160 1313 4214 Si
1348 4162 1645 4215 auctoritas
1686 4162 1824 4215 beati
1864 4160 2051 4232 Cyrilli
2071 4202 2087 4225 ,
2118 4163 2243 4217 Dio-

650 4245 815 4300 dorus
846 4247 1127 4303 evidenter
1149 4258 1203 4304 et
1228 4248 1347 4303 sine
1374 4251 1717 4320 ambiguitate
1749 4251 2077 4321 culpandus;
2112 4269 2242 4309 con-

651 4348 729 4391 tra
759 4353 924 4408 quem
970 4342 1050 4395 sic
1093 4340 1273 4395 invehi
1321 4341 1536 4409 dicitur,
1571 4352 1624 4395 ut
1656 4358 1751 4411 pro
1799 4342 1894 4398 illo
1951 4361 2054 4399 non
2088 4347 2239 4402 inve-

651 4430 828 4484 niatur
880 4431 984 4486 alia
1034 4432 1219 4503 Cyrilli
1271 4434 1560 4488 sententia.
1612 4436 1718 4489 Cur
1767 4437 1929 4506 igitur
1978 4438 2237 4496 adversus

649 4520 993 4577 Theodorum
1019 4523 1198 4588 nimis,
1224 4523 1481 4579 adversus
1505 4525 1793 4581 Diodorum
1824 4528 1999 4583 nihil?
2028 4532 2161 4597 Quis
2185 4534 2236 4589 in
2267 4523 2320 4585 D

650 4611 767 4667 haec
799 4613 1068 4682 paululum
1098 4615 1351 4670 cordatus
1385 4617 1666 4672 attendens
1703 4634 1808 4676 non
1847 4622 2023 4677 statim
2054 4626 2241 4681 tactio-

650 4707 737 4761 nis
761 4705 1029 4763 hareticze
1057 4708 1211 4764 dolos
1241 4709 1530 4781 intelligat,
1559 4713 1703 4783 quod
1745 4715 1892 4772 solus
1921 4717 2241 4774 denomina-

654 4809 742 4855 tus
795 4810 877 4856 cst
920 4804 969 4856 in
1003 4817 1163 4857 causa
1194 4805 1465 4857 communi
1503 4804 1855 4874 Theodorus;
1885 4824 2004 4865 cum
2045 4812 2091 4867 si
2133 4828 2238 4868 non

651 4903 874 4965 uterque
918 4894 960 4959 δ,
1012 4894 1106 4951 sed
1158 4896 1296 4952 alter
1349 4911 1537 4953 eorum
1590 4899 2022 4959 denominandus
2073 4916 2238 4972 esset,

652 4988 943 5044 Diodorum
995 4989 1175 5059 potius
1229 4991 1567 5047 denominari
1612 4992 1881 5050 deceret?
1923 4996 1986 5051 Et
2036 4997 2239 5053 idcirco

650 5079 844 5135 frustra
879 5090 1123 5150 negatur,
1149 5082 1289 5152 quod
1324 5083 1468 5140 lucet
1499 5087 1770 5154 omnibus,
1794 5098 1848 5143 et
1875 5089 1993 5147 luce
2019 5090 2236 5157 clarius,

649 5172 733 5228 vel
764 5173 809 5228 si
841 5174 1105 5240 nolimus,
1136 5186 1395 5246 apparet,
1430 5179 1685 5248 quoniam
1716 5189 1771 5236 ut
1810 5180 1925 5238 lucc
1954 5195 2243 5251 agerentur

650 5272 835 5318 contra
859 5263 1226 5334 Theodorum,
1261 5283 1366 5322 non
1401 5268 1661 5326 Ecclesia:
1691 5286 1826 5341 opus
1854 5284 1969 5328 erat
1989 5274 2241 5344 judicare

649 5355 721 5410 de
750 5365 993 5422 mortuo;
1026 5357 1120 5413 sed
1145 5358 1414 5416 lruereticis
1446 5362 1626 5430 potius
1654 5360 2082 5420 Chalcedoneusi
2104 5381 2242 5435 pne-

646 5446 887 5516 jttdicare
916 5450 1162 5506 concilio.
1202 5452 1355 5520 Quod
1390 5452 1434 5507 si
1485 5455 1669 5510 dicunt
1714 5464 1997 5527 propterea
2047 5472 2242 5516 senon

723 5632 740 5662 ¹
782 5632 916 5687 Cod.
967 5630 1202 5698 Veron.,
1267 5634 1653 5705 auctoritatem,
1697 5639 1830 5694 sicut
1875 5650 1994 5697 acta
2075 5644 2238 5701 seculi

650 5717 788 5758 sunt.
825 5713 931 5758 ctc.

724 5719 768 5757 ut
825 5719 876 5757 et
916 5743 931 5758 .

724 5778 744 5808 ³
775 5748 840 5830 Ἰη
870 5719 1060 5829 ecodem
1087 5774 1205 5829 cod.
1240 5774 1391 5832 deest
1421 5777 1479 5832 τὸ
1508 5795 1629 5834 non.

2362 3244 2517 3288 strat.
2552 3235 2763 3289 Etenim
2788 3242 3074 3304 antequam
3119 3238 3386 3292 scriberet
3415 3245 3591 3291 vestra
3615 3232 3860 3294 reverentia,

2352 3328 2698 3395 cognovimus
2753 3337 2949 3397 quanta
3000 3328 3169 3398 gratia
3218 3326 3362 3384 facta
3413 3340 3493 3384 est
3546 3327 3594 3381 in
3639 3326 3757 3395 Tyro
3792 3335 3853 3391 ρει

2352 3428 2494 3473 tuam
2544 3421 3037 3488 perseverantiam;
3091 3430 3143 3475 ct
3188 3422 3587 3491 congaudemus
3636 3419 3740 3481 tibi.
3777 3417 3858 3484 ll“

2352 3528 2445 3581 per
2475 3521 2526 3567 te
2556 3513 2805 3582 cognovit
2834 3524 2889 3568 et
2915 3512 3090 3584 Tyrus
3121 3525 3327 3568 rcctmn
3355 3514 3570 3569 verbum
3598 3509 3791 3581 pietatis.
3818 3505 3860 3565 Et

2348 3621 2449 3675 ego
2471 3608 2685 3676 quidem
2714 3608 3053 3663 occasionem
3097 3624 3384 3665 assumens
3414 3608 3598 3677 scripsi
3644 3606 3749 3670 tibi,
3769 3603 3860 3655 dile-

2353 3706 2600 3762 ctissime
2624 3716 2678 3761 et
2706 3706 3094 3761 amantissime.
3127 3705 3209 3761 Tu
3236 3720 3367 3762 vero
3396 3704 3654 3775 quomodo
3676 3699 3857 3755 mescri-

2349 3797 2511 3853 bente
2534 3812 2640 3852 non
2673 3797 3035 3867 rescripsisti,
3079 3798 3304 3853 miratus
3333 3813 3477 3853 sum.
3508 3797 3676 3865 Itaque
3712 3788 3857 3845 nonsis

2352 3890 2533 3960 segnis
2564 3890 2801 3945 scribere
2840 3873 3123 3955 continue;
3152 3889 3330 3944 sciens
3360 3889 3483 3960 quia
3519 3888 3646 3942 sicut
3673 3882 3784 3937 ﬁlius
3804 3892 3857 3930 re-

2345 3984 2624 4052 quiescere
2654 3988 2741 4037 me
2772 3982 2898 4037 facis
2929 3991 3137 4052 patrem
3164 4022 3177 4047 ,
3210 3992 3265 4037 et
3308 3982 3449 4038 sicut
3489 3993 3652 4050 prmco
3673 3970 3851 4030 veritatis

2345 4075 2748 4145 sttperlaetilicas
2771 4088 2875 4130 me.
2902 4074 2971 4129 Et
2994 4075 3128 4130 nihil
3153 4076 3450 4132 contendas
3475 4073 3707 4129 adversus
3733 4067 3853 4118 here-

2346 4168 2501 4235 ticos,
2528 4166 2624 4223 scd
2644 4167 2861 4223 silentio
2884 4167 3265 4223 verbositatem
3298 4168 3510 4223 illorum
3536 4175 3726 4233 supera,
3748 4170 3856 4207 man-

2345 4259 2629 4314 suetudine
2653 4258 2929 4312 malitiam.
2952 4256 3041 4314 Sic
3063 4257 3205 4314 enim
3231 4273 3411 4314 sermo
3442 4267 3581 4320 tuus,
3608 4249 3706 4306 sale
3726 4242 3856 4301 condio

2345 4361 2452 4417 tus,
2486 4352 2705 4407 habebit
2728 4351 2952 4422 gratiam
2979 4369 2992 4406 :
3019 4352 3092 4406 illi
3135 4361 3314 4407 autem
3358 4350 3496 4423 apud
3526 4346 3737 4403 omnium
3769 4349 3856 4390 con-

2347 4444 2626 4499 scientiam
2658 4446 3033 4516 culpabuntur.
3068 4463 3088 4497 ι
3122 4444 3256 4512 Quid
3288 4444 3374 4500 hic
3395 4438 3626 4499 decernit
3645 4440 3785 4489 vestra
3802 4425 3856 4492 ju-

2345 4540 2525 4607 stitia,
2567 4540 2916 4595 serenissima
2972 4540 3303 4609 imperator?
3357 4538 3651 4609 Equumne
3681 4518 3853 4582 censetis

2347 4642 2405 4689 ut
2427 4635 2528 4689 iste
2552 4633 2795 4688 veritatis
2812 4646 2989 4701 praeco
3007 4632 3289 4700 Diodorus,
3307 4634 3389 4687 cui
3410 4640 3605 4686 tantum
3628 4610 3854 4684 consulum

2346 4729 2428 4782 vir
2447 4726 2635 4782 doctus
2664 4733 2718 4780 et
2739 4726 2910 4779 bonus
2939 4724 3284 4790 Athanasius,
3318 4725 3499 4781 livoris
3522 4730 3571 4776 et
3603 4712 3776 4771 invidia:
3795 4716 3842 4757 ne

2346 4818 2509 4882 scius,
2545 4814 2797 4885 quoniam
2826 4830 2927 4885 per
2954 4814 3071 4883 ejus
3103 4816 3549 4883 perseverantiam
3577 4814 3748 4863 rectum
3774 4806 3853 4847 rer:

2348 4909 2473 4964 bum
2504 4908 2718 4977 pietatis
2748 4906 2926 4979 Tyrus
2954 4921 3164 4977 quoque
3186 4908 3452 4977 cognovit,
3489 4911 3542 4959 ut
3568 4899 3707 4954 etiam
3728 4891 3851 4985 horte-

2353 5009 2437 5056 tur
2465 5016 2586 5055 eum
2613 5000 2852 5071 scribere
2880 4997 2981 5053 sibi
3013 4999 3286 5065 continue,
3326 5008 3381 5053 et
3427 4994 3732 5065 requiescere
3757 4987 3851 5071 se"?

2351 5091 2442 5146 illo
2468 5065 2733 5160 tanquam
2762 5097 2971 5160 patrem
3016 5088 3160 5142 dicat
3200 5088 3252 5143 in
3274 5064 3438 5156 tilio,
3477 5064 3728 5140 damnetur
3750 5064 3850 5160 velut

2353 5154 2635 5240 hrcrticus
2659 5227 2672 5251 ,
2704 5154 2793 5254 qui
2826 5191 2882 5239 et
2927 5182 3043 5253 ipse
3094 5183 3339 5252 culpatns
3389 5154 3575 5237 dicitur
3600 5189 3626 5229 a
3670 5154 3850 5239 Cyﬂlo?

2354 5284 2552 5338 Durum
2585 5281 2743 5337 nimis
2771 5291 2877 5348 est,
2907 5291 2963 5336 ut
2993 5279 3096 5335 hoc
3135 5281 3201 5336 de
3232 5290 3407 5335 vestra
3446 5272 3674 5347 equitate
3709 5254 3847 5348 cred?

2350 5389 2487 5431 unus.
2521 5375 2654 5431 Nam
2680 5384 2732 5431 et
2776 5375 2876 5445 ipsi
2914 5383 3336 5443 prrcsumptorcs
3367 5373 3591 5443 iniquum
3623 5370 3726 5445 esse
3744 5346 3844 5445 viti“:

2349 5461 2493 5520 runt.
2540 5461 2596 5518 Si
2636 5475 2762 5515 vero
2801 5433 3055 5530 mag-ister
3094 5457 3360 5527 Diodorus
3400 5433 3713 5512 condemnari
3745 5433 3845 5489 velut

2418 5645 2439 5677 ³
2479 5645 2623 5701 idem
2641 5643 2804 5709 cod.,
2855 5643 2899 5696 si
2938 5642 3111 5696 ridere
3160 5642 3398 5709 velimus,
3447 5638 3520 5694 vel
3562 5627 3709 5706 potius
3737 5616 3841 5669 HW

2344 5718 2512 5772 dicere
2542 5718 2772 5778 velimus,
2804 5714 2961 5784 quod,
2990 5721 3097 5767 etc.

2419 5789 2437 5818 ‘
2478 5788 2619 5843 Idem
2650 5787 2795 5855 cod.,
2830 5784 2906 5841 vel
2932 5794 3067 5841 certe
3093 5785 3182 5840 sed
3212 5784 3362 5846 alter.
