4070 6352
273 308 374 363 615

1150 298 1287 354 PIN)
1330 297 1758 355 DEFI‘INSIONE
1798 288 2011 352 TRIUM
2044 290 2357 349 CAPITUL.
2405 294 2530 352 LIB.
2580 297 2662 355 IV.

3456 298 3559 358 CII

275 422 557 478 haereticus
580 419 725 490 justc
757 431 861 470 non
891 415 1110 484 poterit,
1141 410 1326 467 contra
1360 428 1446 483 qu~
1471 430 1519 467 ιιι
1553 414 1630 467 sic
1674 412 1856 466 invehi
1885 413 1933 473 Α
1963 424 2091 465 suos
2119 410 2409 482 discipulos
2435 414 2652 468 adduxit
2682 411 2747 468 ad
2775 415 3054 471 amandum
3094 422 3237 471 tuam
3270 418 3544 487 perfectio.

274 516 489 578 dicitur,
533 522 592 566 ttt
632 526 726 580 pro
758 509 852 564 illo
895 522 999 561 nou
1033 505 1338 560 inveniatur
1367 505 1469 559 alia
1501 504 1689 572 Cyrill't
1722 519 1853 558 sen-

274 609 468 672 tentia,
500 604 772 675 quomodo
801 603 852 655 in
883 600 1067 655 eadem
1100 612 1260 653 causa
1289 640 1303 664 ,
1330 607 1391 653 ut
1421 598 1597 651 ferunt
1621 638 1634 661 ,
1664 596 1864 664 pariter

274 705 580 761 accusatus,
620 695 717 748 nisi
748 694 798 747 in
827 689 1198 761 praejudicium
1224 689 1417 760 synodi
1454 688 1862 743 Chalcedonen-

276 790 376 854 sis,
409 787 528 859 ejus
557 785 855 853 discipulus
884 780 1203 837 Theodorus
1235 782 1381 834 velut
1407 780 1692 834 haereticus
1713 780 1864 833 dam-

278 890 521 944 naretur,
557 887 742 934 contra
767 891 924 944 quem
951 875 1032 929 sic
1055 873 1233 928 invehi
1256 872 1473 937 dicitur,
1504 878 1563 925 ut
1586 873 1745 926 etiam
1772 885 1866 939 pro

282 972 378 1027 illo
413 969 713 1025 inveniatur
740 967 839 1021 alia
866 965 1049 1038 Cyrilli
1080 964 1380 1019 sententia?
1413 963 1600 1018 Petrus
1630 977 1865 1032 quoque,

277 1075 566 1117 successor
584 1059 824 1130 ejusdem
850 1056 1021 1112 sancti
1052 1055 1365 1119 Athanasii,
1396 1055 1635 1111 scribens
1658 1054 1868 1121 episco-

279 1154 387 1221 pis,
415 1162 470 1208 et
518 1150 847 1221 presbyteris
885 1159 1046 1219 atque
1086 1148 1347 1213 diaconis,
1394 1162 1492 1216 pro
1518 1162 1643 1201 vera
1686 1147 1787 1200 [ide
1815 1146 1867 1200 in

278 1244 475 1299 exsilio
518 1242 829 1298 constitutis
876 1241 1044 1297 dicit:
1075 1259 1094 1292 ι
1142 1241 1331 1306 Amor,
1372 1256 1477 1310 quo
1506 1240 1648 1295 circa
1688 1254 1784 1294 vos
1817 1241 1868 1294 in

280 1334 500 1391 Christo
547 1334 758 1404 gaudeo
792 1348 895 1387 non
943 1334 1187 1402 permisit
1232 1332 1494 1401 patienter
1541 1329 1710 1395 ferre;
1763 1331 1870 1385 imo

280 1427 442 1482 etiam
471 1425 715 1480 scribens
741 1424 898 1478 veluti
930 1438 1035 1478 non
1066 1424 1313 1478 scribens
1343 1438 1483 1490 sum,
1508 1432 1559 1476 et
1590 1424 1780 1477 iterum
1804 1422 1870 1478 ad

281 1516 630 1573 scribendum
659 1516 971 1584 compellor.
1004 1533 1023 1568 ι
1075 1516 1141 1569 Et
1162 1514 1338 1569 infra:
1378 1532 1398 1566 ι
1434 1514 1873 1569 Consiliatoribus

281 1611 448 1681 igitur
469 1609 622 1664 vobis
644 1610 696 1663 in
722 1609 801 1663 his
824 1624 944 1679 qua:
970 1607 1249 1664 incurrunt
1279 1618 1487 1664 utorzet
1513 1611 1635 1680 quid
1660 1617 1874 1680 oportet

282 1716 372 1757 me
400 1702 576 1756 facere
611 1702 693 1755 sic
720 1714 934 1770 semper
976 1701 1367 1771 perturbatum.
1412 1701 1739 1756 'l‘itnotlico'l
1772 1702 1877 1755 dif.

1965 518 2108 568 nem,
2141 514 2192 558 et
2232 518 2389 559 orare
2434 520 2462 559 a
2507 505 2618 560 Deo
2658 503 2711 561 in
2762 509 2955 562 multos
3001 522 3258 564 annorum
3304 510 3560 567 circuitus

1966 597 2279 665 prmservari
2310 603 2542 651 Vestram
2573 598 2754 667 vitam,
2788 600 2851 653 ad
2885 600 3166 655 utilitatem
3198 603 3553 658 Ecclesiarum

1965 686 2184 742 Christi.
2244 707 2261 741 ι
2327 688 2630 758 Perspicis,
2680 701 2738 745 ut
2793 693 3087 757 existimo,
3138 694 3558 751 ciententissituc

1967 778 2260 848 imperator
2306 780 2460 849 (nam
2512 795 2601 835 res
2647 784 2866 836 omnino
2916 785 3193 855 perspicua
3241 784 3367 857 est),
3407 786 3560 855 cujus

1967 874 2198 937 virtutis,
2230 883 2283 928 et
2318 873 2682 942 perlec:ionis,
2715 883 2768 929 et
2797 876 2896 930 zeli
2938 878 3079 931 circa
3113 888 3310 933 rectam
3352 889 3407 935 et
3431 894 3559 948 apo-

1968 966 2209 1019 stolicam
2252 966 2408 1020 ﬁdem
2460 967 2723 1023 Diodorus
2770 982 2982 1037 semper
3021 970 3195 1036 fuerit,
3230 986 3386 1043 quem
3435 987 3557 1029 cunt

1970 1058 2255 1114 Theodoro
2284 1060 2555 1127 culpatum
2600 1060 2777 1115 lerunt
2822 1076 2850 1114 a
2900 1064 3058 1118 beato
3087 1064 3309 1133 Cyrillo,
3340 1074 3393 1120 et
3420 1082 3560 1137 quo-

1971 1151 2131 1206 modo
2158 1152 2274 1221 ejus
2303 1152 2468 1222 gloria
2499 1153 2655 1208 simul
2683 1168 2803 1207 cum
2841 1163 2998 1208 (elate
3026 1156 3320 1210 crescebat.
3353 1158 3560 1212 Lauda-

1973 1254 2057 1297 tur
2084 1243 2399 1298 adolescens
2429 1244 2497 1299 ab
2528 1246 2837 1309 Athanasio,
2874 1246 3122 1300 laudatur
3167 1261 3195 1301 a
3247 1248 3403 1303 Petro
3448 1249 3560 1319 jam

1973 1334 2179 1403 gravis,
2214 1333 2459 1388 laudatur
2498 1348 2527 1388 a
2571 1334 2855 1390 Timotheo
2896 1350 3081 1391 senex.
3111 1337 3245 1392 Tota
3296 1340 3398 1393 vita
3447 1340 3561 1409 ejus

1977 1424 2073 1480 fuit
2099 1427 2151 1480 in
2184 1426 2451 1493 laudibus,
2481 1434 2537 1481 et
2568 1436 2685 1496 post
2719 1436 2945 1482 mortem
2976 1428 3044 1483 ab
3070 1430 3370 1495 Athanasii,
3398 1430 3561 1500 Petri,
3592 1444 3595 1447 ·

1975 1519 2238 1574 Timothei
2283 1534 2593 1575 successore
2634 1537 2753 1575 cum
2786 1521 3069 1575 Theodoro
3115 1522 3310 1575 dicitur
3348 1537 3563 1576 accusa-

1977 1622 2081 1666 tus.
2105 1613 2235 1678 Quis
2259 1613 2359 1667 hoc
2383 1614 2549 1682 po~sit
2570 1615 2937 1684 aequanimiter
2961 1614 3135 1669 ferre?
3159 1617 3275 1685 quis
3302 1617 3445 1686 patie
3470 1627 3565 1673 .ter

1976 1704 2195 1759 audire?
2227 1705 2331 1760 Sed
2362 1705 2429 1759 ab
2460 1706 2541 1759 his
2571 1707 2762 1760 melius
2790 1706 3099 1772 avertimur,
3131 1716 3187 1761 ut
3221 1710 3439 1763 meliora
3475 1725 3565 1775 ιο⁴

283 1792 517 1847 [amante
543 1807 602 1846 se
634 1794 805 1859 ipsum
833 1792 1143 1863 episcopum
1173 1808 1325 1862 esse,
1358 1804 1415 1849 ut
1445 1810 1539 1862 per
1568 1796 1670 1850 hoc
1697 1796 1864 1850 conli-
1902 1795 1944 1854 Β
1978 1798 2080 1852 tius
2111 1798 2466 1852 attendamus.
2502 1798 2739 1852 Delectat
2780 1800 2920 1853 enim
2966 1814 3051 1855 me
3082 1800 3236 1870 hujus
3264 1802 3435 1856 sancti
3466 1802 3565 1857 viri

280 1882 496 1937 dentius
530 1883 772 1952 injurict,
802 1897 855 1939 et
904 1895 1154 1953 paternas
1185 1887 1329 1956 leges
1375 1887 1661 1958 infringat?
1692 1889 1872 1943 Voluit

284 1975 428 2029 enim
460 1991 547 2030 me
587 1976 1073 2045 anathematizarc,
1106 1989 1158 2034 et
1192 1981 1445 2035 Basiliam
1484 1982 1746 2039 Cmsarea:
1773 2024 1786 2049 ,
1819 1993 1873 2039 et

296 2076 603 2142 Paulinum,
629 2088 682 2132 et
720 2080 1098 2149 Epiphanium,
1130 2091 1183 2137 et
1222 2080 1512 2137 Diodorum
1547 2084 1827 2155 episcopos
1852 2130 1867 2154 ,

283 2180 342 2225 et
390 2171 487 2225 soli
536 2171 690 2226 Vitali
749 2176 1168 2229 communicare.
1208 2193 1226 2226 ι
1268 2175 1407 2230 Ecce
1452 2178 1611 2230 etiam
1646 2179 1870 2244 Petrus,

296 2262 578 2317 Athanasii
610 2276 913 2325 successor.
954 2280 1104 2335 aeque
1150 2266 1409 2321 nefarium
1442 2268 1586 2321 ducit
1614 2269 1870 2322 Basiliam

287 2354 697 2421 Cmsariensem,
731 2355 1009 2411 Paulinum
1052 2358 1441 2414 Antiochenam
1466 2404 1479 2428 ,
1515 2362 1871 2431 Epiphaniam

286 2452 341 2498 et
372 2444 658 2501 Diodorum
688 2449 994 2518 episcopos,
1044 2458 1294 2520 tanquam
1320 2463 1741 2522 propugnatores
1770 2454 1874 2510 lor-

288 2535 524 2592 tissimos
574 2540 833 2607 veritatis,
880 2542 1371 2608 anathematizare,
1412 2554 1465 2598 et
1500 2545 1652 2599 Vitali
1685 2547 1871 2600 Antio-

288 2627 461 2684 cheno
490 2630 675 2693 alteri,
706 2647 864 2702 quem
898 2633 1205 2703 Apolinaris
1228 2636 1588 2703 ordinaverat,
1633 2651 1876 2691 commu-

291 2723 495 2776 nicare.
561 2722 694 2789 Quis
741 2724 900 2793 igitur
958 2726 1114 2779 istum
1161 2726 1452 2782 Diodorum
1483 2772 1496 2795 ,
1547 2743 1707 2799 quem
1751 2746 1873 2783 cum

290 2812 513 2880 Basilio,
561 2824 617 2869 et
669 2815 920 2880 Paulino,
966 2828 1017 2871 et
1058 2817 1377 2886 Epiphanio,
1421 2819 1658 2888 ejusdem
1711 2821 1875 2876 fuisse

275 2901 568 2970 doctrinae,
606 2904 762 2961 Petro
780 2906 1060 2976 judicante
1086 2913 1456 2981 cognovimus,
1493 2916 1572 2968 vel
1599 2915 1679 2980 si,
1712 2924 1766 2969 ut
1794 2915 1875 2969 fe-

291 3003 432 3059 runt,
467 3010 588 3050 cum
619 2997 906 3055 Theodoro
929 3003 1174 3071 culpatus
1197 3018 1223 3056 a
1249 3003 1451 3074 Cyrillo
1474 3007 1742 3068 credatur.
1776 3021 1875 3077 pro

289 3088 412 3157 ejus
438 3092 703 3145 sententia
737 3092 1006 3147 existimet
1041 3111 1160 3149 esse
1182 3096 1578 3151 damnandum?
1623 3101 1724 3152 Aut
1755 3100 1875 3169 quis

1976 1887 2239 1944 Timothei
2274 1891 2430 1944 verba
2462 1898 2724 1958 repetere,
2754 1892 3200 1961 quemadmodum
3234 1904 3289 1950 et
3312 1896 3565 1952 virtutem

1978 1982 2250 2035 Athanasii
2278 1994 2597 2037 consecutus
2619 1992 2673 2038 et
2694 1983 2896 2050 scdcm,
2923 2000 3043 2039 cum
3069 1986 3298 2041 Diodoro
3319 1988 3523 2043 diceret
3550 2006 3564 2043 :

1960 2074 2141 2128 ‘Vobis
2182 2090 2244 2128 ex
2291 2083 2442 2129 certo
2489 2073 2742 2130 donatum
2789 2085 2892 2143 est,
2922 2092 3025 2130 non
3057 2079 3229 2132 solum
3260 2078 3482 2134 credere
3516 2080 3567 2136 in

1975 2167 2243 2222 Christum
2276 2169 2483 2235 Jesnm,
2514 2170 2606 2224 sed
2652 2170 2812 2225 etiam
2846 2185 2941 2240 pro
2972 2171 3088 2239 ipso
3119 2171 3251 2239 pati.
3288 2172 3400 2226 llnc
3429 2188 3568 2243 quo-

1976 2276 2078 2329 que
2110 2261 2288 2315 intulit
2329 2262 2511 2316 dicens
2558 2277 2573 2315 :
2629 2261 2775 2316 Ilanc
2822 2270 2964 2315 tuam
3016 2273 3214 2317 reetam
3259 2252 3314 2319 et
3360 2264 3569 2321 beatam

1975 2355 2116 2407 circa
2156 2354 2325 2408 Deum
2358 2355 2709 2419 voluntatem,
2740 2361 2796 2407 et
2822 2353 3255 2409 indeclinabilem
3290 2355 3429 2409 circa
3460 2356 3572 2421 pie-

1979 2446 2100 2499 tatis
2134 2447 2443 2516 mystcrium
2490 2446 2901 2513 conscientiam,
2936 2447 3062 2501 olim
3111 2447 3259 2501 vobis
3291 2447 3481 2511 inesse,
3517 2454 3569 2502 et

1977 2538 2189 2591 divinus
2224 2538 2301 2591 vir
2332 2553 2464 2606 rapa
2496 2546 2677 2592 noster
2706 2538 3035 2592 Athanasius
3062 2547 3340 2592 attestatus
3373 2546 3454 2591 est
3479 2552 3570 2592 uo3

1976 2641 2102 2683 sua}
2130 2627 2151 2660 ³
2182 2627 2529 2697 religiositati,
2558 2637 2614 2681 et
2648 2642 2745 2681 nos
2775 2642 2902 2681 suos
2931 2627 3225 2696 discipulos
3254 2627 3482 2682 adduxit
3506 2628 3570 2681 ad

1978 2720 2260 2775 amandam
2296 2731 2434 2774 tuam
2466 2719 2847 2790 perfectionem
2873 2738 2886 2773 :
2916 2721 2968 2774 iu
3001 2719 3102 2776 hoc
3126 2721 3341 2792 dignum
3367 2736 3425 2776 se
3451 2736 3574 2792 pro-

1978 2810 2111 2865 bans
2152 2810 2428 2865 Athanasii
2458 2824 2854 2876 successorem,
2887 2811 3025 2879 quod
3057 2811 3171 2879 ejus
3203 2810 3568 2865 testimonium

1977 2917 2082 2956 non
2131 2904 2474 2971 impugnans,
2516 2901 2775 2956 adductus
2819 2900 2888 2955 ab
2932 2916 2997 2957 eo
3042 2912 3135 2956 est
3167 2902 3233 2957 ad
3281 2901 3565 2956 amandum

1977 2996 2364 3066 perfectionem
2414 2996 2659 3064 Diodori,
2703 3011 2857 3066 quem
2903 3006 2957 3051 et
3006 2996 3093 3050 ille
3141 2996 3358 3063 dilexit,
3402 3007 3456 3053 et
3506 2997 3570 3053 ad

1980 3089 2241 3144 orandum
2272 3088 2461 3152 Deum,
2490 3098 2546 3143 ut
2591 3088 2643 3142 in
2687 3088 2973 3142 multorum
3017 3102 3275 3143 annorum
3323 3088 3575 3144 circuitus

291 3179 633 3235 Theodorum
677 3184 794 3237 sine
832 3184 951 3253 ipso
985 3184 1238 3252 Diodoro,
1269 3203 1389 3241 cum
1426 3204 1530 3258 quo
1574 3188 1785 3255 dicitur,
1823 3200 1877 3243 ...ι
1908 3172 1955 3234 C
1990 3180 2151 3234 vitam
2200 3180 2317 3249 ejus
2364 3187 2724 3242 conservaret,
2768 3179 2832 3231 ad
2881 3178 3161 3232 utilitatem
3214 3179 3573 3235 Ecclesiarum

276 3271 608 3339 discipulus,
642 3288 672 3325 a
721 3271 922 3343 Cyrillo
968 3277 1235 3344 culpatus,
1288 3294 1382 3346 pro
1427 3279 1544 3347 ejus
1573 3280 1874 3348 sententia,

291 3372 342 3415 et
390 3376 495 3416 non
540 3379 634 3431 pro
660 3366 851 3435 synodi
895 3366 1237 3436 ptmjttdicio,
1272 3368 1543 3424 existimet
1579 3386 1698 3426 esse
1725 3375 1876 3425 dam-

290 3453 511 3507 natum?
537 3453 852 3510 Timotheus
878 3473 1110 3527 quoque,
1142 3459 1283 3514 Petri
1310 3476 1613 3527 successor,
1643 3464 1731 3533 qui
1755 3478 1875 3517 cum

294 3547 413 3613 ipso
436 3547 452 3578 ¹
486 3545 725 3602 Diodoro
772 3560 973 3618 pariter
1000 3552 1185 3606 aderat
1210 3555 1440 3609 concilio
1473 3554 1527 3608 in
1559 3556 1696 3610 hanc
1739 3558 1877 3611 civi-

293 3638 684 3707 tatetnregiam
711 3648 898 3694 contra
928 3642 1298 3699 Macedonium
1331 3658 1685 3718 congregato,
1720 3651 1799 3705 sic
1829 3652 1878 3705 ei

291 3730 481 3783 scribit
524 3750 535 3782 :
581 3749 599 3781 ι
652 3731 878 3787 Domino
916 3750 1038 3788 meo
1083 3752 1176 3804 rer
1217 3750 1405 3793 cuncta
1450 3743 1783 3809 honorabili,
1828 3752 1881 3798 ct

292 3819 631 3875 sanctissimo
657 3823 909 3893 episcopo
940 3835 993 3881 et
1018 3828 1385 3883 consacerdoti
1421 3831 1668 3897 Diodoro,
1698 3832 1876 3888 Timo-

294 3916 448 3969 theus
494 3915 549 3969 in
596 3914 810 3972 Christo
856 3920 1107 3975 salutem.
1156 3922 1412 3978 Virtutem
1462 3936 1626 3985 tuam.
1659 3936 1713 3980 et
1760 3929 1881 3982 vita:

295 4003 696 4072 perfectionem,
722 4018 773 4062 et
801 4024 829 4062 z
864 4009 970 4064 lum
1003 4020 1165 4065 recta:
1184 4022 1236 4067 et
1265 4015 1572 4082 apostolicae
1606 4024 1707 4069 tum
1740 4018 1879 4081 lidei,

295 4107 392 4164 pro
434 4094 693 4164 dignitate
737 4100 1028 4167 prtrdicare
1074 4115 1406 4171 nequaquam
1441 4115 1646 4174 pulcro.
1676 4110 1882 4163 etiamsi

295 4187 519 4241 nimium
552 4204 914 4260 properavcro
942 4209 955 4248 :
992 4209 1095 4249 non
1126 4197 1268 4249 enim
1301 4208 1579 4267 aequantur
1609 4214 1885 4258 sermones

296 4288 349 4333 et
377 4295 484 4335 res.
516 4281 678 4338 Vobis
720 4300 785 4338 ex
818 4295 966 4340 certo
999 4288 1250 4343 donatum
1283 4301 1386 4359 est,
1420 4308 1522 4346 non
1565 4296 1736 4349 solum
1768 4311 1889 4353 cre-

297 4371 427 4426 dere
473 4371 523 4426 in
569 4372 841 4430 Christum
870 4376 1074 4443 Jesum,
1107 4381 1202 4435 sed
1244 4381 1402 4436 etiam
1451 4400 1545 4452 pro
1594 4387 1712 4456 ipso
1758 4387 1883 4456 pati.

296 4460 442 4515 lianc
468 4471 612 4517 tuam
641 4475 841 4521 rectam
862 4477 920 4523 et
942 4470 1150 4524 beatam
1180 4473 1322 4528 circa
1347 4474 1511 4530 Deum
1538 4476 1886 4543 voluntatem,

1979 3272 2197 3329 Cln-i~ti.
2244 3272 2349 3328 Sed
2408 3272 2629 3326 aliarum
2681 3285 2895 3341 quoque
2957 3272 3231 3325 civitatum
3293 3273 3574 3342 episcopos

1981 3373 2338 3427 transeuntes,
2372 3365 2531 3435 quale
2576 3364 2734 3418 etiam
2783 3372 2998 3418 sanctus
3044 3364 3273 3419 Basilius
3317 3365 3576 3421 Cursarem

1980 3446 2352 3528 Cappadocire,
2388 3458 2620 3512 Diodoro
2669 3457 3027 3531 testimonium
3073 3457 3371 3526 perhibeat,
3405 3458 3573 3514 debe-

1983 3567 2101 3606 mus
2128 3552 2409 3605 advertere
2446 3566 2459 3601 :
2493 3549 2581 3617 qui
2614 3548 2855 3603 scribens
2883 3547 2947 3602 ad
2980 3548 3342 3616 PatrOpbiIum
3372 3550 3580 3618 episco—

1981 3658 2109 3713 pum
2137 3642 2384 3711 IEgenSis
2427 3641 2677 3696 Ecclesia:
2700 3640 2726 3679 δ
2758 3639 2887 3696 dicit
2933 3658 2946 3693 :
3005 3659 3024 3693 ι
3080 3640 3368 3697 Diodorum
3400 3654 3579 3697 autem

1982 3734 2126 3788 velut
2158 3735 2541 3787 nutrimentum
2572 3733 2712 3787 beati
2746 3731 2945 3787 Silvani
2975 3732 3041 3787 ab
3070 3733 3217 3787 initio
3246 3735 3577 3803 accepimus,

1985 3843 2128 3882 nunc
2155 3836 2333 3881 autem
2361 3824 2630 3894 diligimus
2656 3832 2709 3878 et
2730 3824 3082 3893 prtedicamus
3110 3834 3324 3892 propter
3352 3824 3580 3894 gratiam

1983 3919 2145 3974 Verbi
2172 3933 2290 3986 qua:
2313 3920 2359 3985 ei
2384 3917 2554 3982 adest,
2583 3932 2677 3984 per
2703 3932 2859 3985 quam
2891 3915 3099 3986 plurimi
3130 3916 3195 3970 ad
3224 3931 3346 3971 eum
3378 3931 3581 3970 conve-

1986 4012 2245 4067 nientium
2295 4011 2544 4064 melires
2591 4011 2914 4063 efficiuntur.
2971 4028 2989 4062 ι
3042 4010 3292 4080 Idemque
3337 4010 3581 4065 scribens

1988 4104 2087 4173 ipsi
2118 4102 2351 4157 Diodoro
2377 4102 2507 4156 dicit
2535 4119 2548 4156 :
2587 4120 2607 4152 ι
2647 4101 2772 4170 Legi
2804 4102 2964 4155 libros
2988 4117 3018 4155 a
3052 4112 3137 4155 tua
3170 4100 3582 4159 honorabilita'e

1989 4193 2362 4256 transmissos,
2396 4201 2450 4246 et
2499 4191 2734 4245 secundo
2775 4191 2986 4260 quidem
3036 4192 3321 4246 admodum
3381 4194 3582 4259 institi,

1990 4303 2095 4343 non
2128 4288 2296 4342 solum
2331 4296 2548 4354 propter
2579 4284 2926 4347 brevitatem,
2956 4295 3009 4337 ut
3042 4292 3165 4353 pote
3194 4284 3282 4353 qui
3314 4285 3411 4340 sin
3441 4285 3585 4340 circa

1992 4382 2169 4435 omnia
2203 4379 2422 4447 debilis,
2451 4377 2543 4432 sed
2574 4380 2735 4431 etiam
2770 4376 2893 4447 quia
2930 4377 3169 4431 variatur
3196 4377 3498 4440 sententiis,
3530 4385 3586 4432 et

1994 4472 2145 4526 lacile
2170 4486 2234 4526 eo
2256 4470 2276 4500 ‘
2306 4470 2685 4524 discernuntur
2713 4468 3014 4523 econtrario
3045 4468 3411 4538 oppositiones
3437 4478 3492 4524 et
3519 4468 3587 4525 ad

298 4563 348 4606 ct
374 4552 799 4613 indeclinabilem
830 4561 970 4615 circa
1004 4562 1216 4631 pietatis
1257 4568 1566 4635 mysterium
1609 4572 1887 4628 conscien-
1917 4545 1967 4606 Ῑ)
1994 4580 2086 4623 eas
2130 4566 2533 4635 reSpousioues;
2584 4573 2639 4618 et
2683 4572 2764 4618 est
2805 4563 3047 4617 oratione
3092 4563 3341 4631 simplex,
3373 4574 3427 4619 et
3472 4563 3587 4619 sine

298 4644 456 4711 tiam,
505 4647 631 4702 olim
677 4650 828 4705 vobis
874 4653 1081 4723 inesse,
1124 4665 1176 4711 et
1221 4657 1432 4714 divinus
1459 4662 1480 4691 ²
1526 4676 1656 4731 papa
1704 4674 1887 4719 noster

298 4740 625 4798 Athanasius
666 4753 946 4804 attestatus
977 4758 1060 4804 est
1095 4759 1290 4806 vestra:
1323 4753 1676 4825 religiositati,
1705 4766 1758 4812 et
1788 4771 1886 4812 nos

373 4971 398 4998 ⁸
440 4963 742 5040 ᾼιιοιίιιειιίδ
766 4968 1050 5037 discipulo,
1083 4970 1236 5040 cujus
1282 4973 1481 5027 mentio
1525 4974 1609 5027 lict
1642 4974 1736 5027 Iih.
1776 4990 1873 5040 vtt,

301 5047 419 5113 cap.
450 5035 677 5113 3,.etde
699 5057 803 5107 quo
831 5035 1085 5093 Damasus
1110 5035 1238 5111 papa
1265 5044 1315 5096 iu
1344 5045 1564 5113 epistola
1597 5046 1661 5097 ad
1686 5035 1877 5098 Urienl

300 5110 435 5161 tales
459 5123 472 5160 :
501 5107 636 5175 Quid
664 5122 733 5163 est
756 5128 847 5164 cur
867 5107 1236 5167 abdicationem
1263 5107 1514 5169 Timothei
1540 5132 1572 5168 a
1594 5131 1671 5169 me
1692 5131 1874 5169 rursus

300 5179 590 5244 requietis,
623 5182 893 5255 quietiam
918 5182 999 5234 hic
1020 5184 1221 5255 judicio
1249 5187 1383 5239 sedis
1418 5187 1733 5253 apostolicae,
1765 5185 1874 5238 Pe-

300 5257 376 5300 tro
406 5265 602 5319 quoque
634 5250 963 5325 Alexandria:
1004 5250 1241 5325 episcopo
1284 5250 1564 5324 praesente,
1610 5250 1875 5310 abdicatus

302 5327 397 5397 οδεΔ
427 5335 549 5397 una
587 5338 714 5397 cum!
748 5324 992 5397 magistro
1042 5340 1136 5378 suo
1178 5324 1505 5391 'Apolt'ttare?
1541 5329 1605 5382 Et
1654 5327 1707 5382 in
1760 5332 1876 5397 epi-

294 5391 433 5443 stola
462 5390 809 5468 Orientalium
834 5390 927 5448 'ad
960 5396 1152 5468 llufum
1190 5397 1725 5468 Th‘eSsannicensetn
1757 5390 1874 5468 epi-

300 5472 519 5545 sceptttn
566 5464 793 5546 ιιι-δρῦς
833 5468 1022 5546 synodi
1057 5467 1337 5546 Ephesinte
1364 5467 1473 5546 :__'0
1508 5464 1876 5546 τρισμακᾷρὶος

299 5534 537 5594 Δάμασος
562 5537 781 5591 καθεῖλεν
798 5534 1250 5613 Ἀτὶολινὰρωιηκαὶ
1275 5540 1513 5613 Βιτάλιοῡ,
1534 5534 1873 5613 Ξιαῖτνμὸῧενν

373 5736 389 5769 ³
418 5736 552 5793 Cod.
586 5739 802 5803 Veron.,
828 5743 970 5795 beato
999 5741 1247 5797 Diodoro.

435 5810 574 5864 Idem
604 5812 749 5876 cod.,
777 5813 977 5868 divinus
1005 5817 1098 5877 νίν.
1126 5832 1281 5876 papa.
1306 5825 1405 5870 etc.

1996 4660 2105 4714 ullo
2131 4657 2395 4712 sermonis
2426 4654 2690 4710 cothurno
2719 4671 2732 4707 :
2766 4653 2903 4724 quod
2937 4655 3229 4710 convenire
3259 4653 3388 4708 mihi
3417 4655 3588 4709 visum

1994 4760 2075 4808 est
2116 4748 2406 4806 Christiani
2446 4746 2607 4819 stylo,
2638 4761 2743 4802 non
2792 4747 2858 4802 ad
2903 4747 3339 4815 ostentationem,
3376 4746 3470 4803 sed
3521 4745 3589 4803 ad

1981 4977 2102 5033 τοὺς
2142 4968 2443 5046 «ipsum-.5;
2491 4966 2703 5046 Cilnittr
2959 4966 3009 5046 In
3054 4964 3260 5046 _Ecloge
3304 4964 3498 5046 ‘Anast‘
3518 4964 3587 5046 sil

1982 5029 2236 5099 I‘oletnou
2259 5041 2477 5107 impius,
2511 5038 2807 5106 Apolittat‘ii
2838 5038 3157 5104 discipulus,
3191 5029 3324 5091 ἑατᾶ
3348 5036 3589 5104 Τιμςθέου

1984 5120 2048 5170 σεξ·
2058 5116 2321 5171 μμαθητοῦ
2350 5112 2529 5163 αὐτοῦ.

2052 5138 2321 5252 rami“
2650 5178 2875 5252 epistola
2927 5177 2997 5232 92
3047 5183 3303 5252 corrupte
3348 5175 3585 5252 legi_tur:

1984 5246 2272 5329 Πατροφῖλῳ
2303 5250 2566 5329 irrigatier
2588 5261 2677 5329 ζῇς
2700 5254 2751 5305 ἐν
2770 5248 3101 5329 lynci-,1)":
3118 5248 3165 5329 iv
3182 5250 3383 5319 Αἰγαῖς.
3418 5246 3587 5329 gigas

1984 5317 2331 5399 etiam'vocat
2362 5317 2566 5399 Plinius
2600 5323 2691 5399 li_l_).
2720 5337 2771 5399 ιζ,
2797 5317 2917 5387 cap.
2943 5318 3030 5370 ‘27.
3062 5318 3157 5371 Est
3183 5317 3361 5399 autem
3395 5317 3591 5399 ᾤκει]-

1984 5401 2059 5453 sis
2104 5397 2333 5451 civitatis
2376 5392 2577 5447 Cilicia.
2627 5392 2689 5445 II.
2719 5391 2853 5457 Qua:
2891 5404 3021 5443 vero
3066 5388 3331 5457 sequitur,
3361 5388 3591 5457 epistola

1982 5480 2063 5524 est
2117 5467 2292 5521 Itasilii
2343 5462 2469 5522 l67.
2509 5464 2575 5517 ad
2622 5462 2931 5527 Diodorum;
2964 5461 3182 5531 seripta,
3235 5474 3357 5515 cum
3408 5459 3591 5515 adhuc

1986 5539 2268 5608 presbyter
2293 5543 2438 5592 esset
2463 5533 2782 5589 Antiochize.

2074 5740 2093 5771 ³
2124 5737 2265 5791 Idem
2295 5736 2438 5800 cod.,
2468 5746 2658 5791 vestrm.

2074 5813 2092 5842 ⁸
2124 5809 2266 5863 Idem
2300 5809 2443 5862 cud..
2474 5813 2523 5861 in
2551 5828 2627 5860 eo.
