4070 6352
582 276 688 331 615

1676 270 1974 328 FACUNDI
2015 271 2229 334 EPISC.
2274 271 2784 330 IIERMIANENSIS
3748 289 3829 347 6l6

532 446 539 455 ,
584 388 865 445 utilitatem
895 389 1168 445 hominum
1196 384 1603 445 conscribentis.
1637 403 1655 437 ι
1688 384 1757 439 Ει
1781 385 1914 439 infra
1945 402 1958 438 :
1990 404 2008 438 r
2039 386 2171 442 Cer-
2204 389 2255 451 Α
2283 401 2485 441 morem
2524 388 2804 443 temulatus
2832 397 2915 445 est
2941 387 3163 446 Joannis
3189 393 3413 461 sapiens
3439 395 3544 454 iste
3571 411 3735 459 noster
3760 423 3831 477 pa.

588 492 698 539 tum
729 486 871 539 enim
902 484 1098 549 habeo,
1128 483 1268 553 quod
1318 483 1406 553 qui
1455 490 1656 536 tantum
1705 481 1870 537 habes
1909 482 2179 538 scribendi

585 575 851 644 studium,
881 575 1042 630 etiam
1086 575 1191 629 alia
1239 576 1540 643 scripturus
1587 586 1666 628 es.
1699 572 1830 627 Nam
1880 589 2052 642 neque
2091 575 2181 642 qui

583 664 851 719 scribendi
891 666 1203 720 occasiones
1249 672 1509 735 generent
1547 665 1742 720 desunt
1786 666 1976 726 vobis;
2024 666 2185 722 nobis

582 766 764 810 autem
804 771 969 812 suave
993 766 1051 811 et
1076 756 1307 812 amabile
1350 765 1436 813 est
1476 757 1654 826 legere
1681 765 1855 811 vestra
1901 757 2119 826 scripta.
2156 774 2177 810 ι

582 848 650 903 Et
694 856 813 917 post
856 864 1021 917 pauca
1056 867 1068 902 :
1105 867 1124 902 ι
1162 849 1343 905 Direxi
1390 859 1565 904 autem
1612 864 1751 904 nunc
1790 865 1885 919 per
1926 850 2183 905 lectorem

585 937 848 1007 majorem
881 939 1148 1006 codicem,
1178 940 1411 1009 primum
1460 941 1821 1007 pertransiens
1864 954 2010 1007 eum,
2045 940 2185 993 sicut

582 1032 716 1087 mihi
747 1031 1000 1100 possibile
1024 1031 1147 1086 fuit.
1169 1032 1429 1086 Minorem
1456 1042 1633 1085 autem
1664 1030 2028 1095 tenui,volens
2056 1044 2181 1085 eum

582 1122 922 1189 describeze,
951 1131 1140 1177 etnon
1172 1122 1376 1177 habens
1404 1122 1470 1176 ad
1505 1136 1738 1189 pra‘seus
1775 1121 2004 1190 aliquem
2038 1120 2184 1174 velo-

583 1217 720 1271 citer
748 1217 1099 1271 scribentium
1144 1230 1159 1269 :
1206 1231 1326 1270 nam
1357 1231 1525 1284 usque
1556 1214 1620 1269 ad
1654 1223 1852 1269 tantam
1901 1220 2183 1283 pauperta-

587 1313 697 1363 tem
728 1315 1087 1375 pervenerunt
1115 1307 1372 1361 invidiosa
1403 1304 1800 1374 Cappadocum.
1838 1324 1857 1357 ι
1889 1304 2021 1359 Cum
2055 1319 2183 1359 vero

587 1398 747 1452 istum
800 1398 1119 1463 Diodorum,
1143 1412 1444 1468 quanquam
1476 1398 1680 1451 dicatur
1710 1412 1831 1452 cum
1861 1396 2179 1463 Theodoro,

596 1491 704 1543 imo
738 1505 845 1558 pra:
873 1489 1177 1553 Theodoro,
1204 1490 1339 1543 sicut
1367 1489 1481 1555 ejus
1509 1488 1780 1555 magister,
1809 1490 1973 1545 fuisse
2004 1492 2184 1559 culpa-

589 1590 703 1644 tus;
742 1590 917 1633 tamen
951 1581 1071 1649 quia
1109 1581 1185 1633 sic
1216 1596 1337 1633 eum
1369 1580 1539 1648 diligit
1568 1594 1630 1633 ac
1662 1579 1914 1647 przndicat
1942 1580 2027 1633 vir
2056 1594 2182 1632 san—

586 1682 703 1725 ctus
746 1685 800 1726 et
847 1672 1036 1726 doctus
1085 1672 1338 1739 Basilius,
1362 1682 1415 1727 et
1443 1674 1565 1742 quia
1597 1672 1675 1726 sic
1708 1674 1934 1726 honorat
1963 1681 2182 1742 propter

2288 482 2390 539 ter,
2424 485 2479 530 ut
2520 481 2853 547 cognoscatis
2893 482 3142 549 quoniam
3180 492 3235 537 et
3274 486 3683 555 appellationem
3723 500 3831 559 illius

2283 565 2426 634 juste
2448 567 2560 635 ipse
2583 569 2859 636 possidere
2881 571 3057 626 debet.
3085 572 3201 627 Non
3229 588 3344 629 erat
3377 575 3459 631 illi
3482 594 3680 650 mensa,
3697 603 3832 657 neque

2287 657 2489 726 lectus,
2515 674 2688 727 neque
2715 660 2906 716 domus
2937 677 3101 732 super
3130 672 3366 732 terram;
3411 669 3509 724 sed
3556 688 3713 740 neque
3738 680 3830 737 huir

2287 749 2573 819 aliquando
2605 750 2733 817 fuit;
2763 761 2817 807 et
2846 752 3002 822 hujus
3038 756 3115 809 rei
3146 771 3243 811 nos
3273 767 3447 814 testes
3476 777 3675 833 sumus,
3695 774 3828 840 quah-

2288 846 2372 891 ter
2396 854 2555 894 omne
2583 850 2789 910 tempus
2819 844 3041 909 advixit,
3065 848 3422 914 apostolicam
3450 851 3827 918 demonstravitl

2290 929 2487 995 vitam,
2517 930 2647 986 nihil
2695 934 2963 1002 proprium
3014 937 3249 1007 habens,
3280 941 3380 995 sed
3414 959 3444 996 a
3476 948 3635 1002 sociis
3662 967 3831 1023 semper

2288 1022 2520 1077 nutritus
2550 1040 2565 1078 :
2598 1023 2713 1091 ipse
2754 1025 2807 1079 in
2836 1026 3079 1084 oratione
3106 1039 3161 1084 et
3189 1030 3439 1088 doctrina
3475 1035 3627 1093 Verbi
3658 1022 3829 1110 peruia.

2287 1129 2422 1169 nens
2468 1116 2808 1185 prtedicabat.
2858 1119 2950 1174 Ille
2994 1133 3138 1175 trans
3186 1122 3412 1179 ﬂuvium
3461 1131 3757 1196 pradicabat
3792 1137 3830 1193 in

2286 1208 2515 1265 desertis
2567 1228 2580 1263 :
2622 1220 2677 1266 et
2718 1212 2820 1266 iste
2863 1222 3007 1269 trans
3036 1214 3252 1271 ﬂuvium
3283 1219 3579 1289 aliquando
3605 1224 3849 1286 civitatem‘

2286 1317 2499 1358 omnem
2529 1302 2778 1370 edocens,
2810 1304 3138 1361 salutiferam
3167 1308 3474 1365 doctrinam
3500 1312 3732 1372 ducebat.
3756 1319 3826 1373 Ha-

2286 1394 2471 1448 bitavit
2514 1394 2604 1449 ille
2647 1396 2698 1449 in
2746 1397 3008 1461 custodia,
3040 1409 3093 1452 et
3121 1400 3295 1467 capite
3321 1402 3621 1458 diminutus
3645 1418 3716 1461 est
3741 1425 3827 1477 pro-

2287 1500 2405 1558 pter
2431 1488 2676 1542 tiduciam
2705 1505 2862 1557 quam
2894 1505 2990 1557 pro
3022 1493 3135 1561 lege
3165 1493 3399 1549 habebat
3432 1513 3445 1547 :
3475 1498 3569 1551 sed
3596 1501 3735 1553 etiam
3756 1504 3829 1558 iss

2284 1583 2479 1650 smpius
2526 1581 2615 1636 illa
2665 1582 2829 1650 patria
2879 1583 3151 1638 fraudatus
3192 1596 3306 1651 est,
3361 1599 3582 1656 prapter
3627 1590 3827 1646 fiduciam

2286 1688 2443 1742 quam
2478 1689 2573 1743 pro
2601 1674 2708 1728 fide
2749 1675 2915 1744 gerit;
2947 1676 3143 1742 saepius
3168 1677 3331 1732 etiam
3363 1680 3544 1747 capite
3587 1678 3827 1735 diminutas

583 1762 810 1831 gratiam
845 1762 958 1827 Dei,
988 1778 1082 1831 per
1112 1779 1271 1833 quam
1307 1764 1520 1833 plurimi
1547 1763 1614 1817 ad
1645 1779 1767 1817 eum
1797 1765 2177 1819 convenientes
2210 1770 2256 1829 Β
2283 1775 2365 1819 est
2394 1776 2613 1836 propter
2640 1766 2884 1821 eamdem
2911 1782 3159 1831 causam,
3186 1768 3289 1823 etsi
3319 1784 3434 1823 non
3475 1784 3535 1824 re
3574 1770 3705 1838 ipsa,
3732 1786 3827 1838 pto-

585 1852 837 1907 meliores
866 1852 1272 1921 efﬁciebantur;
1303 1867 1356 1909 et
1382 1855 1505 1923 quia
1537 1858 1735 1923 scripta
1765 1856 1881 1923 ejus
1910 1856 2086 1925 legere
2114 1856 2182 1911 ita

586 1958 749 1997 suave
778 1944 852 1997 illi
884 1954 938 1999 et
967 1945 1195 2000 amabile
1223 1945 1340 2008 fuit,
1363 1955 1420 2000 ut
1446 1947 1605 2000 etiam
1636 1962 1695 2001 ea
1728 1947 1829 2001 sibi
1856 1947 2186 2005 describeret

588 2031 653 2085 ad
680 2033 992 2103 legendum;
1021 2035 1255 2090 fautores
1280 2036 1651 2090 brereticorum
1676 2052 1796 2090 cum
1827 2037 1939 2091 suis
1966 2036 2185 2107 dogma-

589 2121 728 2174 tibus
756 2136 1087 2193 nequaquam
1117 2124 1373 2179 datnuare
1406 2136 1735 2195 praesumunt
1763 2143 1774 2178 :
1808 2128 1976 2181 multo
2006 2128 2185 2182 minus

588 2212 955 2279 Theodorum,
990 2216 1059 2269 ob
1093 2231 1152 2269 ea
1188 2232 1307 2286 qua:
1337 2218 1582 2288 superius
1611 2219 2047 2288 memoravimus,
2079 2221 2184 2277 nisi

591 2305 643 2358 in
692 2304 1058 2376 prtejudicium
1108 2310 1299 2379 synodi
1357 2310 1846 2377 Chalcedonensis,
1895 2329 2016 2369 cum
2072 2314 2184 2371 suis

587 2396 925 2466 dogmatibus
961 2397 1216 2454 damnare
1258 2411 1660 2470 praesumerent.
1690 2404 1970 2474 Agendum
2004 2406 2186 2463 venia-

589 2503 708 2543 tnus
726 2500 778 2543 et
796 2492 861 2543 ad
890 2491 1019 2545 illud
1036 2507 1096 2545 os
1110 2508 1192 2546 an:
1210 2509 1329 2548 eum
1349 2496 1919 2567 ConstantinOpolitani
1935 2499 2181 2567 Joannis,

591 2595 749 2651 quem
794 2581 1032 2637 Domnus
1072 2586 1439 2642 Antiecltenus
1480 2589 1785 2658 episeopus,
1814 2591 1951 2645 sicut
1994 2590 2047 2644 itt
2093 2606 2184 2648 se-

593 2676 883 2745 quentibus
909 2678 1272 2742 ostendemus,
1300 2679 1617 2748 discipulum
1651 2680 1868 2735 Diodori
1907 2680 2074 2736 fuisse
2102 2692 2184 2737 te-

592 2776 767 2822 statur
816 2786 829 2821 :
879 2769 929 2823 iit
979 2786 1085 2840 quo
1138 2773 1472 2840 potissimum
1509 2774 1749 2828 doctrina
1785 2776 1911 2830 tanti
1944 2778 2182 2847 magistri

590 2875 701 2914 sua:
730 2862 1010 2929 probitatis
1038 2878 1088 2919 et
1124 2865 1335 2919 virtutis
1362 2866 1506 2920 dedit
1534 2868 1812 2935 indicium,
1840 2878 1894 2922 et
1921 2871 2072 2938 cujus
2103 2868 2182 2923 fe-

593 2951 825 3005 cundum
860 2964 1041 3022 pectus
1083 2956 1383 3023 coplosiore
1432 2961 1545 3026 spei
1578 2960 1772 3014 saturis
1803 2962 2045 3017 ubertate
2092 2979 2181 3017 re-

594 3042 835 3110 spondit,
865 3054 917 3098 ιιι
949 3046 1159 3115 quantis
1204 3048 1318 3117 ipse
1345 3063 1555 3119 quoque
1584 3050 1866 3105 Diodorum
1900 3054 2184 3122 prmeoniis

2287 1859 2460 1927 posito
2505 1870 2702 1915 tamen.
2735 1859 2852 1915 Non
2902 1860 3045 1914 enim
3090 1860 3353 1915 sufferunt
3395 1861 3632 1916 veritatis
3667 1863 3824 1916 inimici

2285 1949 2403 2019 ejus
2434 1951 2621 2021 linguae
2646 1953 2919 2019 virtutem,
2943 1953 3127 2006 decem
3159 1952 3324 2007 millia
3352 1968 3575 2023 semper
3595 1964 3827 2023 praetrac-

2286 2040 2415 2097 bant
2449 2043 2690 2108 insidias,
2715 2052 2770 2097 et
2798 2059 2863 2098 ex
2892 2044 3139 2098 omnibus
3168 2060 3289 2099 eum
3320 2045 3572 2100 liberavit
3601 2046 3823 2101 Dominus.

2285 2136 2397 2206 Age
2427 2135 2623 2206 itaque,
2644 2134 2755 2205 jam
2787 2135 3017 2206 linguam
3044 2138 3163 2205 ejus
3189 2136 3479 2193 audiamus
3504 2156 3517 2191 :
3548 2140 3676 2192 hanc
3699 2140 3825 2208 ipsam

2287 2238 2508 2298 propter
2532 2242 2688 2298 quam
2734 2238 2787 2282 et
2832 2228 3160 2296 periclitatus
3196 2239 3300 2296 est,
3341 2240 3399 2284 et
3442 2229 3687 2285 salvatus.
3714 2231 3822 2303 Illam

2285 2322 2517 2390 linguam
2537 2363 2552 2382 ,
2580 2321 2645 2375 de
2675 2336 2775 2391 qua
2808 2321 2852 2375 si
2883 2321 3003 2391 quis
3044 2321 3242 2377 dixerit
3273 2323 3420 2393 quod
3453 2321 3522 2377 de
3551 2330 3679 2377 terra
3721 2338 3824 2392 pro-

2286 2414 2558 2469 missionis
2584 2413 2717 2467 dixit
2744 2412 2979 2483 Moyses,
3011 2414 3316 2469 nullatenus
3344 2423 3554 2484 peccat.
3585 2414 3706 2479 Quid
3730 2429 3822 2483 ergo

2287 2507 2352 2560 de
2374 2506 2463 2560 illa
2482 2506 2648 2560 dixit?
2672 2506 2834 2559 'l‘erra
2859 2504 3030 2560 fluens
3053 2506 3187 2561 lacte
3208 2516 3261 2561 et
3282 2508 3449 2561 melle
3473 2523 3486 2559 :
3514 2506 3610 2560 hoc
3627 2507 3759 2561 etiam
3777 2506 3824 2562 de

2286 2600 2437 2655 istius
2460 2600 2635 2669 lingua
2653 2598 2936 2654 dicendum
2959 2609 3059 2668 est,
3077 2599 3249 2669 lingu.»
3274 2600 3450 2655 fluens
3476 2605 3607 2655 lacte
3624 2610 3673 2654 et
3686 2619 3711 2651 ιι
3729 2600 3820 2654 olle.

2290 2690 2357 2747 Ut
2396 2693 2556 2763 igitur
2606 2694 2740 2747 lacte
2782 2700 2837 2747 et
2884 2694 3038 2747 melle
3083 2703 3411 2759 saturernur,
3447 2693 3531 2748 hic
3559 2704 3722 2747 noster
3742 2692 3822 2759 jam

2287 2788 2528 2854 quiescat
2549 2801 2747 2851 sermo,
2772 2794 2827 2839 et
2846 2787 3123 2840 audiamus
3154 2787 3321 2854 lyram
3351 2797 3407 2841 et
3434 2788 3628 2841 tubam.
3646 2783 3820 2851 Quando

2287 2881 2429 2935 enim
2459 2883 2775 2935 suavitatem
2805 2882 2978 2936 sentio
3005 2882 3307 2945 verborum,
3336 2882 3509 2951 lyram
3539 2881 3729 2949 appello
3751 2879 3821 2931 ltu-

2283 2974 2370 3039 jus
2402 2988 2619 3037 vocem;
2666 2974 2878 3042 quando
2926 2988 3052 3027 vero
3093 2974 3463 3029 fortitudinem
3497 2972 3820 3041 intelligentia-

2287 3079 2427 3128 rurn,
2458 3064 2634 3117 iubam
2665 3064 2948 3134 quamdam
2975 3064 3235 3128 bellicam,
3263 3076 3316 3119 et
3346 3069 3505 3120 tatem
3534 3065 3724 3135 qualem
3751 3062 3819 3115 ha-

588 3134 839 3189 extulerit
862 3135 1224 3191 advertatnus.
1250 3139 1377 3193 Nam
1409 3140 1487 3195 sic
1513 3142 1580 3196 de
1612 3142 1783 3197 illo.in
1815 3147 2043 3212 quodam
2068 3160 2183 3201 ser-
2213 3145 2257 3206 C
2292 3158 2485 3212 hebant
2507 3157 2698 3223 Judaei,
2727 3174 2845 3213 cum
2877 3158 3092 3214 Jerieho
3124 3174 3304 3214 muros
3331 3134 3679 3214 destruerent.
3704 3158 3818 3211 Sicut

589 3226 982 3281 Inone‘locotus
1009 3239 1090 3281 θυι
1120 3244 1136 3282 :
1168 3248 1185 3280 ι
1222 3230 1451 3300 Sapiens
1494 3234 1596 3288 iste
1638 3242 1690 3289 ct
1721 3234 2041 3290 fortissimus
2086 3238 2185 3291 do-

589 3322 726 3379 ctor,
751 3331 919 3384 nuper
942 3318 1254 3375 iulirtnitate
1284 3325 1525 3392 corporis
1548 3328 1787 3396 exposita
1816 3345 1977 3398 super
2000 3333 2184 3387 sedem

590 3406 744 3462 istam
790 3412 1115 3478 ascendens,
1160 3414 1227 3469 de
1268 3432 1354 3469 me
1396 3420 1659 3473 sermonis
1708 3422 1832 3475 fecit
1875 3424 2183 3485 exordium.

593 3500 878 3570 baptistam
910 3520 993 3559 me
1018 3504 1278 3561 Juaunetn
1309 3509 1512 3573 dicens,
1543 3521 1597 3565 et
1619 3528 1803 3569 vocem
1836 3516 2109 3584 Ecclesire,
2131 3529 2186 3573 et

591 3592 791 3661 virgam
820 3594 1012 3666 Moysi,
1038 3606 1091 3651 et
1118 3598 1218 3651 alia
1250 3600 1439 3655 horum
1475 3603 1703 3671 plurima
1734 3606 1800 3661 de
1832 3623 1915 3662 me
1941 3610 2094 3663 dixit.
2117 3611 2184 3665 Et

590 3679 705 3749 ipse
754 3683 969 3752 quidem
1018 3686 1274 3755 laudavit,
1310 3706 1404 3745 vos
1450 3703 1628 3750 autem
1675 3698 2038 3754 acclantastis.
2074 3702 2180 3758 Sed

595 3786 696 3842 ego
741 3776 921 3842 procul
954 3777 1169 3845 sedens,
1201 3783 1536 3841 amarissime
1576 3789 1859 3856 suspiravi.
1895 3811 1914 3843 ι
1950 3792 2017 3847 Ει
2067 3805 2185 3861 lost

590 3861 863 3931 aliquanta
888 3881 902 3921 :
932 3885 951 3918 ‹
982 3868 1073 3923 Sic
1094 3872 1251 3925 etiam
1277 3872 1625 3944 imperatores
1648 3877 1845 3935 faciunt
1873 3883 2178 3951 aliquoties,

590 3960 649 4007 et
674 3954 771 4009 sibi
805 3967 985 4024 aptum
1019 3960 1260 4016 diadema
1291 3966 1611 4036 auferentes,
1635 3970 1871 4028 filiorum
1902 3976 2182 4046 imponunt

597 4046 889 4115 capitibus;
922 4059 1080 4120 atque
1106 4054 1176 4108 ita
1205 4071 1326 4111 cum
1354 4059 1583 4115 viderint
1610 4064 1789 4119 minus
1820 4065 2062 4123 iufantile
2088 4085 2182 4125 ca-

595 4144 691 4205 put
714 4152 873 4207 quam
902 4156 1101 4198 corona
1132 4155 1234 4213 est,
1261 4149 1482 4219 cupiunt
1507 4154 1585 4208 eis
1616 4159 1982 4214 tantummodo
2011 4160 2183 4232 impo-

589 4247 738 4300 nere,
765 4240 1008 4305 quamvis
1048 4242 1358 4316 incongrue,
1389 4263 1455 4303 eo
1498 4250 1613 4320 ipso
1641 4255 1813 4309 solum
1845 4258 2182 4317 satisfacien—

594 4334 675 4381 tes
702 4333 881 4385 animo
907 4349 1006 4389 suo
1036 4351 1051 4387 :
1095 4337 1395 4395 auferentes
1423 4342 1645 4410 deinde,
1676 4348 1888 4405 sibimet
1916 4351 2046 4420 ipsis
2073 4354 2178 4409 im-

588 4429 813 4493 ponunt.
856 4426 1113 4490 Quoniam
1169 4444 1296 4498 ergo
1343 4441 1400 4485 et
1446 4442 1596 4501 pater
1643 4436 1729 4491 hic
1773 4454 2032 4496 coronam
2078 4444 2179 4499 sibi

2290 3252 2428 3306 enim
2461 3262 2585 3306 tune
2617 3254 2858 3307 tubarum
2901 3269 3092 3317 sonus,
3128 3255 3248 3323 igne
3287 3254 3522 3309 velocior
3548 3268 3693 3322 super
3716 3250 3817 3317 lapi-

2290 3343 2387 3397 des
2414 3344 2645 3407 irruens,
2663 3347 2839 3399 omnia
2872 3348 3221 3400 consumebat
3252 3365 3264 3398 :
3298 3346 3380 3402 sic
3406 3358 3460 3402 et
3482 3348 3593 3415 ejus
3616 3359 3719 3406 vox,
3740 3356 3816 3397 non

2288 3439 2465 3491 minus
2490 3454 2650 3507 quam
2694 3438 2782 3492 illa
2823 3438 2967 3505 tuba,
3000 3453 3159 3508 super
3193 3440 3469 3493 molimina
3500 3438 3816 3492 bmreticorutn

2290 3530 2524 3591 irruens,
2573 3530 2675 3585 hoc
2723 3541 2825 3597 εει,
2868 3531 3253 3599 disputatgones
3302 3531 3514 3587 illorum
3564 3531 3746 3594 evertit,
3780 3534 3817 3580 et

2287 3640 2501 3679 omnem
2542 3625 2874 3679 altitudinem
2918 3626 3260 3681 extollentem
3310 3641 3371 3681 se
3414 3627 3658 3681 adversus
3683 3622 3816 3676 scien-

2287 3724 2412 3770 tam
2444 3717 2557 3771 Dei.
2584 3717 2732 3782 Quod
2767 3732 2833 3772 ne
2866 3733 2961 3785 per
2990 3727 3223 3772 nostram
3254 3720 3423 3788 magis
3451 3718 3670 3788 linguam
3695 3726 3815 3783 quam

2289 3826 2381 3879 per
2415 3812 2571 3882 hujus
2601 3817 2714 3866 lia-c
2743 3812 3006 3879 dit-amns,
3038 3812 3146 3882 jam
3183 3813 3266 3866 hic
3297 3824 3483 3866 noster
3511 3824 3676 3867 sermo
3700 3806 3815 3875 quie-

2286 3914 2424 3967 scat,
2455 3905 2677 3974 gloriam
2707 3906 2895 3960 dantes
2921 3906 3030 3960 Deo
3066 3908 3199 3962 tales
3227 3908 3381 3963 nobis
3406 3905 3648 3962 tribuenti
3671 3902 3815 3957 docto-

2286 4015 2394 4055 res.
2423 4019 2441 4050 r
2473 4000 2618 4053 llanc
2645 3999 3069 4069 eloquentissimi
3101 4000 3324 4056 Joannis
3345 4002 3397 4055 in
3426 4001 3692 4055 Diodorum
3714 4008 3814 4063 pra:-

2284 4092 2492 4158 cipuam
2522 4092 2752 4156 tandem,
2780 4107 2875 4161 per
2895 4108 3054 4162 quam
3088 4094 3241 4148 nobis
3266 4095 3559 4150 doctrinam
3582 4093 3684 4160 ejus
3705 4101 3815 4142 catm-

2287 4182 2557 4236 meudavit
2584 4192 2638 4236 et
2663 4183 2844 4247 vitam,
2875 4199 3179 4253 quanquam
3208 4184 3382 4239 minus
3416 4187 3648 4240 decorem
3674 4193 3813 4237 suum.

2289 4287 2382 4342 pro
2416 4274 2735 4327 necessitate
2767 4273 2933 4340 ipsius
2962 4274 3441 4344 interpretationis,
3469 4274 3548 4330 vel
3578 4274 3720 4327 etiam
3744 4284 3812 4336 pro

2286 4364 2593 4431 interpretis
2638 4363 2908 4429 facultate,
2941 4365 3264 4431 servaverit;
3309 4369 3443 4421 meis
3492 4375 3657 4420 tamen
3694 4360 3811 4422 lange

2286 4453 2579 4523 imparibus
2610 4455 2786 4509 verbis
2814 4456 3193 4511 commendare
3224 4459 3549 4527 superfluum
3579 4464 3705 4524 puto.
3731 4448 3812 4502 Hoc

586 4522 979 4610 corripetenteut
1012 4528 1173 4616 atque
1202 4521 1475 4577 sedentem
1504 4526 1656 4581 nobis
1684 4528 1957 4597 imposuit,
1988 4544 2039 4589 et
2070 4552 2182 4589 tna-
2213 4526 2259 4585 D
2286 4521 2456 4601 solum
2490 4548 2642 4602 nobis
2670 4548 3015 4604 considerare
3043 4521 3457 4619 sumcmgquod
3486 4521 3698 4605 joapnes
3719 4554 3810 4597 etim

587 4597 677 4667 jor
705 4612 887 4655 nostro
917 4606 1095 4674 capite
1124 4611 1400 4677 apparuit;
1428 4628 1492 4667 ex
1526 4631 1709 4671 nostro
1737 4634 1854 4675 eam
1886 4623 2059 4692 capite
2086 4626 2183 4682 de-

592 4691 903 4782 trahentes,
950 4708 1129 4766 aptam
1176 4700 1331 4769 hujus
1379 4706 1541 4773 patris
1598 4709 1757 4776 capiti
1820 4691 2176 4782 imponamus.

586 4780 811 4838 Joannis
858 4788 1003 4843 enim
1054 4806 1250 4847 nomen
1297 4796 1436 4864 apud
1486 4780 1948 4867 nos,intellec:us
1996 4820 2175 4864 autent

585 4877 725 4946 apud
757 4880 929 4946 ipsuut
965 4892 1076 4950 est;
1110 4893 1164 4939 et
1193 4890 1606 4957 appellationem
1635 4896 1850 4966 quidem
1880 4914 1977 4956 nos
2007 4902 2179 4957 susci-

586 4968 791 5063 pimus,
836 4972 1226 5044 philosophiam
1275 4990 1452 5036 autem
1505 4984 1618 5054 ipse
1662 4991 1919 5058 possidet.
1951 4992 2176 5063 Propter

586 5062 689 5119 hoc
731 5073 785 5120 et
826 5065 989 5137 ipsius
1017 5070 1390 5140 appellationis
1413 5075 1611 5146 justior
1634 5083 1802 5152 magis
1830 5085 1944 5155 ipse
1971 5062 2177 5142 altilia:-

582 5170 671 5211 res
693 5172 850 5226 quam
892 5174 1011 5215 nos.
1045 5162 1350 5237 Synonyma
1382 5171 1546 5233 enim,
1579 5187 1683 5227 non
1716 5178 1990 5232 nominum
2023 5194 2177 5233 com-

581 5256 788 5321 munio,
814 5259 908 5313 sed
941 5274 1121 5314 rerum
1152 5267 1397 5332 cognatio
1428 5266 1603 5325 facere
1631 5266 1925 5339 censuevit,
1951 5278 2049 5330 etsi
2083 5294 2177 5329 no-

580 5346 722 5399 utina
754 5348 1020 5404 differant.
1053 5371 1073 5403 ι
1107 5351 1173 5406 Et
1200 5354 1335 5409 infra
1366 5374 1378 5409 :
1416 5377 1434 5409 ι
1470 5361 1602 5425 Quia
1647 5379 1775 5433 ergo
1813 5364 2174 5423 indubitanter

580 5439 683 5494 ista
729 5452 812 5496 est
860 5446 1064 5514 regula,
1113 5457 1167 5503 et
1211 5450 1417 5520 integra
1461 5455 1698 5510 definitio
1745 5473 2166 5530 synonymorum

580 5532 719 5600 apud
765 5533 1093 5604 Scripturam
1134 5540 1390 5610 divinam,
1422 5559 1521 5616 age
1563 5550 1907 5629 ostendamus
1937 5554 2168 5623 qualiter

653 5753 671 5787 ⁸
698 5753 829 5812 Cod.
866 5757 1087 5827 Vcron.,
1114 5763 1484 5827 dt’ltwltslralll.

2286 4640 2529 4708 baptista:
2560 4640 2753 4695 Joanni
2794 4645 3201 4700 conversatione
3246 4659 3309 4699 ac
3355 4644 3602 4715 martyrio
3641 4647 3810 4700 corul’n‘

2285 4746 2431 4799 rans,
2458 4743 2508 4787 et
2537 4747 2690 4786 suum
2721 4748 2916 4789 nomen
2947 4735 3002 4789 in
3022 4735 3172 4789 illum
3206 4738 3471 4791 transtulit
3501 4746 3551 4790 et
3580 4739 3806 4787 coronam.

2282 4821 2381 4887 Qui
2430 4839 2616 4877 rursus
2666 4825 2718 4878 in
2764 4826 2869 4879 alio
2916 4842 3163 4881 sermone
3212 4828 3277 4882 de
3324 4829 3438 4898 ipso
3476 4841 3566 4882 suo
3606 4821 3809 4888 magistro

2284 4913 2513 4970 Diodoro
2557 4916 2732 4972 dixit:
2771 4935 2789 4967 ‹
2825 4916 2939 4973 Νοη
2985 4919 3276 4987 superﬂue,
3307 4920 3444 4975 sicut
3481 4919 3698 4988 apparet,
3722 4920 3807 4960 ser-

2279 5021 2471 5062 mones
2508 5009 2742 5076 prolixos
2770 5010 3150 5077 expendimus.
3176 5013 3282 5068 Sed
3320 5016 3459 5068 euim
3489 5014 3537 5065 in
3566 5011 3806 5073 martyrum

2275 5100 2640 5155 celebratione
2670 5117 3079 5157 commouemor
3101 5106 3259 5159 etiam
3292 5108 3395 5159 vivi
3426 5100 3655 5173 martyris
3678 5086 3804 5149 vicini

2276 5193 2534 5263 martyrio
2580 5192 2819 5248 ﬂuminis
2865 5196 3179 5264 spiritualis.
3226 5196 3391 5251 Vivus
3437 5202 3518 5251 est
3557 5188 3681 5246 enim
3728 5182 3804 5253 ῖδίθ

2276 5292 2496 5352 martyr,
2520 5296 2574 5337 et
2603 5294 2822 5357 martyr,
2846 5287 3107 5355 siquidem
3142 5298 3386 5343 mortuus
3411 5295 3492 5343 est
3510 5280 3685 5351 Serpitis
3705 5284 3799 5341 ιποσ

2276 5376 2467 5443 posito.
2496 5376 2684 5432 Videte
2714 5379 2832 5448 ejus
2874 5380 3114 5435 membra
3155 5382 3489 5445 mortitlcata,
3517 5378 3673 5431 videte
3696 5367 3799 5431 liglI'

2272 5480 2385 5520 ram
2427 5467 2889 5557 circutttfercntcm
2935 5488 3054 5541 qua:
3103 5482 3229 5528 sunt
3269 5472 3512 5537 hominis,
3540 5475 3590 5523 et
3620 5463 3793 5557 sensum

2273 5558 2442 5615 haben
2470 5575 2552 5617 em
2586 5551 2902 5635 angelicum.
2939 5583 2957 5618 ι
2992 5565 3056 5619 Et
3090 5574 3207 5636 post
3238 5567 3498 5639 aliquanta
3528 5580 3540 5617 :
3573 5578 3589 5611 t
3620 5551 3708 5612 Sed
3732 5560 3777 5602 τε
