4070 6352
278 328 382 384 6i?

1128 327 1262 383 ΡΙἶο
1301 329 1723 386 DEFENSIONE
1760 328 1977 385 TRIUM
2016 328 2326 383 CAPITIIL.
2360 329 2465 382 LIB
2531 326 2615 383 IV.

3438 326 3542 383 M3

277 452 550 498 vertamur
576 440 643 494 ad
676 448 959 511 martyrem
1009 440 1167 496 istum
1206 444 1407 497 iterum
1451 456 1667 513 propter
1695 462 1851 514 quem
1889 452 1932 505 Α
1962 459 2021 498 ra
2047 447 2259 515 proprie
2284 448 2299 476 ¹
2336 445 2565 511 Domini,
2592 456 2645 499 et
2674 444 3095 500 necessariorum
3126 455 3384 513 quantum
3402 458 3544 511 Opus

277 545 329 590 et
361 536 463 589 ista
495 534 751 589 diximus.
776 535 1055 600 Quomodo
1087 537 1264 605 itaque
1295 547 1536 591 mortuus
1562 547 1645 592 est
1675 540 1858 592 morti-

280 627 445 679 ﬁcans
485 625 719 679 membra
750 640 865 690 sua,
889 635 944 681 et
965 642 1029 679 co
1053 628 1283 682 iculcans
1314 639 1517 681 natur-.12
1546 629 1860 696 cUpiditates

280 720 335 771 in
370 719 601 772 humano
632 732 875 785 corpore.
904 730 957 771 et
986 720 1281 787 angelicam
1316 721 1467 773 nobis
1489 720 1861 773 demonstrans

276 811 474 863 vitam?
495 810 547 863 Si
570 823 747 863 autem
774 810 931 861 vultis
954 811 1135 863 videre
1156 810 1276 878 quia
1312 822 1363 865 et
1392 828 1447 863 rt:
1478 811 1590 878 ipsa
1620 822 1861 863 mortuus

277 915 393 966 est,
418 903 768 959 recordamini
799 903 941 955 illius
973 905 1226 971 temporis
1253 903 1463 970 quando
1493 904 1681 955 bellum
1708 919 1863 969 aSpe-

280 1010 397 1046 rum
444 995 695 1045 adversus
741 993 1031 1046 Ecclesium
1078 1005 1471 1056 exsurrexerat,
1504 1004 1556 1047 et
1596 996 1863 1049 exercitus

279 1084 653 1146 movebantur,
683 1089 738 1136 et
781 1098 925 1135 arma
978 1084 1428 1152 praiparabantur,
1459 1086 1669 1152 quando
1718 1095 1863 1141 trans

280 1175 498 1228 ﬂuvium
530 1191 720 1229 omnes
748 1177 1225 1245 congregabantur.
1258 1176 1406 1229 Tunc
1438 1178 1550 1245 ipse
1578 1179 1787 1241 exiens,
1811 1188 1863 1232 et

281 1269 428 1320 velut
452 1266 616 1320 turris
646 1278 769 1321 ante
800 1267 989 1336 posita,
1018 1269 1095 1320 vel
1128 1268 1377 1336 scopulus
1408 1268 1619 1337 quidam
1645 1268 1783 1321 altus
1812 1279 1864 1323 et

282 1370 509 1424 magnus
537 1368 662 1409 ante
690 1357 823 1409 alios
862 1364 1027 1421 stans,
1060 1366 1114 1410 et
1143 1358 1533 1411 contrariorum
1568 1358 1865 1426 suscipiens

280 1448 476 1502 ﬂuctus
501 1458 554 1501 et
580 1449 872 1507 resolvens,
900 1449 950 1501 in
982 1450 1363 1517 tranquilli'ale
1391 1460 1639 1502 Caeterum
1672 1466 1865 1517 corpus

281 1535 540 1592 Ecclesia:
586 1539 901 1603 custodivit,
945 1540 1310 1608 repercutiens
1362 1554 1762 1610 tempeStatem,
1813 1551 1867 1597 et

282 1644 545 1699 przestans
570 1630 722 1685 nobis
743 1634 977 1700 quietum
1008 1642 1240 1701 portum.
1271 1653 1286 1683 ι
1316 1632 1468 1686 lluuc
1492 1636 1667 1705 itaque
1689 1634 1865 1687 vivum

283 1734 605 1792 martyrem,
645 1738 708 1777 ac
754 1726 947 1791 saepius
996 1736 1315 1799 martyrem,
1359 1737 1412 1781 et
1460 1727 1867 1781 niortil‘tratinne

1961 546 2075 590 erat
2097 536 2339 604 exigebat
2364 554 2665 591 tui-usuram
2686 555 2701 602 ;
2731 538 3223 606 superabundantnr
3247 546 3423 591 autem
3454 553 3511 591 re
3530 572 3541 579 -

1961 628 2141 697 plebat
2165 629 2484 694 prtL-bentcm
2507 629 2605 681 sibi
2631 629 3075 693 benedictionem,
3091 645 3117 679 a
3139 628 3293 683 vidua
3313 631 3332 658 ’
3359 638 3544 695 petens

1964 734 2173 786 panem,
2222 734 2313 785 per
2361 722 2694 771 occasionem
2742 730 2918 785 autem
2969 720 3238 788 petitionis
3288 729 3544 787 praestans

1962 810 2337 863 abundantiam
2384 809 2767 863 benedictionis
2803 829 2815 864 :
2846 812 2921 863 sic
2951 823 3002 865 et
3035 820 3123 865 tua
3166 810 3544 864 honorabilitas

1966 912 2202 954 nostram
2231 902 2573 970 exiguitatem
2609 914 2810 968 petens,
2846 906 3012 968 magis
3042 905 3135 957 das
3166 921 3322 973 quam
3354 903 3541 961 sumi=.

1966 990 2388 1046 Sttbmiuistrans
2416 994 2629 1059 quidem
2677 1003 2763 1045 tua
2808 994 2871 1045 ad
2906 994 3071 1048 Deum
3104 996 3388 1062 postulatio
3416 1009 3545 1064 cap-

1965 1083 2071 1134 saci
2118 1093 2301 1136 nostro
2345 1083 2751 1137 indeﬁt-ivntiam
2792 1099 2855 1137 ex
2892 1100 3051 1150 parvo
3094 1095 3328 1152 praestat,
3354 1099 3401 1140 et
3450 1083 3547 1155 hy-

1966 1173 2096 1225 dria:
2128 1173 2515 1227 indelicientem
2545 1190 2607 1227 ex
2643 1175 2958 1242 parvissima
3000 1175 3271 1227 cumulum
3306 1173 3544 1242 largitur.

1968 1262 2111 1317 Petis
2142 1263 2320 1332 itaque
2362 1267 2411 1317 in
2458 1266 2715 1333 principio
2755 1266 2995 1333 epistola:
3042 1276 3169 1325 tum,
3202 1264 3547 1327 honorabilis,

1968 1353 2035 1409 de
2078 1356 2339 1423 lapidibus
2388 1358 2436 1409 in
2483 1357 2726 1411 rationali
2767 1356 3218 1424 superbumeralis
3260 1354 3549 1410 sacerdotis

1968 1462 2133 1515 super
2163 1468 2171 1513 ι
2195 1458 2343 1503 ectus
2369 1449 2545 1502 Aaron
2572 1450 2846 1517 dispo~itis
2877 1461 2929 1503 et
2956 1450 3187 1512 insertis,
3215 1460 3269 1503 et
3291 1448 3310 1478 ⁸
3339 1462 3548 1510 eorum.

1969 1549 2023 1592 et
2055 1541 2290 1603 nomina,
2316 1548 2371 1593 et
2398 1540 2633 1608 colores,
2666 1550 2719 1593 et
2751 1541 2978 1608 species,
3005 1550 3057 1593 et
3087 1540 3223 1603 loca,
3251 1548 3306 1591 et
3335 1538 3398 1590 ad
3441 1538 3552 1606 pie-

1972 1641 2132 1684 tatem
2161 1631 2414 1684 ducentes
2446 1632 2679 1698 ipsorum
2715 1632 2947 1700 lapidum
2974 1632 3472 1697 eontetnplationes,
3496 1640 3552 1684 et

1972 1722 2339 1789 unuSquisque
2379 1720 2512 1786 lapis
2543 1735 2637 1789 pro
2666 1722 2803 1791 quali
2838 1722 2974 1774 ttibu
3008 1720 3157 1772 ordin
3179 1729 3282 1772 itus
3321 1730 3467 1781 erat,
3499 1727 3552 1772 et

282 1814 643 1865 membrorum
673 1816 981 1867 continuum
1014 1827 1323 1887 martyrem,
1347 1818 1621 1885 solamque
1649 1818 1866 1887 liguram
1903 1837 1947 1897 Β
1976 1813 2117 1867 unde
2148 1815 2395 1867 inventus
2424 1824 2533 1874 est.
2564 1824 2615 1866 et
2645 1828 2707 1866 ex
2741 1827 2843 1881 qua
2878 1812 3065 1879 patria.
3098 1810 3194 1872 Et,
3225 1811 3377 1865 sicuti
3409 1809 3550 1874 dixi,

280 1903 749 1958 circumferentem
796 1905 1043 1969 hominis.
1076 1907 1235 1959 vitam
1265 1923 1394 1961 vero
1438 1909 1732 1978 angelicam
1775 1912 1867 1966 de-

282 2005 706 2059 moustramem;
739 2010 899 2064 quem
940 2001 1099 2051 etiam
1136 1998 1278 2052 velut
1321 2001 1505 2052 turrim
1557 2000 1606 2052 in
1661 2002 1865 2068 prtclio,

281 2085 543 2140 adversus
586 2086 828 2141 inimictts
857 2086 977 2141 ﬁdei
1008 2100 1258 2153 stantem,
1291 2099 1344 2145 et
1378 2093 1643 2161 ingentem
1676 2108 1869 2161 scopu-

282 2175 415 2241 lum,
445 2176 677 2231 Joannes
705 2176 821 2247 ejus
850 2178 1142 2249 discipulus
1170 2180 1318 2242 dicit,
1367 2181 1417 2235 in
1462 2198 1619 2249 quem
1658 2195 1871 2237 contra-

283 2268 485 2321 riorum
515 2266 708 2320 fluctus
757 2270 1148 2322 resolvercitur
1197 2269 1354 2334 illisi;
1401 2271 1638 2338 nunquid
1665 2270 1867 2339 justum

284 2359 577 2425 existimas,
601 2359 685 2429 pie
715 2360 981 2429 princeps,
1007 2361 1165 2414 talem
1200 2362 1602 2416 retributionem
1629 2362 1868 2417 labor-am

282 2462 338 2505 et
368 2451 714 2506 certaminum
746 2469 964 2505 suorum
1009 2453 1077 2506 de
1118 2452 1313 2508 Christi
1364 2455 1600 2510 Ecclesia
1648 2457 1867 2521 meri-ri,

284 2555 343 2599 ut
371 2546 436 2598 ab
463 2561 523 2599 ea
553 2547 697 2599 velut
743 2545 1026 2599 htereticus
1068 2547 1418 2601 excludatur?
1460 2547 1571 2601 Non
1616 2548 1868 2605 arbitror.

286 2639 352 2692 Et
400 2644 578 2691 tamen
628 2638 680 2690 in
729 2638 1095 2706 pra'judicinm
1144 2642 1331 2709 synodi
1380 2640 1868 2705 Chalcedonensis,

287 2726 488 2782 idcirco
528 2726 762 2796 jactatur
809 2730 1060 2783 exclusus
1102 2730 1267 2785 fuisse
1296 2731 1631 2797 Theodorus,
1662 2734 1800 2800 quod
1842 2750 1873 2788 a

288 2820 486 2889 Cyrillo
531 2832 763 2872 sectator
808 2820 927 2888 ejus
975 2821 1135 2875 fuerit
1178 2822 1470 2891 judicatus.
1516 2824 1651 2878 Sunt
1699 2826 1873 2881 adhuc

287 2911 455 2964 multa
504 2926 599 2979 pro
643 2913 832 2965 eodem
864 2922 1050 2965 sancto
1080 2912 1314 2966 Diodoro
1346 2916 1520 2983 magni
1548 2915 1766 2969 Joannis
1793 2918 1874 2971 di-

288 3014 394 3068 cta,
418 3019 536 3071 qua:
566 3004 629 3056 ad
660 3005 758 3055 alia
793 3013 1138 3073 properantes
1171 3006 1489 3059 otnittimus.
1520 3007 1871 3074 Epiphanium

290 3111 500 3166 quique
516 3094 965 3166 Cyprium,virum
985 3097 1353 3151 doctissimum
1376 3096 1571 3151 scimus
1594 3099 1873 3164 scripsisse

1974 1902 2128 1956 ttobis
2156 1902 2366 1968 quidem
2397 1901 2585 1954 harum
2619 1917 2796 1954 rerum
2826 1899 3061 1955 difﬁcilis
3084 1898 3180 1951 fuit
3201 1898 3553 1960 omuiuo,vel-

1971 2003 2029 2049 ut
2058 1996 2128 2049 illi
2156 1995 2326 2047 \idutn
2356 2005 2572 2062 prepter
2595 2004 2984 2063 paupertatem,
3008 1992 3258 2046 inventio.
3283 1989 3386 2045 St'ti
3419 1993 3553 2048 sicut

1972 2088 2046 2142 illi
2079 2104 2173 2157 per
2206 2089 2634 2142 benedictionem
2668 2088 2982 2142 miraculum
3013 2089 3263 2156 contigit,
3293 2098 3347 2141 et
3371 2086 3555 2140 Sama-

1972 2180 2159 2234 ritana!
2193 2195 2290 2248 pro
2321 2195 2458 2250 aqua
2498 2180 2737 2233 sensibili
2769 2180 2975 2233 Domini
3016 2179 3326 2249 mysterium
3351 2177 3370 2207 ’⁵
3402 2193 3556 2232 τενθο

1974 2272 2177 2325 labatur
2210 2291 2222 2323 :
2257 2274 2333 2326 sic
2361 2283 2413 2326 et
2444 2274 2597 2325 nobis
2635 2272 2843 2341 exiguis
2880 2273 3245 2334 exstantibus,
3277 2269 3371 2326 sed
3420 2285 3557 2323 novo

1973 2364 2245 2419 intellectu
2277 2374 2329 2418 et
2359 2380 2492 2419 nova
2532 2363 2836 2433 cognitione
2866 2373 2920 2417 et
2951 2378 3086 2415 nova
3119 2362 3353 2424 ratione,
3386 2361 3557 2414 abun-

1972 2456 2149 2512 dantia
2180 2458 2415 2525 undique
2443 2457 2628 2511 effecta
2659 2469 2761 2523 est,
2791 2458 2954 2511 veluti
2984 2473 3049 2511 ex
3086 2471 3275 2526 magna
3307 2457 3558 2511 imbrium

1972 2550 2237 2605 ellusione
2267 2567 2358 2618 per
2410 2553 2705 2605 Orationem
2763 2550 2891 2603 ΕΙί.υ
2925 2561 2980 2605 et
3015 2550 3240 2603 aliorum
3276 2551 3559 2617 prnplteta~

1974 2659 2114 2709 rum,
2145 2660 2370 2712 quorum
2404 2653 2455 2696 et
2486 2643 2623 2699 lilius
2650 2652 2704 2717 et
2730 2642 3024 2712 discipulus
3058 2655 3108 2697 et
3139 2658 3420 2696 successor
3446 2641 3559 2696 exi-

1973 2734 2068 2788 stis
2094 2777 2107 2800 ,
2155 2734 2478 2788 honorabilis
2502 2777 2516 2800 ,
2560 2735 2852 2803 suscipiens
2891 2735 3235 2803 propinquam
3270 2735 3376 2787 illis
3416 2734 3552 2789 hanc

1974 2824 2196 2893 gratiam
2246 2840 2275 2877 a
2327 2824 2572 2889 Domino,
2620 2835 2673 2877 et
2716 2826 2866 2878 nobis
2913 2840 3005 2892 per
3057 2825 3354 2878 orationem
3403 2824 3560 2878 attri-

1973 2916 2160 2970 buens.
2202 2933 2220 2966 »
2257 2914 2372 2968 Non
2407 2916 2555 2982 parvi
2598 2926 2741 2969 esset
2765 2915 2945 2968 indicii
2971 2958 2984 2981 ,
3018 2916 3434 2969 clementissime
3463 2914 3560 2967 int-

1975 3016 2209 3073 perator,
2257 3006 2337 3059 vel
2380 3005 2425 3059 si
2475 3006 2699 3059 aliorum
2745 3007 2956 3059 Patrum
3012 3007 3313 3059 testimonia
3360 3005 3561 3060 deluis~

1973 3108 2089 3149 seut
2115 3097 2157 3160 ⁸,
2184 3097 2379 3152 nullius
2408 3108 2680 3150 auctorem
2713 3097 2931 3149 bmresis
2949 3097 3217 3149 exstitisse
3242 3096 3556 3160 Diodorum,

291 3189 359 3244 :Ie
403 3191 694 3242 haeresibus
744 3188 936 3251 libros,
976 3188 1027 3241 in
1073 3190 1265 3255 quibus
1306 3198 1361 3243 et
1398 3202 1643 3243 auctores
1686 3206 1868 3243 earum
1898 3216 1943 3277 ρ
1976 3188 2116 3257 quod
2155 3203 2276 3242 eum
2313 3187 2664 3257 Epiphanius,
2692 3186 2771 3240 vir
2798 3187 3173 3256 sagacissimus
3202 3198 3249 3240 et
3286 3188 3335 3240 in
3366 3187 3562 3241 doctri-

292 3290 344 3331 et
366 3293 553 3332 causas
575 3279 857 3347 diligenter
880 3278 1215 3348 exposuit,et
1245 3295 1349 3333 non
1382 3281 1553 3333 solum
1583 3280 1868 3336 Diodorum

292 3370 439 3422 velut
481 3380 755 3423 auctorem
806 3370 1031 3437 alicujus
1083 3370 1299 3425 lueresis
1330 3370 1547 3425 tninime
1578 3374 1869 3441 denotavit,

292 3472 479 3512 verum
504 3460 664 3512 etiam
697 3459 748 3512 in
781 3459 971 3514 litteris
994 3461 1102 3513 suis
1136 3460 1219 3512 tali
1251 3474 1374 3514 eum
1408 3461 1607 3516 honore
1629 3465 1874 3532 dignatus

294 3556 397 3611 est,
419 3558 479 3601 ut
524 3548 689 3602 tilium
745 3564 866 3603 eum
919 3557 974 3604 et
1024 3550 1343 3619 discipulum
1400 3561 1454 3605 et
1509 3566 1873 3607 successorem

295 3638 427 3694 Elite
443 3640 777 3708 aliorumque
796 3641 1170 3708 prophetarum
1190 3641 1571 3708 pronuntiaret,
1594 3654 1643 3698 et
1665 3650 1877 3714 propiu-

297 3746 452 3801 quam
503 3732 605 3785 illis
653 3747 683 3784 a
735 3731 957 3784 Domino
1000 3732 1223 3799 gratiam
1262 3734 1466 3786 diceret
1504 3746 1873 3788 consecutum.

299 3824 452 3879 Unde
495 3823 818 3877 conveniens
849 3821 1051 3876 \idetur
1084 3832 1145 3876 ut
1178 3826 1295 3889 hoc,
1326 3825 1462 3877 sicut
1509 3826 1559 3877 in
1606 3825 1723 3879 aliis
1754 3825 1880 3878 feci-

298 3932 437 3981 mus,
467 3933 529 3970 ex
568 3916 808 3986 epistolae
854 3917 1020 3982 ipsius
1069 3926 1252 3970 tenore
1303 3927 1680 3971 monstremus.
1712 3937 1731 3970 ι
1770 3918 1877 3971 Do-

298 4007 444 4061 mino
476 4023 596 4060 meo
628 4007 927 4059 hunorabili
971 4007 1117 4059 l’ratri
1148 4016 1203 4060 ct
1229 4009 1593 4061 consacerdoti
1626 4008 1877 4069 Diodoro,

299 4098 513 4151 amabili
550 4100 823 4165 episeopo,
854 4097 1178 4166 Epiphanius
1204 4108 1228 4133 ⁸
1259 4098 1308 4151 in
1359 4098 1581 4152 Domino
1628 4100 1875 4155 salutent.

299 4188 534 4243 Gratiam
569 4191 825 4258 majorem
860 4202 1139 4255 praestans,
1167 4204 1326 4258 quam
1355 4190 1640 4257 accipiens,
1670 4192 1881 4258 petebat

302 4281 560 4334 Dominus
589 4296 620 4333 a
646 4280 980 4334 Samaritana
1008 4295 1199 4349 aquam
1231 4280 1412 4333 bibere
1444 4298 1456 4332 :
1493 4281 1603 4349 ipse
1634 4280 1754 4335 fons
1778 4297 1881 4335 cx-

301 4381 469 4436 stans,
497 4371 646 4437 juxta
697 4379 909 4439 puteum
962 4371 1202 4433 sedebat,
1238 4381 1293 4423 et
1324 4370 1567 4438 fatigatus
1596 4384 1661 4424 ex
1693 4371 1884 4424 itinere

254 4472 257 4475 ‘
305 4459 690 4525 inveniebatur,
720 4472 775 4513 ut
804 4471 1197 4530 consequenter
1223 4461 1469 4529 presenti
1497 4475 1763 4527 sermone,
1799 4462 1884 4515 in-

301 4554 627 4605 caruatiunis
659 4568 764 4606 non
796 4554 1080 4607 excederet
1107 4556 1404 4606 veritatem.
1442 4571 1462 4606 ο
1507 4554 1571 4607 Et
1601 4561 1717 4622 p0st
1748 4569 1880 4622 pau-

306 4644 472 4698 lulum
508 4661 520 4696 :
560 4661 579 4695 ι
615 4645 719 4697 Sed
748 4646 909 4699 etiam
941 4643 1058 4713 ejus
1088 4644 1333 4713 discipuli
1364 4654 1415 4697 et
1442 4644 1600 4707 servi,
1630 4659 1661 4698 a
1689 4644 1881 4709 quibus

302 4739 499 4807 aliquid
529 4739 801 4807 petebant,
830 4737 996 4806 magis
1025 4738 1103 4791 eis
1128 4738 1325 4791 dabant
1352 4748 1509 4806 qnam
1550 4737 1885 4806 accipiebant

303 4832 369 4885 ab
400 4831 481 4886 eis
512 4848 526 4886 :
556 4843 609 4885 et
636 4830 1005 4901 alloquebatur
1055 4831 1267 4901 quidem
1308 4830 1470 4897 Elias,
1494 4831 1585 4902 qui
1615 4839 1733 4885 erat.
1757 4830 1888 4899 ligu-

381 5070 409 5098 ι
439 5061 569 5116 lliuc
600 5061 764 5131 liquet
804 5060 871 5114 ad
922 5057 1207 5131 Diodorum
1256 5056 1584 5131 Tarsensem
1625 5053 1880 5131 scriptum

307 5134 473 5203 fuisse
499 5137 567 5187 ab
597 5123 886 5203 Epiphanio
926 5129 1163 5203 libellum
1194 5131 1313 5203 περὶ
1348 5123 1677 5203 gaudeam
1703 5125 1881 5203 ᾼιθων,

307 5205 374 5264 de
406 5196 651 5257 Geminis
664 5196 730 5257 1‘2
759 5202 916 5254 vestis
943 5199 1241 5261 Aaronicae,
1260 5196 1320 5248 'et
1348 5196 1526 5250 libello
1554 5196 1885 5262 prtemissam

310 5283 444 5329 hanc
486 5274 765 5341 epistolam
813 5289 828 5325 :
874 5272 1027 5337 cujus
1058 5268 1368 5341 bodie_par_s
1397 5274 1598 5341 tantum
1630 5264 1772 5317 edita
1803 5273 1888 5315 est

309 5347 360 5400 in
389 5336 617 5415 γυιῧεξιίε
648 5358 767 5396 cum
799 5336 952 5395 nudo,
973 5337 1185 5415 ti0tti_itie
1219 5336 1484 5415 Diodori.“
1523 5405 1534 5415 _
1617 5412 1626 5415 _
1748 5404 1759 5415 .
1811 5401 1821 5412 .

388 5414 412 5452 ι’
446 5403 702 5477 Undecim
748 5416 1031 5481 episcopos
1057 5406 1271 5477 A'ngpti
1316 5406 1415 5460 sub
1445 5403 1667 5459 Valente
1688 5444 1701 5467 ,
1735 5403 1888 5457 Aria-

392 5622 402 5650 '
431 5614 563 5669 Cod.
590 5614 808 5675 Verum,
833 5610 1041 5682 praprii.

384 5688 402 5715 '
435 5685 575 5740 Idem
604 5684 750 5744 cnd.,
777 5699 807 5733 a
833 5679 982 5732 uidua
1014 5679 1233 5750 quidem.

386 5754 406 5784 ³
440 5755 579 5809 Idem
608 5754 754 5817 eod.,
782 5762 833 5803 ut
859 5766 1051 5808 eorum.

382 5825 404 5856 "
434 5826 574 5879 Itium
602 5823 749 5886 cod.,
778 5825 964 5875 donum
996 5819 1364 5889 tttysleriorum.

594 5916 865 5976 PATROL.
906 5910 1157 5971 LXVII.

1912 4605 1962 4664 D

1977 3296 2040 3333 na
2080 3281 2356 3335 catholica:
2397 3280 2517 3334 ﬁdei
2550 3280 2884 3333 laudabiliter
2910 3280 3148 3333 dilfamat
3170 3295 3214 3331 is
3235 3320 3250 3344 ,
3282 3294 3385 3335 non
3445 3294 3561 3332 me-

1978 3370 2267 3425 moraverit
2316 3371 2455 3425 inter
2504 3371 2916 3427 literesiarchas.
2967 3372 3180 3439 quando
3228 3384 3399 3437 neque
3443 3368 3563 3424 illos

1976 3466 2064 3531 qui
2101 3470 2223 3516 ante
2250 3464 2542 3515 adventum
2578 3462 2783 3517 Domini
2818 3475 2977 3515 novas
3016 3460 3285 3514 doctrinas
3316 3461 3559 3517 institue-

1982 3563 2102 3606 runt
2132 3595 2145 3618 ,
2171 3552 2432 3606 omiserit.
2466 3552 2599 3606 Cum
2639 3568 2766 3621 ergo
2797 3563 2935 3605 tanti
2971 3552 3124 3605 fuerit
3152 3553 3411 3606 industria
3441 3552 3559 3618 ejus

1978 3654 2139 3713 atque
2164 3646 2412 3708 scientia,
2443 3656 2500 3696 ut
2538 3644 2783 3712 antiquos
2808 3645 2967 3699 etiam
2999 3644 3085 3711 qui
3113 3644 3441 3713 temporibus
3468 3642 3566 3695 Ju-

1981 3738 2221 3789 meorum
2272 3751 2404 3789 nova
2455 3736 2798 3798 docuerunt,
2852 3735 3130 3787 literelicos
3176 3749 3281 3786 non
3334 3743 3567 3795 taceret:

1980 3826 2591 3894 quotnndu’praesentem
2625 3824 2915 3877 Diodorum
2955 3824 3268 3891 magistrum
3302 3822 3567 3880 Theudor“.

1984 3918 2309 3984 prteteriret,
2342 3917 2383 3970 si
2426 3932 2576 3969 nime
2608 3916 2864 3967 doctrina:
2890 3931 3045 3982 quam
3089 3914 3363 3968 Nestorius
3408 3930 3567 3967 secu-

1984 4018 2066 4060 ttts
2107 4017 2189 4061 est
2214 4049 2227 4069 ,
2262 4007 2454 4060 fuisset
2500 4006 2788 4060 inventor?
2820 4006 2994 4074 Super
3026 4006 3140 4060 hzt-c
3170 4017 3345 4059 autem
3382 4005 3569 4077 adjici-

1986 4112 2102 4149 mus
2130 4098 2291 4151 etiam
2345 4098 2719 4164 episcnprrum
2755 4096 3128 4167 Egyptiurum
3156 4099 3242 4164 qui
3277 4099 3325 4149 in
3362 4096 3568 4150 Diome-

1984 4202 2136 4241 sarea
2164 4187 2478 4240 exsulabant
2511 4186 2536 4223 ιι
2569 4188 2668 4238 sub
2701 4186 2922 4239 Valente
2952 4185 3291 4253 imperatore,
3319 4200 3566 4254 magnum

1987 4295 2080 4347 pro
2113 4287 2298 4332 sancto
2332 4277 2564 4331 Diodoro
2586 4276 2970 4331 testimonium.
3004 4278 3132 4330 Nam
3166 4293 3284 4329 cum
3310 4279 3569 4331 adversus

1984 4370 2329 4436 Apolinarcm
2397 4368 2696 4421 scriberent
2754 4368 3003 4420 monachi
3053 4368 3104 4420 in
3160 4366 3326 4421 Nitria
3382 4367 3571 4421 cnnSti-

1986 4460 2082 4515 tuti
2115 4460 2155 4523 ⁸,
2188 4459 2299 4513 Ιιωο
2329 4469 2446 4528 post
2472 4458 2740 4527 aliquanta
2768 4457 3020 4512 dixerunt
3048 4475 3061 4513 :
3102 4475 3119 4509 ι
3160 4458 3414 4512 Miraliilis
3442 4472 3570 4511 Vero

1985 4552 2322 4623 Apolinarius
2368 4552 2499 4606 tales
2551 4551 2755 4605 litteras
2793 4566 2859 4605 ex
2914 4553 3128 4605 nomine
3160 4560 3345 4605 nostro
3396 4551 3570 4603 susci-

1993 4647 2182 4714 piens.
2234 4644 2530 4714 SUSt'ipienS
2576 4645 2737 4698 etiam
2792 4652 2848 4697 et
2893 4644 3160 4711 propriam
3187 4644 3468 4711 epistolam
3519 4644 3570 4694 in

1994 4737 2211 4791 nomine
2258 4735 2486 4805 Adelpbi
2522 4744 2577 4789 et
2627 4736 2845 4795 IS'dori,
2887 4732 3037 4803 juxta
3071 4746 3249 4788 votum
3281 4749 3464 4794 suum,
3518 4732 3572 4786 itt

1998 4839 2201 4884 tantum
2235 4843 2333 4882 nos
2360 4828 2723 4896 contempsit,
2771 4835 2831 4881 ut
2860 4828 2972 4896 ipse
3004 4838 3186 4895 postea
3223 4826 3443 4879 auderet
3463 4824 3573 4877 suis

1992 5068 2177 5107 norum
2205 5052 2430 5116 impulsu
2451 5090 2465 5114 ,
2503 5049 2672 5119 Magni
2700 5048 2838 5103 comi
2868 5048 2910 5119 is
2933 5061 3201 5101 sacrarum
3225 5044 3571 5119 largitionum

1990 5140 2147 5187 opera
2182 5125 2231 5175 itt
2263 5115 2512 5175 exsilium
2539 5115 2739 5188 ejéctos
2761 5161 2776 5185 ,
2804 5135 2865 5170 at:
2891 5118 3234 5188 Diocmsarete
3257 5117 3453 5188 Oppido
3477 5115 3573 5166 I’a.

1993 5185 2213 5247 Irestina:
2261 5191 2503 5244 habitare
2544 5185 2675 5259 jusst
2699 5206 2747 5253 ε,
2786 5198 3079 5259 auc'orest
3118 5186 3306 5239 Petrus
3338 5185 3571 5259 Alexan-

1992 5265 2178 5317 drinus
2222 5264 2274 5316 in
2307 5256 2560 5330 epistola'
2585 5260 2865 5325 circulari,
2920 5256 3092 5330 cujus
3127 5264 3329 5324 partem
3382 5257 3573 5308 recitat

1991 5327 2363 5389 ’l‘heodoretus
2392 5333 2482 5385 lib.
2519 5346 2569 5384 tv
2600 5330 2869 5394 lltstoritn,
2891 5341 3010 5395 cap.
3031 5327 3118 5381 20.

2065 5598 2085 5627 '
2115 5594 2244 5648 Cod.
2272 5593 2490 5656 Veram,
2524 5592 2665 5644 nobis
2705 5591 3002 5659 defuissent.

2068 5668 2089 5697 ⁶
2133 5667 2146 5718 I
2188 5682 2295 5718 em.
2326 5667 2472 5725 cod.,
2504 5658 2775 5714 monachis
2817 5664 2867 5711 in
2921 5658 3095 5712 NIlI‘ia
3125 5658 3429 5711 constituis.
3476 5658 3572 5717 llis

1999 5739 2139 5791 enim
2189 5737 2431 5788 scribunt
2474 5732 2709 5803 cpisr0pi
2741 5731 2971 5802 {Egyptii
3015 5731 3065 5783 in
3111 5732 3433 5784 ltinctesarea
3472 5731 3573 5789 sub

2002 5806 2221 5862 Valente
2256 5804 2577 5859 exsulantes.

3105 5891 3179 5951 20
