4070 6352
568 320 673 391 ets

1684 326 1982 385 'FACUNDI
2027 322 2228 381 EPISC.
2276 320 2777 378 llERlllANliNSlS
3728 330 3811 386 6‘20

571 449 762 505 litteris
786 442 1578 517 accusareirreprebensibilcm
1605 453 1659 497 et
1687 440 2148 514 religiosissimum
2184 446 2223 500 Α
2258 436 2540 489 haereticos
2583 434 2934 500 ruetuoravit',
2980 435 3070 506 qui
3102 437 3170 494 de
3222 438 3527 507 Scripturis
3569 446 3746 501 sanctis
3770 451 3812 504 in

572 540 1028 611 archiepiscopum
1072 537 1371 592 Antiochia:
1416 535 1737 600 Paulinum,
1796 536 1883 604 qui
1941 547 2156 601 semper

570 632 982 687 communicavit
1037 641 1117 684 ter
1162 630 1318 683 beato
1348 643 1496 697 papa:
1543 635 1725 681 nostro
1774 624 2065 679 Athanasio
2103 632 2156 677 et

572 724 899 777 omnibusin
947 721 1235 778 Occidente
1283 718 1600 775 orthodoxis
1648 719 1934 788 episcopis.
1992 716 2155 771 Nobis

570 822 748 869 autem
778 830 841 869 es
870 814 1182 884 acceptione
1214 813 1398 867 talium
1421 812 1718 866 litterarum
1750 812 2057 873 commotis,
2104 817 2156 863 et

571 904 893 959 habentibus
930 905 999 961 de
1054 913 1302 959 accusalo
1337 903 1422 957 vel
1473 904 1693 957 lneresis
1733 903 1814 957 vel
1846 901 2156 956 schismatis

569 997 962 1067 suspicionem,
1012 1010 1155 1065 saepe
1185 996 1525 1049 volueramus
1572 994 1645 1048 illi
1697 994 2014 1047 rescribere.
2048 993 2154 1049 Sed

570 1088 698 1143 dum
756 1090 871 1145 hmc
921 1097 1171 1159 aguntur,
1239 1102 1304 1141 ex
1351 1088 1749 1157 dispensatione
1799 1087 1893 1142 Dei
1945 1086 2158 1142 demin-

570 1191 754 1235 stratae
782 1190 907 1235 sunt
957 1180 1111 1234 nobis
1141 1188 1194 1235 et
1248 1181 1515 1249 inscriptae
1543 1180 1661 1249 ejus
1696 1179 2074 1249 dispositiones
2104 1189 2157 1234 et

572 1272 909 1327 definitiones
937 1274 1005 1326 de
1037 1272 1161 1341 (ide,
1185 1280 1541 1326 consonantes
1568 1270 1649 1326 eis
1678 1286 1799 1341 qua:
1820 1279 1973 1324 antea
2004 1270 2158 1325 inulti

573 1364 855 1418 venientes
885 1365 949 1416 ad
980 1376 1077 1419 nos
1105 1362 1171 1418 de
1202 1366 1317 1433 ipso
1346 1362 1500 1417 nobis
1528 1364 1837 1433 Apolinario
1886 1363 2154 1431 dixeram,

572 1453 830 1509 habentes
859 1470 918 1509 se
948 1471 1052 1508 nou
1103 1464 1248 1509 recte
1300 1456 1367 1509 de
1422 1454 1792 1510 incarnatione
1838 1456 2153 1511 Salvatoris.

570 1546 651 1603 Ad
677 1547 790 1602 hac
818 1547 977 1601 etiam
1019 1557 1072 1601 et
1112 1547 1242 1602 alias
1296 1547 1532 1612 litteras,
1565 1546 1841 1617 inquibus
1888 1547 2157 1601 accusavit

569 1637 935 1691 venerabilem
967 1637 1426 1705 archiepiscopum
1458 1633 1618 1707 Cypri
1673 1635 2030 1705 Epiphanium
2063 1651 2153 1689 or-

568 1729 858 1786 thodoxum
885 1774 901 1798 ,
958 1739 1011 1784 ct
1056 1732 1538 1784 communicantem
1584 1744 1797 1797 semper
1850 1730 2156 1783 beatissimo

2262 538 2485 595 utraque
2514 526 2689 597 lingua
2733 526 2931 597 aliquid
2966 530 3409 598 conscripserunt
3438 549 3452 583 :
3486 548 3589 586 non
3638 541 3814 594 lacuit'

2259 623 2349 692 qui
2384 623 2648 676 hacresum
2684 623 2880 678 fuerint
2909 625 3255 691 conditores,
3306 629 3472 697 quive
3519 622 3813 706 assertores,

2260 714 2342 767 vel
2365 716 2452 783 qui
2483 715 2645 769 etiam
2676 730 2702 767 a
2736 716 3053 784 quihusdam
3096 728 3151 771 ut
3176 718 3424 775 haeretici
3452 736 3813 795 accusarentur,

2259 803 2377 857 aliis
2410 816 2593 857 centra
2622 804 3053 862 defendentibus.
3088 808 3186 876 Qui
3216 819 3403 864 tamen
3452 826 3683 869 sanctum
3712 819 3825 877 Dio-7

2261 894 2451 949 dorum
2482 912 2581 949 nec
2612 897 2663 951 in
2708 900 3065 963 susrucioncm
3098 902 3320 956 ltieresis
3362 905 3576 960 veni-se
3622 912 3813 965 retulit:

2260 989 2326 1044 de
2357 1006 2461 1059 qtto
2487 989 2555 1043 sit
2582 988 2654 1045 ait
2678 1006 2692 1043 :
2729 1009 2745 1042 ι
2787 992 3046 1046 Diodorus
3072 994 3363 1050 Tarsensis
3393 1001 3690 1070 episcopus,
3716 1002 3815 1060 dum

2260 1080 2560 1137 Antiochiae
2610 1092 2754 1137 esset
2802 1087 3110 1156 presbyter,
3141 1090 3311 1157 n-agis
3362 1090 3578 1146 claruit.
3630 1093 3818 1151 Exstant

2259 1172 2375 1245 ejus
2416 1176 2467 1229 iu
2516 1176 2771 1245 Apostolo
2808 1183 3238 1245 commentaria,
3294 1189 3353 1234 et
3406 1181 3572 1234 mulua
3620 1184 3817 1254 alia,ad

2262 1267 2475 1321 Eusebii
2508 1270 2675 1337 magis
2727 1267 3092 1323 characterem
3125 1273 3461 1339 pertinentia
3508 1290 3523 1325 :
3554 1274 3698 1344 cujus
3721 1294 3817 1334 cum

2258 1373 2477 1415 sensum
2508 1373 2726 1414 secutus
2756 1361 2824 1414 sit
2847 1401 2860 1425 ,
2888 1364 3250 1433 eloquentiam
3310 1364 3513 1417 imitari
3558 1384 3654 1421 non
3682 1374 3819 1437 potuit

2260 1464 2482 1524 propter
2511 1453 2865 1523 ignorantiam
2897 1456 3237 1509 saecularium
3295 1456 3623 1512 litterarum.
3659 1478 3675 1512 ι
3707 1461 3818 1516 Cou-

2260 1553 2411 1598 sonat
2443 1555 2618 1598 autem
2650 1543 2736 1598 hic
2785 1560 2964 1599 sermo
3009 1544 3148 1599 belli
3191 1546 3533 1619 Hieronymi,
3564 1565 3661 1618 quo
3686 1552 3819 1608 refert

2259 1637 2562 1706 eloquentia
2610 1652 2872 1691 mtnorem
2931 1639 3216 1693 Diodorum
3266 1639 3480 1706 fuisse,
3536 1644 3702 1697 vetbis
3724 1662 3817 1715 qua:

2262 1727 2677 1781 memoravimus
2728 1728 2869 1781 beati
2922 1728 3134 1794 Basilii,
3166 1730 3367 1799 quibus
3414 1731 3588 1784 eidem
3629 1732 3819 1786 Diodoro

568 1839 719 1896 papae
750 1834 933 1879 nostro
966 1822 1279 1879 Athanasio.
1318 1823 1508 1877 Adhuc
1560 1824 1722 1876 etiam
1771 1831 1824 1875 et
1879 1821 2155 1876 sanctissi-
2188 1827 2233 1887 Β
2258 1821 2499 1875 scribens
2527 1822 2593 1874 de
2623 1821 2758 1875 lihro
2789 1839 2946 1890 quem
2975 1822 3026 1876 ei
3079 1826 3297 1877 miserat
3326 1863 3344 1887 ,
3380 1824 3519 1877 dixit
3552 1841 3566 1875 :
3595 1825 3714 1891 Quia
3741 1840 3813 1878 va-

569 1932 715 1972 mutn
747 1917 1098 1981 Tarsensem,
1132 1923 1185 1969 et
1214 1915 1697 1969 communicantem
1728 1914 1970 1969 similiter
1999 1916 2156 1969 beato

571 2022 723 2078 papa:
745 2018 929 2061 nostro
977 2005 1303 2070 Athanasio,
1331 2015 1385 2059 et
1411 2015 1651 2059 nostrum
1683 2004 1921 2075 ipsorum
1950 2007 2159 2075 episco-

569 2115 696 2170 pum
721 2100 738 2131 ⁸
767 2098 1057 2153 Diodorum
1113 2096 1443 2166 abjudicavit
1469 2098 1489 2128 ³
1527 2096 1742 2166 iniusta:
1792 2113 1886 2167 per
1913 2097 2158 2168 proprias

567 2185 792 2260 litteras,
843 2191 887 2244 si
919 2206 1025 2244 non
1056 2188 1402 2244 abstinuisset
1444 2202 1472 2240 a
1502 2187 1879 2243 communione
1907 2196 2033 2244 ante
2074 2188 2158 2243 di-

566 2297 778 2339 ctorum
806 2283 1229 2339 orthodoxorum
1256 2280 1633 2351 episcoporum
1681 2280 1890 2338 Paulini
1936 2292 1989 2336 et
2020 2280 2160 2351 Epi-

566 2378 773 2446 phanii.
811 2395 832 2430 ι
866 2376 960 2431 His
988 2375 1149 2431 etiam
1176 2374 1529 2431 consideratis
1560 2390 1677 2444 quas
1706 2372 2047 2429 conl‘essores
2070 2375 2157 2429 isti

567 2472 896 2541 loquuntur,
929 2469 1169 2525 confiteri
1218 2469 1479 2524 debemus
1522 2468 1993 2523 condemnandum
2050 2484 2154 2523 non

565 2575 689 2617 esse
720 2559 1027 2626 Diodorum,
1057 2575 1216 2631 quem
1230 2559 1472 2615 videmus
1493 2574 1522 2612 a
1549 2559 1744 2614 talibus
1763 2568 1815 2613 et
1839 2575 1933 2627 pro
1963 2558 2156 2613 talibus

567 2651 954 2721 adiudicatum.
981 2651 1097 2705 Non
1140 2652 1281 2706 enim
1317 2650 1471 2705 decet
1511 2648 1819 2718 Apolinaris
1877 2648 2154 2704 haeresiar-

563 2743 681 2799 cha
722 2756 821 2798 nos
847 2742 1073 2797 inveniri
1104 2742 1300 2809 socios,
1331 2743 1415 2797 vel
1446 2740 1908 2811 irreprehensibili
1930 2751 1984 2796 et
2024 2742 2154 2796 reli-

566 2834 874 2901 giosissimo
902 2834 1127 2890 Paulino
1165 2833 1464 2889 Antiochiae
1491 2844 1546 2889 et
1577 2833 1871 2889 venerabili
1900 2834 2153 2904 episc0po

568 2924 869 2997 Epiphanio
896 2925 1092 2998 Cyprio
1136 2926 1470 2983 contrarios:
1501 2936 1558 2981 ut
1586 2925 1703 2995 ejus
1732 2927 2005 2981 memoriae
2046 2942 2152 2981 non

566 3019 1024 3074 communiccmus
1052 3060 1069 3086 ,
1100 3020 1246 3075 velut
1288 3019 1523 3075 haeretici
1549 3063 1563 3087 ,
1593 3020 1681 3088 qui
1710 3031 1989 3091 propterea
2020 3035 2150 3075 con-

567 3110 851 3164 demnatus
877 3118 960 3164 est
1000 3110 1068 3165 ab
1098 3110 1351 3165 haeretica
1378 3152 1397 3178 ,
1424 3110 1564 3182 quod
1596 3125 1702 3166 non
1745 3112 2095 3168 abstinuisset
2122 3130 2149 3166 a

2262 1915 2433 1968 riatur
2471 1912 2783 1979 Sentent‘iS,
2819 1922 2873 1967 ct
2902 1913 3057 1968 facile
3104 1916 3153 1967 in
3183 1929 3249 1967 eo
3279 1913 3663 1970 discernuntur
3685 1929 3815 1968 econ-

2263 2006 2426 2059 trario
2452 2005 2820 2073 Opposilioucs
2843 2046 2859 2070 ,
2905 2014 2960 2057 et
3010 2003 3074 2057 ad
3106 2018 3199 2058 eas
3252 2005 3661 2071 responsiones,
3686 2014 3815 2059 etest

2259 2096 2500 2150 oratione
2561 2096 2783 2165 simplex
2810 2138 2826 2161 ,
2858 2103 2913 2149 et
2948 2096 3066 2149 sine
3096 2096 3204 2149 ullo
3242 2097 3518 2150 sermonis
3547 2097 3816 2151 cothurno:

2260 2189 2399 2257 quod
2454 2190 2744 2241 coovenire
2794 2186 2923 2240 mihi
2989 2186 3161 2240 visum
3212 2197 3297 2242 est
3346 2185 3633 2242 Christiani
3671 2188 3815 2257 stylu,

2260 2295 2365 2333 non
2394 2281 2459 2333 ad
2503 2280 2951 2344 ostentationem,
2999 2279 3096 2333 sed
3141 2280 3208 2333 ad
3263 2281 3555 2335 utilitatem
3585 2281 3815 2334 hominum

2258 2370 2566 2426 scribentis.
2622 2371 2689 2425 Et
2716 2372 3122 2426 abundaverant
3170 2372 3393 2443 quidem
3430 2373 3585 2427 nobis
3607 2418 3626 2443 ,
3660 2373 3718 2427 ad
3739 2375 3812 2429 de-

2260 2464 2665 2517 monstrandum
2697 2464 2838 2534 quod
2865 2468 3243 2536 proposuimus
3270 2466 3375 2520 ista
3403 2481 3525 2535 quae
3550 2465 3683 2520 dicta
3700 2476 3814 2520 sunt.

2262 2554 2457 2610 Verum
2488 2556 2608 2627 quia
2649 2555 2780 2611 nihil
2819 2558 3227 2638 debcmtivael
3274 2558 3469 2630 gloria:
3521 2560 3679 2629 ipsius
3704 2559 3811 2612 beati

2261 2648 2509 2717 Diodori,
2543 2649 2625 2704 vel
2678 2664 2855 2705 causa:
2903 2650 3194 2720 cognitioni
3245 2652 3266 2683 ⁸⁵
3296 2653 3574 2720 minuere,
3621 2652 3813 2723 qualiter

2259 2742 2421 2797 etiam
2461 2744 2889 2811 predecessores
2920 2746 3082 2800 vestri
3127 2746 3373 2815 religiosi
3404 2745 3683 2815 principes,
3710 2744 3811 2798 Gra-

2258 2835 2457 2901 tianus,
2537 2824 2973 2902 Valentinianus,
3041 2849 3097 2893 et
3161 2837 3338 2909 major
3385 2838 3733 2903 Theodosius,
3773 2833 3812 2889 ei

2258 2928 2457 2984 iuerint
2502 2931 2775 2998 attestati,
2820 2932 3175 2986 omittendum
3234 2946 3360 2987 esse
3407 2947 3516 2985 non
3562 2930 3810 2985 credimus.

2255 3021 2503 3092 Quicum
2534 3022 2835 3078 scriberent
2858 3023 2923 3077 ad
2956 3027 3263 3081 Ausonium
3300 3022 3671 3092 proconsulem
3697 3020 3809 3073 Asia

2257 3118 2324 3173 de
2353 3117 2698 3173 restituendis
2719 3117 2987 3183 ecclesiis.
3013 3119 3081 3172 ita
3107 3126 3229 3188 post
3249 3118 3529 3188 aliquanta
3557 3116 3774 3170 dixerunt
3797 3127 3807 3163 :

566 3204 943 3257 communione
970 3210 1097 3257 ante
1142 3202 1406 3258 dictorum
1454 3202 1900 3259 orthodoxorum.
1935 3205 2154 3260 Accedit
2181 3200 2227 3264 C
2265 3227 2283 3261 ι
2320 3208 2435 3264 Soli
2484 3208 2561 3263 illi
2595 3211 2829 3265 habeant
2869 3210 3168 3277 ecclesias,
3199 3210 3290 3278 qui
3322 3208 3709 3264 communicant
3732 3202 3809 3256 Ne-

566 3293 729 3347 etiam
783 3284 982 3347 nbstra:
1026 3294 1443 3349 consideratioui
1472 3297 1764 3352 auctoritas
1802 3297 2015 3353 concilii
2050 3298 2152 3353 l50

566 3384 941 3455 episcoporum
963 3426 978 3451 ,
1011 3384 1065 3439 in
1111 3390 1246 3440 hanc
1274 3389 1473 3457 regiam
1504 3387 1780 3444 civitatem
1824 3398 2011 3446 contra
2043 3390 2151 3444 Ma-

568 3474 851 3530 cedoniutn
896 3488 1337 3546 congregatorutn
1364 3521 1379 3546 ,
1414 3479 1553 3536 inter
1583 3494 1721 3551 quos
1770 3491 1888 3537 erat
1934 3494 2153 3539 sanctus

567 3570 671 3624 iste
714 3567 990 3624 Diodorus.
1025 3572 1258 3626 Accedat
1283 3573 1424 3642 quod
1467 3574 1519 3629 in
1553 3575 1808 3630 Ecclesia:
1834 3591 1998 3645 pace,
2044 3578 2155 3647 ple-

568 3674 671 3713 nus
717 3659 958 3727 dierum,
988 3676 1107 3716 cum
1138 3664 1304 3732 gloria
1358 3679 1547 3734 magna
1593 3665 1878 3721 defunctus
1928 3676 2033 3723 est.
2089 3669 2154 3723 Et

568 3752 728 3805 nimis
775 3750 945 3805 audax
1004 3751 1240 3821 proiecto
1285 3752 1585 3819 videbitur,
1632 3765 1687 3809 ut
1731 3770 1917 3811 contra
1960 3758 2151 3813 horutn

567 3844 805 3898 omnium
839 3845 1208 3899 auctoritatem
1236 3888 1249 3908 .
1300 3847 1421 3901 talis
1449 3862 1512 3901 ac
1544 3858 1720 3902 tantus
1752 3848 2003 3906 Ecclesia:
2053 3854 2149 3907 do-

567 3948 683 3992 clor
710 3953 806 4008 pro
835 3938 1017 4011 Cyrilli
1046 3940 1276 4009 querelis
1299 3941 1779 3998 anathematizetur
1810 3948 1952 4003 velut
1981 3948 2153 4003 haere-

568 4030 745 4086 ticus:
778 4034 919 4101 quod
942 4043 995 4087 et
1025 4035 1155 4087 istos
1179 4033 1391 4105 iudices
1419 4049 1750 4091 mortuorum
1782 4043 2153 4097 ciinsiderasse

566 4125 892 4179 credendum
914 4135 1015 4180 est.
1048 4124 1153 4181 Sed
1176 4141 1297 4181 cum
1328 4142 1423 4196 pro
1463 4128 1653 4184 iisdem
1683 4130 1916 4201 querelis
1945 4172 1963 4197 ,
1994 4136 2074 4186 vel
2106 4133 2151 4189 si

563 4232 748 4270 verum
782 4218 871 4283 sit,
902 4232 1007 4272 non
1032 4218 1134 4273 nisi
1179 4217 1327 4288 prius
1355 4220 1577 4274 excluso
1607 4223 1863 4293 magistro
1891 4222 2150 4289 Diodoro,

564 4307 777 4363 excludi
805 4308 922 4379 ejtis
951 4309 1243 4380 discipulus
1297 4311 1464 4380 possit
1490 4328 1504 4366 :
1530 4314 1800 4381 quomodo
1823 4315 1890 4367 ab
1914 4314 2030 4369 isns
2060 4331 2153 4369 su-

564 4406 646 4456 lus
674 4401 989 4456 Theodorus
1018 4416 1123 4456 non
1164 4400 1232 4456 ad
1273 4404 1607 4457 eversionem
1631 4404 1823 4474 synodi
1852 4405 2153 4462 Chalcedo-

565 4494 750 4547 nensis
772 4492 1023 4547 credatur
1042 4494 1329 4549 exclusus?
1350 4493 1707 4565 Hieronymus
1723 4511 1935 4565 quoque
1948 4509 2149 4565 noster,

2255 3308 2427 3359 ctario
2474 3302 2496 3333 '
2524 3302 3146 3372 Constmtinopolitann,
3194 3310 3250 3356 et
3302 3300 3587 3357 Timotheo
3616 3299 3810 3352 Alexan-

2255 3394 2445 3462 drino,
2497 3404 2553 3449 et
2594 3394 2811 3467 Pelagio
2873 3394 3141 3450 Laodicia:
3187 3391 3463 3459 Orientis,
3516 3398 3569 3447 et
3616 3388 3810 3443 Diodoro

2257 3488 2440 3553 Tarsi,
2483 3496 2539 3542 et
2569 3486 2734 3542 totius
2778 3485 2991 3542 concilii
3022 3485 3124 3539 sub
3150 3485 3355 3541 vicario
3380 3484 3524 3539 Asia:
3550 3475 3809 3540 constituti,

2255 3592 2312 3637 et
2362 3580 2742 3652 Amphilochia
2772 3581 3026 3650 episcopo
3058 3579 3222 3635 lconii
3247 3618 3266 3645 ,
3296 3591 3352 3635 et
3403 3579 3615 3648 Optimo
3660 3570 3808 3627 Antio-

2255 3674 2419 3730 cltizn.
2449 3674 2507 3728 ln
2558 3672 2781 3729 Pentico
2826 3688 2957 3728 vero
3006 3673 3268 3738 concilio,
3327 3670 3573 3727 llelladio
3599 3665 3810 3735 episcopo

2256 3766 2547 3830 Cmsarem,
2580 3776 2634 3821 et
2683 3766 2940 3833 episcOpu
2986 3764 3241 3819 Melitina:
3270 3762 3484 3825 Otreio,
3510 3771 3564 3814 et
3592 3752 3807 3823 Gregorio

2255 3857 2531 3928 Nysseno,
2589 3866 2646 3911 et
2675 3854 2929 3909 Terentio
2974 3853 3210 3923 Scythiae
3254 3862 3306 3916 ει,
3351 3864 3408 3907 et
3439 3845 3681 3917 Martyrio
3702 3842 3808 3895 llat-

2255 3946 2583 4016 ci0politano
2618 3945 2661 4000 ⁸.
2693 3945 2792 4012 Qui
2823 3959 2948 3998 vero
2994 3955 3049 3997 et
3076 3945 3322 3998 eamdem
3357 3942 3513 3996 (idem
3545 3952 3642 3992 non
3674 3937 3808 3986 hono-

2260 4048 2401 4102 rant,
2436 4036 2600 4090 veluti
2654 4035 2895 4089 hmretici
2950 4034 3020 4085 ab
3069 4032 3313 4088 ecclesiis
3359 4028 3723 4087 excludantur.
3767 4024 3807 4071 el

2259 4144 2531 4199 nunquam
2584 4128 2841 4195 deinceps
2888 4124 2955 4179 ad
3008 4138 3102 4179 eas
3156 4134 3514 4179 revertantur.
3559 4139 3578 4173 ι
3613 4117 3806 4186 Oportet

2258 4223 2400 4277 enim
2430 4220 2664 4289 undique
2711 4228 2833 4289 post
2876 4217 3015 4272 hanc
3046 4217 3218 4287 legem
3261 4228 3537 4286 purgatam
3568 4224 3677 4264 es~e
3694 4200 3807 4271 apud

2261 4329 2451 4371 omnes
2493 4312 2923 4369 Christianorum
2976 4309 3315 4379 religionem.
3367 4311 3500 4364 Cum
3554 4304 3697 4373 igitur
3738 4292 3804 4346 isti

2262 4408 2495 4480 religiosi
2528 4404 2798 4476 principes
2830 4405 2932 4458 hoc
2961 4417 3081 4458 esse
3109 4411 3316 4457 eertum
3350 4398 3597 4454 iudicium
3642 4397 3805 4445 statue-

2259 4503 2401 4565 rint,
2433 4508 2489 4553 ut
2532 4498 2577 4551 si
2606 4497 2727 4565 quis
2757 4511 2862 4550 non
2895 4496 3321 4551 communicaret
3360 4493 3516 4548 beato
3557 4480 3791 4541 Dodoni.

568 4588 651 4638 vir
680 4584 969 4638 admodum
993 4585 1183 4641 doctus
1206 4626 1223 4652 ,
1253 4586 1343 4656 qui
1389 4588 1549 4641 etiam
1581 4596 1741 4642 tantae
1770 4589 1943 4645 fuerat
1970 4592 2154 4647 lectio—
2183 4577 2236 4638 Ι)
2258 4596 2445 4652 eadem
2471 4607 2593 4663 quae
2633 4590 2953 4647 Theodorus
2978 4588 3268 4658 sentienti,
3300 4586 3585 4642 hazreticus
3622 4574 3712 4630 hab
3738 4584 3803 4623 ηε

567 4678 671 4741 nis,
702 4686 758 4730 ut
788 4689 975 4729 omnes
1014 4686 1105 4730 aut
1153 4690 1287 4743 pene
1314 4692 1527 4743 omnes,
1572 4677 1709 4743 sive,
1740 4678 1792 4732 in
1823 4678 2013 4735 Graeco
2040 4684 2155 4739 sive

566 4770 619 4823 iu
653 4769 840 4823 Latino
862 4768 1075 4837 eloquio
1103 4770 1403 4823 divinarum
1450 4770 1849 4842 Scripturarum
1894 4784 2150 4831 tractato-

564 4875 651 4917 res
684 4862 914 4929 legeret,
942 4861 1159 4929 scripsit
1190 4861 1382 4915 librum
1410 4863 1566 4931 cuius
1594 4874 1677 4917 est
1706 4864 1888 4919 titulus
1920 4867 1996 4920 De
2025 4870 2152 4922 viris

565 4954 860 5008 illustribus
880 4992 895 5018 ,
919 4953 970 5006 in
995 4966 1103 5022 quo
1150 4968 1253 5006 non
1292 4954 1464 5007 solum
1498 4954 1791 5011 catholicus
1811 4997 1828 5023 ,
1860 4959 1953 5013 sed
1985 4962 2148 5015 etiam

642 5146 669 5174 "
720 5138 775 5191 ln
821 5136 1019 5192 Codice
1060 5135 1266 5191 Themi.
1318 5135 1357 5190 l.
1399 5134 1452 5196 5.
1486 5136 1548 5189 de
1576 5132 1708 5190 Fide
1736 5136 1985 5192 catholica
2012 5179 2028 5202 ,
2059 5140 2148 5197 ubi

564 5218 742 5262 exstat
763 5213 864 5262 hoc
888 5207 1228 5276 rescriptum,
1258 5222 1535 5276 perperam
1558 5207 1757 5262 editum
1773 5219 1855 5263 est
1876 5206 2146 5265 Terennio.

568 5280 622 5332 ln
654 5282 879 5346 vulgatis
910 5293 1035 5333 vero
1056 5278 1451 5346 exetnplaribus
1479 5280 1670 5349 synodi
1695 5278 2152 5349 Constantinopo-

570 5349 745 5417 litatum
778 5349 1053 5403 Gerontius
1081 5351 1412 5417 appellatur;
1454 5351 1548 5403 sed
1575 5348 1627 5401 iu
1654 5351 1841 5403 codice
1873 5348 2154 5407 Anicie’nsi

564 5416 833 5473 Terentius
859 5431 1040 5488 recte,
1088 5416 1274 5474 uthoe
1319 5420 1457 5475 loco.
1491 5420 1612 5474 Fuit
1638 5432 1814 5475 autem
1863 5420 2152 5477 Tomorum

640 5622 657 5651 ¹
688 5619 823 5675 Cod.
856 5618 1078 5685 Verum,
1104 5622 1477 5689 coepiswpum.

639 5695 657 5724 ²
684 5692 826 5746 idem
856 5690 1002 5755 cod.,
1027 5692 1365 5761 aidjudicuvt't.

641 5764 658 5795 ³
692 5762 833 5815 Idem
864 5763 1009 5827 cnd;,
1045 5760 1259 5815 Ubinon
1293 5764 1473 5816 tacuit

638 5840 658 5866 ⁵
688 5835 831 5890 idem
859 5833 1006 5899 cod.,
1036 5832 1355 5887 COM‘lt‘liOlll.

2258 4699 2343 4743 tur
2367 4706 2380 4739 :
2406 4701 2511 4757 qua
2539 4699 2679 4740 nunc
2700 4683 2908 4739 ratione
2935 4689 3192 4737 statutum
3217 4689 3300 4735 est
3320 4720 3336 4742 ,
3372 4688 3427 4733 ut
3446 4674 3490 4732 si
3527 4670 3635 4740 quis
3655 4663 3801 4757 Tllwf

2257 4756 2446 4835 dorum
2490 4776 2853 4847 Mopsuesnte,
2885 4784 2937 4832 et
2968 4774 3086 4843 ejus
3113 4773 3385 4843 dogmata,
3417 4778 3606 4833 eosque
3634 4756 3710 4827 qui
3730 4756 3802 4803 3'“

2256 4874 2447 4929 similia
2472 4871 2522 4926 ei
2546 4878 2836 4939 sapuerunt
2860 4878 2951 4921 aut
2973 4871 3181 4937 sapiunt
3203 4910 3220 4935 ,
3268 4882 3371 4919 non
3403 4852 3796 4939 anathemallli'lv

2257 4964 2540 5019 luerent-us
2572 4938 2864 5017 habeatur?
2912 4958 3046 5024 Quia
3094 4972 3222 5012 vero
3266 4954 3557 5013 Diodorus,
3601 4938 3800 4996 veritatls

2257 5141 2553 5225 ευξξοίτνυθ.
2576 5136 2626 5189 in
2646 5205 2657 5216 .
2675 5133 2916 5225 sane
2944 5134 3073 5225 λῐοξ.
3088 5113 3798 5225 Insui”?!ﬁliiﬁlii;

2417 5189 2692 5283 riitibltesiu
2714 5189 2998 5283 episcopus
3023 5204 3259 5283 dicitur,
3291 5220 3395 5257 non
3428 5189 3781 5283 diarium-1:29“:

2261 5255 2994 5337 latinia;Trl.s.‘.a;"s;.;;
3031 5255 3342 5346 senatus
3368 5255 3596 5346 “quo...”
3636 5255 3794 5346 χυείεέ

2260 5327 2819 5421 Eieiiiiiiua'omin
2845 5327 3043 5418 synodi
3061 5327 3704 5412 FConStautinopol'itany
3727 5327 3793 5371 ω’

2264 5422 2601 5491 subscripsit.

2337 5622 2357 5651 ⁸
2386 5621 2527 5673 Idem
2558 5619 2705 5685 cod.,
2734 5620 2973 5687 episwpo
3000 5613 3574 5687 Constantinarclitano.
3603 5658 3735 5687 "An:

2333 5691 2355 5722 ι
2383 5668 2526 5744 ί.ῖέέῆ
2547 5668 2705 5757 cliti—ff
2736 5668 3572 5759 iis;a.z;.n;nh...wglimuls
3601 5668 3790 5759 ngf}:

2257 5739 2604 5829 noprilitatttis
2614 5739 2882 5822 in,
2896 5739 3171 5814 subscribi
3183 5739 3791 5829 lnsyiiodoiCouslattllllo‘

2259 5827 2505 5902 pulitaua:
2533 5846 2675 5887 anno
2700 5830 2796 5887 581
2821 5873 2839 5900 ,
2882 5834 2984 5886 sub
3011 5831 3318 5887 Theodosio
3349 5827 3553 5893 Magno.
