4070 6352
296 345 399 401 sat

1193 337 1325 393 PRO
1365 337 1792 395 DEFENSIONE
1831 337 2045 395 TRIUM
2083 292 2396 395 CAPITUL.
2430 340 2556 395 LIB.
2592 340 2676 398 IV.

3476 346 3581 401 623

296 456 565 511 maximus
594 449 946 522 prasdicator,
982 448 1033 503 in
1067 449 1260 504 virtute
1293 449 1382 505 Dei
1412 467 1505 520 per
1537 466 1683 507 arma
1722 454 1885 521 justi-
1914 459 1966 517 Α
1995 456 2300 525 Apolinaris
2328 464 2383 511 et
2432 456 2813 525 discipulorum
2842 459 2961 526 ejus
2990 496 3006 521 ,
3039 457 3126 528 qui
3186 472 3367 527 neque
3401 461 3447 515 si
3470 475 3585 515 ναι-ι

298 550 421 611 tim,
455 564 483 597 a
514 542 719 598 dextris
754 550 806 594 et
852 540 1115 605 sinistris,
1150 543 1410 609 Apostoln
1438 543 1701 608 docente,
1732 544 1891 599 belli-

304 652 487 711 gerare
513 634 768 689 didicerat
794 650 806 685 :
837 632 1075 699 attende,
1106 647 1307 701 quasso,
1344 636 1766 690 clementi~sinie
1790 637 1891 690 im-

304 740 516 803 perator
536 769 551 793 ,
580 724 1026 795 quemadmodum
1061 725 1853 796 pergloriametignuhilitatem
1872 769 1889 795 ,

299 840 397 889 per
426 821 699 877 infamiam
730 830 781 873 et
814 819 1003 873 bonam
1035 819 1248 882 lamam,
1282 820 1405 874 forti
1446 836 1659 888 semper
1696 831 1753 876 et
1778 820 1891 874 ani-

296 930 448 969 mosa
498 912 796 967 intentione
836 911 1154 965 cucurrerit.
1188 911 1341 974 Nam,
1379 912 1517 966 sicut
1547 911 1615 965 ab
1640 912 1894 966 Ecclesia:

298 1007 613 1063 doctoribus
658 1020 870 1072 semper
913 1003 1237 1073 approbatus
1287 1013 1389 1067 est,
1422 1003 1576 1059 etab
1625 1004 1897 1058 haereticis

298 1108 579 1154 accusatus
603 1138 617 1162 ,
648 1096 719 1150 ita
753 1095 911 1151 etiam
964 1110 1178 1162 semper
1207 1110 1234 1147 a
1269 1094 1535 1164 religiosis
1563 1095 1893 1165 principibus

298 1190 572 1252 laudatus,
603 1198 656 1242 et
684 1188 1011 1255 vituperatus
1039 1187 1106 1241 ab
1135 1185 1309 1256 impiis
1331 1188 1620 1241 invenitur.
1650 1186 1894 1242 Julianus

307 1283 510 1337 etenim
542 1279 758 1334 Christo
789 1278 1024 1350 perﬁdus
1070 1277 1391 1348 imperator,
1424 1279 1499 1332 sic
1524 1279 1750 1345 PhOIino
1780 1280 1893 1333 hae-

299 1354 592 1428 resiarchze
621 1375 877 1424 adversus
909 1369 1197 1424 Diodorum
1229 1370 1416 1424 scribit
1446 1388 1459 1423 :
1496 1390 1512 1421 ι
1546 1370 1623 1424 Tu
1654 1369 1892 1446 quidem,

297 1481 332 1519 ο
364 1464 592 1519 Photine
614 1506 627 1527 ,
666 1463 969 1517 verisimilis
998 1465 1205 1517 videris
1228 1504 1242 1527 ,
1282 1471 1339 1517 et
1364 1464 1638 1532 proximus
1667 1467 1899 1527 salvare,

298 1555 642 1611 betiel‘ariens
692 1569 1025 1625 nequaquam
1082 1555 1135 1607 in
1185 1566 1341 1609 utero
1393 1555 1649 1609 inducere
1682 1562 1895 1624 *quem

299 1648 573 1703 credidisti
616 1646 804 1700 Deum.
863 1645 1122 1699 Diodorus
1178 1654 1353 1697 autem
1402 1644 1640 1698 Nazarmi
1674 1654 1891 1714 magns,

300 1739 421 1810 ejus
453 1736 860 1808 pigmentalibus
889 1751 1180 1808 manganes
1208 1751 1406 1791 acuens
1454 1736 1898 1790 irrationabilita-

1994 549 2178 603 tholici
2204 549 2457 610 inissent,
2491 551 2655 604 tantis
2701 549 2941 617 pratferri
2968 550 3290 605 debuerant.
3321 550 3474 606 Nunc
3512 566 3580 607 ex

1998 641 2324 712 principibus
2374 643 2646 710 principes
2696 655 3091 711 cognoverunt.
3124 659 3349 713 quorum
3406 646 3581 713 magis

1994 735 2045 786 in
2076 733 2264 787 eadem
2298 732 2515 786 Diodori
2560 742 2718 801 atque
2765 733 3030 789 Theodori
3091 749 3253 787 causa
3306 734 3567 803 judicium

1994 824 2222 879 debeant
2251 824 2402 890 sequi
2438 841 2449 877 :
2482 834 2658 877 utrum
2702 823 2936 878 Gratiani
2964 868 2976 893 ,
3009 838 3065 879 et
3094 825 3488 894 Valentiniani,
3521 839 3577 880 et

1996 913 2217 983 majoris
2247 913 2566 975 Theodosii,
2591 929 2657 967 an
2686 913 2881 968 Juliani
2906 924 3161 984 apostatae
3187 918 3465 987 sacrilegi,
3494 920 3588 987 qui

1998 1014 2279 1073 propterea
2311 1006 2595 1060 Photiuum
2623 1007 2970 1060 verisimilem
2998 1018 3055 1061 et
3093 1008 3255 1061 saluti
3285 1011 3583 1076 proximum

1996 1094 2125 1148 dicit
2154 1136 2169 1160 ,
2201 1097 2341 1164 quod
2375 1112 2479 1150 non
2511 1136 2528 1161 ,
2563 1104 2621 1150 ut
2652 1097 2914 1149 Diodorus
2939 1137 2954 1160 ,
2980 1097 3032 1150 in
3072 1108 3282 1151 uterum
3311 1100 3589 1156 induceret

1986 1201 2151 1254 quem
2185 1187 2483 1241 crediderat
2518 1187 2706 1241 Deum.
2733 1186 2862 1251 Quis
2891 1198 3067 1241 autem
3093 1187 3245 1250 ferat,
3277 1199 3587 1245 accusatum

1995 1277 2269 1333 a‘Julaoo
2302 1263 2590 1332 Diodorum
2631 1278 2772 1347 quod
2820 1277 2989 1331 Deum
3037 1289 3222 1332 natum
3267 1279 3336 1333 de
3380 1280 3587 1350 virgine
3656 1276 3657 1279 “

1988 1369 2271 1431 taterctur.
2306 1370 2546 1424 accusari
2574 1369 2736 1423 etiam
2780 1383 2811 1422 a
2839 1367 3157 1424 Christianis
3191 1377 3443 1438 tanquam
3488 1371 3589 1426 hoc

1952 1492 1955 1493 ν
1997 1460 2316 1530 negaverit?
2352 1461 2433 1515 vel
2456 1461 2577 1530 quis
2598 1462 2823 1515 audiens
2850 1460 3122 1515 lulianum
3168 1461 3404 1516 Diodoro
3442 1476 3591 1516 com.

1997 1556 2316 1619 minantem,
2359 1556 2502 1623 quod
2548 1553 2731 1608 Jesum
2784 1552 3063 1609 Galilaeum
3117 1553 3283 1607 Deum
3328 1563 3587 1609 aeternum

1998 1648 2346 1714 praedicaret,
2377 1662 2533 1713 quem
2562 1656 2833 1701 mortuum
2861 1657 2913 1700 et
2943 1647 3213 1716 sepultum
3242 1662 3437 1717 negare
3476 1662 3585 1703 non

2000 1745 2226 1807 poterat,
2249 1748 2303 1791 et
2331 1737 2601 1791 dicentem
2626 1747 2905 1805 propterea
2936 1737 3082 1790 illtmi
3105 1737 3279 1805 puniri
3301 1754 3329 1790 a
3352 1739 3465 1792 suis
3484 1737 3587 1791 diis

300 1838 442 1894 tein,
475 1839 664 1883 acutus
696 1827 936 1896 apparuit
975 1828 1212 1894 sophiSta
1258 1827 1532 1897 religionis
1578 1829 1821 1897 agresns.
1871 1846 1891 1880 ι
1927 1853 1975 1911 Β
2003 1845 2213 1884 summo
2240 1830 2525 1898 supplicio,
2567 1829 2707 1898 quod
2742 1829 3120 1883 miserabiliter
3148 1829 3589 1885 imbibenstheo~

300 1923 370 1977 Et
396 1932 514 1990 post
548 1921 818 1990 paululum
850 1937 863 1972 :
905 1938 922 1972 ι
962 1921 1114 1987 Quod
1148 1919 1197 1973 si
1225 1920 1381 1973 nobis
1422 1920 1670 1988 Opitulati
1705 1921 1900 1977 fuerint

301 2013 618 2079 diietdeze,
652 2021 708 2069 et
735 2027 899 2067 music
929 2027 1118 2067 omnes
1144 2053 1159 2078 ,
1191 2024 1245 2067 et
1276 2013 1522 2079 fortuna;
1556 2015 1899 2069 ostendemus

303 2105 578 2157 infirmum
625 2115 679 2157 et
732 2112 1102 2171 corruptorem
1158 2104 1370 2173 legum,
1423 2116 1477 2158 et
1509 2105 1797 2171 rationum,
1847 2116 1902 2160 et

304 2193 684 2265 mysteriorum
710 2208 1070 2263 paganorum,
1111 2204 1165 2249 et
1202 2196 1424 2249 deorum
1457 2195 1787 2251 infernarum
1811 2212 1824 2262 ;
1847 2206 1902 2251 et

303 2289 452 2342 illum
490 2304 684 2342 novum
732 2289 851 2357 ejus
886 2288 1047 2341 [lenm
1079 2286 1356 2343 Galilmum
1384 2330 1399 2355 ,
1448 2305 1604 2359 quem
1637 2299 1897 2344 arternunt

302 2382 543 2437 fabulose
576 2379 849 2450 praedicat,
883 2380 1099 2449 indigna
1149 2391 1323 2435 morte.
1375 2392 1431 2436 et
1459 2380 1729 2451 sepultura
1754 2423 1767 2446 ,
1802 2381 1899 2436 de-

304 2475 560 2528 nudatum
590 2474 830 2527 confictae
859 2489 889 2527 a
924 2473 1159 2527 Diodoro
1208 2473 1445 2527 deitatis.
1487 2493 1505 2526 ι
1540 2474 1692 2529 Sicut
1719 2485 1898 2530 autem

302 2566 483 2620 solent
533 2577 775 2620 errantes
829 2565 1061 2621 convicti
1119 2564 1319 2635 ﬁngere
1374 2564 1515 2637 quod
1562 2578 1679 2622 arte
1730 2569 1900 2637 magis

308 2673 472 2729 quam
525 2658 721 2712 virtute
752 2658 768 2688 ¹
812 2658 1127 2724 vincantur,
1178 2658 1417 2728 sequitur
1445 2658 1628 2714 dicens
1670 2677 1685 2714 :
1746 2679 1766 2712 ι
1793 2661 1900 2717 Iste

306 2749 451 2807 enim
492 2749 633 2803 malo
657 2750 956 2804 communis
988 2749 1233 2823 utilitatis
1254 2750 1491 2805 Athenas
1519 2751 1775 2822 navigans
1796 2792 1809 2816 ,
1841 2760 1899 2807 et

306 2839 692 2912 philosopharis
727 2839 1123 2909 imprudenter,
1175 2842 1499 2915 musicorum
1550 2842 1898 2911 participatus

307 2942 388 2986 est
412 2931 668 2984 rationem
691 2971 704 2991 ,
731 2940 783 2984 et
812 2931 1045 2985 rhetoris
1076 2929 1506 2985 confectionibus
1530 2931 1785 2988 odihili-m
1806 2933 1902 2987 ad-

307 3022 535 3079 armavit
557 3023 787 3090 linguam
821 3023 1078 3076 adversus
1105 3023 1353 3079 cmlcstes
1376 3023 1534 3090 deos,
1567 3039 1736 3094 usque
1764 3025 1901 3081 adeo

308 3117 564 3184 ignorans
614 3132 941 3185 paganorum
990 3119 1279 3185 mysteria,
1323 3131 1641 3186 omnemque
1682 3119 1902 3171 misera-

2007 1920 2255 1989 logorum
2315 1920 2643 1987 piscatorum
2680 1935 2917 1974 errorem
2943 1958 2958 1984 ,
2992 1921 3117 1974 talia
3150 1922 3464 1988 praedicaret
3496 1936 3510 1973 :
3557 1936 3586 1976 a

1999 2009 2321 2064 Christianis
2348 2024 2563 2079 quoque
2612 2009 2819 2078 judicet
2863 2009 3252 2074 abdicandum,
3309 2010 3457 2065 velut.
3498 2011 3588 2079 qui

2001 2099 2184 2154 Iesum
2216 2098 2496 2154 Galilaeam
2524 2099 2796 2152 hominem
2822 2108 3049 2165 tantum,
3090 2115 3197 2155 non
3225 2100 3386 2153 etiam
3418 2100 3587 2156 Deum

2001 2204 2124 2245 esse
2151 2190 2478 2245 crediderit?
2510 2191 2655 2245 Hanc
2684 2191 2861 2257 itaque
2885 2191 3182 2245 fautoribus
3215 2192 3589 2253 haereticorum

2003 2285 2351 2352 proponimus
2395 2286 2703 2353 optionem,
2749 2297 2805 2339 ut
2831 2294 2922 2339 aut
2966 2285 3167 2356 eligant
3205 2284 3401 2341 imitari
3432 2300 3589 2342 senes

2001 2377 2197 2432 rabiles
2252 2378 2439 2433 Patres
2477 2387 2527 2432 et
2572 2378 2854 2447 religiosos
2912 2378 3181 2447 principes
3212 2416 3229 2443 ,
3259 2386 3315 2433 et
3355 2392 3477 2431 cum
3512 2379 3589 2434 eis

2005 2468 2291 2524 Diodorum
2321 2478 2375 2523 et
2395 2468 2739 2525 Theodorum
2774 2470 2998 2538 probent
3029 2485 3042 2535 ;
3076 2478 3202 2537 aut,
3234 2470 3282 2523 si
3332 2469 3590 2539 Apolina-

2002 2579 2116 2619 rem
2149 2565 2318 2634 magis
2347 2573 2400 2619 et
2430 2566 2547 2633 ejus
2585 2562 2914 2632 discipulos,
2945 2552 3110 2632 atque
3132 2563 3421 2629 lulianum,
3454 2563 3590 2618 deli-

2000 2667 2126 2727 gent
2154 2657 2336 2727 sequi,
2371 2674 2475 2712 non
2499 2658 2694 2713 saltem
2723 2668 2949 2727 propter
2974 2658 3115 2713 aliud
3147 2657 3441 2714 Diodorum
3473 2658 3590 2715 cul-

2003 2759 2159 2816 pent,
2192 2750 2309 2819 nisi
2326 2761 2546 2820 propter
2574 2751 2714 2820 quod
2758 2767 2882 2806 eum
2930 2751 3239 2821 Apolinaris
3287 2761 3345 2808 et
3370 2754 3486 2822 ejus
3509 2751 3592 2807 di-

2002 2840 2191 2907 scipuli
2213 2883 2228 2907 ,
2255 2848 2414 2910 atque
2432 2840 2675 2895 Julianus
2693 2883 2709 2909 ,
2726 2841 3071 2897 crediderunt
3098 2856 3221 2898 esse
3243 2841 3589 2912 culpandum.

2003 2928 2157 2999 Quod
2198 2933 2240 2986 si
2271 2934 2491 3000 culpare
2549 2949 2656 2988 non
2686 2942 2909 3004 possunt
2937 2933 3228 2989 Diodorum
3258 2936 3383 3003 quia
3411 2932 3589 2990 Jesttll

2001 3023 2315 3079 Nazarm‘um
2335 3066 2351 3092 ,
2380 3040 2542 3095 quem
2574 3028 2627 3079 in
2661 3026 2868 3080 duabus
2900 3027 3107 3082 naturis
3138 3027 3304 3083 Deum
3335 3026 3590 3091 credidit,

2004 3116 2057 3171 in
2092 3125 2299 3172 uterum
2350 3117 2580 3184 induxit,
2636 3120 2815 3187 ipsum
2836 3117 3021 3173 dicens
3073 3126 3376 3182 internum,
3431 3130 3591 3187 quem

308 3207 489 3261 hiliter
515 3207 812 3273 imbibens,
844 3217 901 3260 ut
930 3206 1110 3271 aiunt,
1156 3208 1484 3277 degenerum
1518 3217 1571 3262 et
1622 3208 1897 3277 impcrito-
1928 3249 1972 3312 Ο
2005 3208 2274 3277 sepultura
2306 3220 2360 3264 et
2388 3220 2659 3265 mortuum
2716 3226 2731 3263 :
2763 3209 3033 3279 quomodo
3076 3210 3221 3279 juste
3247 3208 3593 3265 Theodorum

310 3314 428 3353 rum
457 3298 573 3368 ejus
605 3298 972 3370 theologorum
1006 3301 1329 3368 piscatorum
1377 3315 1640 3356 errorem.
1673 3301 1899 3370 Propter

306 3394 450 3462 quod
489 3391 599 3459 jam
650 3393 740 3446 diu
789 3402 872 3448 est
901 3394 1042 3463 quod
1091 3393 1158 3446 ah
1209 3393 1339 3461 ipsis
1382 3391 1601 3462 punitur
1628 3391 1749 3447 diis.
1777 3392 1896 3448 Jam

307 3485 451 3541 enim
484 3502 578 3550 per
600 3486 805 3540 multus
834 3501 1004 3541 annos
1045 3487 1098 3541 in
1132 3486 1426 3555 periculum
1478 3499 1768 3540 conversus
1789 3526 1806 3552 ,
1843 3496 1899 3540 et

309 3575 364 3632 in
393 3578 796 3644 corruptionem
830 3578 1063 3633 thoracis
1094 3579 1361 3644 incidens,
1389 3576 1454 3632 ad
1482 3593 1748 3633 summum
1781 3595 1900 3648 per-

306 3672 457 3731 ,venit
503 3672 846 3741 supplicium.
897 3672 1068 3727 Omne
1116 3672 1234 3740 ejus
1278 3688 1475 3741 corpus
1522 3683 1897 3742 consumptmn

308 3772 392 3819 BSt
420 3780 432 3813 :
468 3778 587 3815 nam
616 3762 774 3817 mala:
801 3764 916 3831 ejus
945 3764 1325 3828 conciderunt,
1373 3777 1518 3832 rugze
1545 3779 1670 3816 vero
1695 3763 1749 3816 in
1779 3764 1901 3817 alti-

310 3854 547 3908 tudinem
589 3856 831 3922 corporis
861 3855 1250 3910 descenderunt
1280 3872 1294 3908 :
1327 3857 1465 3925 quod
1513 3871 1617 3908 non
1664 3869 1743 3910 e51
1778 3858 1898 3925 phi-

313 3943 604 4010 losOphica:
633 3946 1057 3999 conversationis
1086 3944 1282 3999 indicio
1306 3985 1322 4010 ,
1351 3945 1487 3998 sicut
1515 3946 1683 4000 videri
1727 3947 1838 4000 vult
1868 3963 1897 4001 a

308 4049 371 4101 se
425 4033 698 4104 deceptis,
757 4037 850 4089 sed
903 4034 1127 4104 justitiae
1200 4050 1294 4104 pro
1340 4046 1524 4100 certo,
1574 4036 1901 4106 deorumque

268 4187 292 4211 ο
312 4141 508 4196 preme,
541 4142 645 4196 qua
671 4126 967 4196 percutitur
995 4128 1318 4195 competenti
1350 4130 1558 4182 ratione
1579 4170 1594 4192 ,
1642 4144 1809 4197 usque
1833 4128 1899 4182 ad

308 4217 666 4281 noviSsimum
715 4222 838 4271 vita:
865 4233 975 4271 suae
1016 4220 1176 4272 linem
1207 4233 1451 4285 aSperam
1484 4230 1538 4272 et
1558 4234 1793 4272 amaram
1825 4221 1903 4274 vi-

312 4318 423 4361 tam
455 4309 660 4372 vivens,
689 4321 743 4364 et
787 4309 982 4364 faciem
1018 4311 1222 4376 pallore
1270 4310 1589 4365 conlectam.
1625 4332 1642 4363 ι
1676 4312 1902 4367 Sancto—

316 4416 434 4454 rum
485 4402 805 4456 testimoniis
838 4403 1049 4457 Patrum
1096 4405 1148 4456 in
1177 4402 1448 4470 episcopis
1477 4404 1709 4472 episcopi
1742 4420 1900 4473 supra

312 4494 704 4562 cognovimus,
736 4510 961 4563 quorum
1004 4494 1266 4563 judicium
1314 4496 1463 4564 sequi
1513 4495 1802 4550 debeamus
1850 4500 1902 4551 in

312 4600 475 4643 causa
505 4585 741 4640 Dodoro
769 4585 1166 4653 Tlieodoroque
1194 4587 1496 4652 communi,
1531 4600 1708 4642 utrum
1734 4590 1898 4663 Atha-

315 4677 480 4742 nasii,
510 4676 682 4749 Petri,
716 4677 1021 4745 Timothei,
1058 4676 1273 4746 Basilii,
1322 4679 1575 4745 Joannis,
1612 4672 1896 4750 Epiphanii

311 4782 474 4837 atque
522 4769 901 4840 Egyptiorum
942 4771 1313 4837 episcooorum
1342 4772 1478 4839 apttd
1510 4770 1897 4826 Diocarsaream

317 4877 416 4931 pro
466 4877 589 4916 vera
636 4865 738 4918 lide
777 4866 1172 4928 exsulandum,
1217 4872 1272 4917 et
1322 4862 1900 4934 Constantinopolitani

315 4953 560 5019 concilii,
606 4970 703 5010 nec
764 4973 869 5011 non
928 4956 1227 5010 doctissimi
1280 4957 1376 5010 viri
1436 4954 1792 5026 Hieronymi;
1837 4972 1903 5010 an

312 5168 317 5173 ,
389 5121 414 5148 ⁸
446 5110 649 5180 Nempe
675 5111 963 5166 absurdum
992 5111 1219 5166 ducebat
1244 5111 1449 5181 impius
1469 5120 1708 5177 apostata
1734 5110 1902 5163 Deum

314 5181 589 5241 hominem
621 5181 754 5236 ﬁeri.
791 5187 859 5237 At
888 5195 1073 5236 contra
1122 5180 1384 5254 Cyrilltts,
1438 5180 1708 5236 lulianum
1736 5182 1904 5254 Aretu-

320 5264 437 5305 laus
470 5255 564 5308 lib.
593 5269 667 5316 vt,
691 5255 859 5307 divini
891 5255 1100 5306 consilii
1131 5252 1182 5306 et
1216 5254 1490 5321 sapientiae
1516 5254 1679 5306 fuisse
1716 5252 1897 5313 docet,

314 5334 374 5377 ut
401 5339 522 5377 cum
568 5324 853 5377 humanam
885 5336 1126 5377 naturam
1158 5326 1456 5390 susciperet
1479 5364 1494 5385 ,
1527 5325 1810 5376 humanam
1848 5322 1899 5373 in

316 5412 379 5448 ea
403 5410 618 5449 omnem
651 5410 899 5463 pompam
931 5396 1263 5464 gloriamque
1302 5404 1689 5448 contemneret.
1721 5394 1897 5464 Aliam

310 5467 514 5532 quippe
553 5483 728 5519 rerum
758 5463 1169 5537 testimatiouetn
1203 5465 1353 5518 nobis
1385 5480 1544 5537 esse,
1578 5467 1733 5516 aliant
1765 5463 1895 5537 Deo.

315 5531 705 5608 Aemataoqsih
738 5538 943 5605 inquit,
992 5532 1265 5608 rb'ynvais,
1313 5539 1401 5591 καὶ
1438 5531 1575 5608 ’ὅπερ
1629 5537 1738 5608 East
1796 5531 1904 5608 me?

315 5610 452 5674 ἡμᾶς
468 5605 518 5662 ἕν
544 5605 855 5679 λόγῳποῦτρ
883 5605 1092 5663 uarietas
1112 5606 1205 5660 οἴει
1220 5609 1367 5677 τάχα
1390 5628 1490 5679 που
1514 5605 1905 5679 τέοιεῑσοαιλπερὶ

315 5679 527 5735 nollet).
544 5677 801 5752 ’Βάύόηκας
822 5677 875 5734 δέ
897 5680 1153 5741 παντελῶς
1175 5683 1232 5733 τὸ
1260 5678 1596 5749 μεσολαϐοῦν,
1628 5679 1710 5730 καί
1730 5677 1785 5730 τὸ
1812 5684 1902 5736 τῆς

395 5839 411 5870 ⁸
439 5837 575 5894 Cod.
599 5835 825 5905 Veron.,
851 5837 1075 5893 veritate.

2004 3301 2122 3372 ejus
2146 3302 2465 3372 discipulum
2495 3301 2753 3357 damnare
2809 3304 3136 3371 potuerunt?
3164 3302 3416 3358 Eamdem
3446 3301 3592 3358 enim

2005 3395 2284 3449 amborum
2318 3409 2536 3449 causam
2558 3436 2573 3460 ,
2608 3406 2662 3450 et
2688 3410 2845 3449 unam
2893 3398 3288 3451 accusationem
3316 3394 3477 3449 fuisse
3512 3403 3593 3450 ω.

2005 3494 2215 3540 stantur
2236 3485 2542 3541 amborum.
2571 3483 2805 3541 Proinde
2827 3485 2910 3539 vel
2932 3500 3054 3540 sero
3076 3485 3320 3540 desinant
3350 3485 3593 3542 Theodo-

2006 3579 2188 3632 rianos
2218 3593 2412 3633 vocare
2441 3580 2533 3648 qui
2563 3587 2835 3634 tantorum
2872 3579 3087 3633 Patrum
3122 3582 3481 3634 testimonium
3509 3596 3594 3636 εει

2006 3668 2113 3723 culi
2142 3679 2285 3733 sunt,
2313 3677 2368 3722 ul.
2398 3668 2687 3723 Diodorum
2715 3670 2736 3700 ¹
2771 3670 2990 3723 minime
3006 3670 3365 3724 calidemtiate
3397 3684 3595 3737 praesu-

2008 3770 2234 3815 merent.
2260 3760 2525 3815 Caeterum
2580 3761 2799 3815 nimium
2851 3761 2970 3815 duri
3029 3770 3081 3815 et
3112 3762 3361 3815 obstinati
3418 3762 3596 3817 cordis

2006 3862 2117 3918 est,
2167 3868 2263 3905 nec
2330 3852 2748 3921 approbantibus
2821 3853 3146 3917 Diodorum,
3206 3862 3596 3919 consequenter

2008 3943 2167 3997 etiam
2191 3942 2532 3997 Theodorum
2566 3959 2663 3998 nec
2678 3943 3121 4011 reprobantihus,
3155 3943 3397 4007 credere,
3423 3953 3481 3995 ut
3504 3958 3598 3997 eos

2010 4049 2107 4090 nec
2134 4035 2270 4089 sicut
2300 4036 2495 4088 laudati
2526 4042 2650 4088 sunt
2674 4052 2701 4088 a
2725 4035 2923 4088 sanctis
2945 4034 3191 4087 l’atribus
3218 4032 3465 4097 laudent,
3500 4048 3598 4087 nec

2009 4138 2226 4196 propter
2273 4127 2415 4195 quod
2456 4127 2692 4180 damnati
2740 4136 2867 4180 sunt
2920 4141 2949 4178 a
3002 4124 3276 4193 sacrilegis
3324 4124 3597 4178 damnent.

2016 4222 2208 4274 Verum
2257 4237 2385 4276 ecce
2424 4222 2563 4274 sicut
2613 4220 2843 4289 probas,
2891 4216 3597 4286 serenissimeimperator,

2007 4314 2168 4379 etiam
2190 4315 2233 4368 si
2267 4314 2451 4369 demus
2481 4312 2558 4367 eis
2583 4352 2599 4377 ,
2629 4321 2685 4365 ut
2710 4311 2929 4375 volunt,
2954 4307 3292 4364 Theodorum
3352 4309 3598 4376 Mopsue-

2008 4414 2218 4457 stenuut
2242 4404 2551 4473 episcopum
2597 4418 2625 4455 a
2666 4403 2825 4456 beato
2853 4399 3056 4471 Cyrillo
3096 4398 3261 4454 fuisse
3290 4399 3597 4469 culpatum,

2008 4498 2304 4553 neminivel
2336 4512 2521 4566 parum
2550 4494 2867 4564 intelligenti
2891 4492 3159 4549 videbitur
3178 4533 3194 4557 ,
3226 4491 3367 4560 quod
3396 4499 3453 4547 ιιι
3472 4496 3599 4559 eum

2006 4590 2109 4644 sub
2153 4584 2498 4645 anathemate
2525 4590 2981 4653 condemnarent,
3028 4586 3194 4653 ipsius
3228 4585 3367 4640 beati
3408 4583 3596 4656 Cyrilli

1997 4682 2255 4753 judicium
2295 4684 2459 4737 secuti
2511 4691 2668 4745 sunt,
2718 4680 2857 4750 quol
2904 4680 2956 4733 in
3001 4687 3188 4733 sancto
3217 4679 3423 4733 Joanne
3452 4676 3599 4733 Con-

2003 4776 2479 4843 stantinOpolitano
2527 4774 2647 4845 ejus
2676 4771 3042 4842 condiscipulo
3072 4781 3123 4825 et
3174 4772 3424 4839 magistro
3475 4772 3597 4824 Dio-

2006 4867 2138 4922 doro
2166 4866 2193 4905 ι’
2220 4877 2481 4936 Spernunt
2513 4883 2526 4920 :
2560 4865 2654 4920 sed
2696 4864 2876 4934 potius
2919 4862 3043 4934 quia
3092 4861 3457 4932 prajudicium
3494 4862 3598 4916 Bc—

2009 4960 2189 5015 CIesize
2228 4960 2596 5029 qumsierunt,
2648 4967 2707 5012 ut
2753 4956 2874 5027 ejus
2919 4955 3365 5011 condemnatione
3413 4962 3597 5010 sancta

2010 5115 2143 5173 θείας
2173 5109 2322 5178 δόξης
2367 5114 2697 5186 ἀνῳκισμένον
2724 5153 2740 5179 ,
2788 5113 2993 5170 καὶτῆς
3044 5110 3092 5162 ἐν
3133 5110 3249 5178 ἡμῖν
3278 5106 3495 5166 διανοίας
3542 5109 3597 5163 τὶ

2110 5186 2414 5237 κροποεπές.
2442 5191 2548 5237 etc.
3348 5202 3351 5207 '

2010 5204 2414 5259 σμικροπρεπες,
2442 5198 2548 5237 etc.
3348 5202 3351 5207 '
3390 5246 3402 5259 .

2083 5253 2108 5292 ιι
2162 5254 2446 5307 Diodorum
2496 5253 2647 5322 enlmf
2685 5249 2915 5322 Cyrillus
2965 5250 3015 5303 in
3046 5248 3272 5322 epistola
3304 5261 3504 5322 priore
3530 5249 3597 5300 ad

2010 5324 2336 5380 Succensnni
2365 5332 2550 5391 aperte
2588 5318 2817 5375 afﬁrmat
2843 5363 2858 5383 .
2888 5336 3007 5374 cum
3040 5318 3481 5373 Macedonianum
3511 5333 3598 5391 er-

2009 5411 2183 5450 rorem
2224 5389 2475 5456 exueret.
2515 5394 2568 5446 in
2615 5395 2840 5445 alterum
2893 5391 3177 5456 incidisse,
3207 5390 3296 5459 qui
3327 5400 3511 5457 postea
3545 5389 3596 5443 iu

2009 5465 2393 5535 Nestorioejus‘
2419 5464 2678 5535 discipulo
2708 5462 2990 5535 damnatus
3021 5471 3101 5535 est
3132 5503 3147 5525 ,
3194 5471 3248 5512 ut
3292 5460 3429 5513 iilios
3460 5462 3595 5513 duos

2009 5542 2267 5591 statueret
2288 5530 2569 5599 [alterum
2593 5534 2660 5587 de
2692 5534 2897 5586 semine
2928 5530 3087 5584 David
3110 5542 3290 5584 natum
3320 5546 3384 5585 ex
3410 5540 3592 5585 sancta

2014 5608 2249 5680 Virgine,
2275 5607 2501 5661 alterum
2542 5603 2811 5674 proprium
2838 5603 3027 5657 Filium
3063 5602 3152 5658 Dei
3188 5600 3379 5656 l‘atris.

2084 5825 2100 5859 ‘
2130 5824 2275 5880 llem
2302 5812 2450 5887 cod.,
2476 5818 2823 5876 Theudorum.
