4070 6352
1704 315 2001 372 FACUNDI
2044 314 2255 371 EPISC.
2300 316 2841 371 llEntllANENSIS‘

3774 320 3859 379 σει

619 438 853 496 tynoous
903 423 1337 481 alialcedonensis
1364 466 1379 489 ,
1418 439 1540 495 quat
1560 439 1735 496 neque
1774 428 1947 495 ipsum
1974 467 1988 491 ,
2024 441 2198 495 neque
2226 437 2273 491 Α
2304 425 2559 480 Romana:
2577 423 2850 494 Ecclesiae,
2878 424 2964 482 cui
2994 439 3091 495 per
3117 424 3209 479 Dei
3235 425 3474 493 gratiam
3502 424 3759 496 praesidet,
3792 429 3861 488 hic

618 512 961 570 lsudstricem
989 516 1107 583 ejus
1146 517 1426 586 epistolam
1454 516 1849 585 condemnavit,
1878 516 2189 574 Nestoriana

616 604 778 662 fuisse
804 606 1073 660 videretur

1225 786 1452 843 CAPUT
1489 786 1574 844 ιιι.

610 901 757 970 Quod
796 901 1007 974 Vigilius
1035 919 1168 974 papa
1189 918 1255 957 ea:
1278 903 1461 956 itinere
1503 904 1750 965 scribens,
1781 900 1890 956 Iba
1922 918 1982 955 ac
2020 901 2189 956 Theo-

670 919 755 956 toa
798 919 1007 1028 γέφιηη
1035 919 1168 974 papa
1189 919 1255 957 ea:
1278 919 1461 956 ttinere
1503 919 1750 965 scribens.
1781 919 1890 956 tot:
1922 919 1982 955 ac
2024 919 2048 955 I
2067 919 2187 956 neo-

670 974 792 1027 dori
873 976 1218 1027 amnationem
1269 974 1569 1044 improborit
1600 984 1750 1044 atque
1788 975 2103 1037 emendarit;
2141 984 2187 1027 et

671 1045 812 1113 quod
857 1045 1068 1098 diversa:
1121 1045 1392 1109 provincia:
1443 1042 1689 1115 Vigitium
1729 1059 1792 1097 ne
1840 1044 1936 1097 ltoc
1983 1056 2187 1114 patere-

664 1127 758 1167 .tur
792 1123 1083 1168 contestata:
1106 1115 1230 1167 sint.

612 1272 615 1275 ν
660 1238 790 1296 Hoc
816 1247 898 1295 est
925 1247 1107 1295 autem
1146 1240 1405 1304 mirabile,
1430 1250 1487 1294 ut
1514 1250 1794 1311 postquam
1833 1241 2025 1296 horum
2054 1258 2188 1298 con-

591 1332 1003 1387 demnationem
1058 1332 1341 1399 fecerunt,
1396 1332 1637 1388 dicerent
1692 1333 1836 1403 quod
1885 1333 2182 1389 Ecclesiam

604 1424 908 1481 Romanam
957 1425 1336 1491 consulerent,
1362 1434 1420 1481 et
1466 1427 1787 1482 sententiam
1838 1427 2015 1496 Vigilii
2067 1428 2184 1496 ejus

602 1516 843 1584 praesulis
868 1524 1246 1585 exspectarent
1270 1533 1283 1570 :
1309 1516 1415 1583 cui,
1444 1526 1702 1587 quantum
1731 1518 1800 1572 ad
1826 1518 1946 1575 illos
1969 1520 2183 1588 attinet,

601 1619 710 1658 non
762 1605 1128 1675 permiserunt
1172 1620 1395 1661 censere
1422 1607 1567 1677 quod
1613 1610 1841 1674 senserit
1869 1626 1884 1662 :
1916 1619 2041 1667 ante
2070 1621 2182 1666 sta-

597 1705 830 1763 tuentes,
862 1700 981 1754 utsi
1008 1699 1130 1769 quis
1158 1698 1496 1756 Theodorum
1528 1700 1864 1771 Mopsuestia:
1882 1743 1899 1768 ,
1920 1719 2042 1760 cum
2070 1705 2182 1760 suis

2295 519 2480 574 habuit
2506 520 2893 589 responsalem,
2922 527 2977 575 et
3002 534 3096 587 per
3124 517 3321 570 multos
3352 513 3612 569 Ecclesia:
3639 516 3764 573 lilios
3781 536 3858 592 ap-

2292 606 2562 676 probavit,
2590 606 2733 675 quod
2757 620 2816 660 se
2842 622 2939 675 pro
2963 604 3064 659 hac
3092 619 3251 659 causa
3296 618 3330 656 a
3376 602 3698 657 venerabilis
3736 602 3858 659 Men-

2292 712 2395 761 um,
2426 697 2584 767 hujus
2608 696 2767 766 regia:
2813 697 3043 753 civitatis
3071 694 3329 766 episcopi.
3361 693 3736 748 communione
3760 711 3855 751 sus-

2291 787 2555 856 penderit,
2586 797 2639 840 et
2666 801 2761 841 eos
2796 786 2888 855 qui
2917 785 2966 839 ei
3008 783 3543 837 communicaverant
3570 780 3665 835 sub
3704 782 3853 838 debita

2290 876 2655 931 satisfactione
2682 876 2995 946 susceperit.
3027 873 3178 942 Quod
3220 890 3330 929 non
3378 871 3605 939 faceret,
3636 874 3727 929 nisi
3747 892 3854 932 cou-

2291 972 2513 1024 trarium
2567 970 2773 1039 synodo
2827 966 3277 1031 Cbalcedonensi,
3329 964 3486 1035 quod
3538 964 3730 1021 factum
3766 977 3853 1037 est,

2286 1060 2423 1114 sicut
2451 1070 2504 1113 et
2533 1061 2641 1125 alii,
2666 1059 2947 1130 iudicaret.
2972 1058 3088 1113 Non
3118 1067 3296 1112 autem
3324 1058 3480 1113 solos
3507 1073 3643 1128 quos
3674 1075 3848 1116 metuo-

2287 1150 2521 1203 ravimus
2548 1158 2766 1204 sanctos
2788 1158 2842 1204 et
2869 1147 3203 1203 venerabiles
3226 1148 3377 1202 viros
3406 1147 3515 1202 hoc
3539 1163 3713 1203 secum
3734 1149 3849 1219 judi-

2285 1256 2437 1296 casse
2463 1242 2803 1308 monstravit,
2850 1240 3065 1311 quando
3103 1255 3209 1294 non
3242 1239 3416 1294 tacuit
3458 1238 3606 1307 quod
3644 1240 3847 1297 Romani

2283 1332 2517 1400 quoque
2548 1332 2871 1388 universitas
2926 1331 3288 1400 egredientem
3315 1371 3332 1396 ,
3382 1330 3534 1399 quod
3580 1332 3846 1387 venientem

2284 1421 2460 1477 Africa
2488 1425 2650 1478 etiam
2676 1432 2836 1494 atque
2864 1422 3104 1478 Sardinia
3132 1465 3150 1491 ,
3175 1438 3494 1493 quanquam
3524 1439 3629 1477 non
3660 1414 3838 1493 pereas

2283 1514 2573 1582 transierit,
2598 1530 2693 1584 per
2722 1515 2885 1585 ipsius
2914 1525 3090 1571 tamen
3118 1516 3494 1570 consiliarium
3520 1516 3720 1585 publica
3746 1532 3843 1571 eunt

2282 1608 2677 1662 contestatione
2708 1607 3057 1677 pulsaverint,
3085 1610 3226 1664 sicut
3253 1608 3446 1663 ilellas
3492 1618 3547 1663 et
3593 1607 3840 1681 illyricosc

2283 1696 2571 1765 provinciae
2596 1713 2691 1767 per
2718 1713 2851 1767 quas
2878 1700 3050 1765 venit,
3086 1708 3143 1752 ut
3168 1697 3485 1753 nullatenus
3519 1700 3731 1753 novitati
3747 1713 3839 1767 qua!

597 1789 939 1858 dogmatibus
982 1797 1039 1845 et
1066 1790 1349 1860 epistolam
1396 1792 1720 1847 venerabilis
1745 1792 1849 1847 illa:
1896 1809 2004 1848 non
2051 1809 2152 1848 ana

2282 1784 2419 1838 facta
2442 1794 2525 1840 est
2552 1787 2877 1855 acquiescat.
2907 1787 3020 1842 Non
3044 1803 3171 1856 ergo
3201 1789 3378 1843 civilis
3409 1789 3526 1842 haec
3563 1803 3713 1842 causa
3749 1802 3837 1841 cre~

598 1880 932 1943 tbematizat,
985 1880 1077 1934 tiat
1117 1880 1420 1934 anathema.
1474 1880 1580 1935 Sed
1630 1897 1755 1937 ecce
1801 1882 1914 1951 jam
1962 1884 2180 1941 veniens

594 1985 663 2026 ex
684 1971 877 2026 itinere
904 1971 1047 2040 quod
1076 1972 1126 2026 ei
1150 1971 1434 2026 videbatur
1460 1971 1650 2039 edixit,
1680 1983 1734 2028 et
1754 1971 1879 2029 facti
1900 1976 2058 2045 hujus
2078 1994 2178 2031 au-

593 2065 732 2118 ctori
759 2073 783 2100 ι
803 2065 1193 2119 correctionem
1225 2065 1583 2120 tumultuariae
1605 2082 1715 2121 suae
1739 2070 2178 2137 transgressionis

590 2152 816 2219 indixit;
838 2162 894 2208 et
914 2154 1015 2210 nisi
1040 2154 1199 2209 citius
1217 2154 1358 2223 quod
1388 2156 1530 2209 male
1551 2156 1751 2212 factum
1773 2167 1857 2212 est
1880 2159 2171 2225 auferatur,

584 2244 754 2298 etiam
796 2244 1189 2301 vindicaturum
1243 2260 1304 2300 se
1349 2261 1468 2301 esse
1495 2248 1765 2317 praedixit,
1794 2260 2095 2319 protestans
2121 2262 2176 2311 et

583 2332 775 2391 dicens
800 2349 921 2390 cum
951 2336 1210 2405 Apostolo
1228 2335 1511 2392 Timotheo
1535 2355 1550 2392 :
1581 2336 1666 2393 Ne
1681 2341 1814 2410 forte
1832 2357 1949 2396 cum
1969 2359 2171 2411 venero,

588 2440 693 2479 non
722 2425 898 2497 quales
924 2426 1039 2481 volo
1064 2427 1322 2481 inveniam
1346 2444 1455 2494 vos,
1485 2437 1535 2483 et
1579 2446 1673 2501 ego
1715 2431 1949 2488 inveniar
1973 2450 2004 2487 a
2031 2434 2172 2491 vobis

586 2516 786 2587 qualem
807 2534 889 2570 me
914 2534 1019 2573 non
1047 2517 1200 2572 vultis
1230 2517 1317 2588 (II
1347 2517 1464 2581 Cor,
1496 2536 1589 2585 xu,
1618 2519 1687 2576 20
1713 2523 1752 2593 ).
1778 2520 2004 2593 Propter
2030 2525 2173 2595 quod

576 2617 644 2664 et
685 2609 754 2664 de
790 2617 968 2665 vestra
1000 2609 1304 2677 clementia,
1325 2612 1547 2667 summis
1588 2614 1832 2684 precibus
1856 2631 2173 2687 summoque

582 2700 796 2765 adnisa,
824 2717 919 2772 per
944 2717 1073 2757 suos
1101 2702 1305 2772 legatos
1345 2706 1495 2774 petit,
1527 2705 1667 2761 sicut
1710 2722 1832 2761 eum
1868 2709 2170 2764 venientem

584 2793 806 2851 diversa:
833 2794 1117 2863 provinciae
1135 2804 1450 2852 contestata:
1468 2805 1611 2864 sunt,
1632 2814 1699 2854 ne
1719 2801 1994 2869 patiamini
2025 2812 2171 2859 stare

574 2884 731 2955 quod
778 2884 979 2941 factum
1006 2894 1108 2941 est.
1140 2884 1269 2941 Tale
1296 2888 1558 2956 siquidem
1590 2890 1755 2960 ipsius
1799 2890 1925 2947 l‘acti
1966 2893 2169 2949 crimes

581 2990 702 3031 esse
738 2975 1015 3045 judicavit,
1049 2984 1109 3032 ut
1153 2977 1246 3033 illo
1292 2978 1531 3034 doctoris
1577 2982 1813 3049 gentium
1865 2984 2169 3040 testimonio

572 3069 801 3125 duceret
818 3067 1170 3137 arguendum,
1186 3068 1329 3139 quod
1351 3068 1613 3139 discipulo
1633 3070 1917 3128 Timotheo
1930 3075 2169 3131 scribens

2281 1872 2452 1928 denda
2473 1884 2576 1942 est,
2592 1892 2689 1931 nec
2707 1878 2828 1930 talis
2849 1893 2967 1946 qua":
2990 1894 3087 1947 pro
3110 1876 3483 1933 Ecclesiarum
3507 1894 3638 1947 pace
3659 1879 3833 1932 ferenda

2278 1965 2367 2033 sit,
2396 1966 2489 2020 sed
2515 1982 2635 2036 qua:
2663 1969 2855 2022 merito
2880 1969 3149 2037 judicetur
3163 1979 3356 2024 contra
3394 1970 3562 2040 ipsius
3598 1968 3835 2023 catholici:

2280 2058 2400 2133 lidei
2426 2067 2622 2114 statum
2658 2059 3029 2115 haereticorum
3059 2060 3415 2130 subreptioue
3445 2069 3725 2125 commota,
3756 2074 3831 2128 pro

2277 2168 2379 2221 qua
2411 2168 2534 2223 pars
2563 2153 2795 2207 maxima
2834 2152 2979 2207 orbis
3024 2152 3337 2218 Christiani,
3375 2169 3501 2224 qua:
3547 2152 3728 2222 potuit,
3749 2151 3831 2219 pri-

2277 2257 2422 2295 mum
2470 2242 2609 2296 inter
2658 2244 2859 2313 primos
2898 2241 3232 2299 Christianos
3267 2245 3609 2299 Sacerdotem
3655 2242 3827 2311 publira

2276 2334 2674 2387 contestatione
2702 2335 2949 2404 pulsavit.
2996 2335 3061 2389 Et
3086 2334 3331 2390 Romana
3363 2336 3581 2405 quidem
3611 2334 3826 2387 universi-

2278 2431 2359 2477 tas
2388 2436 2551 2495 atque
2578 2424 2778 2491 Africa,
2822 2426 3132 2497 priusquam
3162 2428 3330 2498 ipsius
3362 2426 3593 2481 Romani
3620 2424 3821 2479 antistitis

2274 2520 2639 2588 acceperimus
2659 2519 2964 2589 epistolam,
2988 2536 3092 2573 non
3116 2536 3284 2591 parvo
3302 2519 3421 2587 jam
3442 2530 3820 2586 cognoveramus

2275 2607 2494 2673 indicio,
2523 2609 2650 2679 quid
2677 2610 2743 2663 de
2782 2608 2939 2679 hujus
2976 2608 3099 2664 facti
3130 2612 3373 2663 novitate
3401 2610 3672 2664 sentirent.
3713 2605 3816 2659 Nam

2272 2702 2606 2757 venerabiles
2648 2700 2889 2772 Pelagius
2917 2710 2969 2757 et
3000 2702 3311 2766 Anatolius,
3350 2701 3584 2757 Romani
3626 2695 3816 2758 diaconi,

2270 2798 2504 2854 debitam
2532 2798 2709 2854 ol'lieio
2731 2813 2830 2853 suo
2858 2807 2915 2852 et
2944 2798 3063 2853 loco
3090 2797 3514 2852 sollicitudinem
3548 2810 3640 2865 pro
3665 2790 3813 2846 Eccle-

2269 2895 2348 2950 sia
2370 2893 2464 2948 Dei
2494 2900 2766 2962 gerentes,
2792 2891 3072 2946 laudabilis
3104 2892 3154 2945 in
3191 2891 3411 2946 Christo
3440 2887 3696 2944 memoria:
3715 2882 3814 2937 Fer-

2269 2984 2440 3040 rando
2463 2982 2893 3051 Carthaginiensi
2922 2984 3150 3037 diacono
3178 2981 3204 3019 ιι
3234 2983 3584 3052 scripserunt,
3604 2987 3654 3031 ut
3672 2974 3811 3031 habito

2271 3073 2342 3127 de
2366 3073 2468 3128 hac
2493 3088 2652 3127 causa
2683 3072 2922 3140 diligenti
2965 3080 3217 3134 tractatu,
3250 3086 3379 3127 cum
3418 3065 3810 3125 reverendissimo

577 3159 743 3216 dicit:
767 3158 1063 3229 Depositum
1094 3160 1566 3226 custodi,devitans
1589 3165 1842 3235 profanas
1870 3183 2043 3219 vocum
2075 3184 2169 3221 no-
2196 3196 2240 3258 Ο
2271 3161 2509 3230 ejusdem
2550 3160 2804 3216 Ecclesiae
2836 3159 3299 3229 Carthaginiensis
3328 3161 3600 3229 episcopo,
3630 3151 3807 3258 vel‘aliii

574 3252 791 3318 oitates,
817 3258 868 3305 et
895 3251 1239 3319 oppositiones
1269 3251 1392 3322 fulsi
1435 3253 1656 3308 nominis
1702 3255 1959 3320 scientiw,
2010 3274 2162 3326 quam

564 3342 784 3411 guidam
810 3343 1163 3412 promittentes
1190 3344 1327 3397 circa
1354 3345 1511 3413 [idem
1539 3347 1837 3400 exciderunt
1858 3347 1909 3418 (1
1937 3348 2158 3406 Timoth.

567 3445 648 3493 ιι,
677 3428 791 3501 20).
818 3430 955 3497 Quid
974 3444 1102 3499 ergo
1119 3431 1291 3487 adhuc
1312 3436 1569 3501 quaeritur
1590 3450 1765 3490 utrum
1794 3448 1982 3493 contra
2004 3441 2162 3499 tidem

533 3554 543 3563 ς
570 3526 630 3572 et
655 3518 916 3587 synodum
942 3516 1433 3575 Chalcedonensem
1459 3522 1655 3577 factum
1686 3522 1845 3579 fuerit
1872 3528 2015 3595 quod
2056 3528 2157 3583 do-

558 3610 762 3677 tentus,
777 3609 994 3679 quando
1021 3610 1112 3664 ille
1141 3611 1292 3681 cujus
1319 3611 1596 3669 dicebatur
1618 3619 1917 3685 exspectari
1938 3630 2157 3676 senten-

566 3702 664 3769 tia,
714 3701 966 3773 profauas
1005 3718 1196 3759 vocum
1237 3705 1502 3761 novitates
1530 3714 1584 3760 et
1626 3709 1993 3778 appositiones
2038 3711 2153 3769 falsi

560 3792 798 3849 nominis
844 3791 1098 3857 scientiae,
1119 3807 1281 3861 quam
1322 3793 1537 3863 quidam
1585 3797 1962 3867 promittentes
2010 3801 2153 3856 circa

554 3880 721 3938 fidem
750 3883 1082 3948 exciderunt,
1115 3885 1167 3939 in
1194 3886 1358 3956 ipsius
1386 3886 1513 3941 iacti
1549 3890 1855 3943 auctoribus
1876 3889 2155 3959 judicave-

555 3982 646 4027 rat
670 3974 971 4042 arguendas
992 3976 1015 4029 ‘l
1038 3975 1276 4045 Denique
1305 3978 1519 4032 beatqu
1550 3977 1767 4034 Daciam
1790 3979 2153 4039 Mediolanen-

557 4064 696 4119 sium
721 4065 1230 4137 episcopum,quem
1254 4069 1378 4123 hinc
1407 4085 1678 4125 reversum
1706 4071 1759 4126 in
1783 4072 1963 4127 Sicilia
1981 4090 2039 4130 se
2069 4076 2150 4130 vi-

556 4156 698 4231 disse
735 4157 1024 4227 perhibuit,
1048 4168 1105 4213 et
1146 4158 1282 4214 alios
1322 4162 1737 4218 consacerdotes
1779 4179 1906 4219 suos
1928 4205 1943 4230 ,
1974 4165 2068 4220 sed
2097 4174 2154 4222 et

551 4251 873 4308 venerabilis
906 4253 1185 4308 memoria:
1216 4252 1549 4327 Stephanum
1588 4255 1873 4312 diaconum
1902 4256 1961 4327 δ,
1992 4274 2176 4329 quem.

622 4494 663 4575 ξ’
688 4493 895 4575 Henna:
949 4494 1279 4575 patriarcha.-
1342 4495 1972 4575 gonstantinopolitano.
2041 4507 2132 4574 qui
2168 4512 2213 4571 υ
2239 4509 2401 4565 clesia
2428 4507 2853 4575 Carthaginiensi
2883 4506 3070 4562 Victor
3096 4507 3235 4561 idem
3264 4515 3415 4561 notat
3442 4518 3575 4575 anno
3618 4497 3648 4575 ᾇ
3678 4502 3772 4575 P0“

548 4567 751 4634 primus
774 4563 1291 4640 damnationitrium
1321 4563 1726 4640 .Capitulorum'
1756 4563 2005 4640 assensit,
2061 4563 2132 4631 ob

545 4649 775 4700 eamque
806 4649 978 4711 reuna
1012 4634 1200 4711 Vigilio
1240 4635 1429 4692 litteris
1457 4652 1525 4691 ex
1574 4637 1766 4711 itinere
1812 4634 2128 4711 castigatus,

545 4714 778 4775 quatuor
788 4703 979 4758 deinde
1001 4705 1258 4775 mensium
1282 4706 1835 4765 excommunicatione
1856 4712 1923 4765 ab
1938 4703 2129 4771 Eodem

548 4771 803 4828 multatus
832 4780 933 4836 est,
963 4785 1021 4827 ut
1066 4774 1378 4829 Anastasius
1405 4776 1457 4830 in
1503 4775 1735 4833 Historia
1766 4782 2128 4841 ecclesiastica

535 4842 710 4899 o‘efert
736 4860 801 4897 ex
831 4843 1179 4913 Theophane.

614 4914 640 4995 ξι
682 4914 978 4995 Narrantur
1004 4914 1195 4995 eadem
1227 4914 1286 4995 in
1306 4917 1529 4995 epistola
1560 4916 1735 4986 Vigilii
1763 4921 2124 4995 ad_Mennam,

533 4986 693 5053 cujus
736 4994 943 5055 partem
1008 4986 1201 5039 recitat
1246 4984 1526 5042 Facundos
1565 4984 1751 5044 contra
1806 4984 2121 5053 Matianum:

539 5055 1220 5133 SuccesseratStephanus
1244 5056 1383 5133 haud
1414 5058 1582 5133 multo
1606 5070 1730 5115 ante
1746 5060 1975 5133 .Pclagio
1998 5068 2123 5123 item

539 5128 789 5191 diacono,
823 5125 1348 5206 quiapocrisiarium
1377 5128 1521 5206 sedis
1548 5132 1856 5206 apostolica
1886 5125 2126 5206 complu-

537 5213 626 5271 res
648 5211 821 5271 annos
850 5196 960 5264 egit
1003 5194 1490 5271 Constantinopoli.
1516 5194 1614 5271 yA't
1659 5200 1963 5271 Stephanus
2015 5194 2123 5261 non

536 5268 762 5346 ili-ultae
812 5281 1033 5346 munere
1073 5267 1296 5346 iunctus
1346 5277 1447 5334 est,
1480 5268 1614 5325 obiit
1640 5267 1781 5327 enim
1812 5277 2124 5346 priusquam

545 5336 1104 5405 Yigiliusatipellerel.

612 5420 633 5445 ε
676 5405 1245 5485 Post_luec__etiam_de
1281 5409 1472 5485 eadem
1503 5427 1563 5485 re
1590 5413 1665 5485 in
1696 5413 1911 5485 illyrico
1939 5416 2119 5471 habita

534 5487 619 5529 est
655 5478 907 5544 synodus.
934 5476 1121 5531 Victor
1154 5477 1489 5535 Tononensis
1524 5482 1575 5535 in
1615 5476 1924 5540 Chronico:
1960 5485 2022 5539 P.
2058 5486 2115 5541 C.

538 5547 716 5625 lfasilii
748 5562 885 5625 anno
905 5546 957 5625 ξ.
982 5545 1289 5625 μιυήιςὶαηα
1318 5552 1543 5625 synodus
1568 5555 1621 5607 in
1649 5555 1946 5625 defensione
1964 5558 2117 5611 trium

530 5615 774 5697 Cupitum
799 5614 1095 5699 Justinian‘o
1127 5614 1365 5699 Augusto
1385 5620 1601 5699 scribit;
1629 5633 1685 5699 et
1715 5614 1911 5699 contra
1957 5626 2121 5699 Illyri-

533 5689 742 5739 cianam
779 5686 1041 5763 synodum
1065 5686 1408 5763 _rc_s_cript_um
1446 5693 1611 5747 edidit
1653 5686 2036 5763 Justiniauttsf
2062 5709 2118 5753 ut

515 5764 763 5833 Aestatttr
787 5754 1017 5833 Isidorus
1047 5756 1114 5811 de
1147 5754 1294 5833 Viris
1313 5759 1623 5833 illustribus,
1648 5780 1766 5833 c-p.
1798 5764 1884 5820 18.

605 5828 630 5865 ιι
663 5828 876 5882 Clarum
902 5828 1003 5882 hoc
1020 5834 1260 5888 tempore
1284 5831 1522 5886 habitum
1555 5828 1881 5890 Fcrraitdum
1910 5840 1963 5893 in
2014 5836 2116 5895 Ec-

2209 4326 2217 4331 _
2261 4263 2362 4319 dus
2390 4263 2709 4334 approbavit
2740 4280 2753 4315 :
2783 4262 3037 4331 quoniam
3084 4260 3130 4320 si
3161 4260 3336 4328 ﬁeret,
3368 4274 3473 4314 non
3503 4255 3651 4327 ipsius
3690 4257 3784 4302 tan‘

2272 3268 2408 3321 quos
2432 3261 2487 3306 et
2512 3252 2683 3306 zelum
2716 3251 2836 3305 lidei
2866 3260 2921 3305 et
2943 3251 3136 3305 divinae
3157 3250 3451 3321 Scriptura:
3477 3250 3632 3305 sciret
3652 3246 3805 3300 habere

2271 3341 2539 3409 notitiam,
2582 3340 2985 3396 consulentibus
3014 3342 3367 3411 respondere,
3414 3338 3541 3411 quid
3570 3338 3803 3394 observan-

2268 3434 2393 3487 dum
2443 3435 2495 3489 in
2548 3450 2831 3489 connuune
2882 3435 3130 3491 omnibus
3158 3435 3453 3491 videretur.
3484 3433 3539 3488 In
3584 3432 3683 3502 ipsa
3708 3440 3801 3480 vero

2267 3529 2673 3583 consultationis
2701 3528 2927 3598 epistola
2956 3544 3062 3583 non
3092 3536 3308 3584 tacetur
3332 3528 3477 3599 quod
3515 3527 3622 3581 haec
3645 3519 3798 3577 immis-

2264 3621 2417 3675 sione
2443 3620 3027 3690 Acepbalorum,quos,
3057 3629 3116 3675 ut
3143 3619 3399 3683 diximus,
3430 3611 3797 3684 Semieutychia.

2259 3728 2357 3767 nos
2378 3710 2768 3780 signiﬁcantius
2796 3712 3066 3782 appellare
3096 3727 3401 3782 possumus,
3418 3718 3599 3766 contra
3618 3703 3795 3760 Chalce-

2255 3804 2496 3859 donense
2548 3804 2829 3857 concilium
2871 3814 2925 3857 et
2977 3803 3192 3857 decreta
3243 3818 3405 3874 papa:
3445 3798 3655 3862 Leonis,
3683 3798 3793 3848 τηου
3944 3828 3947 3881 η

2256 3896 2455 3950 fuerint
2498 3910 2592 3965 per
2629 3911 2724 3951 eos
2768 3897 2857 3966 qui
2888 3896 2986 3950 sub
3030 3897 3247 3950 nomine
3301 3893 3566 3951 catholico
3603 3892 3791 3959 ipsorum

2257 3987 2398 4055 parti
2441 3986 2674 4041 studium
2732 3986 2990 4055 praebent.
3039 3984 3148 4041 Sed
3197 3994 3251 4042 et
3300 3986 3390 4041 ille
3438 3984 3525 4053 qui
3567 3975 3788 4036 consultus

2259 4074 2435 4130 fuerat
2506 4076 2811 4131 rescribeus
2892 4076 3394 4144 interrogantibus,
3454 4066 3787 4129 retractandam

2260 4187 2368 4225 non
2417 4185 2535 4225 esse
2585 4171 2770 4225 docuit
2810 4170 3093 4239 epistolam
3143 4183 3305 4237 quam
3337 4164 3637 4223 universalis
3659 4170 3784 4230 syno-

2243 4570 2813 4634 ronsulemBasilium.
2852 4577 3037 4633 Exstat
3068 4578 3183 4648 ejus
3230 4573 3563 4648 epistolaad
3614 4570 3772 4648 Anates

2242 4650 2368 4721 lium
2400 4651 2683 4703 diaconum
2708 4649 2853 4703 urbis
2900 4643 3111 4711 Romae,
3136 4647 3249 4721 sed
3266 4643 3276 4647 ⁷
3292 4646 3482 4721 diversi
3504 4643 3768 4721 argumenti.

2240 4719 2408 4787 Hujus
2436 4727 2676 4793 vero,»ut
2704 4727 2946 4793 apparet,
2983 4718 3185 4793 mentio
3198 4729 3313 4793 _est_
3335 4720 3396 4793 in
3414 4714 3665 4793 duodecim
3690 4719 3763 4793 ait

2237 4772 2445 4860 ctoriam
2477 4772 2752 4857 catalogo:
2776 4772 2895 4858 ‘qni
2933 4772 3086 4843 subdi
3131 4772 3262 4844 solet
3295 4787 3497 4860 isidori_
3520 4780 3673 4860 libello
3714 4772 3765 4860 δε

2234 4859 2377 4913 Viris
2407 4848 3069 4922 ilIustribuvs.'Ferrandus,
3113 4860 3307 4927 inquit,
3344 4857 3413 4911 ad
3456 4849 3692 4927 Pelagium

2232 4931 2529 4984 Anatolium
2556 4928 2814 4984 Romanos
2846 4930 3093 4984 diaconos
3120 4925 3440 4983 consulentes
3483 4938 3585 4977 eum
3628 4925 3757 4989 struit!

2229 5000 2378 5054 liceat
2408 5017 2711 5071 quemquam
2735 5001 2984 5071 damnare
3012 5009 3127 5069 post
3156 5009 3393 5071 mortem,
3412 5067 3423 5071 _
3447 4994 3594 5071 edidit
3615 4997 3760 5071 (αξη-

2228 5080 2370 5146 ptum
2399 5054 2483 5146 tibi
2522 5054 2788 5146 interdiu
2820 5072 2892 5123 sic
2914 5054 3111 5146 locutus
3140 5080 3216 5122 est
3241 5086 3262 5146 ς
3293 5054 3424 5146 Quid
3451 5054 3757 5146 prodﬁst

2231 5129 2518 5195 iuientibus
2547 5139 2840 5195 Ecclesiam
2894 5141 3209 5209 perturbare
3239 5141 3262 5193 3
3291 5129 3347 5209 Si
3377 5129 3488 5206 quis
3533 5129 3752 5209 adhuc-tn

2229 5226 2457 5280 corpore
2487 5214 2675 5265 mortis
2702 5209 2862 5280 hujus
2895 5200 3182 5280 accusatus
3218 5219 3273 5263 et
3317 5200 3752 5280 dainnatus,_aﬂlf‘

3937 4150 3939 4193 l

3930 4476 3931 4505 l

3928 4538 3929 4583 l

3926 4620 3927 4661 l

2196 5322 2205 5329 .
2229 5261 2958 5348 quam;'.;.s~'e;a;.{5t.;un'
2976 5261 3052 5334 as
3070 5261 3335 5334 Ecclesia
3353 5284 3527 5348 raptus
3546 5276 3633 5348 egi:
3668 5261 3749 5348 ill:

2230 5338 2362 5403 solvi
2396 5367 2501 5403 non
2527 5358 2728 5424 potest__
2759 5351 3003 5424 ulterius‘
3031 5350 3264 5424 humano
3303 5338 3518 5424 judicio.
3566 5338 3747 5424 εἰλιξὲ

2228 5430 2506 5474 accusatus
2528 5412 2659 5474 ante
2681 5420 2820 5474 diem
2867 5420 3005 5475 sacri
3035 5412 3581 5485 examinis—repeating
3622 5412 3747 5485 γοεζ

2229 5490 2373 5544 tione
2429 5473 2883 5559 prmvcntttsicst.
2924 5473 3060 5544 intra
3108 5473 3288 5544 sinum
3332 5473 3505 5559 matris

2225 5551 2566 5623 constitutus,
2588 5561 2767 5614 divino
2790 5561 3167 5629 intelligendus
3195 5568 3277 5614 est
3297 5555 3487 5629 judicio
3511 5551 3739 5630 resuta"

2230 5630 2303 5683 lle
2324 5631 2428 5685 hoc
2459 5602 2634 5685 nullus
2664 5633 2824 5703 homo
2854 5602 3031 5701 potgst
3056 5602 3738 5703 manifeséjtmpro‘etrejex
3899 5602 3901 5675 l

2226 5678 2632 5783 ibidiiinT'c'Ji
2648 5678 3596 5792 έί’ὑέὖζίἑίιῖᾶἱέέᾖὶξέἱπῖῐἓξᾶῑὶιειίξξξξ
3618 5678 3735 5792 "Im

2227 5781 2410 5843 nostra
2441 5772 2739 5835 severitas;
2770 5773 2860 5825 sed
2891 5774 2934 5828 si
2956 5744 3276 5843 sujfplicium
3304 5756 3614 5841 prteparavit.
3640 5744 3708 5801 mh

2227 5840 2445 5898 nrodest
2476 5853 2657 5900 nostra
2688 5843 3006 5904 benignitas.
