4070 6352
312 317 418 373 6‘25

1278 315 1412 370 ιιηο
1449 312 1879 370 DEFENSIONE
1904 312 2124 370 TRIUM
2154 314 2355 372 CAPIT
2359 314 2468 372 UL.
2508 313 2638 370 LIB.
2680 312 2768 371 IV.

3472 314 3574 375 δὶα

313 440 449 496 tum,
477 431 569 488 sed
599 430 837 486 omnium
882 426 1233 483 conciliorum
1268 434 1469 481 statuta
1494 425 1889 481 deducerentur
1917 432 1967 489 Α
1994 426 2068 481 ibi
2088 426 2377 494 obtectum,
2403 428 2533 482 nihil
2549 426 2920 484 absconditum
2940 424 3040 481 fuit
3063 443 3076 479 :
3101 425 3401 497 exspoliato
3422 425 3577 491 deni»

314 520 371 580 in
402 524 644 580 dubium.

931 715 1158 777 CAPUT
1193 716 1287 775 IV.

318 835 475 905 Quod
524 846 704 890 contra
756 833 1009 902 synodum
1062 832 1525 889 Chalcedonensem
1554 834 1765 905 factum
1794 847 1902 886 esse

392 909 546 961 trium
572 905 924 977 Capitulorum
950 906 1346 977 damnationem,
1370 904 1469 977 ipsi
1496 903 1649 977 etiam
1672 902 1759 971 qui
1780 918 1903 977 con-

390 971 658 1032 senserunt
702 977 939 1044 primates
979 985 1026 1028 et
1056 976 1279 1043 episcopi
1306 971 1533 1027 Orientis
1561 973 1859 1043 agnoverint
1882 987 1902 1028 .'

391 1065 520 1120 quos
554 1048 818 1118 redarguit
842 1047 980 1117 quod
1009 1047 1303 1117 imperatori
1333 1061 1433 1098 non
1463 1044 1759 1098 restiterint.

391 1154 591 1210 Verum
622 1155 725 1212 hoc
780 1155 1050 1210 insolitum
1081 1170 1189 1210 non
1230 1162 1344 1221 est,
1376 1162 1439 1209 ut
1482 1154 1569 1210 vel
1611 1154 1905 1225 apostolica

314 1246 479 1303 sedes
508 1255 862 1302 temeratores
891 1256 1126 1317 paterna:
1154 1248 1435 1301 sententia:
1465 1257 1717 1318 tanquam
1743 1263 1907 1303 exce-

316 1338 513 1395 dentes
542 1354 570 1392 a
603 1337 705 1393 fide
733 1339 1046 1409 corriperet,
1072 1338 1155 1392 vel
1188 1338 1594 1393 incontaminati
1622 1338 1824 1408 quique
1850 1343 1906 1393 et

320 1433 393 1489 ab
418 1434 522 1490 hac
563 1435 979 1505 praesumptione
1020 1435 1232 1504 penitus
1273 1434 1466 1500 alieni,
1514 1433 1907 1490 contestatione

324 1525 536 1596 publica
578 1526 645 1581 de
690 1526 778 1581 tali
807 1526 947 1580 facto
973 1534 1355 1595 quererentur,
1384 1537 1439 1582 et
1478 1527 1906 1598 pronuntiarent,

318 1616 467 1685 quod
497 1617 540 1671 si
566 1617 668 1671 hoc
688 1617 856 1672 semel
882 1618 1170 1673 admissum
1199 1616 1377 1684 fuerit,
1402 1634 1507 1672 non
1529 1626 1733 1672 tantum
1756 1616 1910 1672 Chal-

320 1706 676 1769 cedonensis,
721 1707 813 1762 sed
870 1708 1108 1762 omnium
1161 1708 1512 1762 conciliorqu
1568 1708 1908 1763 definitiones

299 1803 575 1853 constare
598 1815 704 1854 non
733 1799 956 1869 possint.
992 1799 1123 1853 Illud
1157 1808 1238 1855 est
1268 1800 1553 1864 insuetum,
1582 1799 1708 1853 illud
1740 1798 1905 1852 mira-
1940 1777 1980 1833 Β

324 1886 450 1953 bile,
483 1889 609 1944 illud
645 1891 697 1944 in
729 1906 835 1959 quo
884 1906 1077 1961 magna
1106 1892 1185 1947 vis
1210 1892 1450 1946 veritatis
1476 1899 1731 1961 apparet,
1763 1891 1907 1962 quod

323 1978 473 2051 ipsos
499 1997 711 2052 quoque
742 1991 1154 2053 prmsutnptores
1184 1984 1407 2038 internis
1447 1984 1786 2039 conscientiae
1813 1983 1909 2039 sti-

325 2073 485 2127 mulis
514 2072 669 2127 fateri
700 2076 893 2142 coegit,
928 2075 994 2129 ad
1023 2075 1441 2131 destructionem
1467 2074 1659 2146 synodi
1688 2075 1910 2131 Chalce-

323 2164 713 2220 donensishmc
743 2167 905 2222 fuisse
943 2168 1257 2238 composita.
1302 2168 1435 2222 Nam
1474 2171 1676 2239 primus
1712 2167 1911 2225 confir-

325 2265 506 2311 mator
543 2273 729 2312 eorum
758 2256 977 2312 Mennas
1031 2256 1658 2329 Constantinopolitanus
1704 2260 1913 2329 episco—

325 2359 449 2414 pus,
480 2361 600 2400 cum
626 2346 800 2403 adhuc
845 2357 1190 2404 cunctaretur
1226 2350 1427 2420 scripto
1450 2360 1496 2416 λ,
1550 2352 1685 2406 sicut
1714 2366 1913 2421 prince-

328 2445 485 2508 ptum
518 2437 709 2503 fuerat,
743 2440 818 2493 eis
847 2440 1087 2509 prmhere
1141 2456 1480 2507 consensum,
1512 2450 1698 2497 contra
1750 2456 1913 2513 syno-

326 2528 457 2584 dum
488 2527 982 2585 Chalcedonensem
1033 2531 1147 2586 fieri
1195 2541 1525 2603 protestatus
1576 2541 1676 2588 est.
1725 2531 1830 2587 Sed
1858 2539 1915 2587 et

329 2629 680 2690 posteaquam
730 2621 1029 2686 consensit,
1062 2638 1092 2677 a
1131 2622 1383 2691 praedicto
1432 2623 1752 2678 venerabilis
1796 2637 1915 2677 me-

330 2711 515 2765 moria:
540 2710 816 2781 Stephano
842 2712 1094 2768 Ecclesire
1126 2713 1381 2769 Romana:
1425 2714 1656 2770 diacono
1685 2723 1738 2769 et
1784 2730 1916 2785 apo-

327 2802 576 2858 crisiario
599 2813 916 2873 conventus,
940 2821 1039 2860 cur
1065 2805 1227 2875 priori
1256 2807 1537 2861 sententiae
1565 2822 1675 2859 sua:
1702 2814 1916 2860 contra—

327 2893 443 2948 rius
494 2894 848 2963 acquievisset
898 2896 980 2950 bis
1028 2910 1147 2964 qurc
1182 2905 1308 2950 ante
1358 2896 1699 2966 culpaverat,
1751 2897 1918 2953 etde

328 2984 527 3055 quibus
548 3000 606 3040 se
630 2986 760 3040 nihil
798 2996 1042 3042 acturum
1074 2988 1189 3043 siue
1223 2989 1517 3059 apostolica
1548 2990 1675 3044 sede
1718 2991 1919 3061 promi-

329 3085 505 3140 serat;
536 3077 633 3131 sub
664 3093 726 3133 ea
752 3093 810 3132 se
839 3079 1147 3135 conditione
1193 3081 1437 3145 cessisse,
1474 3079 1775 3148 vtjuratum
1808 3081 1912 3137 sibi

329 3162 496 3219 fuisse
523 3164 817 3234 respondit,
846 3167 987 3235 quod
1009 3166 1424 3239 chirographum
1451 3184 1605 3223 suum
1632 3171 1917 3241 reciperet,

332 3254 377 3310 si
408 3253 523 3311 hmo
549 3255 823 3312 Romanus
852 3260 1137 3330 episcopus
1158 3278 1263 3316 non
1288 3263 1558 3331 probaret.
1583 3262 1640 3316 ln
1657 3280 1764 3334 quo
1792 3263 1923 3320 satis

334 3348 577 3402 ostendit
621 3349 688 3403 de
728 3349 932 3419 judicio
982 3369 1039 3407 se
1073 3355 1250 3423 potius
1290 3355 1528 3411 hutnano
1552 3372 1710 3425 quant
1744 3357 1922 3413 divino

333 3453 454 3494 esse
484 3440 794 3495 sollicitum.
822 3442 928 3497 Sed
955 3445 1214 3515 nunquid,
1239 3448 1321 3501 vel
1346 3447 1388 3502 si
1412 3448 1682 3518 propriam
1706 3465 1921 3502 manum

334 3527 582 3585 Romano
627 3534 883 3604 episcopo
927 3552 1035 3589 non
1081 3538 1348 3606 probante
1394 3539 1641 3609 recipiat,
1686 3541 1924 3611 nihilque

334 3619 575 3691 illiquod
606 3624 797 3678 metuit
841 3625 907 3680 de
949 3627 1151 3695 judicio
1198 3629 1433 3684 humano
1478 3633 1771 3700 contingat,
1804 3632 1924 3687 ideo

332 3713 665 3767 sententiam
700 3713 792 3770 Dei
819 3715 1017 3784 iudicis
1046 3728 1208 3787 atque
1258 3721 1447 3775 ultoris
1491 3720 1741 3789 effugiet?
1781 3721 1927 3777 Nun-

334 3816 499 3871 quam
526 3804 630 3859 hoc
649 3805 699 3859 ei
728 3806 949 3862 alterius
977 3818 1184 3863 secreta
1210 3810 1433 3879 juratio,
1464 3811 1559 3866 sed
1600 3812 1714 3865 sola
1742 3827 1926 3866 corre-

324 3895 452 3950 ctio
479 3911 573 3949 sua
603 3899 897 3967 praestabit.
931 3899 1109 3955 Semel
1132 3900 1577 3970 Deojuravimus,
1612 3903 1925 3972 imperator,

338 4003 461 4042 cum
488 3989 789 4058 baptizandi
821 3991 876 4044 in
917 4000 1091 4045 morte
1119 3990 1209 4045 filii
1260 3992 1378 4061 ejus
1417 3992 1803 4062 spopondimus
1830 4008 1929 4046 nos

338 4077 463 4131 fidei
493 4094 595 4147 qua
628 4079 815 4133 salvati
844 4095 1049 4144 sumus,
1076 4082 1345 4136 custodire
1368 4081 1691 4151 depositum.
1723 4081 1931 4137 Adver-

338 4185 433 4225 sus
464 4170 605 4225 hanc
635 4172 798 4239 igitur
827 4171 958 4227 dare
998 4173 1081 4227 vel
1125 4172 1371 4241 accipere
1396 4173 1780 4242 juramentum,
1811 4188 1930 4226 ma-

339 4275 502 4331 guum
531 4262 750 4333 perjurii
776 4266 980 4319 crimen
1004 4272 1106 4320 est.
1134 4264 1266 4318 Nam
1294 4265 1338 4318 si
1371 4264 1527 4318 nimis
1549 4265 1786 4319 terribile
1815 4279 1932 4319 cre—

341 4353 486 4407 ditur
511 4369 630 4408 cum
653 4355 727 4408 ita
754 4371 936 4410 secum
959 4356 1208 4410 homines
1236 4353 1414 4412 fmdus
1460 4356 1647 4410 ineunt
1676 4358 1728 4411 in
1761 4354 1934 4425 jusju-

342 4447 586 4511 randum,
618 4456 679 4502 ut
732 4449 942 4518 aliquos
980 4451 1119 4506 inter
1160 4461 1316 4521 pacta
1370 4453 1633 4522 baptizari
1678 4450 1926 4509 faciant:

1999 535 2107 590 que
2129 536 2381 589 corpore,
2424 533 2673 589 magnum
2703 519 2832 574 illud
2861 516 2980 574 fidei
3018 519 3356 589 percepimus
3385 528 3441 574 et
3467 534 3573 575 sen-

2000 627 2129 667 vare
2158 610 2542 681 spopondimus
2570 617 2961 665 sacramentum
2993 627 3005 661 :
3037 617 3094 663 et
3134 623 3240 663 non
3280 608 3395 664 sola
3428 624 3579 676 voce.

1999 720 2187 759 verum
2246 703 2409 758 etiam
2462 702 2626 757 totius
2680 701 2864 755 habitu
2929 700 3194 772 corporis,
3267 698 3580 771 profitemur

2000 792 2214 848 exuisse
2240 808 2338 847 nos
2374 790 2645 846 hominem
2672 800 2911 848 veterem
2936 806 3059 847 cum
3084 790 3298 847 actibus
3323 790 3454 848 suis.
3475 787 3583 845 Cur

2000 884 2183 953 itaque
2212 900 2355 938 nunc
2375 892 2554 939 actum
2583 884 2669 938 cui
2696 884 3146 950 renuntiavimus,
3185 884 3383 940 veteris
3412 882 3586 939 homi-

2003 976 2085 1030 nis
2095 984 2450 1041 resumentes,
2470 974 2650 1030 nescio
2664 974 2790 1045 quid
2810 973 3296 1029 extraordinarium
3316 974 3372 1029 in
3394 980 3585 1044 operta

2003 1065 2071 1121 de
2116 1066 2230 1135 ipsa
2282 1064 2385 1120 fide
2437 1063 2774 1136 paciscimur,
2831 1062 3078 1119 Ecclesia
3120 1064 3436 1133 ignorante,
3467 1078 3597 1133 quas

2005 1156 2157 1212 testis
2200 1156 2318 1224 fuit,
2366 1156 2579 1225 quando
2608 1171 2709 1213 nos
2742 1155 2888 1211 illam
2914 1154 3232 1225 simpliciter
3279 1165 3587 1212 servaturos

2004 1248 2180 1320 palam
2208 1256 2265 1302 et
2291 1247 2419 1302 nudi
2455 1247 2786 1317 iuravimus?
2820 1246 2950 1313 Quis
2994 1262 3159 1318 porro
3208 1247 3587 1302 auctoritatem

2005 1349 2351 1395 contemnere
2372 1340 2544 1410 possit
2571 1339 2831 1394 istorum?
2851 1338 2972 1407 quis
2990 1338 3199 1395 dubitet
3226 1337 3416 1393 talium
3436 1335 3589 1405 sequi

2005 1430 2349 1493 sententiam,
2379 1430 2566 1485 videns
2584 1431 2836 1499 quoniam
2859 1430 3027 1486 libere
3047 1428 3115 1485 ab
3142 1430 3223 1485 eis
3248 1436 3304 1484 et
3327 1426 3592 1498 intrepide

2005 1523 2203 1578 veritas
2226 1521 2546 1592 praedicatur
2570 1524 2584 1554 ⁸
2609 1522 2633 1577 ἳ
2660 1521 2839 1578 Zoilus
2861 1536 3078 1591 quoque
3103 1520 3477 1576 Alexandrina:
3501 1534 3593 1574 ur-

2006 1612 2089 1667 bis
2115 1612 2362 1679 antistes,
2390 1627 2511 1667 cum
2536 1611 2833 1667 Romanum
2855 1612 3166 1682 episcopum
3186 1611 3374 1667 venire
3399 1624 3593 1680 cogno-

2006 1714 2201 1772 sceret,
2227 1705 2439 1761 obviam
2467 1705 2543 1760 illi
2571 1704 2638 1759 ad
2665 1702 2899 1761 Siciliam
2927 1704 3093 1771 misit,
3122 1718 3459 1773 conquerens
3504 1716 3594 1771 ne-

2008 1797 2259 1853 cessitate
2302 1811 2362 1851 se
2401 1794 2471 1849 ad
2513 1794 2678 1866 ipsius
2727 1796 2930 1850 decreti
2973 1792 3384 1849 affirmatiouetu
3432 1792 3594 1848 fuisse

2009 1888 2344 1959 compulsum
2373 1906 2387 1941 :
2421 1888 2565 1958 quod
2595 1888 2685 1943 hic
2712 1887 2784 1953 ei,
2810 1896 3097 1959 postquam
3127 1887 3294 1955 venit,
3322 1887 3463 1942 idem
3493 1885 3597 1943 Ilo-

2010 1997 2199 2038 manus
2227 1981 2510 2051 episcopus
2538 1981 2593 2036 in
2632 1980 2769 2036 facie
2792 1981 2991 2053 palam,
3018 1980 3171 2036 nobis
3197 1992 3413 2049 quoque
3455 1980 3597 2033 inter

2010 2076 2146 2131 alios
2168 2075 2541 2145 prmsentibus,
2563 2074 2926 2145 exprobravit.
2948 2073 3177 2129 Necnon
3196 2081 3251 2128 et
3265 2071 3598 2142 prraamius

2012 2165 2410 2230 Antiochenus,
2442 2179 2564 2221 cum
2601 2164 2837 2235 primum
2872 2163 2925 2219 ei
2970 2162 3331 2230 mandaretur,
3385 2170 3446 2217 ut
3492 2160 3600 2217 hoc

2012 2256 2175 2310 etiam
2204 2256 2319 2325 ipse
2364 2254 2714 2310 rescribendo
2752 2252 3011 2320 firmaret,
3058 2252 3362 2309 consentire
3402 2249 3598 2306 noluit.

2013 2349 2084 2405 At
2110 2356 2395 2420 postquam
2426 2347 2477 2403 ei
2512 2347 2886 2403 denuntiatum
2913 2354 2999 2401 est
3039 2345 3185 2416 quod
3236 2341 3602 2401 excludendus

2014 2450 2175 2507 esset,
2208 2443 2310 2497 nisi
2338 2441 2559 2507 faceret,
2587 2441 2669 2496 sui
2698 2441 2878 2511 potius
2906 2439 3129 2494 honoris
3150 2452 3312 2508 quam
3340 2434 3601 2497 veritatis.

2014 2536 2244 2592 dilector
2268 2534 2517 2591 inventus
2543 2542 2646 2590 est.
2679 2532 2817 2600 Quid
2855 2533 3017 2587 etiam
3059 2529 3250 2586 Petrus
3293 2527 3604 2599 Hierosoly—

2015 2627 2285 2682 mitanus?
2316 2640 2497 2681 nonne
2522 2622 2736 2695 publica
2766 2623 2958 2678 notitia
2985 2620 3152 2678 refert
3177 2621 3433 2691 quoniam
3476 2633 3607 2673 con-

2015 2723 2268 2779 veniente
2320 2720 2392 2776 ad
2435 2736 2496 2777 se
2541 2718 2888 2774 multitudine
2935 2717 3350 2779 monachorum,
3399 2714 3616 2783 iuratus.

2018 2811 2404 2886 pronuntiavit,
2459 2811 2603 2881 quod
2641 2811 2687 2865 si
2731 2810 2853 2879 quis
2907 2808 3081 2863 eidem
3128 2808 3351 2862 decreto
3402 2802 3607 2860 novitio

2018 2902 2365 2968 consentiret,
2388 2908 2577 2957 contra
2597 2899 3035 2957 Chalcedonense
3063 2896 3349 2953 concilium
3370 2892 3608 2950 faceret!

2022 3009 2123 3049 nec
2151 3003 2329 3047 tamen
2359 3007 2418 3047 se
2439 2992 2505 3047 ab
2527 2990 2641 3061 ejus
2662 2990 3019 3046 consensione
3045 2986 3343 3057 suspendit.
3375 2982 3493 3040 Hoc
3515 2999 3612 3039 au-

2023 3093 2131 3141 tem
2151 3125 2167 3151 ,
2195 3084 2343 3140 velut
2375 3082 2807 3150 haereditarium,
2835 3082 2903 3137 de
2941 3077 3382 3151 prmvaricatione
3426 3076 3629 3147 prima-

1950 3163 1994 3223 C
2026 3178 2166 3232 illius
2206 3176 2447 3231 mulieris
2492 3174 2870 3243 cognoscimus
2915 3188 3037 3229 esse
3082 3178 3444 3233 contractum,
3490 3184 3611 3238 quae

2023 3267 2172 3338 prius
2198 3266 2538 3321 interdictum
2580 3264 2683 3320 sibi
2712 3263 2876 3319 fuisse
2904 3262 3199 3333 respondit,
3242 3276 3323 3317 ne.
3356 3259 3424 3314 de
3468 3258 3612 3329 ligno

2022 3357 2168 3428 quod
2200 3365 2319 3414 erat
2347 3357 2402 3412 in
2438 3356 2617 3412 medio
2654 3354 2886 3426 paradisi
2939 3354 3279 3417 comederet,
3335 3360 3393 3406 et
3426 3359 3613 3420 postea

2023 3450 2169 3521 quod
2200 3451 2312 3521 ipsa
2340 3449 2586 3505 illicitum
2615 3447 3057 3519 pronuntiaverat
3084 3444 3381 3515 usurpavit,
3411 3458 3475 3500 ac
3495 3442 3623 3498 viro

2024 3550 2083 3595 ut
2111 3540 2418 3597 comederet
2458 3539 2744 3610 persuasit.
2784 3536 2854 3592 Et
2897 3538 3022 3607 quid
3070 3536 3310 3592 dicemus
3359 3533 3427 3588 ad
3471 3533 3636 3588 bazci‘

2026 3634 2127 3688 nisi
2158 3632 2302 3704 quod
2345 3631 2460 3701 ipse
2499 3629 2757 3686 Dominus
2798 3628 2978 3683 dixit:
3017 3626 3378 3681 Verumtamen
3413 3624 3619 3679 veniens

2026 3723 2196 3779 Filius
2225 3725 2474 3786 hominis,
2502 3732 2654 3792 putas
2701 3721 2920 3774 inveniet
2963 3718 3123 3790 ﬁdem
3165 3720 3240 3781 in,
3270 3727 3407 3771 terra
3450 3714 3615 3788 (Luc.

2029 3832 2177 3881 xvm,
2207 3814 2311 3885 8)?
2359 3813 2478 3868 Jam
2528 3828 2660 3869 vero
2689 3813 2756 3866 de
2782 3810 3009 3865 aliarum
3042 3809 3321 3864 civitatum
3355 3807 3622 3878 episcopis

2030 3906 2163 3977 quid
2191 3906 2497 3976 loquamur,
2526 3904 2618 3972 qui
2648 3910 2703 3957 et
2731 3916 2852 3956 cum
2878 3900 3117 3957 scribere
3143 3898 3616 3973 compellerentur,

2030 3997 2204 4069 palam
2227 3996 2659 4052 reclamaverunt
2684 4003 2876 4047 contra
2902 4004 3151 4060 magnam
3180 3988 3443 4061 synodum
3465 3986 3581 4042 fieri
3600 4002 3619 4041 :

2030 4098 2088 4144 et
2114 4097 2239 4160 post
2265 4086 2737 4155 subscriptionem,
2761 4091 3062 4138 memorato
3081 4080 3355 4152 Stephano
3376 4079 3622 4135 Romano

2031 4180 2261 4235 diacono
2299 4177 2512 4232 libellos
2549 4176 2831 4240 dederunt,
2864 4172 2978 4228 sedi
3008 4172 3320 4243 apostolica:
3348 4169 3626 4224 transmit-

2032 4271 2245 4334 tendos,
2272 4267 2592 4325 conﬁtentes
2614 4267 2668 4322 in
2698 4266 2777 4323 eis
2800 4266 2944 4336 quod
2968 4280 3001 4319 a
3026 4262 3626 4334 Constantinopolitano

2034 4363 2290 4434 episcopo
2312 4360 2487 4416 coacti
2514 4359 2941 4425 subscriberent;
2972 4356 3065 4427 qui
3090 4357 3137 4413 si
3166 4371 3197 4410 a
3220 4363 3399 4411 vestra
3424 4354 3627 4426 pietate

2035 4463 2362 4527 quaerantur,
2407 4459 2668 4523 poterunt
2697 4458 2753 4505 et
2795 4449 2937 4520 apud
2966 4464 3062 4505 vos
3088 4446 3289 4503 nostris
3316 4444 3628 4502 assertioni-

340 4537 468 4608 quid
493 4537 559 4592 de
586 4539 677 4594 illo
701 4542 1008 4608 juramento
1036 4542 1358 4597 credendum
1389 4552 1471 4598 est
1507 4543 1560 4598 in
1588 4560 1694 4613 quo
1743 4559 1929 4599 sumus
1959 4525 2011 4587 Ῑ)
2036 4525 2134 4602 bus
2165 4544 2430 4601 attestari.
2462 4541 2618 4598 Unde
2641 4556 2750 4596 non
2778 4539 2953 4596 solum
2981 4539 3082 4611 ipsi
3105 4538 3197 4610 qui
3225 4538 3340 4593 haec
3362 4536 3624 4602 fecerunt,

339 4645 463 4684 cum
495 4630 606 4685 Deo
648 4631 879 4702 depacti,
917 4642 973 4687 et
1016 4650 1115 4689 nos
1165 4638 1256 4704 qui
1299 4635 1596 4705 iuravimus
1640 4638 1931 4707 baptizati?

338 4718 445 4774 Sed
477 4728 532 4775 et
554 4722 721 4791 ipsam
754 4724 885 4777 tanti
915 4724 1153 4794 mysterii
1192 4741 1372 4795 qumso
1416 4726 1725 4781 consideres
1764 4728 1934 4783 actio-

341 4829 503 4868 nem:
537 4815 981 4883 quemadmodum
1006 4818 1220 4873 lavacro
1260 4818 1684 4888 regenerationis
1712 4818 1935 4874 abluen-

343 4903 419 4967 di,
454 4904 506 4957 in
528 4916 817 4976 conspectu
837 4908 930 4963 Dei
957 4917 1011 4963 et
1036 4917 1345 4964 sanctorum
1370 4908 1681 4978 angelorum
1710 4920 1932 4977 stemus,

344 4995 561 5050 occulta
607 4996 884 5055 dedecoris
929 4998 1166 5054 Ecclesia
1220 5006 1360 5055 teste
1404 5000 1743 5055 damuantes.
1793 5000 1935 5055 Nihil

421 5230 447 5258 ⁸
480 5220 559 5275 Ad
590 5221 731 5275 hunc
760 5220 938 5275 locum
969 5225 1177 5287 spectat
1205 5217 1349 5286 quod
1376 5217 1453 5287 ait
1479 5217 1530 5270 in
1570 5217 1709 5270 libro
1734 5225 1926 5270 contra

348 5291 647 5369 Mutiauum
677 5286 1157 5369 :__Commemorare
1202 5288 1336 5369 quod
1362 5286 1487 5369 ᾳρὶὑὶ
1532 5289 1792 5369 fecimus,"
1813 5305 1933 5369 quo-

348 5362 502 5416 modo
550 5362 654 5414 sive
695 5360 919 5415 Mennas
958 5356 1576 5425 Constantinopolilanus,
1623 5360 1726 5410 sive
1752 5356 1932 5410 'loilus

347 5432 768 5494 Alexandrinus,
810 5432 914 5484 sive
952 5428 1300 5483 Antiochenus
1340 5426 1698 5495 Epltrcemius,
1732 5437 1781 5479 et
1828 5426 1932 5495 Pes

348 5512 461 5557 trus
491 5493 997 5572 llierosolymitanus
1015 5539 1031 5565 ,
1050 5507 1339 5572 antequam
1358 5493 1445 5572 uel
1484 5498 1832 5572 consentirent
1861 5493 1937 5572 uel

348 5572 610 5638 cederent,
639 5565 814 5626 testati
861 5578 980 5625 sunt
1028 5570 1144 5640 ﬁeri
1187 5565 1291 5622 non
1333 5568 1533 5622 debere.
1578 5565 1655 5622 De
1688 5567 1770 5621 bis
1793 5567 1937 5621 enim

2035 4639 2131 4694 sed
2154 4646 2209 4694 et
2238 4638 2311 4692 illi
2341 4637 2503 4692 etiam
2547 4634 2641 4703 qui
2670 4632 2989 4689 facientibus
3017 4631 3464 4689 communicando
3492 4646 3629 4686 con-

2038 4729 2298 4797 sentiunt,
2317 4730 2386 4783 de
2415 4726 2714 4796 ignorantia
2740 4724 3063 4793 semetipsos
3087 4737 3350 4778 excusare
3371 4736 3479 4777 nou
3507 4734 3630 4790 pos-

2040 4828 2185 4886 sunt,
2214 4827 2269 4875 et
2294 4818 2491 4874 frustra
2520 4815 2876 4881 dissimulant,
2905 4815 3101 4870 frustra
3130 4828 3189 4869 se
3207 4812 3396 4868 dicunt
3419 4810 3629 4866 nescire

2039 4913 2185 4982 quod
2214 4912 2411 4966 factum
2460 4918 2567 4979 est,
2613 4910 2727 4965 sive
2766 4909 2914 4964 lucra
2958 4905 3275 4978 temporalia
3321 4903 3628 4971 diligentes,

2038 5001 2153 5056 sive
2190 5000 2356 5069 gratis
2392 5013 2517 5054 suas
2554 5000 2763 5054 animas
2807 4999 3159 5070 negligentes.
3197 4993 3295 5049 Cui
3331 4992 3478 5049 enim
3516 5004 3628 5046 non

2031 5223 2264 5286 quatuor
2314 5214 2504 5271 ordine
2550 5213 2752 5275 docet,
2788 5227 2854 5286 ac
2903 5226 3025 5286 mox
3051 5208 3263 5286 Δθιίςιιιιλ
3289 5207 3373 5286 ιιᾳ
3412 5206 3628 5286 cmteris

2034 5277 2301 5354 episcOpis
2343 5303 2356 5337 :
2388 5300 2512 5339 nam
2544 5299 2733 5338 omnes
2754 5284 2819 5337 ad
2859 5283 3016 5336 trium
3042 5277 3629 5354 Capitumudamuatio-

2038 5348 2158 5410 item
2188 5348 2551 5425 compellebat
2592 5354 2905 5423 imperator,
2947 5366 3069 5406 cum
3096 5348 3631 5425 tiiuneribusditaret

2038 5420 2419 5488 asseutieuies,
2472 5420 2803 5479 reluctantes
2838 5428 3217 5476 exauctoraret
3248 5429 3342 5477 aut
3370 5420 3631 5490 plecteret

2040 5497 2253 5561 exsilio,
2286 5506 2346 5550 ut
2371 5504 2453 5550 est
2481 5492 2622 5563 apud
2646 5491 2953 5547 Liberatum
2992 5493 3045 5547 in
3066 5500 3309 5548 extremo
3337 5489 3625 5549 breviario.

425 5823 441 5855 '
482 5819 621 5878 Cod.
652 5817 877 5886 νει-οη..
923 5816 1232 5883 eradicatur
1260 5832 1293 5871 α
1321 5815 1503 5878 quibus
1544 5809 1637 5869 sub
1675 5809 1796 5872 ﬁdei
1835 5807 2106 5863 conuuiuo
2128 5804 2191 5859 de
2217 5802 2343 5874 ﬁdei
2366 5818 2523 5858 causa
2554 5800 2889 5858 decernitur!
