4070 6352
564 352 661 406 (3:27

1582 390 1587 393 »
1641 349 1935 407 FACUNDl
1976 352 2155 409 EPISC

2259 352 2732 409 iERillANENSIS
3715 353 3798 408 6‘28

561 452 789 522 Sufficiat
816 464 883 522 ad
905 478 1337 536 cognoscendum
1367 480 1541 521 causae
1570 468 1839 533 meritmn,
1869 470 1984 523 sola
2022 486 2151 524 cono
2178 474 2226 533 Α
2254 488 2413 541 quam
2461 481 2605 527 tenet
2652 469 2963 525 defensione
3008 468 3317 523 certantes?
3365 465 3523 523 Enim
3567 484 3685 525 vero
3716 472 3799 530 dici

563 556 726 613 fessio
760 567 1239 626 transgressorum,
1272 565 1327 612 et
1354 557 1549 625 verbis,
1578 559 1791 628 publice
1821 560 1958 614 facta
1988 568 2043 614 et
2090 561 2151 614 li-

563 650 718 706 bellis
742 652 1020 719 exposita?
1048 650 1360 705 Manifestos
1385 651 1582 705 habent
1604 667 1816 705 errores
1843 668 2028 707 eorum
2060 653 2153 723 qui

556 740 941 796 verisimilibus
968 741 1316 810 argumentis,
1348 741 1498 811 quasi
1529 750 1838 796 constanter
1862 757 1953 796 sua
1977 751 2153 797 errata

557 831 891 899 defendunt;
914 843 970 888 et
994 835 1092 888 iste
1120 834 1221 888 illis
1249 834 1551 902 incognitus
1577 850 1695 890 csse
1736 843 1932 905 potest,
1963 844 2152 889 aucto-

557 940 677 979 rum
725 940 946 980 suorum
994 926 1334 981 confessione
1381 928 1706 981 damnatus?
1752 926 1847 982 liis
1901 930 2151 983 omnibus

556 1014 775 1071 accedit
821 1025 877 1071 et
904 1016 1167 1072 confessio
1215 1017 1502 1072 Domitiani
1552 1017 1773 1079 Galatre.
1830 1018 2153 1090 Ancyrensis

556 1111 688 1165 olim
726 1111 986 1182 episcopi,
1037 1126 1197 1181 quem
1248 1112 1548 1167 confessum
1580 1113 1809 1169 diximus
1847 1114 1991 1182 quod
2038 1112 2153 1182 ejus

559 1205 858 1275 compiices
904 1203 1206 1273 Origcniani
1257 1205 1324 1259 ad
1386 1204 1642 1259 Ecclesia:
1689 1206 2151 1260 conturbationem

561 1295 662 1347 ista
695 1295 866 1349 moliti
906 1304 1048 1349 sunt.
1083 1296 1214 1349 Nam
1262 1296 1311 1349 in
1361 1295 1542 1349 libello
1589 1312 1747 1366 quem
1795 1296 1862 1349 ad
1902 1296 2151 1364 Vigilium

561 1384 802 1453 scripsit,
824 1399 1162 1453 conquerens
1181 1385 1245 1438 de
1267 1385 1348 1440 his
1365 1384 1452 1453 qni
1475 1386 1916 1440 contradicebant
1939 1385 2155 1453 dogma-

569 1473 712 1529 tibus
731 1472 990 1542 Origenis,
1023 1476 1311 1530 asserentis
1340 1477 1544 1530 animas
1574 1478 1835 1531 humanas
1867 1490 1991 1533 ante
2033 1495 2154 1532 cor-

570 1580 702 1635 pora
740 1567 792 1620 in
823 1567 1051 1635 quadam
1082 1569 1240 1622 beata
1290 1569 1394 1623 vita
1425 1570 1826 1638 ptmexstitisse,
1870 1579 1925 1625 et
1964 1586 2153 1626 omnes

568 1673 687 1727 qum
708 1655 905 1712 fuerint
934 1666 1139 1715 aeterno
1168 1661 1430 1730 supplicio
1452 1661 1760 1726 destinata),
1793 1664 1845 1717 in
1877 1665 2151 1733 pristinam

569 1750 951 1804 beatitudinem
1002 1768 1122 1805 cum
1153 1752 1366 1807 diabolo
1408 1762 1463 1807 et
1509 1755 1709 1822 angelis
1758 1755 1871 1823 ejus
1912 1757 2148 1822 restitui;

2256 562 2478 617 forsitan
2509 565 2576 617 ab
2609 564 2717 617 alio
2747 569 2961 632 posset,
3000 559 3141 629 quod
3170 560 3395 629 spiritus
3421 560 3631 627 quidem
3652 578 3801 631 prom-

2254 664 2409 726 ptus,
2453 671 2580 711 caro
2626 665 2803 710 autem
2848 654 3088 716 infirma,
3136 652 3225 705 diu
3263 651 3537 705 cruciatus
3565 650 3692 707 ferre
3716 670 3799 709 nott

2254 747 2430 816 potuit
2464 764 2476 799 :
2520 753 2579 800 ut
2627 761 2795 815 prona
2838 744 2908 799 sit
2951 742 3331 812 indulgentiam
3373 742 3803 799 succumbentibus

2257 838 2496 891 tribuere
2522 836 2934 905 uniuscujusque
2964 834 3289 890 conscientia
3317 832 3404 886 sui
3435 831 3695 900 fragilitas.
3723 832 3803 889 So-

2253 927 2331 983 let
2359 929 2499 982 enim
2553 926 2621 982 de
2665 928 2910 982 humanis
2955 925 3235 987 cordibus,
3284 938 3389 996 pro
3431 923 3705 978 devotione
3739 926 3804 980 sui

2257 1021 2427 1075 fidelis
2468 1020 2714 1087 exordii,
2751 1020 2795 1075 si
2842 1034 2951 1073 non
3005 1025 3310 1088 perseveret
3351 1030 3526 1084 usque
3568 1015 3618 1069 in
3646 1016 3801 1083 linem,

2255 1113 2466 1166 veniam
2497 1110 2906 1181 pusillanimitas
2944 1109 3251 1179 impetrare.
3281 1106 3392 1161 Sed
3436 1106 3490 1161 in
3539 1106 3634 1160 hac
3673 1120 3805 1161 causa

2255 1201 2381 1272 quid
2414 1201 2625 1256 tandem
2657 1208 2834 1271 potest
2861 1198 3221 1255 excusationis
3248 1197 3518 1253 obtendi?
3545 1197 3805 1253 Praasertim

2255 1308 2375 1348 eum
2400 1303 2575 1348 vestra
2598 1292 2902 1355 clementia,
2932 1290 3012 1344 sui
3037 1287 3380 1355 cognomenti
3406 1302 3515 1341 non
3542 1287 3804 1351 immemor,

2255 1385 2307 1438 in
2337 1385 2464 1453 ipsis
2492 1398 2709 1453 quoque
2736 1381 3226 1436 contradicentibus
3266 1378 3371 1433 sibi
3411 1376 3671 1431 haereticis
3703 1376 3804 1431 nihil

2255 1476 2425 1544 egerit
2454 1475 2821 1528 inclementer.
2870 1471 2926 1525 Si
2978 1470 3102 1541 quid
3132 1469 3297 1537 igitur
3342 1466 3414 1521 ob
3446 1466 3583 1520 hanc
3626 1481 3804 1520 causam

2253 1566 2445 1635 aliquis
2472 1565 2784 1636 pertulerit,
2817 1563 3027 1617 illorum
3076 1560 3247 1629 magis
3279 1566 3363 1613 est
3407 1556 3677 1611 invidiosis
3706 1571 3805 1625 sug-

2254 1661 2581 1731 gestionibus
2620 1657 3019 1729 imputandum,
3047 1654 3139 1723 qui
3180 1651 3583 1706 dissimulantes
3607 1649 3668 1702 ab
3687 1650 3804 1717 aliis,

2258 1769 2418 1807 unum
2471 1753 2572 1807 sibi
2624 1752 2797 1807 solum
2843 1748 3216 1805 contradicere
3244 1743 3631 1813 querebantur.
3678 1739 3805 1806 Quasi

568 1838 697 1894 dicit
721 1841 882 1894 etiam
914 1840 1026 1896 inec
1054 1861 1068 1897 :
1100 1861 1116 1894 ‹
1152 1842 1517 1897 Prosiiuerunt
1543 1844 1609 1898 ad
1627 1846 2154 1901 anathematizandos
2184 1850 2231 1910 Β
2258 1860 2389 1899 vero
2435 1860 2543 1899 non
2582 1843 2795 1907 statim,
2830 1850 2888 1895 ut
2926 1838 3204 1894 meditatio
3244 1834 3369 1891 facti
3404 1832 3561 1901 hujus
3589 1832 3803 1894 innotuit,

569 1931 940 1987 sanctissimos
984 1942 1040 1987 et
1068 1933 1485 2000 gloriosissimos
1523 1935 1806 2004 doctores,
1855 1937 1952 1990 sub
1996 1953 2155 1992 occa-

570 2021 723 2075 sione
761 2036 948 2075 eorum
989 2036 1109 2091 qua:
1145 2023 1213 2078 de
1258 2024 1652 2093 pracexistentia
1706 2034 1762 2080 et
1818 2028 2156 2083 restitutione

571 2119 719 2166 mota
764 2121 909 2176 sunt,
939 2112 1267 2183 dogmatum,
1299 2115 1398 2169 sub
1433 2116 1611 2185 specie
1638 2116 1851 2185 quidem
1892 2116 2150 2188 Origenis.

573 2218 761 2259 omnes
809 2212 989 2259 autem
1025 2205 1115 2273 qui
1170 2213 1294 2261 ante
1333 2222 1456 2261 eum
1500 2217 1556 2262 et
1609 2217 1732 2278 post
1783 2225 1902 2263 eunt
1944 2210 2157 2266 fuerunt

570 2302 787 2350 sanctos
813 2296 1348 2352 anathematizantes.
1385 2298 1449 2352 lli
1482 2315 1609 2354 vero
1637 2302 1725 2368 qui
1766 2311 2158 2371 proposuerant

570 2386 875 2454 hujusmodi
900 2387 1094 2455 dogma
1128 2388 1437 2453 defendere,
1469 2389 1520 2443 id
1570 2390 1791 2459 implere
1823 2391 1967 2445 nullo
1996 2392 2155 2446 modo

570 2478 856 2532 voluerunt
887 2495 900 2531 :
932 2478 1024 2533 sed
1057 2478 1216 2533 talem
1264 2479 1626 2549 relinquentes
1655 2480 1995 2549 conflictum,
2034 2498 2158 2537 con-

570 2571 710 2624 versi
739 2578 866 2624 sunt
894 2577 953 2624 ut
980 2580 1260 2625 moverent
1287 2569 1545 2626 adversus
1570 2570 1911 2626 Theodorum
1941 2574 2027 2642 qui
2062 2571 2158 2627 fuit

570 2658 980 2732 Mopsuestenus
1026 2662 1340 2731 episcOpus,
1390 2662 1457 2716 et
1503 2662 1678 2717 moliri
1716 2673 1992 2732 coeperunt
2026 2678 2158 2732 qua-

574 2759 734 2805 tenus
763 2751 1309 2806 anathematizaretur
1331 2761 1388 2807 et
1416 2752 1525 2815 ille,
1559 2752 1625 2805 ad
1672 2752 2043 2817 abolitionem,
2102 2742 2159 2809 ut

570 2840 850 2911 putabant,
879 2856 1066 2895 eorum
1094 2856 1213 2912 qua:
1241 2853 1428 2897 contra
1458 2842 1741 2911 Origenem
1779 2853 1923 2900 mota
1955 2846 2156 2900 consti-

561 2934 860 2990 .tuerant.‘.
896 2950 914 2984 ι
977 2929 1076 2989 liis
1122 2942 1300 2988 autem
1332 2934 1702 3001 consideratis,
1742 2936 2159 2991 clementissime

569 3027 879 3094 imperator,
912 3024 1032 3095 quis
1060 3041 1168 3080 non
1197 3026 1458 3096 intelligat
1506 3028 1783 3097 quoniam,
1817 3028 1861 3081 si
1900 3026 2160 3082 Ecclesia-

568 3129 692 3171 rum
730 3116 989 3185 primates
1034 3131 1262 3186 quorum
1306 3117 1673 3171 confessiones
1718 3119 2154 3181 memoravimus,

2258 1934 2574 1991 Christiana:
2596 1934 2765 2004 plebis
2803 1930 3026 1987 offendit
3053 1929 3323 1992 auditum,
3369 1933 3432 1979 ut
3459 1938 3594 1977 unus
3622 1922 3712 1976 hoc
3737 1936 3804 1974 vo-

2260 2027 2419 2082 luisse
2453 2025 2473 2057 ³
2508 2026 2683 2080 facere
2714 2023 3003 2087 diceretur,
3036 2029 3289 2089 tanquam
3320 2028 3533 2085 magna:
3577 2021 3631 2068 et
3660 2011 3803 2078 singu-

2260 2120 2384 2173 laris
2406 2126 2548 2173 esset
2564 2098 2803 2186 justitim,
2833 2129 2938 2168 non
2962 2111 3323 2167 condemnare
3345 2113 3431 2160 tot
3452 2099 3804 2164 venerabiles‘,

2258 2210 2347 2279 qui
2375 2217 2561 2262 contra
2589 2204 3024 2261 Chalcedonense
3060 2198 3347 2255 concilium
3374 2197 3483 2250 hoc
3512 2191 3620 2247 fieri
3643 2206 3801 2260 cogno-

2259 2308 2476 2365 verunt,
2516 2298 2798 2368 palamque
2837 2292 3085 2348 detestati
3125 2298 3250 2345 sunt
3280 2290 3323 2343 ⁸.
3364 2285 3470 2353 Qui
3509 2292 3677 2338 tamen
3712 2282 3803 2336 sub-

2258 2385 3009 2459 scripseruntdefinitionibus
3047 2382 3168 2437 libri
3207 2381 3258 2434 in
3307 2395 3420 2450 quo
3470 2376 3661 2431 dictum
3702 2379 3800 2427 est:

2266 2500 2282 2532 ι
2317 2481 2371 2536 Si
2402 2480 2519 2549 quis
2542 2479 2670 2533 dicit
2698 2477 2811 2531 huic
2841 2492 2938 2530 nos
2959 2473 3028 2528 ad
3055 2470 3350 2528 abolendos
3372 2476 3466 2522 aut
3488 2462 3802 2521 excludendos

2258 2582 2474 2628 sanctos
2518 2570 2707 2625 Patres
2735 2567 2827 2639 qui
2859 2569 2911 2623 in
2950 2563 3381 2625 Chalcedonensi
3414 2560 3563 2615 fuere
3592 2555 3801 2622 concilio,

2258 2669 2488 2730 dixisse,
2528 2664 2810 2719 anathema
2848 2662 2945 2727 sit;
2986 2680 3003 2713 ι
3049 2668 3212 2727 atquc
3250 2657 3323 2710 ita
3354 2652 3665 2720 semetipsos
3702 2662 3801 2701 ana-

2260 2760 2440 2812 thema
2471 2757 2728 2817 fecerunt,
2760 2752 2852 2823 qui
2881 2753 3119 2806 dicentes
3139 2749 3401 2802 adversus
3428 2753 3636 2798 sanctos
3656 2738 3801 2791 Patres

2257 2855 2348 2923 qui
2389 2854 2440 2906 in
2483 2849 2905 2906 Chalcedonensi
2952 2846 3100 2901 fuere
3137 2841 3393 2903 concilio,
3426 2840 3539 2894 hac
3567 2848 3677 2891 esse
3695 2847 3800 2923 con-

2258 2922 2479 3015 scripta,
2511 2950 2874 3007 assenserunt,
2907 2948 2965 2994 ut
2991 2939 3033 2992 si
3055 2936 3175 3007 quis
3204 2934 3306 2989 hoc
3336 2932 3490 2993 dicit,
3519 2922 3801 2980 ﬁatanathe-

2258 3014 2379 3091 nia.
2409 3034 2563 3103 Quod
2590 3036 2635 3089 si
2670 3035 2773 3087 hoc
2816 3033 2978 3087 etiam
3021 3045 3127 3082 non
3171 3026 3395 3090 fuisset,
3428 3015 3655 3087 nunquid
3694 3014 3800 3071 inter

2258 3142 2491 3184 canones
2522 3134 2681 3194 atque
2709 3132 2908 3178 statuta
2932 3120 3125 3189 quibus
3156 3116 3221 3170 de
3244 3114 3411 3169 rebus
3441 3108 3628 3165 divinis
3654 3105 3800 3194 decer-

571 3220 669 3277 pro
690 3209 917 3263 veritate
945 3218 1271 3274 constarent,
1307 3208 1465 3265 facile
1493 3209 1560 3265 de
1589 3210 1744 3265 vobis
1773 3221 1996 3280 possent
2024 3211 2158 3264 obti-
2186 3240 2229 3297 α
2263 3222 2424 3285 ηδιον,
2466 3191 2651 3271 haberi
2680 3216 2857 3276 debet,
2893 3220 2950 3265 ut
2995 3211 3037 3265 si
3069 3208 3189 3277 quis
3208 3205 3287 3297 de
3316 3191 3799 3297 conscriptore,

572 3312 704 3352 nere
729 3313 797 3352 ne
819 3298 987 3363 fieret,
1019 3299 1163 3369 quod
1192 3299 1385 3354 frustra
1416 3315 1496 3367 se,
1526 3316 1631 3355 non
1660 3302 1937 3355 voluntate
1968 3303 2159 3356 fecisse

572 3395 877 3442 causantur.
908 3388 1071 3455 Quasi
1113 3406 1243 3445 vero
1274 3401 1497 3460 propter
1538 3392 1642 3447 hoc
1697 3400 1899 3446 tantum
1930 3392 2159 3447 ordinati

573 3493 757 3533 sumus
782 3480 1041 3549 episcopi,
1074 3491 1133 3535 ut
1160 3482 1394 3537 ditemur
1420 3484 1719 3553 principum
1751 3484 1925 3549 donis,
1956 3494 2009 3538 et
2036 3501 2157 3538 cum

574 3570 651 3623 eis
673 3570 814 3625 inter
834 3573 1123 3627 maximas‘
1146 3582 1443 3644 potestates
1468 3577 1874 3640 consedeamus,
1906 3588 2159 3647 tanquam

574 3659 740 3714 divini
770 3662 1057 3717 sacerdotii
1084 3664 1374 3735 privilegiis
1404 3665 1517 3719 fulti
1545 3684 1557 3718 :
1594 3667 1763 3720 sicubi
1796 3676 1974 3721 autem
2016 3668 2162 3722 [υἱιδ-

574 3752 676 3807 ciis
717 3753 1072 3821 malignorum
1114 3771 1235 3825 qua:
1275 3758 1434 3813 nullis
1480 3760 1807 3829 temporibus
1856 3760 2155 3825 defuerunt,

574 3841 775 3912 aliquid
803 3844 883 3898 eis
912 3843 1052 3899 inter
1088 3853 1264 3901 tantas
1302 3848 1611 3917 reipublicae
1642 3866 1750 3904 sum
1782 3866 1940 3905 curas
1980 3854 2159 3907 subre

574 3939 724 4002 ptum
778 3932 976 3999 fuerit,
1033 3935 1177 4005 quod
1228 3936 1479 3993 Ecclesia:
1536 3938 1629 3995 Dci
1684 3942 2015 4010 prtejudicet,
2075 3944 2160 3997 vel

575 4021 828 4079 Ecclesiae
858 4040 1043 4093 pacem
1074 4027 1254 4082 turbet
1279 4046 1291 4080 :
1318 4044 1425 4081 non
1462 4030 1540 4083 eis
1570 4030 1859 4085 debeamus
1887 4048 1982 4100 pro
2024 4034 2160 4103 ipso-

573 4125 692 4167 rum
729 4115 901 4171 salute
929 4130 1046 4185 qua:
1072 4127 1197 4172 sunt
1225 4133 1347 4173 vera
1377 4134 1681 4189 suggerere,
1738 4129 1792 4175 et
1840 4122 1882 4175 si
1939 4136 2159 4176 necesse

574 4205 754 4272 fuerit,
799 4208 1074 4277 religionis
1114 4212 1437 4265 auctoritate
1471 4212 1744 4277 resistere,
1784 4228 1847 4268 ac
1893 4214 2161 4284 patienter

572 4295 922 4354 offensionem
952 4315 1166 4371 quoque
1214 4302 1448 4368 illorum,
1480 4303 1522 4356 si
1571 4304 1842 4370 acciderit,
1872 4307 2156 4361 sustinere.

574 4385 640 4438 Et
666 4389 752 4442 ubi
782 4390 887 4443 erit
916 4390 1045 4445 illud
1092 4393 1465 4461 propheticum
1492 4410 1504 4446 :
1531 4393 1801 4457 Lomtebar
1852 4398 1903 4449 in
1940 4400 2160 4451 testimo-

573 4477 673 4528 m't's
699 4479 797 4530 tuis
813 4479 866 4531 in
887 4491 1158 4549 conspectu
1181 4498 1382 4552 regum,
1404 4492 1577 4537 etnon
1606 4484 1960 4555 confundebar
1982 4486 2153 4554 (Psal.

2263 3282 2474 3378 cunque
2514 3309 2582 3360 sit
2611 3314 2702 3358 ant
2742 3305 2974 3366 dicatur,
3020 3300 3161 3354 illius
3203 3296 3326 3351 libri
3359 3294 3518 3348 aliter
3557 3282 3800 3378 crediderit

2261 3375 2420 3471 quam
2446 3399 2555 3452 vult
2584 3400 2697 3467 ipse
2723 3395 3075 3464 conscriptor,
3110 3388 3399 3444 anathema
3429 3385 3497 3439 sit
3519 3380 3652 3473 velut
3669 3375 3800 3473 incre-

2266 3469 2419 3554 tieus,
2452 3506 2572 3545 cum
2614 3488 2659 3543 si
2687 3487 2964 3540 videbatur
2996 3484 3067 3537 ita
3110 3479 3326 3536 decerni
3357 3492 3424 3532 ac
3453 3472 3559 3529 dici
3581 3469 3800 3528 debuerit,

2269 3593 2322 3637 ut
2350 3583 2633 3635 anathema
2666 3579 2842 3640 fieret,
2875 3576 2917 3629 si
2948 3576 3067 3644 quis
3094 3572 3162 3626 ad
3191 3568 3495 3625 abolendos
3543 3569 3630 3616 aut
3654 3555 3799 3612 exclu-

2262 3673 2466 3726 dendos
2511 3678 2725 3723 sanctos
2769 3665 2954 3720 Patres
2996 3665 3086 3733 qui
3133 3664 3185 3717 in
3231 3654 3648 3716 Chalcedonensi
3686 3650 3801 3704 fuere

2262 3762 2512 3825 concilio,
2535 3759 2611 3813 eis
2640 3771 2756 3826 qua:
2779 3756 2829 3809 in
2859 3762 3157 3809 memorato
3188 3753 3322 3805 libro
3353 3750 3496 3803 dicta
3525 3753 3638 3800 sunt
3662 3749 3801 3797 utere?

2265 3867 2367 3908 tur.
2401 3853 2553 3906 Nunc
2595 3858 2801 3913 autem,
2848 3863 2915 3901 ne
2955 3845 3075 3915 quis
3107 3842 3301 3897 talibus
3348 3839 3507 3895 dictis
3532 3833 3798 3891 resisteret,

2265 3947 2513 4001 omnibus
2543 3942 2875 3997 interdicitur
2901 3939 3051 4007 queri
3079 3956 3092 3989 :
3120 3937 3193 3990 uti
3226 3951 3355 3988 vero
3388 3935 3467 3988 eis
3494 3930 3559 3985 ad
3579 3922 3796 3982 exclusio-

2264 4056 2385 4094 netn
2412 4045 2607 4092 sancta:
2636 4033 2845 4105 synodi,
2877 4032 3005 4085 nulli
3037 4037 3279 4098 negatur.
3314 4026 3513 4081 Verum
3535 4019 3668 4090 quia,
3693 4012 3800 4067 sic“!

2264 4129 2712 4202 pra3dixeratnus,
2774 4134 2880 4177 tam
2930 4121 3214 4192 epistolam
3269 4114 3585 4174 venerabilis
3629 4108 3717 4161 Iba:
3758 4106 3800 4202 si

2264 4200 2585 4280 Theodoreti
2617 4220 2813 4289 scripta
2846 4232 3006 4285 quam
3030 4212 3299 4267 Theodori
3335 4209 3555 4278 ejusque
3592 4200 3799 4297 dogmata

2262 4314 2317 4368 in
2360 4311 2726 4384 praijudiciutn
2770 4304 2957 4378 synodi
3001 4300 3476 4390 Chalcedonensis
3504 4294 3796 4390 probavimus

2262 4419 2381 4457 esse
2406 4402 2655 4455 damnata
2691 4416 2704 4452 ;
2738 4395 2865 4451 illud
2892 4395 3078 4462 etiam,
3105 4391 3247 4462 quod
3278 4388 3516 4445 secundo
3542 4386 3795 4455 partitionis

2264 4493 2383 4546 loco
2422 4490 2782 4560 promisimus,
2816 4487 2917 4541 hoc
2947 4483 3217 4539 volumine
3245 4480 3530 4536 terminato
3551 4475 3651 4545 jam
3676 4465 3795 4560 debe-

574 4580 757 4633 cxvttt,
788 4567 919 4637 46)?
950 4571 1048 4624 nisi
1074 4571 1211 4627 forte
1239 4584 1484 4642 pastores
1508 4576 1725 4643 quidem
1754 4576 1821 4630 ad
1850 4577 1933 4631 lac
1960 4588 2014 4632 et
2044 4580 2153 4633 vel-
2186 4611 2234 4667 ο
2264 4599 2383 4638 mus
2423 4557 2732 4637 ostendere.
2776 4578 3040 4646 Quoniam
3086 4575 3284 4634 frustra
3330 4581 3552 4667 negatur
3593 4557 3793 4667 εδξῐξάεφ

576 4658 710 4722 lera,
736 4660 803 4713 ad
831 4663 1147 4718 avertendas
1174 4680 1305 4719 vero
1336 4665 1587 4735 luporutn
1615 4668 1835 4725 insidias
1874 4679 1929 4726 et
1958 4673 2153 4728 tuenda

574 4747 733 4801 ovilia
751 4790 766 4815 ,
805 4750 1130 4806 desertores.

642 4837 779 4904 Quid
821 4840 964 4894 enim
986 4841 1098 4910 jam
1124 4844 1263 4912 passi
1294 4843 1519 4912 fuimus,
1543 4846 1627 4907 vel
1656 4848 1780 4916 quid
1810 4850 1919 4919 pati
1950 4851 2016 4905 ab
2045 4852 2148 4905 im-

572 4936 823 4997 peratore
871 4929 1172 4987 Christiano
1224 4935 1524 5002 timuimus,
1583 4951 1682 5007 pro
1728 4938 1966 5008 ejusdem
2024 4939 2147 4996 fidei

644 5138 657 5166 ¹
697 5135 832 5205 Cod.
860 5138 1057 5195 Veron.
1090 5151 1146 5197 et
1173 5160 1273 5205 ms.
1307 5148 1662 5199 constiterant.

640 5209 659 5287 ξ
693 5204 842 5287 idem
872 5210 1019 5287 cod.,
1050 5204 1305 5287 maxime:
1328 5219 1401 5269 vel
1424 5233 1580 5287 supra
1606 5218 1883 5271 maximas.

640 5277 661 5348 ξ
690 5274 837 5348 idem
867 5274 1015 5348 cod.,
1040 5283 1283 5339 noluisse.

642 5344 661 5375 ⁸
688 5342 835 5401 fdem
857 5342 1011 5415 cod.,'
1030 5354 1343 5409 venerabiles
1371 5354 1580 5420 Patres,
1609 5372 1723 5410 cum
1745 5364 1794 5409 et
1817 5355 1940 5426 ipsi,
1970 5372 2151 5426 quem-

2262 4676 2543 4745 epistoiam
2572 4691 2599 4726 a
2631 4672 2836 4743 synodo
2860 4670 3024 4724 fuisse
3047 4666 3358 4739 probatam;
3379 4661 3474 4718 sed
3500 4645 3787 4747 Eutychiani.

2261 4775 2320 4819 ut
2340 4763 2495 4819 nobis
2523 4762 2827 4825 illuderent,
2858 4760 2961 4815 hoc
2982 4756 3314 4812 mendacium
3338 4766 3435 4825 per
3453 4762 3575 4805 suos
3596 4748 3783 4797 sentina-

2259 4873 2382 4912 vcre
2411 4856 2667 4910 fautores.

2254 5145 2531 5199 admodum
2560 5146 2753 5198 dictum
2801 5152 2910 5209 est,
2962 5149 3021 5196 ut
3060 5141 3167 5196 sint
3210 5129 3603 5195 inexcusabifn,
3643 5119 3789 5175 ⁸⁸³⁸⁸⁷⁸

2256 5215 2688 5279 Chalcedonense,
2719 5222 2825 5269 ctc.

2327 5290 2349 5320 ⁸
2375 5283 2519 5339 idem
2547 5284 2692 5349 cod.,
2727 5285 2898 5338 testati
2929 5288 3067 5337 sunt.
