4070 6352
328 277 438 336 629

778 432 2950 469 ._._..________________________________

1226 286 1359 343 ι’ηο
1400 289 1831 350 ῡΕιῖῈΝΞΙΟΝΕ
1869 293 2086 353 TRIUM
2128 296 2445 357 CAPITUL.
2485 301 2613 360 LIB.
2651 304 2712 361 V.

2956 459 3612 484 Μ

1489 543 1827 627 LIBER
1882 546 2451 657 QUINTUS.

818 731 1047 792 CAPUT
1081 737 1362 795 ΡιιιιιυΜ.

312 843 473 911 Quod
511 843 783 926 epistolam
831 844 942 926 [itte
970 850 1309 926 orthodoxam
1359 872 1531 909 revera
1565 861 1909 926 pronuntiarit

383 920 621 995 aquatius
650 916 1104 995 Chalcedonensis,
1136 925 1370 995 falsoque
1409 916 1584 981 dicunt
1627 934 1912 987 adiersarii

385 988 454 1040 ab
478 1004 540 1041 ea
565 1004 667 1042 non
707 990 863 1060 fuisse
888 988 1198 1064 susceptam.

384 1119 610 1175 Intende
664 1139 827 1190 nunc,
861 1126 1279 1199 Auguste,quam
1325 1134 1602 1192 manifesta
1644 1146 1700 1192 et
1727 1141 1909 1195 multi-

306 1212 440 1280 plici
487 1214 696 1270 ratiuzte
727 1217 828 1272 hoc
857 1220 1018 1273 etiam
1050 1222 1472 1292 demonstretur,
1511 1230 1653 1298 quod
1682 1246 1913 1301 sequen-

306 1314 399 1359 ῑει⁵
419 1321 504 1358 me
532 1305 1022 1364 demonstraturum
1046 1326 1167 1366 esse
1192 1316 1433 1383 promisi,
1452 1322 1702 1387 quoniam
1734 1323 1906 1379 hatre-

307 1395 542 1449 ticurnm
569 1396 800 1454 fautores
819 1412 1006 1470 aperto
1037 1406 1315 1461 mendacio
1336 1423 1432 1460 nos
1456 1411 1704 1479 decipere
1728 1416 1912 1472 volne-

309 1500 470 1553 runt,
506 1500 561 1545 ιιι
586 1492 830 1547 dicerent
862 1496 1138 1560 epistolam
1171 1500 1491 1556 venerabilis
1524 1503 1624 1557 Ihm
1653 1521 1680 1558 a
1725 1512 1908 1563 conci-

308 1579 383 1636 lio
429 1583 853 1640 Chalcedonensi
899 1596 923 1623 ι
969 1605 1073 1642 non
1103 1591 1266 1647 fuisse
1304 1606 1628 1662 susceptam.
1660 1597 1755 1653 lilii
1782 1599 1906 1655 dum

304 1674 649 1743 recitaretur,
690 1694 753 1731 ex
802 1682 1227 1747 praecedentibus
1258 1686 1445 1751 gestis,
1473 1687 1609 1755 apud
1644 1704 1904 1746 reveren-

303 1765 543 1821 tissimus
611 1768 858 1823 Photium
902 1779 958 1824 et
1010 1773 1375 1842 Eustachium,
1433 1788 1592 1846 atque
1652 1780 1904 1836 Uranium

302 1859 590 1929 episcopos
637 1862 850 1929 habitis,
903 1881 1024 1934 qua:
1072 1878 1259 1922 contra
1310 1882 1667 1927 memoratum
1698 1874 1909 1943 episco-

304 1965 433 2021 pum
466 1953 609 2008 Ibam
650 1958 952 2024 protulerat
1001 1957 1338 2028 Theophilus
1365 1962 1645 2029 diaconus,
1680 1968 1767 2033 qui
1791 1967 1908 2038 ejus

302 2042 644 2099 adversarius
697 2048 965 2102 existebat
1009 2052 1410 2107 considentibus
1460 2055 1749 2126 episcOpis,
1784 2059 1903 2115 talis

1932 749 2345 817 Ajactaverunt
2394 753 2535 822 quod
2584 768 2614 808 ι
2661 770 2853 827 magno
2900 761 3131 816 concilio
3192 775 3439 835 suscepta
3496 783 3605 825 non

2024 840 2201 905 fuerit,
2243 857 2362 896 cum
2411 845 2461 896 in
2507 859 2573 899 eo
2616 862 2799 902 rursus
2848 849 2916 904 ita
2961 855 3357 920 pronuntiatum
3387 859 3607 916 noveri-

2022 948 2189 987 mus:
2228 952 2248 985 ι
2295 935 2370 991 Ex
2414 935 2497 990 his
2549 954 2668 1007 qua:
2714 933 2883 1010 nuper
2931 942 3068 998 lecta
3116 956 3241 1002 sunt
3291 948 3491 1006 clarum
3526 964 3607 1008 est

2017 1028 2138 1092 quia
2172 1029 2643 1084 reverentissitnus
2692 1029 2809 1087 lhas
2840 1036 3099 1093 innocens
3134 1048 3220 1094 est
3260 1042 3328 1095 ab
3357 1044 3606 1099 omnibus

2015 1133 2135 1186 quae
2163 1120 2211 1173 ei
2260 1119 2402 1174 illata
2447 1132 2591 1186 sunt,
2639 1132 2693 1178 et
2737 1138 2802 1180 ex
2844 1127 3045 1183 relecto
3083 1133 3343 1202 rescripto
3370 1137 3608 1205 epistola:

2016 1210 2158 1277 quod
2208 1212 2469 1280 prolatum
2520 1223 2601 1267 est
2630 1215 2699 1270 ab
2748 1219 2867 1283 ejus
2922 1220 3257 1289 adversario,
3310 1229 3605 1283 orthodoxa

2014 1306 2260 1371 apparuit
2312 1305 2430 1376 ejus
2481 1307 2723 1364 dictatio.
2773 1329 2791 1362 ι
2850 1311 3095 1381 Nunquid
3153 1331 3286 1387 ergo
3347 1320 3605 1375 adversus

2016 1395 2146 1449 i~tas
2163 1397 2592 1454 evidentissimus
2617 1416 2779 1469 super
2798 1404 3083 1471 epistolam
3108 1420 3453 1464 memoratam
3486 1426 3607 1467 sen-

2014 1490 2232 1554 tentias,
2275 1506 2394 1544 cum
2441 1503 2558 1561 post
2594 1494 2712 1562 ejus
2743 1496 3244 1553 condemnationem
3275 1502 3606 1570 exprobrare

2012 1581 2170 1635 nobis
2205 1584 2464 1649 cmperint
2492 1582 2748 1647 ltaaretici,
2786 1588 2926 1655 quod
2950 1590 3229 1654 epistolam
3257 1603 3442 1646 nostro
3461 1592 3604 1662 judi-

2010 1675 2097 1727 cio
2146 1674 2515 1731 Nestorianam
2544 1679 2781 1749 synodus
2805 1679 3260 1739 Chalcedonensis
3290 1690 3603 1756 pronuntia-

2010 1770 2084 1821 vit
2139 1769 2517 1836 orthodoxam,
2578 1788 2859 1837 possemus
2904 1775 3087 1831 dicere
3145 1777 3334 1834 falsum
3365 1795 3507 1845 esse,
3550 1793 3602 1837 et

2009 1866 2313 1918 econtrariu
2334 1866 2731 1933 demonstrare,
2750 1870 2889 1935 quod
2909 1885 3025 1927 eam
3048 1873 3161 1942 ipsa
3183 1890 3393 1945 quoque
3414 1892 3601 1946 repro-
3622 1868 3631 1879 ’

2011 1955 2214 2009 baverit
2234 1967 2397 2026 atque
2411 1957 2789 2014 damnaverit?
2814 1962 3066 2021 Advertis
3085 1966 3259 2035 igitur,
3283 1967 3598 2038 imperator,

2007 2049 2149 2117 quod
2213 2049 2415 2105 inimici
2471 2053 2697 2123 justitize
2750 2054 2974 2111 illudere
3022 2059 3294 2114 voluerint
3345 2060 3600 2118 Ecclesia:

297 2143 386 2188 est
407 2135 527 2190 data
555 2142 851 2193 sententia:
878 2157 897 2192 ι
921 2139 1283 2210 Cognovimus
1295 2159 1360 2199 ex
1376 2149 1637 2201 sententia
1653 2164 1888 2206 reveren-

2010 2138 2231 2207 Christi,
2261 2154 2317 2198 et
2345 2158 2574 2199 avocare
2617 2160 2714 2199 nos
2740 2160 2770 2199 a
2801 2148 2975 2202 veraci
3016 2152 3335 2218 assertione,
3373 2166 3476 2222 qua
3507 2151 3600 2210 de-

304 2224 637 2279 tissimurum
656 2231 1030 2298 episcoporum
1048 2230 1075 2269 δ
1097 2232 1238 2286 Ibam
1266 2238 1756 2293 reverentissimum
1780 2242 1896 2310 epi-

297 2329 523 2385 scopum
542 2317 816 2375 innoxium
840 2324 1285 2381 demonstratum.
1306 2327 1463 2383 Lecta
1487 2330 1627 2385 enim
1655 2331 1772 2402 ejus
1802 2335 1909 2404 cpi-

300 2409 464 2474 stola,
505 2413 853 2479 cognovimus
883 2430 1004 2468 eum
1049 2431 1170 2471 esse
1209 2418 1589 2484 nrthodoxum,
1622 2433 1674 2474 et
1704 2423 1775 2477 ob
1805 2423 1905 2481 hoc

300 2500 670 2572 decernimus,
700 2517 752 2561 et
787 2509 1043 2563 honorem
1076 2511 1123 2563 ei
1148 2513 1506 2581 episcopatus,
1537 2522 1589 2568 et
1612 2512 1901 2573 Ecclesiam

294 2594 367 2649 de
406 2611 508 2664 qua
561 2597 755 2667 injuste
785 2608 839 2653 et
865 2602 1061 2655 absens
1098 2603 1356 2672 expulsus
1384 2615 1489 2669 est,
1524 2607 1836 2661 instaurari.
1876 2627 1896 2661 ο

296 2686 462 2743 Vides
514 2692 783 2759 quomodo
831 2693 983 2748 nobis
1052 2695 1289 2750 lueretici
1345 2712 1440 2767 per
1467 2713 1595 2752 suos
1641 2700 1902 2756 satellites

294 2779 581 2838 voluerunt
609 2782 854 2851 illudere,
898 2796 953 2841 ut
985 2786 1123 2841 hanc
1153 2788 1434 2856 epistolam
1460 2790 1732 2860 jactarent
1780 2806 1901 2847 sus-

291 2882 505 2941 ceptam
534 2889 563 2927 a
590 2876 817 2931 concilio
851 2892 955 2930 non
999 2877 1189 2944 fuisse;
1218 2894 1339 2934 cum
1365 2882 1535 2949 palam
1566 2881 1635 2936 sit
1666 2884 1807 2953 quod
1833 2900 1897 2938 ex

289 2964 413 3032 ejus
444 2965 672 3021 lectione
700 2971 1040 3038 conscriptor
1070 2970 1188 3038 ejus
1212 2971 1595 3027 lbasinnoxius
1623 2985 1679 3029 et
1704 2974 1897 3029 ortho-

290 3058 463 3111 duxus
495 3058 562 3112 ah
587 3075 648 3114 ea
701 3060 858 3114 fuerit
883 3062 1181 3131 judicatus,
1210 3072 1266 3119 et
1291 3065 1361 3118 ob
1404 3064 1505 3120 huc
1531 3082 1652 3120 eum
1696 3078 1751 3120 et
1801 3067 1898 3121 ltu-

292 3162 481 3202 norem
513 3151 874 3219 episc0patus,
901 3162 957 3208 et
1002 3153 1299 3209 Ecclesium
1346 3158 1586 3222 recipere
1641 3159 1896 3215 decreve-

289 3239 424 3304 rint,
465 3239 532 3296 de
579 3258 680 3310 qua
715 3242 912 3312 injuste
964 3242 1061 3297 fuit
1109 3250 1382 3314 expulsus.
1437 3248 1689 3301 Sciernnt
1736 3249 1896 3319 igitur

290 3330 551 3388 Ecclesiae
580 3336 831 3406 pietatem
866 3339 1005 3392 ferre
1055 3352 1158 3392 non
1195 3354 1372 3408 posse,
1411 3342 1453 3394 si
1486 3342 1892 3398 condemnanda

289 3424 564 3481 diceretur
629 3429 857 3498 epistola
921 3445 1078 3501 quam
1130 3432 1366 3502 synodus
1405 3435 1758 3500 approbavit;
1805 3436 1889 3490 vel

2008 2234 2147 2287 fendi
2193 2235 2381 2291 eadem
2425 2236 2651 2305 epistola
2694 2238 2883 2294 melius
2912 2249 2965 2294 et
2995 2240 3184 2297 fortius
3216 2252 3409 2313 potest,
3438 2253 3600 2314 atque

2005 2325 2273 2381 divertere
2324 2327 2391 2381 ad
2444 2327 2592 2383 falsa:
2645 2330 3013 2401 denegationis
3063 2333 3219 2388 inane
3283 2333 3593 2403 suffugium,

2007 2428 2065 2473 ut
2116 2435 2258 2473 nunc
2310 2420 2521 2476 interim
2576 2421 2971 2479 aitirmarcmns
3021 2439 3139 2479 eam
3198 2424 3593 2491 Nestorianam,

2004 2521 2262 2581 negantes
2309 2527 2337 2565 a
2382 2512 2614 2567 concilio
2642 2528 2766 2569 esse
2793 2525 3119 2586 susceptam,
3152 2525 3207 2571 et
3235 2528 3417 2587 postea
3459 2533 3591 2572 con-

2004 2604 2127 2658 victi
2172 2606 2239 2657 ab
2276 2603 2478 2660 eisdem
2532 2605 2815 2660 manifesto
2863 2617 2917 2661 et
2945 2607 3235 2675 impudenti
3288 2610 3589 2678 mendacio,

2002 2694 2123 2764 quia
2149 2706 2399 2765 suscepta
2442 2704 2545 2759 est,
2578 2697 2709 2751 nihil
2745 2698 2853 2766 jam
2885 2707 3114 2754 restaret
3143 2700 3283 2770 quod
3318 2702 3367 2755 in
3424 2703 3594 2772 ipsius

2000 2784 2212 2839 concilii
2240 2784 2606 2841 defensionem
2631 2786 2954 2853 respondere
2995 2790 3284 2857 possimus.
3350 2791 3416 2846 Et
3474 2791 3594 2847 ideo

2002 2894 2107 2931 non
2158 2878 2445 2948 recipimus
2494 2878 2754 2933 mendacii
2801 2880 3105 2945 cunsilium,
3146 2896 3319 2952 neque
3357 2897 3456 2937 nos
3505 2885 3591 2939 sui

1999 2968 2203 3023 similes
2260 2968 2498 3023 haeretici
2558 2967 2811 3021 valebunt
2856 2967 3091 3023 elficere.
3143 2970 3275 3025 Nam
3321 2981 3377 3027 et
3402 2988 3589 3029 susce-

2001 3069 2144 3129 ptam
2174 3058 2425 3124 dicimus,
2457 3068 2515 3114 et
2541 3058 2683 3127 quod
2723 3059 2941 3113 omnino
2965 3059 3122 3114 fuerit
3150 3074 3396 3134 suscepta
3428 3082 3584 3120 mun-

1996 3162 2232 3206 stramus
2264 3166 2279 3206 :
2311 3150 2437 3220 quia
2491 3166 2647 3206 verax
2676 3165 2891 3220 semper
2917 3160 2997 3206 est
3028 3152 3280 3208 Ecclesia:
3312 3171 3407 3223 pro
3440 3158 3577 3211 vcti-

1997 3254 2107 3298 tale
2157 3241 2420 3308 defensio,
2480 3259 2582 3298 nec
2632 3258 2865 3311 unquam
2923 3241 3026 3298 fuit
3076 3244 3250 3315 indiga
3322 3246 3587 3304 falsitatis.

1996 3339 2139 3392 Ante
2167 3352 2297 3391 vero
2342 3335 2499 3389 nobis
2528 3335 2925 3391 discutiendum
2956 3348 3035 3391 est
3064 3338 3360 3408 cujusmodi
3391 3341 3499 3394 sint
3526 3357 3586 3393 ea

1994 3444 2113 3497 qua:
2150 3445 2244 3498 per
2272 3443 2397 3483 suos
2446 3427 2684 3483 fautores
2728 3428 2793 3483 ad
2835 3440 3069 3483 nostram
3100 3430 3470 3502 deceptionem
3505 3432 3589 3504 ja-

289 3516 472 3584 putius
499 3518 613 3586 ipsa
655 3520 915 3590 synodus,
957 3531 1173 3590 preptcr
1202 3523 1342 3591 quod
1374 3538 1492 3578 eam
1514 3524 1770 3594 judicavit
1796 3541 1885 3580 ur-
1911 3533 1959 3596 ρ
1993 3530 2302 3588 ctaverunt,
2328 3531 2385 3575 ut
2407 3536 2529 3575 eam
2557 3522 2947 3592 denegaremus
2977 3538 3097 3577 esse
3115 3533 3441 3591 su~ceptam.
3474 3524 3588 3583 Pni-

288 3607 603 3663 tbodoxam.
635 3608 750 3664 Non
780 3613 922 3666 enim
966 3614 1133 3681 ipsam
1162 3616 1531 3668 tantutnmmlo
1562 3616 1662 3669 lbre
1684 3616 1885 3686 episto-

294 3700 423 3765 lam,
458 3700 597 3755 sicut
633 3703 744 3773 jam
773 3704 1026 3769 diximus,
1066 3707 1218 3775 quasi
1251 3706 1623 3762 Nestorianant
1665 3710 1885 3778 culpare

289 3804 347 3848 et
390 3794 626 3863 abjicere
672 3812 1165 3867 prmsumpsl-runt;
1200 3803 1293 3856 sed
1327 3803 1712 3870 approlmtures
1749 3819 1883 3871 quu-

287 3880 394 3956 q'ue
423 3886 538 3958 ejus
565 3890 652 3959 qui
686 3907 802 3945 eam
848 3903 1045 3947 rectam
1075 3897 1279 3960 dicunt,
1333 3904 1384 3948 et
1423 3896 1749 3949 anathemati
1776 3913 1885 3951 non

287 3980 598 4051 Subjiciunt.
635 3985 700 4039 Et
727 3989 815 4055 qui
844 3988 1014 4057 magis
1046 3988 1375 4057 intelligendi
1398 3998 1524 4043 sunt
1548 3989 1666 4058 ejus
1690 4005 1887 4059 appro-

294 4071 532 4140 batorcs,
585 4093 743 4146 quam
778 4079 964 4133 Patres
1012 4085 1103 4148 qui
1135 4079 1470 4134 Chalcedona
1521 4092 1884 4135 convenerant

287 4174 341 4219 et
371 4181 487 4220 eam
515 4168 888 4237 judicaverunt
932 4172 1326 4225 orthodoxam?
1359 4173 1482 4225 llarc
1522 4171 1683 4240 igitur
1710 4171 1884 4225 scien-

289 4270 390 4324 tes,
432 4270 486 4317 et.
531 4263 769 4318 arbitrati
800 4265 939 4334 quod
984 4266 1053 4319 ita
1088 4264 1293 4333 possint
1343 4266 1392 4318 in
1436 4265 1600 4332 ipsius
1644 4264 1884 4332 epismlm

288 4351 687 4408 damnationem
761 4355 1144 4410 catholicorum
1219 4368 1515 4411 consensus
1592 4355 1879 4422 adducere,

268 4476 279 4534 l
357 4497 386 4525 ἰ
412 4486 514 4541 Iba:
542 4486 780 4556 episcopi
801 4498 855 4542 et
882 4488 1122 4555 epistolae
1151 4490 1315 4555 ipsius
1341 4502 1501 4541 causa
1522 4487 1761 4539 discussa
1790 4493 1874 4540 est

284 4558 499 4629 aetione
534 4560 567 4614 9
606 4568 662 4611 cl.
709 4558 775 4612 10
812 4560 1008 4629 synodi
1032 4558 1518 4620 Chalcedonensis;
1552 4558 1872 4627 relectisque

284 4628 450 4699 gestis
477 4645 595 4699 quas
639 4631 779 4702 apud
804 4628 1003 4698 Tyrum
1034 4641 1087 4684 et
1131 4632 1378 4702 Beryton:
1410 4632 1459 4681 in
1490 4631 1676 4702 eadem
1709 4642 1866 4702 causa

286 4711 695 4770 praecesserant,
745 4699 1168 4768 lbasinnoxius,
1197 4699 1443 4770 epistula,
1489 4710 1546 4753 ut
1592 4699 1871 4752 Facundus

1993 3632 2139 3670 mum
2181 3616 2364 3686 itaque
2401 3615 2676 3669 videamus
2710 3626 2884 3670 utrum
2907 3617 3060 3671 nobis
3089 3618 3375 3673 dicendum
3404 3619 3471 3673 sit
3497 3629 3586 3673 aut

1992 3710 2340 3774 credendum,
2374 3708 2513 3778 quod
2549 3709 2871 3777 persuadere
2901 3711 3078 3764 conati
3136 3720 3281 3776 sunt,
3326 3712 3448 3781 quia
3471 3713 3584 3781 epi-

1994 3801 2188 3854 stolam
2214 3816 2320 3853 non
2346 3797 2671 3853 venerabilis
2696 3800 2817 3863 Ihm,
2842 3800 2935 3853 sed
2964 3801 3144 3854 nescio
3164 3816 3323 3869 quam
3351 3801 3580 3870 scriptu-

1995 3910 2109 3948 ram
2161 3894 2536 3963 postulationis
2586 3902 2640 3947 et
2681 3893 3096 3961 deprecationis,
3127 3908 3285 3961 quam
3318 3894 3508 3953 Photio
3530 3907 3583 3949 et

1994 3987 2285 4044 Eustachio
2310 3988 2325 4018 ¹
2358 3996 2411 4041 et
2436 3986 2634 4041 Uranio
2685 3985 2953 4055 episcopis
3000 3986 3174 4041 omnis
3200 3986 3379 4041 clerus
3412 3988 3582 4043 Edes-

1990 4097 2135 4135 sena:
2162 4081 2397 4135 civitatis
2427 4093 2524 4150 pro
2550 4079 2667 4147 ipso
2694 4078 2781 4132 lha
2809 4077 3063 4146 cpi-copo
3089 4078 3325 4142 miserat,
3342 4078 3579 4149 synodus

1992 4171 2358 4240 pronuntiavit
2395 4169 2769 4224 orthodoxam.
2818 4167 2923 4222 Sed
2954 4168 3081 4237 quid
3104 4168 3571 4236 respondebimus,

1992 4278 2112 4317 cum
2163 4273 2344 4331 postea
2388 4262 2472 4316 vel
2514 4262 2635 4329 ipsi,
2687 4259 2769 4314 vel
2800 4259 2854 4312 hi
2882 4258 3072 4327 quibus
3103 4257 3281 4314 favent
3309 4260 3573 4323 haeretici,

1995 4355 2149 4409 nobis
2183 4354 2418 4409 dixerint
2446 4353 2586 4425 quod
2620 4351 2708 4407 illa
2739 4351 3026 4423 scriptura,
3054 4353 3344 4423 postulatio
3388 4362 3444 4409 et
3480 4353 3577 4408 de-

1978 4487 2270 4555 Recensita,
2316 4486 2507 4554 inquit.
2564 4486 2781 4556 praefata
2822 4484 3036 4555 epistola
3074 4484 3127 4537 in
3170 4483 3575 4539 Chalcednnensi

1976 4569 2151 4612 sancto
2175 4559 2410 4623 concilio,
2442 4574 2544 4611 non
2569 4558 2719 4611 aliter
2750 4556 2982 4625 prwsidit
3004 4556 3205 4627 suscipi
3220 4572 3337 4627 eum
3360 4569 3575 4627 propter

1975 4631 2287 4698 suspiciones
2336 4630 2390 4683 in
2422 4645 2482 4681 ea
2528 4631 2767 4692 insertas,
2815 4628 2911 4680 nisi
2950 4638 2998 4681 et
3038 4628 3145 4698 ipse
3180 4626 3485 4681 Nestorium
3524 4638 3574 4681 et

1973 4696 2147 4755 omina
2166 4702 2366 4754 decreta
2387 4701 2499 4770 ejus
2529 4699 3028 4770 anathematizasset.
3064 4696 3127 4750 Et
3152 4709 3427 4770 postquam,
3443 4714 3572 4751 ann-

288 4769 385 4835 an,
433 4771 734 4825 orthodoxa
782 4773 1120 4839 pronuntiata
1140 4769 1243 4826 est.
1275 4771 1481 4839 Quibus
1506 4779 1867 4862 consentanea
1904 4803 1952 4862 υ
1977 4773 2342 4840 thematizavit,
2365 4769 2482 4824 tunc
2501 4780 2761 4841 susceptus
2782 4769 2930 4822 estin
2950 4779 3125 4862 saniem
3143 4770 3379 4862 concilio.
3417 4769 3569 4824 Unde

470 4856 581 4862 ---μ
1000 4846 1135 4862 .._-
1186 4844 1243 4862 ςμ
1284 4846 1557 4862 “zu”..-
1602 4840 1782 4862 .,-_:_:.
1819 4841 1866 4862 ε--
1988 4854 2025 4862 -.
2344 4858 2372 4862 _-
2410 4844 2667 4862 ___,__.._
2732 4854 2843 4862 ω-..
2900 4856 3009 4862 .--η
3060 4856 3137 4862 ΛΑ--
3176 4850 3338 4862 μη.-
3370 4855 3450 4862 ---.
3482 4854 3541 4862 -_

290 4850 419 4893 sunt
466 4856 586 4906 qua!
631 4842 967 4895 Innocentius
998 4844 1249 4897 Maruuia:
1276 4846 1561 4911 episcopus
1600 4840 1790 4893 scribit
1819 4841 1869 4893 in

289 4911 575 4982 collatione
627 4911 1089 4982 Constantinopoli
1151 4914 1326 4967 habita
1374 4914 1513 4982 inter
1541 4928 1589 4963 01
1609 4913 1871 4964 thoduxus

286 4989 343 5034 ct
359 4980 679 5035 Severianus
709 4983 788 5036 his
810 4980 1030 5037 verbis:
1063 4982 1337 5038 CONTBAD.
1366 4980 1429 5035 Et
1455 4980 1575 5034 Ibus
1598 4997 1716 5051 ergo
1733 4982 1871 5048 juste

285 5062 553 5131 susceptus
598 5061 671 5106 est
701 5072 731 5104 a
758 5054 1166 5131 Chalcedonense
1204 5050 1663 5131 concilio_?_tﬁrtsc.
1693 5050 1801 5131 Iba:
1821 5058 1868 5103 et

284 5123 636 5201 accusantium
690 5141 805 5201 eum
852 5127 1100 5201 iudicium
1140 5141 1221 5201 ex;
1253 5125 1507 5201 imperiali
1570 5123 1874 5201 auctoritate

284 5193 573 5262 delegatum
610 5204 681 5246 est
710 5195 895 5248 Pltotio
923 5195 1157 5264 episcopo
1179 5195 1335 5264 Tyri,
1378 5205 1425 5249 et
1459 5195 1732 5247 Eustochio
1759 5195 1869 5264 em}

286 5280 446 5331 scopo
467 5264 664 5333 Beryti,
693 5276 739 5318 et
768 5266 960 5319 Urania
988 5262 1460 5319 line—rinte‘civilatis
1486 5266 1739 5334 episwpo.
1768 5262 1869 5328 Qui

282 5336 674 5389 reuerentissimi
704 5337 798 5389 viri
830 5346 878 5389 et
908 5338 1123 5389 nimium
1178 5338 1441 5388 horrentes
1475 5335 1702 5388 Nestorii
1729 5335 1866 5385 blas-

284 5408 438 5473 phem
458 5423 537 5469 as,
564 5422 686 5485 eum
706 5409 844 5485 omni
874 5409 949 5460 dit
971 5410 1137 5485 gentia
1164 5408 1485 5485 discedentes
1511 5421 1647 5469 eum,
1682 5406 1868 5485 inimu-

283 5491 399 5529 nem
436 5486 483 5531 et
530 5478 814 5556 sineculpa
842 5494 955 5556 eum
986 5481 1329 5556 decreverunt,
1359 5479 1566 5556 εὖξαι-ει
1588 5486 1701 5556 aeta
1723 5478 1867 5556 ipso-

282 5562 401 5599 rum
440 5558 486 5601 et
513 5548 691 5602 relatio
720 5550 1028 5616 manifestat.
1061 5549 1222 5613 Quem
1250 5563 1372 5617 ergo
1388 5549 1591 5618 judices
1604 5548 1866 5618 justi/ima

282 5628 479 5690 tierunt,
508 5621 935 5685 quemadmodum
960 5635 1086 5673 conc
1104 5622 1232 5673 tium
1277 5617 1473 5690 poterat
1492 5617 1871 5690 condemnare?

281 5685 577 5757 Epistulam
624 5702 800 5746 tamen
854 5692 1083 5745 concilio
1129 5685 1431 5757 suspectam
1484 5689 1649 5743 fuisse
1685 5686 1861 5741 docet.

356 5821 375 5854 ⁸
402 5821 534 5878 Cod.
567 5822 791 5893 Verum,
820 5822 1083 5893 Eustacio,
1104 5823 1189 5880 vel
1219 5821 1508 5878 Eustathio.

1976 4854 2033 4898 et
2060 4844 2299 4919 synodus
2324 4858 2372 4919 χ
2405 4839 2693 4919 generalis,
2727 4854 2845 4919 quae
2895 4839 3139 4919 eamdem
3171 4840 3569 4919 epistolamac-

1980 4911 2125 4968 tione
2153 4914 2185 4965 6
2212 4912 2412 4983 liquido
2434 4914 2653 4983 damnat
2683 4921 2737 4983 ut
2766 4911 3091 4972 luereticam,
3117 4911 3565 4983 nondissimilem

1977 4980 2434 5037 Chalcedonensis
2452 4982 2663 5059 concilii
2683 4982 2750 5035 de
2771 4996 2833 5035 ea
2856 4995 3072 5059 sensum
3089 4980 3199 5031 vult
3220 4982 3400 5059 fuisse,
3419 4990 3566 5059 post-

1979 5056 2194 5116 habitis,
2246 5061 2303 5106 ttt
2339 5055 2436 5115 ait,
2478 5053 2545 5106 iis
2584 5067 2704 5121 qua:
2730 5067 2866 5105 unus
2898 5060 2987 5104 aut
3012 5053 3146 5103 alter
3177 5065 3272 5117 pro
3296 5050 3381 5102 illa
3406 5048 3559 5102 dixe-

1975 5124 2502 5201 rat_tt,_urt_hudoxam
2532 5122 2779 5201 videlicet
2808 5123 3163 5201 appellamus.
3226 5198 3234 5201 Δ
3281 5189 3311 5201 η
3547 5188 3560 5201 _

2051 5195 2077 5233 ιι
2106 5189 2295 5250 ’νετιιιι
2353 5203 2480 5248 sunt
2541 5195 2835 5271 legatorum
2890 5191 3051 5271 sedis‘
3086 5189 3416 5271 apostolicae,
3458 5189 3561 5271 _q_ui

1975 5266 2207 5320 sententi
2246 5280 2295 5342 in
2348 5265 2521 5331 primo
2563 5259 2682 5317 loco
2710 5264 2981 5342 dixerunt.
3007 5263 3140 5342 Quae
3168 5261 3363 5342 deinde
3392 5259 3560 5342 subji-

1973 5338 2203 5401 ciuntur,
2223 5334 2321 5414 Ἐκ
2351 5330 2561 5414 Ιιίελᾳιιςυ
2591 5350 2787 5414 nuper,
2807 5332 3018 5386 Maximi
3064 5330 3558 5414 8tnlhAﬂliOCll¢ﬂiz

1973 5408 2062 5481 Illa
2115 5400 2366 5481 denique,
2410 5400 2868 5481 Dudunrquidem
2914 5418 2979 5455 ex
3030 5400 3263 5481 reicitis,
3311 5400 3556 5456 Eunumil

1974 5479 2207 5554 episcopi
2255 5474 2698 5554 Nicomediensis.
2750 5475 2895 5540 Quas
2920 5474 3149 5554 easdem
3181 5474 3555 5554 episcoporum

1973 5543 2268 5605 sententias
2303 5550 2507 5620 profert
2532 5547 2694 5602 etiam
2718 5554 2773 5601 et
2792 5544 3066 5600 examinat
3094 5543 3314 5615 Vigilius
3341 5545 3393 5599 in
3419 5557 3554 5600 con-

1974 5622 2180 5677 διὶιιιιυ.
