  <div class='ocr_page' id='page_1' title='image "/cluster/home/n/w/nwhite01/storage/ocr_20150623/67/hvd.32044015547185/321.png"; bbox 0 0 4070 6352; ppageno 0'>
   <div class='ocr_carea' id='block_1_1' title="bbox 482 271 597 334">
    <p class='ocr_par' dir='ltr' id='par_1_1' title="bbox 482 271 597 334">
     <span class='ocr_line' id='line_1_1' title="bbox 482 271 597 334; baseline 0.052 -5"><span class='ocrx_word' id='word_1_1' title='bbox 482 271 597 334; x_wconf 65' lang='grc' dir='ltr'><strong>τεει</strong></span> 
     </span>
    </p>
   </div>
   <div class='ocr_carea' id='block_1_2' title="bbox 1573 259 3820 326">
    <p class='ocr_par' dir='ltr' id='par_1_2' title="bbox 1573 259 3820 326">
     <span class='ocr_line' id='line_1_2' title="bbox 1573 259 3820 326; baseline -0.011 1"><span class='ocrx_word' id='word_1_2' title='bbox 1573 265 1870 326; x_wconf 71' lang='lat' dir='ltr'><strong>FACUNDI</strong></span> <span class='ocrx_word' id='word_1_3' title='bbox 1913 266 2120 323; x_wconf 80' lang='lat' dir='ltr'><strong>Ei’lSC.</strong></span> <span class='ocrx_word' id='word_1_4' title='bbox 2156 259 2658 321; x_wconf 67' lang='lat' dir='ltr'><strong>IIERMIANENSIS</strong></span> <span class='ocrx_word' id='word_1_5' title='bbox 3729 266 3820 322; x_wconf 61' lang='grc' dir='ltr'><strong>ως</strong></span> 
     </span>
    </p>
   </div>
   <div class='ocr_carea' id='block_1_3' title="bbox 505 374 3819 463">
    <p class='ocr_par' dir='ltr' id='par_1_3' title="bbox 505 374 3819 463">
     <span class='ocr_line' id='line_1_3' title="bbox 505 374 3819 463; baseline -0.001 -21"><span class='ocrx_word' id='word_1_6' title='bbox 505 393 742 463; x_wconf 76' lang='lat' dir='ltr'><strong>precatio</strong></span> <span class='ocrx_word' id='word_1_7' title='bbox 781 401 807 429; x_wconf 77' lang='grc' dir='ltr'>ι</span> <span class='ocrx_word' id='word_1_8' title='bbox 839 387 1013 444; x_wconf 90' lang='lat' dir='ltr'><strong>omnis</strong></span> <span class='ocrx_word' id='word_1_9' title='bbox 1042 386 1168 442; x_wconf 83' lang='lat' dir='ltr'><strong>clcri</strong></span> <span class='ocrx_word' id='word_1_10' title='bbox 1210 384 1498 440; x_wconf 79' lang='lat' dir='ltr'><strong>Edessena:</strong></span> <span class='ocrx_word' id='word_1_11' title='bbox 1533 384 1770 440; x_wconf 75' lang='lat' dir='ltr'><strong>civitatis</strong></span> <span class='ocrx_word' id='word_1_12' title='bbox 1819 381 2087 454; x_wconf 85' lang='lat' dir='ltr'><strong>synodali-</strong></span> <span class='ocrx_word' id='word_1_13' title='bbox 2120 383 2170 440; x_wconf 80' lang='grc' dir='ltr'>Α</span> <span class='ocrx_word' id='word_1_14' title='bbox 2195 379 2513 447; x_wconf 83' lang='lat' dir='ltr'><strong>episcopus?</strong></span> <span class='ocrx_word' id='word_1_15' title='bbox 2538 379 2770 448; x_wconf 84' lang='lat' dir='ltr'><strong>Denique</strong></span> <span class='ocrx_word' id='word_1_16' title='bbox 2791 377 2975 432; x_wconf 87' lang='lat' dir='ltr'><strong>fraude</strong></span> <span class='ocrx_word' id='word_1_17' title='bbox 2995 393 3053 433; x_wconf 85' lang='lat' dir='ltr'><strong>se</strong></span> <span class='ocrx_word' id='word_1_18' title='bbox 3079 379 3175 434; x_wconf 89' lang='lat' dir='ltr'><strong>ista</strong></span> <span class='ocrx_word' id='word_1_19' title='bbox 3207 374 3499 450; x_wconf 78' lang='lat' dir='ltr'><strong>iactasse,</strong></span> <span class='ocrx_word' id='word_1_20' title='bbox 3523 380 3686 436; x_wconf 83' lang='lat' dir='ltr'><strong>etiam</strong></span> <span class='ocrx_word' id='word_1_21' title='bbox 3712 383 3819 455; x_wconf 81' lang='lat' dir='ltr'><strong>ipsi,</strong></span> 
     </span>
    </p>
   </div>
   <div class='ocr_carea' id='block_1_4' title="bbox 521 475 2098 554">
    <p class='ocr_par' dir='ltr' id='par_1_4' title="bbox 521 475 2098 554">
     <span class='ocr_line' id='line_1_4' title="bbox 521 475 2098 554; baseline -0.004 -18"><span class='ocrx_word' id='word_1_22' title='bbox 521 489 619 540; x_wconf 71' lang='lat' dir='ltr'><strong>lius</strong></span> <span class='ocrx_word' id='word_1_23' title='bbox 669 485 834 554; x_wconf 79' lang='lat' dir='ltr'><strong>gestis</strong></span> <span class='ocrx_word' id='word_1_24' title='bbox 863 481 1126 551; x_wconf 81' lang='lat' dir='ltr'><strong>appellata</strong></span> <span class='ocrx_word' id='word_1_25' title='bbox 1171 481 1258 541; x_wconf 88' lang='lat' dir='ltr'><strong>sit,</strong></span> <span class='ocrx_word' id='word_1_26' title='bbox 1291 478 1557 532; x_wconf 82' lang='lat' dir='ltr'><strong>sententia</strong></span> <span class='ocrx_word' id='word_1_27' title='bbox 1611 493 1740 532; x_wconf 88' lang='lat' dir='ltr'><strong>vero</strong></span> <span class='ocrx_word' id='word_1_28' title='bbox 1788 475 1978 546; x_wconf 82' lang='lat' dir='ltr'><strong>synodi</strong></span> <span class='ocrx_word' id='word_1_29' title='bbox 2031 489 2098 530; x_wconf 75' lang='lat' dir='ltr'><strong>ex</strong></span> 
     </span>
    </p>
   </div>
   <div class='ocr_carea' id='block_1_5' title="bbox 510 568 2101 644">
    <p class='ocr_par' dir='ltr' id='par_1_5' title="bbox 510 568 2101 644">
     <span class='ocr_line' id='line_1_5' title="bbox 510 568 2101 644; baseline -0.006 -14"><span class='ocrx_word' id='word_1_30' title='bbox 510 576 709 630; x_wconf 76' lang='lat' dir='ltr'><strong>releCIa</strong></span> <span class='ocrx_word' id='word_1_31' title='bbox 763 573 878 644; x_wconf 83' lang='lat' dir='ltr'><strong>ejus</strong></span> <span class='ocrx_word' id='word_1_32' title='bbox 926 572 1153 641; x_wconf 88' lang='lat' dir='ltr'><strong>epistola</strong></span> <span class='ocrx_word' id='word_1_33' title='bbox 1200 570 1558 624; x_wconf 83' lang='lat' dir='ltr'><strong>orthodoxam</strong></span> <span class='ocrx_word' id='word_1_34' title='bbox 1613 583 1734 624; x_wconf 87' lang='lat' dir='ltr'><strong>eum</strong></span> <span class='ocrx_word' id='word_1_35' title='bbox 1785 568 2101 637; x_wconf 87' lang='lat' dir='ltr'><strong>apparuisse</strong></span> 
     </span>
    </p>
   </div>
   <div class='ocr_carea' id='block_1_6' title="bbox 519 661 2090 732">
    <p class='ocr_par' dir='ltr' id='par_1_6' title="bbox 519 661 2090 732">
     <span class='ocr_line' id='line_1_6' title="bbox 519 661 2090 732; baseline -0.002 -16"><span class='ocrx_word' id='word_1_36' title='bbox 519 674 708 720; x_wconf 59' lang='lat' dir='ltr'><strong>testata</strong></span> <span class='ocrx_word' id='word_1_37' title='bbox 733 676 814 720; x_wconf 77' lang='lat' dir='ltr'><strong>est</strong></span> <span class='ocrx_word' id='word_1_38' title='bbox 842 682 857 719; x_wconf 91' lang='lat'><strong>:</strong></span> <span class='ocrx_word' id='word_1_39' title='bbox 885 675 940 719; x_wconf 90' lang='lat' dir='ltr'><strong>et</strong></span> <span class='ocrx_word' id='word_1_40' title='bbox 969 665 1090 732; x_wconf 85' lang='lat' dir='ltr'><strong>quia</strong></span> <span class='ocrx_word' id='word_1_41' title='bbox 1123 665 1264 717; x_wconf 87' lang='lat' dir='ltr'><strong>illam</strong></span> <span class='ocrx_word' id='word_1_42' title='bbox 1299 663 1710 730; x_wconf 84' lang='lat' dir='ltr'><strong>poStulationem</strong></span> <span class='ocrx_word' id='word_1_43' title='bbox 1757 673 1810 716; x_wconf 88' lang='lat' dir='ltr'><strong>et</strong></span> <span class='ocrx_word' id='word_1_44' title='bbox 1839 661 2090 730; x_wconf 86' lang='lat' dir='ltr'><strong>depreca-</strong></span> 
     </span>
    </p>
   </div>
   <div class='ocr_carea' id='block_1_7' title="bbox 511 753 2100 819">
    <p class='ocr_par' dir='ltr' id='par_1_7' title="bbox 511 753 2100 819">
     <span class='ocr_line' id='line_1_7' title="bbox 511 753 2100 819; baseline -0.005 -8"><span class='ocrx_word' id='word_1_45' title='bbox 511 762 738 819; x_wconf 88' lang='lat' dir='ltr'><strong>tionem,</strong></span> <span class='ocrx_word' id='word_1_46' title='bbox 784 755 852 811; x_wconf 88' lang='lat' dir='ltr'><strong>ab</strong></span> <span class='ocrx_word' id='word_1_47' title='bbox 896 755 1040 808; x_wconf 91' lang='lat' dir='ltr'><strong>omni</strong></span> <span class='ocrx_word' id='word_1_48' title='bbox 1071 755 1218 809; x_wconf 89' lang='lat' dir='ltr'><strong>clero</strong></span> <span class='ocrx_word' id='word_1_49' title='bbox 1265 753 1556 809; x_wconf 80' lang='lat' dir='ltr'><strong>Edessena:</strong></span> <span class='ocrx_word' id='word_1_50' title='bbox 1594 754 1822 808; x_wconf 73' lang='lat' dir='ltr'><strong>civitatis</strong></span> <span class='ocrx_word' id='word_1_51' title='bbox 1861 754 1927 806; x_wconf 90' lang='lat' dir='ltr'><strong>ad</strong></span> <span class='ocrx_word' id='word_1_52' title='bbox 1959 753 2100 806; x_wconf 87' lang='lat' dir='ltr'><strong>Pho-</strong></span> 
     </span>
    </p>
   </div>
   <div class='ocr_carea' id='block_1_8' title="bbox 515 843 2102 916">
    <p class='ocr_par' dir='ltr' id='par_1_8' title="bbox 515 843 2102 916">
     <span class='ocr_line' id='line_1_8' title="bbox 515 843 2102 916; baseline -0.003 -13"><span class='ocrx_word' id='word_1_53' title='bbox 515 847 648 903; x_wconf 87' lang='lat' dir='ltr'><strong>timn</strong></span> <span class='ocrx_word' id='word_1_54' title='bbox 671 857 726 901; x_wconf 83' lang='lat' dir='ltr'><strong>et</strong></span> <span class='ocrx_word' id='word_1_55' title='bbox 753 848 1094 902; x_wconf 84' lang='lat' dir='ltr'><strong>Eustachium</strong></span> <span class='ocrx_word' id='word_1_56' title='bbox 1120 857 1278 916; x_wconf 85' lang='lat' dir='ltr'><strong>atque</strong></span> <span class='ocrx_word' id='word_1_57' title='bbox 1313 843 1566 902; x_wconf 88' lang='lat' dir='ltr'><strong>Uraniom</strong></span> <span class='ocrx_word' id='word_1_58' title='bbox 1589 847 1868 916; x_wconf 87' lang='lat' dir='ltr'><strong>episcopos</strong></span> <span class='ocrx_word' id='word_1_59' title='bbox 1899 847 2102 914; x_wconf 87' lang='lat' dir='ltr'><strong>datam,</strong></span> 
     </span>
    </p>
   </div>
   <div class='ocr_carea' id='block_1_9' title="bbox 508 938 2104 1009">
    <p class='ocr_par' dir='ltr' id='par_1_9' title="bbox 508 938 2104 1009">
     <span class='ocr_line' id='line_1_9' title="bbox 508 938 2104 1009; baseline -0.001 -17"><span class='ocrx_word' id='word_1_60' title='bbox 508 941 630 994; x_wconf 87' lang='lat' dir='ltr'><strong>lbas</strong></span> <span class='ocrx_word' id='word_1_61' title='bbox 644 940 922 1009; x_wconf 82' lang='lat' dir='ltr'><strong>episc0pus</strong></span> <span class='ocrx_word' id='word_1_62' title='bbox 950 954 1044 1007; x_wconf 92' lang='lat' dir='ltr'><strong>pro</strong></span> <span class='ocrx_word' id='word_1_63' title='bbox 1056 955 1114 993; x_wconf 90' lang='lat' dir='ltr'><strong>se</strong></span> <span class='ocrx_word' id='word_1_64' title='bbox 1132 939 1289 992; x_wconf 88' lang='lat' dir='ltr'><strong>recita</strong></span> <span class='ocrx_word' id='word_1_65' title='bbox 1299 938 1339 992; x_wconf 93' lang='lat' dir='ltr'><strong>ri</strong></span> <span class='ocrx_word' id='word_1_66' title='bbox 1360 939 1542 1008; x_wconf 85' lang='lat' dir='ltr'><strong>petivit</strong></span> <span class='ocrx_word' id='word_1_67' title='bbox 1560 954 1575 1003; x_wconf 88' lang='lat'><strong>;</strong></span> <span class='ocrx_word' id='word_1_68' title='bbox 1597 938 1858 992; x_wconf 90' lang='lat' dir='ltr'><strong>sententia</strong></span> <span class='ocrx_word' id='word_1_69' title='bbox 1877 952 2004 993; x_wconf 89' lang='lat' dir='ltr'><strong>vero</strong></span> <span class='ocrx_word' id='word_1_70' title='bbox 2017 953 2104 1008; x_wconf 84' lang='lat' dir='ltr'><strong>sy-</strong></span> 
     </span>
    </p>
   </div>
   <div class='ocr_carea' id='block_1_10' title="bbox 515 1029 2106 1099">
    <p class='ocr_par' dir='ltr' id='par_1_10' title="bbox 515 1029 2106 1099">
     <span class='ocr_line' id='line_1_10' title="bbox 515 1029 2106 1099; baseline -0.001 -14"><span class='ocrx_word' id='word_1_71' title='bbox 515 1032 663 1093; x_wconf 88' lang='lat' dir='ltr'><strong>nodi,</strong></span> <span class='ocrx_word' id='word_1_72' title='bbox 690 1033 827 1085; x_wconf 87' lang='lat' dir='ltr'><strong>sicut</strong></span> <span class='ocrx_word' id='word_1_73' title='bbox 857 1032 1041 1086; x_wconf 80' lang='lat' dir='ltr'><strong>eadem</strong></span> <span class='ocrx_word' id='word_1_74' title='bbox 1070 1048 1187 1099; x_wconf 80' lang='lat' dir='ltr'><strong>qua:</strong></span> <span class='ocrx_word' id='word_1_75' title='bbox 1217 1032 1486 1097; x_wconf 78' lang='lat' dir='ltr'><strong>Posuimus</strong></span> <span class='ocrx_word' id='word_1_76' title='bbox 1517 1032 1675 1084; x_wconf 88' lang='lat' dir='ltr'><strong>verba</strong></span> <span class='ocrx_word' id='word_1_77' title='bbox 1706 1031 2009 1094; x_wconf 80' lang='lat' dir='ltr'><strong>declarant,</strong></span> <span class='ocrx_word' id='word_1_78' title='bbox 2038 1029 2106 1084; x_wconf 85' lang='lat' dir='ltr'><strong>de</strong></span> 
     </span>
    </p>
   </div>
   <div class='ocr_carea' id='block_1_11' title="bbox 509 1121 2106 1192">
    <p class='ocr_par' dir='ltr' id='par_1_11' title="bbox 509 1121 2106 1192">
     <span class='ocr_line' id='line_1_11' title="bbox 509 1121 2106 1192; baseline -0.001 -16"><span class='ocrx_word' id='word_1_79' title='bbox 509 1122 773 1191; x_wconf 76' lang='lat' dir='ltr'><strong>rescripto</strong></span> <span class='ocrx_word' id='word_1_80' title='bbox 786 1122 1025 1190; x_wconf 82' lang='lat' dir='ltr'><strong>epistola:</strong></span> <span class='ocrx_word' id='word_1_81' title='bbox 1049 1122 1213 1192; x_wconf 84' lang='lat' dir='ltr'><strong>ipsius</strong></span> <span class='ocrx_word' id='word_1_82' title='bbox 1237 1121 1340 1175; x_wconf 85' lang='lat' dir='ltr'><strong>lba:</strong></span> <span class='ocrx_word' id='word_1_83' title='bbox 1357 1122 1494 1191; x_wconf 89' lang='lat' dir='ltr'><strong>quod</strong></span> <span class='ocrx_word' id='word_1_84' title='bbox 1518 1122 1778 1188; x_wconf 79' lang='lat' dir='ltr'><strong>prolatum</strong></span> <span class='ocrx_word' id='word_1_85' title='bbox 1803 1132 1883 1176; x_wconf 77' lang='lat' dir='ltr'><strong>est</strong></span> <span class='ocrx_word' id='word_1_86' title='bbox 1905 1124 1971 1175; x_wconf 87' lang='lat' dir='ltr'><strong>ab</strong></span> <span class='ocrx_word' id='word_1_87' title='bbox 1987 1122 2106 1190; x_wconf 88' lang='lat' dir='ltr'><strong>ejus</strong></span> 
     </span>
    </p>
   </div>
   <div class='ocr_carea' id='block_1_12' title="bbox 511 1212 2105 1279">
    <p class='ocr_par' dir='ltr' id='par_1_12' title="bbox 511 1212 2105 1279">
     <span class='ocr_line' id='line_1_12' title="bbox 511 1212 2105 1279; baseline -0.001 -14"><span class='ocrx_word' id='word_1_88' title='bbox 511 1213 846 1276; x_wconf 83' lang='lat' dir='ltr'><strong>adversario,</strong></span> <span class='ocrx_word' id='word_1_89' title='bbox 899 1212 1283 1278; x_wconf 86' lang='lat' dir='ltr'><strong>pronuntiavit,</strong></span> <span class='ocrx_word' id='word_1_90' title='bbox 1332 1213 1471 1278; x_wconf 90' lang='lat' dir='ltr'><strong>quod</strong></span> <span class='ocrx_word' id='word_1_91' title='bbox 1519 1212 1816 1265; x_wconf 77' lang='lat' dir='ltr'><strong>orthodoxa</strong></span> <span class='ocrx_word' id='word_1_92' title='bbox 1856 1214 2105 1279; x_wconf 82' lang='lat' dir='ltr'><strong>apparuit</strong></span> 
     </span>
    </p>
   </div>
   <div class='ocr_carea' id='block_1_13' title="bbox 515 1297 2105 1370">
    <p class='ocr_par' dir='ltr' id='par_1_13' title="bbox 515 1297 2105 1370">
     <span class='ocr_line' id='line_1_13' title="bbox 515 1297 2105 1370; baseline 0.002 -17"><span class='ocrx_word' id='word_1_93' title='bbox 515 1301 638 1368; x_wconf 75' lang='lat' dir='ltr'><strong>ejus</strong></span> <span class='ocrx_word' id='word_1_94' title='bbox 687 1301 941 1354; x_wconf 85' lang='lat' dir='ltr'><strong>dictatin?</strong></span> <span class='ocrx_word' id='word_1_95' title='bbox 972 1297 1246 1355; x_wconf 80' lang='lat' dir='ltr'><strong>Facillime</strong></span> <span class='ocrx_word' id='word_1_96' title='bbox 1287 1303 1462 1369; x_wconf 90' lang='lat' dir='ltr'><strong>itaque</strong></span> <span class='ocrx_word' id='word_1_97' title='bbox 1495 1300 1814 1370; x_wconf 87' lang='lat' dir='ltr'><strong>probabunt,</strong></span> <span class='ocrx_word' id='word_1_98' title='bbox 1856 1301 1898 1354; x_wconf 92' lang='lat' dir='ltr'><strong>si</strong></span> <span class='ocrx_word' id='word_1_99' title='bbox 1933 1311 2105 1356; x_wconf 90' lang='lat' dir='ltr'><strong>tamen</strong></span> 
     </span>
    </p>
   </div>
   <div class='ocr_carea' id='block_1_14' title="bbox 519 1391 2108 1460">
    <p class='ocr_par' dir='ltr' id='par_1_14' title="bbox 519 1391 2108 1460">
     <span class='ocr_line' id='line_1_14' title="bbox 519 1391 2108 1460; baseline 0.001 -16"><span class='ocrx_word' id='word_1_100' title='bbox 519 1392 623 1444; x_wconf 91' lang='lat' dir='ltr'><strong>ulla</strong></span> <span class='ocrx_word' id='word_1_101' title='bbox 672 1393 986 1457; x_wconf 82' lang='lat' dir='ltr'><strong>probatione</strong></span> <span class='ocrx_word' id='word_1_102' title='bbox 1016 1391 1102 1444; x_wconf 92' lang='lat' dir='ltr'><strong>hic</strong></span> <span class='ocrx_word' id='word_1_103' title='bbox 1131 1406 1263 1459; x_wconf 90' lang='lat' dir='ltr'><strong>opus</strong></span> <span class='ocrx_word' id='word_1_104' title='bbox 1294 1399 1399 1455; x_wconf 88' lang='lat' dir='ltr'><strong>est,</strong></span> <span class='ocrx_word' id='word_1_105' title='bbox 1430 1391 1568 1445; x_wconf 84' lang='lat' dir='ltr'><strong>aliud</strong></span> <span class='ocrx_word' id='word_1_106' title='bbox 1594 1406 1714 1444; x_wconf 88' lang='lat' dir='ltr'><strong>esse</strong></span> <span class='ocrx_word' id='word_1_107' title='bbox 1745 1391 1884 1460; x_wconf 89' lang='lat' dir='ltr'><strong>quod</strong></span> <span class='ocrx_word' id='word_1_108' title='bbox 1928 1407 2024 1459; x_wconf 90' lang='lat' dir='ltr'><strong>pro</strong></span> <span class='ocrx_word' id='word_1_109' title='bbox 2050 1408 2108 1446; x_wconf 90' lang='lat' dir='ltr'><strong>se</strong></span> 
     </span>
    </p>
   </div>
   <div class='ocr_carea' id='block_1_15' title="bbox 519 1483 2107 1554">
    <p class='ocr_par' dir='ltr' id='par_1_15' title="bbox 519 1483 2107 1554">
     <span class='ocr_line' id='line_1_15' title="bbox 519 1483 2107 1554; baseline 0.002 -17"><span class='ocrx_word' id='word_1_110' title='bbox 519 1486 729 1539; x_wconf 77' lang='lat' dir='ltr'><strong>recitari</strong></span> <span class='ocrx_word' id='word_1_111' title='bbox 774 1485 963 1553; x_wconf 76' lang='lat' dir='ltr'><strong>petivit</strong></span> <span class='ocrx_word' id='word_1_112' title='bbox 1008 1483 1125 1537; x_wconf 91' lang='lat' dir='ltr'><strong>lbas</strong></span> <span class='ocrx_word' id='word_1_113' title='bbox 1156 1485 1461 1552; x_wconf 89' lang='lat' dir='ltr'><strong>episcopus,</strong></span> <span class='ocrx_word' id='word_1_114' title='bbox 1492 1493 1545 1538; x_wconf 89' lang='lat' dir='ltr'><strong>et</strong></span> <span class='ocrx_word' id='word_1_115' title='bbox 1575 1485 1716 1539; x_wconf 87' lang='lat' dir='ltr'><strong>aliud</strong></span> <span class='ocrx_word' id='word_1_116' title='bbox 1750 1486 1890 1554; x_wconf 91' lang='lat' dir='ltr'><strong>quod</strong></span> <span class='ocrx_word' id='word_1_117' title='bbox 1922 1496 2107 1541; x_wconf 89' lang='lat' dir='ltr'><strong>contra</strong></span> 
     </span>
    </p>
   </div>
   <div class='ocr_carea' id='block_1_16' title="bbox 519 1574 2112 1644">
    <p class='ocr_par' dir='ltr' id='par_1_16' title="bbox 519 1574 2112 1644">
     <span class='ocr_line' id='line_1_16' title="bbox 519 1574 2112 1644; baseline 0.004 -16"><span class='ocrx_word' id='word_1_118' title='bbox 519 1591 639 1628; x_wconf 90' lang='lat' dir='ltr'><strong>eum</strong></span> <span class='ocrx_word' id='word_1_119' title='bbox 676 1575 892 1644; x_wconf 84' lang='lat' dir='ltr'><strong>protulit</strong></span> <span class='ocrx_word' id='word_1_120' title='bbox 940 1574 1031 1642; x_wconf 86' lang='lat' dir='ltr'><strong>qui</strong></span> <span class='ocrx_word' id='word_1_121' title='bbox 1079 1576 1195 1642; x_wconf 86' lang='lat' dir='ltr'><strong>ejus</strong></span> <span class='ocrx_word' id='word_1_122' title='bbox 1242 1575 1584 1630; x_wconf 72' lang='lat' dir='ltr'><strong>adversarius</strong></span> <span class='ocrx_word' id='word_1_123' title='bbox 1613 1576 1892 1632; x_wconf 81' lang='lat' dir='ltr'><strong>existebat.</strong></span> <span class='ocrx_word' id='word_1_124' title='bbox 1923 1578 2026 1634; x_wconf 92' lang='lat' dir='ltr'><strong>Sed</strong></span> <span class='ocrx_word' id='word_1_125' title='bbox 2057 1588 2112 1634; x_wconf 87' lang='lat' dir='ltr'><strong>et</strong></span> 
     </span>
    </p>
   </div>
   <div class='ocr_carea' id='block_1_17' title="bbox 521 1666 2110 1740">
    <p class='ocr_par' dir='ltr' id='par_1_17' title="bbox 521 1666 2110 1740">
     <span class='ocr_line' id='line_1_17' title="bbox 521 1666 2110 1740; baseline 0.003 -20"><span class='ocrx_word' id='word_1_126' title='bbox 521 1666 622 1721; x_wconf 91' lang='lat' dir='ltr'><strong>hoc</strong></span> <span class='ocrx_word' id='word_1_127' title='bbox 652 1667 904 1736; x_wconf 88' lang='lat' dir='ltr'><strong>adjicient</strong></span> <span class='ocrx_word' id='word_1_128' title='bbox 929 1669 1053 1738; x_wconf 86' lang='lat' dir='ltr'><strong>quia</strong></span> <span class='ocrx_word' id='word_1_129' title='bbox 1091 1683 1190 1722; x_wconf 89' lang='lat' dir='ltr'><strong>nec</strong></span> <span class='ocrx_word' id='word_1_130' title='bbox 1230 1669 1489 1723; x_wconf 83' lang='lat' dir='ltr'><strong>attinebat</strong></span> <span class='ocrx_word' id='word_1_131' title='bbox 1519 1671 1582 1723; x_wconf 92' lang='lat' dir='ltr'><strong>ad</strong></span> <span class='ocrx_word' id='word_1_132' title='bbox 1613 1687 1723 1725; x_wconf 90' lang='lat' dir='ltr'><strong>rem</strong></span> <span class='ocrx_word' id='word_1_133' title='bbox 1758 1681 1814 1724; x_wconf 93' lang='lat' dir='ltr'><strong>ut</strong></span> <span class='ocrx_word' id='word_1_134' title='bbox 1836 1671 1904 1727; x_wconf 92' lang='lat' dir='ltr'><strong>de</strong></span> <span class='ocrx_word' id='word_1_135' title='bbox 1933 1682 2110 1740; x_wconf 83' lang='lat' dir='ltr'><strong>postn-</strong></span> 
     </span>
    </p>
   </div>
   <div class='ocr_carea' id='block_1_18' title="bbox 2203 470 3823 542">
    <p class='ocr_par' dir='ltr' id='par_1_18' title="bbox 2203 470 3823 542">
     <span class='ocr_line' id='line_1_18' title="bbox 2203 470 3823 542; baseline 0.005 -17"><span class='ocrx_word' id='word_1_136' title='bbox 2203 478 2555 540; x_wconf 82' lang='lat' dir='ltr'><strong>extorqnente</strong></span> <span class='ocrx_word' id='word_1_137' title='bbox 2589 473 2814 524; x_wconf 76' lang='lat' dir='ltr'><strong>veritate</strong></span> <span class='ocrx_word' id='word_1_138' title='bbox 2861 470 2944 525; x_wconf 89' lang='lat' dir='ltr'><strong>vel</strong></span> <span class='ocrx_word' id='word_1_139' title='bbox 2987 471 3160 538; x_wconf 77' lang='lat' dir='ltr'><strong>inviti,</strong></span> <span class='ocrx_word' id='word_1_140' title='bbox 3209 471 3306 525; x_wconf 87' lang='lat' dir='ltr'><strong>vel</strong></span> <span class='ocrx_word' id='word_1_141' title='bbox 3345 473 3553 536; x_wconf 86' lang='lat' dir='ltr'><strong>nescii,</strong></span> <span class='ocrx_word' id='word_1_142' title='bbox 3592 475 3823 542; x_wconf 80' lang='lat' dir='ltr'><strong>prodide-</strong></span> 
     </span>
    </p>
   </div>
   <div class='ocr_carea' id='block_1_19' title="bbox 2208 563 3820 637">
    <p class='ocr_par' dir='ltr' id='par_1_19' title="bbox 2208 563 3820 637">
     <span class='ocr_line' id='line_1_19' title="bbox 2208 563 3820 637; baseline 0.006 -20"><span class='ocrx_word' id='word_1_143' title='bbox 2208 573 2351 618; x_wconf 87' lang='lat' dir='ltr'><strong>runt.</strong></span> <span class='ocrx_word' id='word_1_144' title='bbox 2386 563 2516 618; x_wconf 83' lang='lat' dir='ltr'><strong>Nam</strong></span> <span class='ocrx_word' id='word_1_145' title='bbox 2548 573 2668 631; x_wconf 90' lang='lat' dir='ltr'><strong>post</strong></span> <span class='ocrx_word' id='word_1_146' title='bbox 2707 565 2902 618; x_wconf 88' lang='lat' dir='ltr'><strong>multas</strong></span> <span class='ocrx_word' id='word_1_147' title='bbox 2932 576 2983 617; x_wconf 76' lang='lat' dir='ltr'><strong>et</strong></span> <span class='ocrx_word' id='word_1_148' title='bbox 3014 565 3187 620; x_wconf 86' lang='lat' dir='ltr'><strong>varias</strong></span> <span class='ocrx_word' id='word_1_149' title='bbox 3215 581 3366 620; x_wconf 80' lang='lat' dir='ltr'><strong>suas</strong></span> <span class='ocrx_word' id='word_1_150' title='bbox 3391 565 3820 637; x_wconf 85' lang='lat' dir='ltr'><strong>adinventiones,</strong></span> 
     </span>
    </p>
   </div>
   <div class='ocr_carea' id='block_1_20' title="bbox 2208 655 3806 725">
    <p class='ocr_par' dir='ltr' id='par_1_20' title="bbox 2208 655 3806 725">
     <span class='ocr_line' id='line_1_20' title="bbox 2208 655 3806 725; baseline 0.006 -19"><span class='ocrx_word' id='word_1_151' title='bbox 2208 665 2327 725; x_wconf 87' lang='lat' dir='ltr'><strong>post</strong></span> <span class='ocrx_word' id='word_1_152' title='bbox 2358 655 2568 709; x_wconf 89' lang='lat' dir='ltr'><strong>labores</strong></span> <span class='ocrx_word' id='word_1_153' title='bbox 2617 669 2840 724; x_wconf 72' lang='lat' dir='ltr'><strong>magnos</strong></span> <span class='ocrx_word' id='word_1_154' title='bbox 2887 666 2944 710; x_wconf 91' lang='lat' dir='ltr'><strong>et</strong></span> <span class='ocrx_word' id='word_1_155' title='bbox 2972 656 3382 717; x_wconf 85' lang='lat' dir='ltr'><strong>infructuosos.</strong></span> <span class='ocrx_word' id='word_1_156' title='bbox 3419 657 3629 725; x_wconf 85' lang='lat' dir='ltr'><strong>quibus</strong></span> <span class='ocrx_word' id='word_1_157' title='bbox 3654 661 3718 713; x_wconf 83' lang='lat' dir='ltr'><strong>ad</strong></span> <span class='ocrx_word' id='word_1_158' title='bbox 3743 663 3806 716; x_wconf 75' lang='lat' dir='ltr'><strong>de</strong></span> 
     </span>
    </p>
   </div>
   <div class='ocr_carea' id='block_1_21' title="bbox 2206 745 3822 822">
    <p class='ocr_par' dir='ltr' id='par_1_21' title="bbox 2206 745 3822 822">
     <span class='ocr_line' id='line_1_21' title="bbox 2206 745 3822 822; baseline 0.003 -23"><span class='ocrx_word' id='word_1_159' title='bbox 2206 746 2504 814; x_wconf 86' lang='lat' dir='ltr'><strong>ceptionem</strong></span> <span class='ocrx_word' id='word_1_160' title='bbox 2557 745 2790 800; x_wconf 85' lang='lat' dir='ltr'><strong>facilium</strong></span> <span class='ocrx_word' id='word_1_161' title='bbox 2841 757 3084 815; x_wconf 85' lang='lat' dir='ltr'><strong>apertam</strong></span> <span class='ocrx_word' id='word_1_162' title='bbox 3132 749 3328 803; x_wconf 81' lang='lat' dir='ltr'><strong>lucem</strong></span> <span class='ocrx_word' id='word_1_163' title='bbox 3365 748 3564 803; x_wconf 80' lang='lat' dir='ltr'><strong>verbis</strong></span> <span class='ocrx_word' id='word_1_164' title='bbox 3595 749 3822 822; x_wconf 66' lang='lat' dir='ltr'><strong>inanibus</strong></span> 
     </span>
    </p>
   </div>
   <div class='ocr_carea' id='block_1_22' title="bbox 2208 835 3821 903">
    <p class='ocr_par' dir='ltr' id='par_1_22' title="bbox 2208 835 3821 903">
     <span class='ocr_line' id='line_1_22' title="bbox 2208 835 3821 903; baseline 0.007 -13"><span class='ocrx_word' id='word_1_165' title='bbox 2208 837 2495 892; x_wconf 83' lang='lat' dir='ltr'><strong>obscurare</strong></span> <span class='ocrx_word' id='word_1_166' title='bbox 2522 835 2700 891; x_wconf 88' lang='lat' dir='ltr'><strong>conati</strong></span> <span class='ocrx_word' id='word_1_167' title='bbox 2733 848 2879 903; x_wconf 87' lang='lat' dir='ltr'><strong>sunt,</strong></span> <span class='ocrx_word' id='word_1_168' title='bbox 2913 841 2965 892; x_wconf 91' lang='lat' dir='ltr'><strong>in</strong></span> <span class='ocrx_word' id='word_1_169' title='bbox 2993 840 3181 894; x_wconf 78' lang='lat' dir='ltr'><strong>eodem</strong></span> <span class='ocrx_word' id='word_1_170' title='bbox 3214 839 3373 894; x_wconf 85' lang='lat' dir='ltr'><strong>libro</strong></span> <span class='ocrx_word' id='word_1_171' title='bbox 3403 856 3514 894; x_wconf 84' lang='lat' dir='ltr'><strong>suo</strong></span> <span class='ocrx_word' id='word_1_172' title='bbox 3543 842 3784 900; x_wconf 73' lang='lat' dir='ltr'><strong>dixerunt</strong></span> <span class='ocrx_word' id='word_1_173' title='bbox 3810 865 3821 900; x_wconf 87' lang='lat'><strong>:</strong></span> 
     </span>
    </p>
   </div>
   <div class='ocr_carea' id='block_1_23' title="bbox 2214 926 3821 1005">
    <p class='ocr_par' dir='ltr' id='par_1_23' title="bbox 2214 926 3821 1005">
     <span class='ocr_line' id='line_1_23' title="bbox 2214 926 3821 1005; baseline 0.006 -22"><span class='ocrx_word' id='word_1_174' title='bbox 2214 951 2232 983; x_wconf 75' lang='grc' dir='ltr'>ι</span> <span class='ocrx_word' id='word_1_175' title='bbox 2266 931 2497 1000; x_wconf 86' lang='lat' dir='ltr'><strong>Culpans</strong></span> <span class='ocrx_word' id='word_1_176' title='bbox 2537 926 2772 986; x_wconf 76' lang='lat' dir='ltr'><strong>Joannes</strong></span> <span class='ocrx_word' id='word_1_177' title='bbox 2804 932 3088 988; x_wconf 75' lang='lat' dir='ltr'><strong>hznreticus</strong></span> <span class='ocrx_word' id='word_1_178' title='bbox 3130 942 3400 987; x_wconf 84' lang='lat' dir='ltr'><strong>sanctam</strong></span> <span class='ocrx_word' id='word_1_179' title='bbox 3437 934 3821 1005; x_wconf 63' lang='lat' dir='ltr'><strong>synodum,“-</strong></span> 
     </span>
    </p>
   </div>
   <div class='ocr_carea' id='block_1_24' title="bbox 2212 1022 3822 1095">
    <p class='ocr_par' dir='ltr' id='par_1_24' title="bbox 2212 1022 3822 1095">
     <span class='ocr_line' id='line_1_24' title="bbox 2212 1022 3822 1095; baseline 0.006 -19"><span class='ocrx_word' id='word_1_180' title='bbox 2212 1022 2448 1076; x_wconf 90' lang='lat' dir='ltr'><strong>tenditur</strong></span> <span class='ocrx_word' id='word_1_181' title='bbox 2500 1023 2688 1076; x_wconf 85' lang='lat' dir='ltr'><strong>eadem</strong></span> <span class='ocrx_word' id='word_1_182' title='bbox 2741 1024 2956 1091; x_wconf 72' lang='lat' dir='ltr'><strong>quidem</strong></span> <span class='ocrx_word' id='word_1_183' title='bbox 3013 1041 3203 1095; x_wconf 59' lang='lat' dir='ltr'><strong>sapere</strong></span> <span class='ocrx_word' id='word_1_184' title='bbox 3282 1027 3444 1081; x_wconf 87' lang='lat' dir='ltr'><strong>sicut</strong></span> <span class='ocrx_word' id='word_1_185' title='bbox 3515 1031 3585 1082; x_wconf 83' lang='lat' dir='ltr'><strong>ad</strong></span> <span class='ocrx_word' id='word_1_186' title='bbox 3657 1032 3822 1086; x_wconf 74' lang='lat' dir='ltr'><strong>Mariis</strong></span> 
     </span>
    </p>
   </div>
   <div class='ocr_carea' id='block_1_25' title="bbox 2209 1114 3820 1187">
    <p class='ocr_par' dir='ltr' id='par_1_25' title="bbox 2209 1114 3820 1187">
     <span class='ocr_line' id='line_1_25' title="bbox 2209 1114 3820 1187; baseline 0.006 -19"><span class='ocrx_word' id='word_1_187' title='bbox 2209 1114 2429 1181; x_wconf 88' lang='lat' dir='ltr'><strong>epistola</strong></span> <span class='ocrx_word' id='word_1_188' title='bbox 2466 1131 2478 1165; x_wconf 88' lang='lat'><strong>:</strong></span> <span class='ocrx_word' id='word_1_189' title='bbox 2509 1114 2768 1168; x_wconf 56' lang='lat' dir='ltr'><strong>colafitens</strong></span> <span class='ocrx_word' id='word_1_190' title='bbox 2798 1125 2975 1170; x_wconf 88' lang='lat' dir='ltr'><strong>autem</strong></span> <span class='ocrx_word' id='word_1_191' title='bbox 3021 1132 3136 1170; x_wconf 90' lang='lat' dir='ltr'><strong>eam</strong></span> <span class='ocrx_word' id='word_1_192' title='bbox 3183 1120 3507 1186; x_wconf 78' lang='lat' dir='ltr'><strong>expulsam</strong></span> <span class='ocrx_word' id='word_1_193' title='bbox 3551 1131 3713 1187; x_wconf 82' lang='lat' dir='ltr'><strong>atque</strong></span> <span class='ocrx_word' id='word_1_194' title='bbox 3740 1124 3820 1178; x_wconf 81' lang='lat' dir='ltr'><strong>de-</strong></span> 
     </span>
    </p>
   </div>
   <div class='ocr_carea' id='block_1_26' title="bbox 2209 1210 3823 1277">
    <p class='ocr_par' dir='ltr' id='par_1_26' title="bbox 2209 1210 3823 1277">
     <span class='ocr_line' id='line_1_26' title="bbox 2209 1210 3823 1277; baseline 0.006 -17"><span class='ocrx_word' id='word_1_195' title='bbox 2209 1215 2464 1260; x_wconf 72' lang='lat' dir='ltr'><strong>etructam</strong></span> <span class='ocrx_word' id='word_1_196' title='bbox 2493 1222 2521 1258; x_wconf 88' lang='lat' dir='ltr'><strong>a</strong></span> <span class='ocrx_word' id='word_1_197' title='bbox 2553 1216 2734 1260; x_wconf 85' lang='lat' dir='ltr'><strong>sancta</strong></span> <span class='ocrx_word' id='word_1_198' title='bbox 2775 1210 3002 1277; x_wconf 79' lang='lat' dir='ltr'><strong>synodo,</strong></span> <span class='ocrx_word' id='word_1_199' title='bbox 3044 1211 3357 1266; x_wconf 68' lang='lat' dir='ltr'><strong>confitetur</strong></span> <span class='ocrx_word' id='word_1_200' title='bbox 3389 1214 3566 1266; x_wconf 83' lang='lat' dir='ltr'><strong>etiam</strong></span> <span class='ocrx_word' id='word_1_201' title='bbox 3601 1216 3823 1272; x_wconf 76' lang='lat' dir='ltr'><strong>similiter</strong></span> 
     </span>
    </p>
   </div>
   <div class='ocr_carea' id='block_1_27' title="bbox 2209 1301 3825 1371">
    <p class='ocr_par' dir='ltr' id='par_1_27' title="bbox 2209 1301 3825 1371">
     <span class='ocr_line' id='line_1_27' title="bbox 2209 1301 3825 1371; baseline 0.007 -18"><span class='ocrx_word' id='word_1_202' title='bbox 2209 1303 2486 1368; x_wconf 78' lang='lat' dir='ltr'><strong>expulsum</strong></span> <span class='ocrx_word' id='word_1_203' title='bbox 2530 1301 2597 1352; x_wconf 91' lang='lat' dir='ltr'><strong>ab</strong></span> <span class='ocrx_word' id='word_1_204' title='bbox 2647 1316 2707 1352; x_wconf 87' lang='lat' dir='ltr'><strong>ea</strong></span> <span class='ocrx_word' id='word_1_205' title='bbox 2738 1313 2791 1355; x_wconf 88' lang='lat' dir='ltr'><strong>et</strong></span> <span class='ocrx_word' id='word_1_206' title='bbox 2819 1302 3158 1356; x_wconf 86' lang='lat' dir='ltr'><strong>Theodorum</strong></span> <span class='ocrx_word' id='word_1_207' title='bbox 3209 1304 3468 1370; x_wconf 76' lang='lat' dir='ltr'><strong>impium</strong></span> <span class='ocrx_word' id='word_1_208' title='bbox 3514 1305 3825 1371; x_wconf 77' lang='lat' dir='ltr'><strong>Mepsueste-</strong></span> 
     </span>
    </p>
   </div>
   <div class='ocr_carea' id='block_1_28' title="bbox 2214 1391 3822 1464">
    <p class='ocr_par' dir='ltr' id='par_1_28' title="bbox 2214 1391 3822 1464">
     <span class='ocr_line' id='line_1_28' title="bbox 2214 1391 3822 1464; baseline 0.006 -20"><span class='ocrx_word' id='word_1_209' title='bbox 2214 1407 2359 1444; x_wconf 92' lang='lat' dir='ltr'><strong>num.</strong></span> <span class='ocrx_word' id='word_1_210' title='bbox 2410 1391 2476 1446; x_wconf 83' lang='lat' dir='ltr'><strong>Et</strong></span> <span class='ocrx_word' id='word_1_211' title='bbox 2513 1391 2759 1456; x_wconf 87' lang='lat' dir='ltr'><strong>quoniam</strong></span> <span class='ocrx_word' id='word_1_212' title='bbox 2802 1392 3214 1449; x_wconf 61' lang='lat' dir='ltr'><strong>calumniatores</strong></span> <span class='ocrx_word' id='word_1_213' title='bbox 3274 1411 3394 1448; x_wconf 89' lang='lat' dir='ltr'><strong>non</strong></span> <span class='ocrx_word' id='word_1_214' title='bbox 3449 1398 3748 1464; x_wconf 86' lang='lat' dir='ltr'><strong>respiciunt</strong></span> <span class='ocrx_word' id='word_1_215' title='bbox 3778 1400 3822 1453; x_wconf 86' lang='lat' dir='ltr'><strong>in</strong></span> 
     </span>
    </p>
   </div>
   <div class='ocr_carea' id='block_1_29' title="bbox 2216 1481 3822 1555">
    <p class='ocr_par' dir='ltr' id='par_1_29' title="bbox 2216 1481 3822 1555">
     <span class='ocr_line' id='line_1_29' title="bbox 2216 1481 3822 1555; baseline 0.005 -20"><span class='ocrx_word' id='word_1_216' title='bbox 2216 1481 2415 1536; x_wconf 85' lang='lat' dir='ltr'><strong>ultimo</strong></span> <span class='ocrx_word' id='word_1_217' title='bbox 2443 1482 2631 1536; x_wconf 86' lang='lat' dir='ltr'><strong>ordine</strong></span> <span class='ocrx_word' id='word_1_218' title='bbox 2670 1481 2910 1546; x_wconf 86' lang='lat' dir='ltr'><strong>definita,</strong></span> <span class='ocrx_word' id='word_1_219' title='bbox 2952 1483 3042 1537; x_wconf 89' lang='lat' dir='ltr'><strong>sed</strong></span> <span class='ocrx_word' id='word_1_220' title='bbox 3076 1498 3199 1540; x_wconf 85' lang='lat' dir='ltr'><strong>ante</strong></span> <span class='ocrx_word' id='word_1_221' title='bbox 3231 1485 3561 1554; x_wconf 75' lang='lat' dir='ltr'><strong>perfectum</strong></span> <span class='ocrx_word' id='word_1_222' title='bbox 3583 1488 3822 1555; x_wconf 72' lang='lat' dir='ltr'><strong>judicium</strong></span> 
     </span>
    </p>
   </div>
   <div class='ocr_carea' id='block_1_30' title="bbox 2215 1573 3822 1646">
    <p class='ocr_par' dir='ltr' id='par_1_30' title="bbox 2215 1573 3822 1646">
     <span class='ocr_line' id='line_1_30' title="bbox 2215 1573 3822 1646; baseline 0.008 -20"><span class='ocrx_word' id='word_1_223' title='bbox 2215 1587 2243 1626; x_wconf 74' lang='grc' dir='ltr'><strong>ο</strong></span> <span class='ocrx_word' id='word_1_224' title='bbox 2276 1573 2588 1644; x_wconf 87' lang='lat' dir='ltr'><strong>quibusdam</strong></span> <span class='ocrx_word' id='word_1_225' title='bbox 2623 1575 2844 1628; x_wconf 89' lang='lat' dir='ltr'><strong>forsitan</strong></span> <span class='ocrx_word' id='word_1_226' title='bbox 2886 1575 3059 1640; x_wconf 88' lang='lat' dir='ltr'><strong>dicta;</strong></span> <span class='ocrx_word' id='word_1_227' title='bbox 3097 1587 3328 1642; x_wconf 86' lang='lat' dir='ltr'><strong>oportet</strong></span> <span class='ocrx_word' id='word_1_228' title='bbox 3376 1595 3719 1646; x_wconf 71' lang='lat' dir='ltr'><strong>cogno-cere</strong></span> <span class='ocrx_word' id='word_1_229' title='bbox 3753 1599 3822 1639; x_wconf 86' lang='lat' dir='ltr'><strong>re-</strong></span> 
     </span>
    </p>
   </div>
   <div class='ocr_carea' id='block_1_31' title="bbox 2214 1665 3824 1741">
    <p class='ocr_par' dir='ltr' id='par_1_31' title="bbox 2214 1665 3824 1741">
     <span class='ocr_line' id='line_1_31' title="bbox 2214 1665 3824 1741; baseline 0.006 -23"><span class='ocrx_word' id='word_1_230' title='bbox 2214 1673 2354 1718; x_wconf 83' lang='lat' dir='ltr'><strong>ctam</strong></span> <span class='ocrx_word' id='word_1_231' title='bbox 2381 1665 3169 1738; x_wconf 78' lang='lat' dir='ltr'><strong>liabentesintentionem,quia</strong></span> <span class='ocrx_word' id='word_1_232' title='bbox 3191 1668 3247 1722; x_wconf 90' lang='lat' dir='ltr'><strong>in</strong></span> <span class='ocrx_word' id='word_1_233' title='bbox 3277 1671 3525 1741; x_wconf 85' lang='lat' dir='ltr'><strong>synodis</strong></span> <span class='ocrx_word' id='word_1_234' title='bbox 3553 1673 3684 1726; x_wconf 91' lang='lat' dir='ltr'><strong>nihil</strong></span> <span class='ocrx_word' id='word_1_235' title='bbox 3707 1690 3824 1740; x_wconf 74' lang='lat' dir='ltr'><strong>prte-</strong></span> 
     </span>
    </p>
   </div>
   <div class='ocr_carea' id='block_1_32' title="bbox 524 1755 3814 1833">
    <p class='ocr_par' dir='ltr' id='par_1_32' title="bbox 524 1755 3814 1833">
     <span class='ocr_line' id='line_1_32' title="bbox 524 1755 3814 1833; baseline 0.004 -25"><span class='ocrx_word' id='word_1_236' title='bbox 524 1761 723 1815; x_wconf 79' lang='lat' dir='ltr'><strong>latione</strong></span> <span class='ocrx_word' id='word_1_237' title='bbox 769 1771 821 1814; x_wconf 86' lang='lat' dir='ltr'><strong>et</strong></span> <span class='ocrx_word' id='word_1_238' title='bbox 848 1762 1223 1828; x_wconf 81' lang='lat' dir='ltr'><strong>deprecatione</strong></span> <span class='ocrx_word' id='word_1_239' title='bbox 1252 1761 1379 1815; x_wconf 83' lang='lat' dir='ltr'><strong>cieri</strong></span> <span class='ocrx_word' id='word_1_240' title='bbox 1415 1762 1700 1816; x_wconf 67' lang='lat' dir='ltr'><strong>Edessena:</strong></span> <span class='ocrx_word' id='word_1_241' title='bbox 1727 1763 1955 1817; x_wconf 60' lang='lat' dir='ltr'><strong>civitatis</strong></span> <span class='ocrx_word' id='word_1_242' title='bbox 1983 1780 2108 1833; x_wconf 76' lang='lat' dir='ltr'><strong>pro.</strong></span> <span class='ocrx_word' id='word_1_243' title='bbox 2147 1766 2189 1823; x_wconf 80' lang='grc' dir='ltr'><strong>Β</strong></span> <span class='ocrx_word' id='word_1_244' title='bbox 2211 1755 2474 1824; x_wconf 82' lang='lat' dir='ltr'><strong>judicant,</strong></span> <span class='ocrx_word' id='word_1_245' title='bbox 2519 1773 2634 1824; x_wconf 67' lang='lat' dir='ltr'><strong>qum</strong></span> <span class='ocrx_word' id='word_1_246' title='bbox 2658 1767 2782 1811; x_wconf 82' lang='lat' dir='ltr'><strong>ante</strong></span> <span class='ocrx_word' id='word_1_247' title='bbox 2815 1759 3105 1826; x_wconf 81' lang='lat' dir='ltr'><strong>perfccutut</strong></span> <span class='ocrx_word' id='word_1_248' title='bbox 3132 1759 3418 1828; x_wconf 84' lang='lat' dir='ltr'><strong>judicium</strong></span> <span class='ocrx_word' id='word_1_249' title='bbox 3453 1778 3484 1815; x_wconf 82' lang='lat' dir='ltr'><strong>a</strong></span> <span class='ocrx_word' id='word_1_250' title='bbox 3516 1764 3814 1832; x_wconf 83' lang='lat' dir='ltr'><strong>quibusdam</strong></span> 
     </span>
    </p>
   </div>
   <div class='ocr_carea' id='block_1_33' title="bbox 535 1851 2112 1925">
    <p class='ocr_par' dir='ltr' id='par_1_33' title="bbox 535 1851 2112 1925">
     <span class='ocr_line' id='line_1_33' title="bbox 535 1851 2112 1925; baseline 0.004 -21"><span class='ocrx_word' id='word_1_251' title='bbox 535 1853 893 1919; x_wconf 86' lang='lat' dir='ltr'><strong>nuntiaretur,</strong></span> <span class='ocrx_word' id='word_1_252' title='bbox 919 1853 1056 1922; x_wconf 90' lang='lat' dir='ltr'><strong>quod</strong></span> <span class='ocrx_word' id='word_1_253' title='bbox 1080 1855 1376 1908; x_wconf 81' lang='lat' dir='ltr'><strong>orthodoxa</strong></span> <span class='ocrx_word' id='word_1_254' title='bbox 1407 1865 1549 1909; x_wconf 90' lang='lat' dir='ltr'><strong>esset</strong></span> <span class='ocrx_word' id='word_1_255' title='bbox 1577 1851 1692 1925; x_wconf 71' lang='lat' dir='ltr'><strong>ejus</strong></span> <span class='ocrx_word' id='word_1_256' title='bbox 1721 1857 1958 1925; x_wconf 88' lang='lat' dir='ltr'><strong>dictatio,</strong></span> <span class='ocrx_word' id='word_1_257' title='bbox 1991 1872 2112 1911; x_wconf 88' lang='lat' dir='ltr'><strong>cum</strong></span> 
     </span>
    </p>
   </div>
   <div class='ocr_carea' id='block_1_34' title="bbox 524 1946 2107 2016">
    <p class='ocr_par' dir='ltr' id='par_1_34' title="bbox 524 1946 2107 2016">
     <span class='ocr_line' id='line_1_34' title="bbox 524 1946 2107 2016; baseline 0.002 -19"><span class='ocrx_word' id='word_1_258' title='bbox 524 1948 697 2014; x_wconf 83' lang='lat' dir='ltr'><strong>potius</strong></span> <span class='ocrx_word' id='word_1_259' title='bbox 727 1961 886 2014; x_wconf 82' lang='lat' dir='ltr'><strong>super</strong></span> <span class='ocrx_word' id='word_1_260' title='bbox 915 1947 1136 2016; x_wconf 85' lang='lat' dir='ltr'><strong>epistola</strong></span> <span class='ocrx_word' id='word_1_261' title='bbox 1172 1946 1273 2000; x_wconf 84' lang='lat' dir='ltr'><strong>lbae</strong></span> <span class='ocrx_word' id='word_1_262' title='bbox 1301 1949 1564 2002; x_wconf 71' lang='lat' dir='ltr'><strong>sententia</strong></span> <span class='ocrx_word' id='word_1_263' title='bbox 1597 1948 1784 2016; x_wconf 85' lang='lat' dir='ltr'><strong>synodi</strong></span> <span class='ocrx_word' id='word_1_264' title='bbox 1822 1959 2107 2015; x_wconf 83' lang='lat' dir='ltr'><strong>exspecta-</strong></span> 
     </span>
    </p>
   </div>
   <div class='ocr_carea' id='block_1_35' title="bbox 525 2037 2117 2107">
    <p class='ocr_par' dir='ltr' id='par_1_35' title="bbox 525 2037 2117 2107">
     <span class='ocr_line' id='line_1_35' title="bbox 525 2037 2117 2107; baseline 0.001 -16"><span class='ocrx_word' id='word_1_265' title='bbox 525 2047 674 2092; x_wconf 87' lang='lat' dir='ltr'><strong>retur</strong></span> <span class='ocrx_word' id='word_1_266' title='bbox 713 2048 888 2092; x_wconf 91' lang='lat' dir='ltr'><strong>utrum</strong></span> <span class='ocrx_word' id='word_1_267' title='bbox 932 2053 1050 2093; x_wconf 86' lang='lat' dir='ltr'><strong>eam</strong></span> <span class='ocrx_word' id='word_1_268' title='bbox 1099 2037 1403 2091; x_wconf 71' lang='lat' dir='ltr'><strong>haereticam</strong></span> <span class='ocrx_word' id='word_1_269' title='bbox 1427 2051 1493 2091; x_wconf 89' lang='lat' dir='ltr'><strong>an</strong></span> <span class='ocrx_word' id='word_1_270' title='bbox 1524 2038 1874 2092; x_wconf 79' lang='lat' dir='ltr'><strong>orthodoxam</strong></span> <span class='ocrx_word' id='word_1_271' title='bbox 1907 2038 2117 2107; x_wconf 80' lang='lat' dir='ltr'><strong>judica—</strong></span> 
     </span>
    </p>
   </div>
   <div class='ocr_carea' id='block_1_36' title="bbox 527 2127 2114 2199">
    <p class='ocr_par' dir='ltr' id='par_1_36' title="bbox 527 2127 2114 2199">
     <span class='ocr_line' id='line_1_36' title="bbox 527 2127 2114 2199; baseline 0.001 -17"><span class='ocrx_word' id='word_1_272' title='bbox 527 2139 668 2184; x_wconf 84' lang='lat' dir='ltr'><strong>rent.</strong></span> <span class='ocrx_word' id='word_1_273' title='bbox 715 2130 846 2184; x_wconf 89' lang='lat' dir='ltr'><strong>Cum</strong></span> <span class='ocrx_word' id='word_1_274' title='bbox 876 2143 1003 2198; x_wconf 79' lang='lat' dir='ltr'><strong>ergo</strong></span> <span class='ocrx_word' id='word_1_275' title='bbox 1044 2139 1096 2182; x_wconf 84' lang='lat' dir='ltr'><strong>et</strong></span> <span class='ocrx_word' id='word_1_276' title='bbox 1128 2129 1251 2181; x_wconf 92' lang='lat' dir='ltr'><strong>illud</strong></span> <span class='ocrx_word' id='word_1_277' title='bbox 1276 2129 1592 2197; x_wconf 84' lang='lat' dir='ltr'><strong>objicerent,</strong></span> <span class='ocrx_word' id='word_1_278' title='bbox 1615 2129 1753 2199; x_wconf 90' lang='lat' dir='ltr'><strong>quod</strong></span> <span class='ocrx_word' id='word_1_279' title='bbox 1786 2127 2033 2184; x_wconf 88' lang='lat' dir='ltr'><strong>similiter</strong></span> <span class='ocrx_word' id='word_1_280' title='bbox 2061 2128 2114 2183; x_wconf 90' lang='lat' dir='ltr'><strong>in</strong></span> 
     </span>
    </p>
   </div>
   <div class='ocr_carea' id='block_1_37' title="bbox 530 2217 2116 2291">
    <p class='ocr_par' dir='ltr' id='par_1_37' title="bbox 530 2217 2116 2291">
     <span class='ocr_line' id='line_1_37' title="bbox 530 2217 2116 2291; baseline 0.003 -23"><span class='ocrx_word' id='word_1_281' title='bbox 530 2220 714 2275; x_wconf 66' lang='lat' dir='ltr'><strong>eadem</strong></span> <span class='ocrx_word' id='word_1_282' title='bbox 739 2221 945 2291; x_wconf 84' lang='lat' dir='ltr'><strong>synodo</strong></span> <span class='ocrx_word' id='word_1_283' title='bbox 967 2220 1167 2274; x_wconf 90' lang='lat' dir='ltr'><strong>dictum</strong></span> <span class='ocrx_word' id='word_1_284' title='bbox 1191 2230 1268 2274; x_wconf 90' lang='lat' dir='ltr'><strong>est</strong></span> <span class='ocrx_word' id='word_1_285' title='bbox 1299 2237 1312 2273; x_wconf 90' lang='lat'><strong>:</strong></span> <span class='ocrx_word' id='word_1_286' title='bbox 1348 2217 1553 2273; x_wconf 90' lang='lat' dir='ltr'><strong>Dudum</strong></span> <span class='ocrx_word' id='word_1_287' title='bbox 1579 2221 1790 2290; x_wconf 89' lang='lat' dir='ltr'><strong>quidem</strong></span> <span class='ocrx_word' id='word_1_288' title='bbox 1812 2235 1877 2274; x_wconf 89' lang='lat' dir='ltr'><strong>ex</strong></span> <span class='ocrx_word' id='word_1_289' title='bbox 1905 2219 2116 2274; x_wconf 80' lang='lat' dir='ltr'><strong>reiectis</strong></span> 
     </span>
    </p>
   </div>
   <div class='ocr_carea' id='block_1_38' title="bbox 531 2310 2116 2376">
    <p class='ocr_par' dir='ltr' id='par_1_38' title="bbox 531 2310 2116 2376">
     <span class='ocr_line' id='line_1_38' title="bbox 531 2310 2116 2376; baseline -0.002 -9"><span class='ocrx_word' id='word_1_290' title='bbox 531 2313 782 2367; x_wconf 73' lang='lat' dir='ltr'><strong>innoxius</strong></span> <span class='ocrx_word' id='word_1_291' title='bbox 811 2313 1209 2367; x_wconf 88' lang='lat' dir='ltr'><strong>demonstratus</strong></span> <span class='ocrx_word' id='word_1_292' title='bbox 1249 2324 1331 2366; x_wconf 90' lang='lat' dir='ltr'><strong>est</strong></span> <span class='ocrx_word' id='word_1_293' title='bbox 1376 2313 1842 2367; x_wconf 83' lang='lat' dir='ltr'><strong>reverentissimns</strong></span> <span class='ocrx_word' id='word_1_294' title='bbox 1876 2310 2028 2376; x_wconf 77' lang='lat' dir='ltr'><strong>Ilias;</strong></span> <span class='ocrx_word' id='word_1_295' title='bbox 2063 2310 2116 2364; x_wconf 93' lang='lat' dir='ltr'><strong>in</strong></span> 
     </span>
    </p>
   </div>
   <div class='ocr_carea' id='block_1_39' title="bbox 530 2403 2116 2474">
    <p class='ocr_par' dir='ltr' id='par_1_39' title="bbox 530 2403 2116 2474">
     <span class='ocr_line' id='line_1_39' title="bbox 530 2403 2116 2474; baseline -0.001 -16"><span class='ocrx_word' id='word_1_296' title='bbox 530 2406 722 2471; x_wconf 70' lang='lat' dir='ltr'><strong>quibus</strong></span> <span class='ocrx_word' id='word_1_297' title='bbox 751 2408 948 2460; x_wconf 80' lang='lat' dir='ltr'><strong>etenim</strong></span> <span class='ocrx_word' id='word_1_298' title='bbox 980 2406 1124 2459; x_wconf 90' lang='lat' dir='ltr'><strong>visus</strong></span> <span class='ocrx_word' id='word_1_299' title='bbox 1150 2415 1230 2459; x_wconf 88' lang='lat' dir='ltr'><strong>est</strong></span> <span class='ocrx_word' id='word_1_300' title='bbox 1252 2404 1469 2474; x_wconf 85' lang='lat' dir='ltr'><strong>culpare</strong></span> <span class='ocrx_word' id='word_1_301' title='bbox 1493 2405 1631 2458; x_wconf 87' lang='lat' dir='ltr'><strong>male</strong></span> <span class='ocrx_word' id='word_1_302' title='bbox 1663 2403 1887 2474; x_wconf 90' lang='lat' dir='ltr'><strong>loquens</strong></span> <span class='ocrx_word' id='word_1_303' title='bbox 1919 2404 2116 2458; x_wconf 89' lang='lat' dir='ltr'><strong>beatis-</strong></span> 
     </span>
    </p>
   </div>
   <div class='ocr_carea' id='block_1_40' title="bbox 531 2497 2121 2570">
    <p class='ocr_par' dir='ltr' id='par_1_40' title="bbox 531 2497 2121 2570">
     <span class='ocr_line' id='line_1_40' title="bbox 531 2497 2121 2570; baseline 0.002 -22"><span class='ocrx_word' id='word_1_304' title='bbox 531 2499 720 2553; x_wconf 66' lang='lat' dir='ltr'><strong>rimum</strong></span> <span class='ocrx_word' id='word_1_305' title='bbox 744 2497 1020 2570; x_wconf 83' lang='lat' dir='ltr'><strong>Cyrillum,</strong></span> <span class='ocrx_word' id='word_1_306' title='bbox 1051 2499 1100 2550; x_wconf 94' lang='lat' dir='ltr'><strong>in</strong></span> <span class='ocrx_word' id='word_1_307' title='bbox 1136 2499 1519 2567; x_wconf 73' lang='lat' dir='ltr'><strong>posterioribus</strong></span> <span class='ocrx_word' id='word_1_308' title='bbox 1563 2509 1707 2551; x_wconf 87' lang='lat' dir='ltr'><strong>recte</strong></span> <span class='ocrx_word' id='word_1_309' title='bbox 1728 2497 2003 2551; x_wconf 74' lang='lat' dir='ltr'><strong>confessus</strong></span> <span class='ocrx_word' id='word_1_310' title='bbox 2035 2513 2121 2551; x_wconf 88' lang='lat' dir='ltr'><strong>re-</strong></span> 
     </span>
    </p>
   </div>
   <div class='ocr_carea' id='block_1_41' title="bbox 533 2589 2122 2662">
    <p class='ocr_par' dir='ltr' id='par_1_41' title="bbox 533 2589 2122 2662">
     <span class='ocr_line' id='line_1_41' title="bbox 533 2589 2122 2662; baseline -0.001 -17"><span class='ocrx_word' id='word_1_311' title='bbox 533 2592 671 2661; x_wconf 74' lang='lat' dir='ltr'><strong>spuit</strong></span> <span class='ocrx_word' id='word_1_312' title='bbox 695 2589 780 2645; x_wconf 89' lang='lat' dir='ltr'><strong>illa</strong></span> <span class='ocrx_word' id='word_1_313' title='bbox 806 2594 997 2662; x_wconf 88' lang='lat' dir='ltr'><strong>quibus</strong></span> <span class='ocrx_word' id='word_1_314' title='bbox 1020 2591 1358 2657; x_wconf 59' lang='lat' dir='ltr'><strong>coll-averat;</strong></span> <span class='ocrx_word' id='word_1_315' title='bbox 1387 2591 1619 2658; x_wconf 83' lang='lat' dir='ltr'><strong>nunquid</strong></span> <span class='ocrx_word' id='word_1_316' title='bbox 1643 2599 1855 2643; x_wconf 74' lang='lat' dir='ltr'><strong>econtra</strong></span> <span class='ocrx_word' id='word_1_317' title='bbox 1889 2589 2122 2644; x_wconf 77' lang='lat' dir='ltr'><strong>mntire?</strong></span> 
     </span>
    </p>
   </div>
   <div class='ocr_carea' id='block_1_42' title="bbox 535 2679 2120 2752">
    <p class='ocr_par' dir='ltr' id='par_1_42' title="bbox 535 2679 2120 2752">
     <span class='ocr_line' id='line_1_42' title="bbox 535 2679 2120 2752; baseline -0.001 -16"><span class='ocrx_word' id='word_1_318' title='bbox 535 2681 788 2752; x_wconf 87' lang='lat' dir='ltr'><strong>nmnquid</strong></span> <span class='ocrx_word' id='word_1_319' title='bbox 844 2686 1109 2750; x_wconf 87' lang='lat' dir='ltr'><strong>respirare</strong></span> <span class='ocrx_word' id='word_1_320' title='bbox 1138 2681 1468 2735; x_wconf 83' lang='lat' dir='ltr'><strong>valebimus?</strong></span> <span class='ocrx_word' id='word_1_321' title='bbox 1517 2679 1650 2747; x_wconf 88' lang='lat' dir='ltr'><strong>Quid</strong></span> <span class='ocrx_word' id='word_1_322' title='bbox 1682 2681 1822 2734; x_wconf 89' lang='lat' dir='ltr'><strong>enim</strong></span> <span class='ocrx_word' id='word_1_323' title='bbox 1854 2681 1971 2735; x_wconf 88' lang='lat' dir='ltr'><strong>lbas</strong></span> <span class='ocrx_word' id='word_1_324' title='bbox 2002 2681 2120 2750; x_wconf 81' lang='lat' dir='ltr'><strong>epi-</strong></span> 
     </span>
    </p>
   </div>
   <div class='ocr_carea' id='block_1_43' title="bbox 539 2770 2124 2843">
    <p class='ocr_par' dir='ltr' id='par_1_43' title="bbox 539 2770 2124 2843">
     <span class='ocr_line' id='line_1_43' title="bbox 539 2770 2124 2843; baseline 0 -17"><span class='ocrx_word' id='word_1_325' title='bbox 539 2787 739 2843; x_wconf 86' lang='lat' dir='ltr'><strong>scopus</strong></span> <span class='ocrx_word' id='word_1_326' title='bbox 768 2773 820 2826; x_wconf 93' lang='lat' dir='ltr'><strong>in</strong></span> <span class='ocrx_word' id='word_1_327' title='bbox 867 2772 950 2826; x_wconf 91' lang='lat' dir='ltr'><strong>illa</strong></span> <span class='ocrx_word' id='word_1_328' title='bbox 986 2772 1336 2841; x_wconf 73' lang='lat' dir='ltr'><strong>postulatione</strong></span> <span class='ocrx_word' id='word_1_329' title='bbox 1365 2779 1420 2824; x_wconf 85' lang='lat' dir='ltr'><strong>et</strong></span> <span class='ocrx_word' id='word_1_330' title='bbox 1446 2770 1817 2840; x_wconf 90' lang='lat' dir='ltr'><strong>deprecatione</strong></span> <span class='ocrx_word' id='word_1_331' title='bbox 1839 2786 1997 2841; x_wconf 87' lang='lat' dir='ltr'><strong>quam</strong></span> <span class='ocrx_word' id='word_1_332' title='bbox 2031 2787 2124 2840; x_wconf 85' lang='lat' dir='ltr'><strong>pro</strong></span> 
     </span>
    </p>
   </div>
   <div class='ocr_carea' id='block_1_44' title="bbox 537 2863 2124 2931">
    <p class='ocr_par' dir='ltr' id='par_1_44' title="bbox 537 2863 2124 2931">
     <span class='ocr_line' id='line_1_44' title="bbox 537 2863 2124 2931; baseline -0.001 -12"><span class='ocrx_word' id='word_1_333' title='bbox 537 2865 632 2919; x_wconf 91' lang='lat' dir='ltr'><strong>illo</strong></span> <span class='ocrx_word' id='word_1_334' title='bbox 662 2867 836 2919; x_wconf 81' lang='lat' dir='ltr'><strong>clerus</strong></span> <span class='ocrx_word' id='word_1_335' title='bbox 878 2865 1052 2918; x_wconf 81' lang='lat' dir='ltr'><strong>Omnis</strong></span> <span class='ocrx_word' id='word_1_336' title='bbox 1081 2863 1368 2918; x_wconf 70' lang='lat' dir='ltr'><strong>Edessena:</strong></span> <span class='ocrx_word' id='word_1_337' title='bbox 1390 2863 1619 2916; x_wconf 86' lang='lat' dir='ltr'><strong>civitatis</strong></span> <span class='ocrx_word' id='word_1_338' title='bbox 1644 2863 1884 2931; x_wconf 80' lang='lat' dir='ltr'><strong>miserat,</strong></span> <span class='ocrx_word' id='word_1_339' title='bbox 1919 2864 2124 2918; x_wconf 90' lang='lat' dir='ltr'><strong>locutus</strong></span> 
     </span>
    </p>
   </div>
   <div class='ocr_carea' id='block_1_45' title="bbox 536 2954 2125 3026">
    <p class='ocr_par' dir='ltr' id='par_1_45' title="bbox 536 2954 2125 3026">
     <span class='ocr_line' id='line_1_45' title="bbox 536 2954 2125 3026; baseline -0.001 -17"><span class='ocrx_word' id='word_1_340' title='bbox 536 2957 706 3012; x_wconf 79' lang='lat' dir='ltr'><strong>fuerat</strong></span> <span class='ocrx_word' id='word_1_341' title='bbox 732 2958 797 3012; x_wconf 88' lang='lat' dir='ltr'><strong>de</strong></span> <span class='ocrx_word' id='word_1_342' title='bbox 819 2957 973 3011; x_wconf 82' lang='lat' dir='ltr'><strong>beato</strong></span> <span class='ocrx_word' id='word_1_343' title='bbox 999 2956 1219 3026; x_wconf 89' lang='lat' dir='ltr'><strong>Cyrillo,</strong></span> <span class='ocrx_word' id='word_1_344' title='bbox 1253 2955 1393 3026; x_wconf 91' lang='lat' dir='ltr'><strong>quod</strong></span> <span class='ocrx_word' id='word_1_345' title='bbox 1425 2954 1696 3012; x_wconf 88' lang='lat' dir='ltr'><strong>diceretur</strong></span> <span class='ocrx_word' id='word_1_346' title='bbox 1727 2956 1778 3008; x_wconf 92' lang='lat' dir='ltr'><strong>in</strong></span> <span class='ocrx_word' id='word_1_347' title='bbox 1822 2957 2125 3023; x_wconf 77' lang='lat' dir='ltr'><strong>posteriori-</strong></span> 
     </span>
    </p>
   </div>
   <div class='ocr_carea' id='block_1_46' title="bbox 536 3045 2118 3119">
    <p class='ocr_par' dir='ltr' id='par_1_46' title="bbox 536 3045 2118 3119">
     <span class='ocr_line' id='line_1_46' title="bbox 536 3045 2118 3119; baseline -0.001 -17"><span class='ocrx_word' id='word_1_348' title='bbox 536 3050 634 3103; x_wconf 89' lang='lat' dir='ltr'><strong>bus</strong></span> <span class='ocrx_word' id='word_1_349' title='bbox 660 3051 964 3116; x_wconf 61' lang='lat' dir='ltr'><strong>resipuisse?</strong></span> <span class='ocrx_word' id='word_1_350' title='bbox 993 3049 1048 3104; x_wconf 89' lang='lat' dir='ltr'><strong>Si</strong></span> <span class='ocrx_word' id='word_1_351' title='bbox 1080 3051 1199 3119; x_wconf 74' lang='lat' dir='ltr'><strong>quis</strong></span> <span class='ocrx_word' id='word_1_352' title='bbox 1222 3062 1400 3102; x_wconf 86' lang='lat' dir='ltr'><strong>autem</strong></span> <span class='ocrx_word' id='word_1_353' title='bbox 1430 3050 1567 3118; x_wconf 82' lang='lat' dir='ltr'><strong>legat</strong></span> <span class='ocrx_word' id='word_1_354' title='bbox 1597 3045 1712 3118; x_wconf 79' lang='lat' dir='ltr'><strong>ejus</strong></span> <span class='ocrx_word' id='word_1_355' title='bbox 1742 3047 2022 3117; x_wconf 88' lang='lat' dir='ltr'><strong>epistolam</strong></span> <span class='ocrx_word' id='word_1_356' title='bbox 2052 3048 2118 3100; x_wconf 86' lang='lat' dir='ltr'><strong>ad</strong></span> 
     </span>
    </p>
   </div>
   <div class='ocr_carea' id='block_1_47' title="bbox 2217 1847 3820 1919">
    <p class='ocr_par' dir='ltr' id='par_1_47' title="bbox 2217 1847 3820 1919">
     <span class='ocr_line' id='line_1_47' title="bbox 2217 1847 3820 1919; baseline 0.006 -18"><span class='ocrx_word' id='word_1_357' title='bbox 2217 1847 2434 1901; x_wconf 90' lang='lat' dir='ltr'><strong>forsitan</strong></span> <span class='ocrx_word' id='word_1_358' title='bbox 2464 1850 2600 1903; x_wconf 87' lang='lat' dir='ltr'><strong>dicta</strong></span> <span class='ocrx_word' id='word_1_359' title='bbox 2629 1859 2773 1914; x_wconf 90' lang='lat' dir='ltr'><strong>sunt,</strong></span> <span class='ocrx_word' id='word_1_360' title='bbox 2802 1849 2880 1902; x_wconf 90' lang='lat' dir='ltr'><strong>eis</strong></span> <span class='ocrx_word' id='word_1_361' title='bbox 2919 1866 3038 1919; x_wconf 76' lang='lat' dir='ltr'><strong>qua:</strong></span> <span class='ocrx_word' id='word_1_362' title='bbox 3059 1851 3125 1905; x_wconf 85' lang='lat' dir='ltr'><strong>ab</strong></span> <span class='ocrx_word' id='word_1_363' title='bbox 3145 1852 3421 1906; x_wconf 87' lang='lat' dir='ltr'><strong>omnibus</strong></span> <span class='ocrx_word' id='word_1_364' title='bbox 3454 1853 3622 1906; x_wconf 87' lang='lat' dir='ltr'><strong>simul</strong></span> <span class='ocrx_word' id='word_1_365' title='bbox 3648 1856 3696 1906; x_wconf 90' lang='lat' dir='ltr'><strong>in</strong></span> <span class='ocrx_word' id='word_1_366' title='bbox 3723 1857 3820 1912; x_wconf 82' lang='lat' dir='ltr'><strong>ulti-</strong></span> 
     </span>
    </p>
   </div>
   <div class='ocr_carea' id='block_1_48' title="bbox 2220 1941 3818 2017">
    <p class='ocr_par' dir='ltr' id='par_1_48' title="bbox 2220 1941 3818 2017">
     <span class='ocr_line' id='line_1_48' title="bbox 2220 1941 3818 2017; baseline 0.007 -23"><span class='ocrx_word' id='word_1_367' title='bbox 2220 1957 2306 1994; x_wconf 88' lang='lat' dir='ltr'><strong>Ino</strong></span> <span class='ocrx_word' id='word_1_368' title='bbox 2345 1941 2674 1996; x_wconf 87' lang='lat' dir='ltr'><strong>definiuntur</strong></span> <span class='ocrx_word' id='word_1_369' title='bbox 2718 1943 2926 2008; x_wconf 88' lang='lat' dir='ltr'><strong>ordine,</strong></span> <span class='ocrx_word' id='word_1_370' title='bbox 2969 1945 3095 1999; x_wconf 89' lang='lat' dir='ltr'><strong>licet</strong></span> <span class='ocrx_word' id='word_1_371' title='bbox 3115 1947 3346 2002; x_wconf 86' lang='lat' dir='ltr'><strong>dissona</strong></span> <span class='ocrx_word' id='word_1_372' title='bbox 3375 1951 3659 2002; x_wconf 84' lang='lat' dir='ltr'><strong>corrttnuni</strong></span> <span class='ocrx_word' id='word_1_373' title='bbox 3684 1965 3818 2017; x_wconf 71' lang='lat' dir='ltr'><strong>app:-</strong></span> 
     </span>
    </p>
   </div>
   <div class='ocr_carea' id='block_1_49' title="bbox 2221 2031 3819 2111">
    <p class='ocr_par' dir='ltr' id='par_1_49' title="bbox 2221 2031 3819 2111">
     <span class='ocr_line' id='line_1_49' title="bbox 2221 2031 3819 2111; baseline 0.006 -25"><span class='ocrx_word' id='word_1_374' title='bbox 2221 2043 2368 2087; x_wconf 67' lang='lat' dir='ltr'><strong>rezrnt</strong></span> <span class='ocrx_word' id='word_1_375' title='bbox 2411 2034 2635 2087; x_wconf 82' lang='lat' dir='ltr'><strong>calculo.</strong></span> <span class='ocrx_word' id='word_1_376' title='bbox 2687 2031 2926 2104; x_wconf 81' lang='lat' dir='ltr'><strong>Denique</strong></span> <span class='ocrx_word' id='word_1_377' title='bbox 2959 2047 3174 2090; x_wconf 87' lang='lat' dir='ltr'><strong>sanctus</strong></span> <span class='ocrx_word' id='word_1_378' title='bbox 3204 2039 3516 2094; x_wconf 85' lang='lat' dir='ltr'><strong>Anatolius</strong></span> <span class='ocrx_word' id='word_1_379' title='bbox 3553 2040 3686 2094; x_wconf 69' lang='lat' dir='ltr'><strong>divit</strong></span> <span class='ocrx_word' id='word_1_380' title='bbox 3717 2044 3819 2111; x_wconf 80' lang='lat' dir='ltr'><strong>quia</strong></span> 
     </span>
    </p>
   </div>
   <div class='ocr_carea' id='block_1_50' title="bbox 2225 2124 3815 2203">
    <p class='ocr_par' dir='ltr' id='par_1_50' title="bbox 2225 2124 3815 2203">
     <span class='ocr_line' id='line_1_50' title="bbox 2225 2124 3815 2203; baseline 0.003 -25"><span class='ocrx_word' id='word_1_381' title='bbox 2225 2124 2508 2191; x_wconf 65' lang='lat' dir='ltr'><strong>Dioscorus</strong></span> <span class='ocrx_word' id='word_1_382' title='bbox 2533 2142 2634 2178; x_wconf 92' lang='lat' dir='ltr'><strong>non</strong></span> <span class='ocrx_word' id='word_1_383' title='bbox 2661 2138 2878 2195; x_wconf 84' lang='lat' dir='ltr'><strong>propter</strong></span> <span class='ocrx_word' id='word_1_384' title='bbox 2905 2126 3059 2180; x_wconf 87' lang='lat' dir='ltr'><strong>fidem</strong></span> <span class='ocrx_word' id='word_1_385' title='bbox 3085 2129 3390 2203; x_wconf 84' lang='lat' dir='ltr'><strong>damnatus</strong></span> <span class='ocrx_word' id='word_1_386' title='bbox 3422 2140 3532 2195; x_wconf 89' lang='lat' dir='ltr'><strong>est,</strong></span> <span class='ocrx_word' id='word_1_387' title='bbox 3554 2140 3610 2184; x_wconf 86' lang='lat' dir='ltr'><strong>et</strong></span> <span class='ocrx_word' id='word_1_388' title='bbox 3631 2133 3725 2186; x_wconf 90' lang='lat' dir='ltr'><strong>hoc</strong></span> <span class='ocrx_word' id='word_1_389' title='bbox 3743 2149 3815 2185; x_wconf 82' lang='lat' dir='ltr'><strong>ne-</strong></span> 
     </span>
    </p>
   </div>
   <div class='ocr_carea' id='block_1_51' title="bbox 2221 2215 3817 2292">
    <p class='ocr_par' dir='ltr' id='par_1_51' title="bbox 2221 2215 3817 2292">
     <span class='ocr_line' id='line_1_51' title="bbox 2221 2215 3817 2292; baseline 0.006 -23"><span class='ocrx_word' id='word_1_390' title='bbox 2221 2232 2322 2285; x_wconf 88' lang='lat' dir='ltr'><strong>que</strong></span> <span class='ocrx_word' id='word_1_391' title='bbox 2341 2215 2704 2285; x_wconf 66' lang='lat' dir='ltr'><strong>prarjudicium</strong></span> <span class='ocrx_word' id='word_1_392' title='bbox 2739 2219 3460 2291; x_wconf 84' lang='lat' dir='ltr'><strong>communiealculosynodi</strong></span> <span class='ocrx_word' id='word_1_393' title='bbox 3491 2221 3640 2287; x_wconf 86' lang='lat' dir='ltr'><strong>fecit,</strong></span> <span class='ocrx_word' id='word_1_394' title='bbox 3670 2239 3817 2292; x_wconf 73' lang='lat' dir='ltr'><strong>neque</strong></span> 
     </span>
    </p>
   </div>
   <div class='ocr_carea' id='block_1_52' title="bbox 2225 2307 3813 2384">
    <p class='ocr_par' dir='ltr' id='par_1_52' title="bbox 2225 2307 3813 2384">
     <span class='ocr_line' id='line_1_52' title="bbox 2225 2307 3813 2384; baseline 0.006 -25"><span class='ocrx_word' id='word_1_395' title='bbox 2225 2307 2532 2360; x_wconf 76' lang='lat' dir='ltr'><strong>liioscomm</strong></span> <span class='ocrx_word' id='word_1_396' title='bbox 2557 2311 2623 2363; x_wconf 86' lang='lat' dir='ltr'><strong>ab</strong></span> <span class='ocrx_word' id='word_1_397' title='bbox 2639 2309 3031 2378; x_wconf 88' lang='lat' dir='ltr'><strong>adjudicatione</strong></span> <span class='ocrx_word' id='word_1_398' title='bbox 3068 2312 3322 2365; x_wconf 75' lang='lat' dir='ltr'><strong>liberavit</strong></span> <span class='ocrx_word' id='word_1_399' title='bbox 3350 2313 3408 2366; x_wconf 87' lang='lat' dir='ltr'><strong>in</strong></span> <span class='ocrx_word' id='word_1_400' title='bbox 3441 2313 3700 2384; x_wconf 81' lang='lat' dir='ltr'><strong>Eutychis</strong></span> <span class='ocrx_word' id='word_1_401' title='bbox 3717 2331 3813 2384; x_wconf 86' lang='lat' dir='ltr'><strong>per-</strong></span> 
     </span>
    </p>
   </div>
   <div class='ocr_carea' id='block_1_53' title="bbox 2224 2393 3814 2472">
    <p class='ocr_par' dir='ltr' id='par_1_53' title="bbox 2224 2393 3814 2472">
     <span class='ocr_line' id='line_1_53' title="bbox 2224 2393 3814 2472; baseline 0.003 -18"><span class='ocrx_word' id='word_1_402' title='bbox 2224 2393 2527 2455; x_wconf 70' lang='lat' dir='ltr'><strong>manentem</strong></span> <span class='ocrx_word' id='word_1_403' title='bbox 2559 2403 2956 2466; x_wconf 65' lang='lat' dir='ltr'><strong>perversitate.»</strong></span> <span class='ocrx_word' id='word_1_404' title='bbox 2979 2402 3030 2456; x_wconf 92' lang='lat' dir='ltr'><strong>In</strong></span> <span class='ocrx_word' id='word_1_405' title='bbox 3054 2403 3136 2458; x_wconf 76' lang='lat' dir='ltr'><strong>his</strong></span> <span class='ocrx_word' id='word_1_406' title='bbox 3159 2403 3325 2472; x_wconf 78' lang='lat' dir='ltr'><strong>igitur</strong></span> <span class='ocrx_word' id='word_1_407' title='bbox 3350 2404 3814 2472; x_wconf 80' lang='lat' dir='ltr'><strong>omnibus,oniitto</strong></span> 
     </span>
    </p>
   </div>
   <div class='ocr_carea' id='block_1_54' title="bbox 2225 2495 3812 2567">
    <p class='ocr_par' dir='ltr' id='par_1_54' title="bbox 2225 2495 3812 2567">
     <span class='ocr_line' id='line_1_54' title="bbox 2225 2495 3812 2567; baseline 0.004 -21"><span class='ocrx_word' id='word_1_408' title='bbox 2225 2509 2367 2546; x_wconf 89' lang='lat' dir='ltr'><strong>nunc</strong></span> <span class='ocrx_word' id='word_1_409' title='bbox 2407 2509 2650 2563; x_wconf 75' lang='lat' dir='ltr'><strong>arguere,</strong></span> <span class='ocrx_word' id='word_1_410' title='bbox 2671 2495 2807 2563; x_wconf 90' lang='lat' dir='ltr'><strong>quod</strong></span> <span class='ocrx_word' id='word_1_411' title='bbox 2840 2496 2890 2548; x_wconf 90' lang='lat' dir='ltr'><strong>in</strong></span> <span class='ocrx_word' id='word_1_412' title='bbox 2916 2495 3016 2550; x_wconf 92' lang='lat' dir='ltr'><strong>hoc</strong></span> <span class='ocrx_word' id='word_1_413' title='bbox 3048 2497 3186 2550; x_wconf 90' lang='lat' dir='ltr'><strong>libro</strong></span> <span class='ocrx_word' id='word_1_414' title='bbox 3231 2501 3434 2551; x_wconf 87' lang='lat' dir='ltr'><strong>nescio</strong></span> <span class='ocrx_word' id='word_1_415' title='bbox 3458 2500 3582 2567; x_wconf 88' lang='lat' dir='ltr'><strong>quis</strong></span> <span class='ocrx_word' id='word_1_416' title='bbox 3606 2497 3812 2564; x_wconf 76' lang='lat' dir='ltr'><strong>Joannes;</strong></span> 
     </span>
    </p>
   </div>
   <div class='ocr_carea' id='block_1_55' title="bbox 2228 2586 3812 2658">
    <p class='ocr_par' dir='ltr' id='par_1_55' title="bbox 2228 2586 3812 2658">
     <span class='ocr_line' id='line_1_55' title="bbox 2228 2586 3812 2658; baseline 0.002 -18"><span class='ocrx_word' id='word_1_417' title='bbox 2228 2586 2512 2640; x_wconf 74' lang='lat' dir='ltr'><strong>luereticus</strong></span> <span class='ocrx_word' id='word_1_418' title='bbox 2545 2602 2647 2640; x_wconf 92' lang='lat' dir='ltr'><strong>non</strong></span> <span class='ocrx_word' id='word_1_419' title='bbox 2678 2598 2757 2641; x_wconf 66' lang='lat' dir='ltr'><strong>est</strong></span> <span class='ocrx_word' id='word_1_420' title='bbox 2785 2591 3042 2655; x_wconf 82' lang='lat' dir='ltr'><strong>probatus</strong></span> <span class='ocrx_word' id='word_1_421' title='bbox 3067 2590 3254 2643; x_wconf 81' lang='lat' dir='ltr'><strong>eadem</strong></span> <span class='ocrx_word' id='word_1_422' title='bbox 3289 2593 3580 2658; x_wconf 82' lang='lat' dir='ltr'><strong>sapuisse,</strong></span> <span class='ocrx_word' id='word_1_423' title='bbox 3612 2593 3741 2643; x_wconf 90' lang='lat' dir='ltr'><strong>sicut</strong></span> <span class='ocrx_word' id='word_1_424' title='bbox 3757 2591 3812 2644; x_wconf 81' lang='lat' dir='ltr'><strong>ad</strong></span> 
     </span>
    </p>
   </div>
   <div class='ocr_carea' id='block_1_56' title="bbox 2227 2678 3807 2748">
    <p class='ocr_par' dir='ltr' id='par_1_56' title="bbox 2227 2678 3807 2748">
     <span class='ocr_line' id='line_1_56' title="bbox 2227 2678 3807 2748; baseline 0.002 -17"><span class='ocrx_word' id='word_1_425' title='bbox 2227 2678 2411 2732; x_wconf 78' lang='lat' dir='ltr'><strong>Marini</strong></span> <span class='ocrx_word' id='word_1_426' title='bbox 2431 2679 2670 2746; x_wconf 77' lang='lat' dir='ltr'><strong>epistola,</strong></span> <span class='ocrx_word' id='word_1_427' title='bbox 2701 2678 2782 2731; x_wconf 87' lang='lat' dir='ltr'><strong>vel</strong></span> <span class='ocrx_word' id='word_1_428' title='bbox 2805 2679 2926 2746; x_wconf 84' lang='lat' dir='ltr'><strong>quia</strong></span> <span class='ocrx_word' id='word_1_429' title='bbox 2953 2680 3021 2732; x_wconf 90' lang='lat' dir='ltr'><strong>ita</strong></span> <span class='ocrx_word' id='word_1_430' title='bbox 3043 2683 3288 2748; x_wconf 89' lang='lat' dir='ltr'><strong>sapuerit</strong></span> <span class='ocrx_word' id='word_1_431' title='bbox 3313 2697 3446 2736; x_wconf 78' lang='lat' dir='ltr'><strong>esse</strong></span> <span class='ocrx_word' id='word_1_432' title='bbox 3463 2681 3807 2736; x_wconf 81' lang='lat' dir='ltr'><strong>detestandus.</strong></span> 
     </span>
    </p>
   </div>
   <div class='ocr_carea' id='block_1_57' title="bbox 2226 2772 3810 2844">
    <p class='ocr_par' dir='ltr' id='par_1_57' title="bbox 2226 2772 3810 2844">
     <span class='ocr_line' id='line_1_57' title="bbox 2226 2772 3810 2844; baseline 0.003 -20"><span class='ocrx_word' id='word_1_433' title='bbox 2226 2772 2426 2824; x_wconf 83' lang='lat' dir='ltr'><strong>Omitto</strong></span> <span class='ocrx_word' id='word_1_434' title='bbox 2448 2772 2570 2840; x_wconf 90' lang='lat' dir='ltr'><strong>quia</strong></span> <span class='ocrx_word' id='word_1_435' title='bbox 2604 2787 2700 2826; x_wconf 87' lang='lat' dir='ltr'><strong>nec</strong></span> <span class='ocrx_word' id='word_1_436' title='bbox 2746 2773 2877 2826; x_wconf 89' lang='lat' dir='ltr'><strong>illud</strong></span> <span class='ocrx_word' id='word_1_437' title='bbox 2928 2773 3209 2840; x_wconf 88' lang='lat' dir='ltr'><strong>probatum</strong></span> <span class='ocrx_word' id='word_1_438' title='bbox 3254 2787 3368 2841; x_wconf 90' lang='lat' dir='ltr'><strong>est,</strong></span> <span class='ocrx_word' id='word_1_439' title='bbox 3409 2777 3558 2844; x_wconf 90' lang='lat' dir='ltr'><strong>quod</strong></span> <span class='ocrx_word' id='word_1_440' title='bbox 3605 2776 3810 2838; x_wconf 82' lang='lat' dir='ltr'><strong>jactatur</strong></span> 
     </span>
    </p>
   </div>
   <div class='ocr_carea' id='block_1_58' title="bbox 2230 2862 3807 2935">
    <p class='ocr_par' dir='ltr' id='par_1_58' title="bbox 2230 2862 3807 2935">
     <span class='ocr_line' id='line_1_58' title="bbox 2230 2862 3807 2935; baseline 0.004 -19"><span class='ocrx_word' id='word_1_441' title='bbox 2230 2862 2368 2916; x_wconf 87' lang='lat' dir='ltr'><strong>idem</strong></span> <span class='ocrx_word' id='word_1_442' title='bbox 2397 2863 2632 2918; x_wconf 82' lang='lat' dir='ltr'><strong>Joannes</strong></span> <span class='ocrx_word' id='word_1_443' title='bbox 2665 2863 2826 2918; x_wconf 85' lang='lat' dir='ltr'><strong>fuisse</strong></span> <span class='ocrx_word' id='word_1_444' title='bbox 2855 2865 3153 2932; x_wconf 77' lang='lat' dir='ltr'><strong>Confessus,</strong></span> <span class='ocrx_word' id='word_1_445' title='bbox 3187 2869 3522 2933; x_wconf 66' lang='lat' dir='ltr'><strong>prmdictam</strong></span> <span class='ocrx_word' id='word_1_446' title='bbox 3560 2867 3807 2935; x_wconf 68' lang='lat' dir='ltr'><strong>epistolam</strong></span> 
     </span>
    </p>
   </div>
   <div class='ocr_carea' id='block_1_59' title="bbox 2229 2957 3808 3029">
    <p class='ocr_par' dir='ltr' id='par_1_59' title="bbox 2229 2957 3808 3029">
     <span class='ocr_line' id='line_1_59' title="bbox 2229 2957 3808 3029; baseline -0.001 -19"><span class='ocrx_word' id='word_1_447' title='bbox 2229 2957 2554 3011; x_wconf 90' lang='lat' dir='ltr'><strong>destructam</strong></span> <span class='ocrx_word' id='word_1_448' title='bbox 2580 2969 2742 3025; x_wconf 84' lang='lat' dir='ltr'><strong>atque</strong></span> <span class='ocrx_word' id='word_1_449' title='bbox 2771 2959 3047 3025; x_wconf 86' lang='lat' dir='ltr'><strong>expulsam</strong></span> <span class='ocrx_word' id='word_1_450' title='bbox 3074 2975 3101 3010; x_wconf 89' lang='lat' dir='ltr'><strong>a</strong></span> <span class='ocrx_word' id='word_1_451' title='bbox 3132 2970 3326 3013; x_wconf 87' lang='lat' dir='ltr'><strong>sancta</strong></span> <span class='ocrx_word' id='word_1_452' title='bbox 3357 2961 3598 3029; x_wconf 83' lang='lat' dir='ltr'><strong>synodo.</strong></span> <span class='ocrx_word' id='word_1_453' title='bbox 3631 2959 3808 3011; x_wconf 79' lang='lat' dir='ltr'><strong>Omitto</strong></span> 
     </span>
    </p>
   </div>
   <div class='ocr_carea' id='block_1_60' title="bbox 2213 3041 3808 3121">
    <p class='ocr_par' dir='ltr' id='par_1_60' title="bbox 2213 3041 3808 3121">
     <span class='ocr_line' id='line_1_60' title="bbox 2213 3041 3808 3121; baseline 0 -17"><span class='ocrx_word' id='word_1_454' title='bbox 2213 3041 2349 3120; x_wconf 86' lang='lat' dir='ltr'><strong>quia</strong></span> <span class='ocrx_word' id='word_1_455' title='bbox 2381 3050 2514 3104; x_wconf 93' lang='lat' dir='ltr'><strong>nihil</strong></span> <span class='ocrx_word' id='word_1_456' title='bbox 2545 3048 2830 3104; x_wconf 86' lang='lat' dir='ltr'><strong>Theodoro</strong></span> <span class='ocrx_word' id='word_1_457' title='bbox 2863 3049 3177 3118; x_wconf 86' lang='lat' dir='ltr'><strong>pra:judicat</strong></span> <span class='ocrx_word' id='word_1_458' title='bbox 3225 3053 3379 3121; x_wconf 89' lang='lat' dir='ltr'><strong>quod</strong></span> <span class='ocrx_word' id='word_1_459' title='bbox 3413 3068 3542 3107; x_wconf 88' lang='lat' dir='ltr'><strong>eum</strong></span> <span class='ocrx_word' id='word_1_460' title='bbox 3585 3051 3808 3104; x_wconf 78' lang='lat' dir='ltr'><strong>similiter</strong></span> 
     </span>
    </p>
   </div>
   <div class='ocr_carea' id='block_1_61' title="bbox 534 3138 3807 3214">
    <p class='ocr_par' dir='ltr' id='par_1_61' title="bbox 534 3138 3807 3214">
     <span class='ocr_line' id='line_1_61' title="bbox 534 3138 3807 3214; baseline 0.001 -19"><span class='ocrx_word' id='word_1_461' title='bbox 534 3140 717 3195; x_wconf 83' lang='lat' dir='ltr'><strong>Marini</strong></span> <span class='ocrx_word' id='word_1_462' title='bbox 753 3143 966 3195; x_wconf 82' lang='lat' dir='ltr'><strong>Persam</strong></span> <span class='ocrx_word' id='word_1_463' title='bbox 995 3140 1191 3203; x_wconf 86' lang='lat' dir='ltr'><strong>datam,</strong></span> <span class='ocrx_word' id='word_1_464' title='bbox 1230 3157 1388 3210; x_wconf 91' lang='lat' dir='ltr'><strong>quam</strong></span> <span class='ocrx_word' id='word_1_465' title='bbox 1419 3141 1470 3193; x_wconf 94' lang='lat' dir='ltr'><strong>in</strong></span> <span class='ocrx_word' id='word_1_466' title='bbox 1502 3141 1749 3205; x_wconf 85' lang='lat' dir='ltr'><strong>sequenti</strong></span> <span class='ocrx_word' id='word_1_467' title='bbox 1795 3138 1929 3191; x_wconf 91' lang='lat' dir='ltr'><strong>libro</strong></span> <span class='ocrx_word' id='word_1_468' title='bbox 1956 3154 2122 3204; x_wconf 79' lang='lat' dir='ltr'><strong>ponc-</strong></span> <span class='ocrx_word' id='word_1_469' title='bbox 2155 3148 2199 3208; x_wconf 64' lang='grc' dir='ltr'><strong>(ζ</strong></span> <span class='ocrx_word' id='word_1_470' title='bbox 2231 3156 2260 3193; x_wconf 88' lang='lat' dir='ltr'><strong>a</strong></span> <span class='ocrx_word' id='word_1_471' title='bbox 2292 3141 2502 3212; x_wconf 84' lang='lat' dir='ltr'><strong>synodo</strong></span> <span class='ocrx_word' id='word_1_472' title='bbox 2529 3143 2807 3210; x_wconf 79' lang='lat' dir='ltr'><strong>expulsum</strong></span> <span class='ocrx_word' id='word_1_473' title='bbox 2834 3144 3036 3198; x_wconf 84' lang='lat' dir='ltr'><strong>dixisse</strong></span> <span class='ocrx_word' id='word_1_474' title='bbox 3060 3143 3250 3209; x_wconf 79' lang='lat' dir='ltr'><strong>fertur,</strong></span> <span class='ocrx_word' id='word_1_475' title='bbox 3285 3147 3556 3214; x_wconf 85' lang='lat' dir='ltr'><strong>quoniam</strong></span> <span class='ocrx_word' id='word_1_476' title='bbox 3577 3145 3620 3197; x_wconf 94' lang='lat' dir='ltr'><strong>si</strong></span> <span class='ocrx_word' id='word_1_477' title='bbox 3650 3143 3807 3195; x_wconf 85' lang='lat' dir='ltr'><strong>abillo</strong></span> 
     </span>
    </p>
   </div>
   <div class='ocr_carea' id='block_1_62' title="bbox 538 3226 2114 3300">
    <p class='ocr_par' dir='ltr' id='par_1_62' title="bbox 538 3226 2114 3300">
     <span class='ocr_line' id='line_1_62' title="bbox 538 3226 2114 3300; baseline -0.003 -17"><span class='ocrx_word' id='word_1_478' title='bbox 538 3246 675 3294; x_wconf 85' lang='lat' dir='ltr'><strong>lltllS,</strong></span> <span class='ocrx_word' id='word_1_479' title='bbox 709 3232 776 3285; x_wconf 90' lang='lat' dir='ltr'><strong>ibi</strong></span> <span class='ocrx_word' id='word_1_480' title='bbox 806 3234 918 3287; x_wconf 69' lang='lat' dir='ltr'><strong>hare</strong></span> <span class='ocrx_word' id='word_1_481' title='bbox 944 3233 1120 3283; x_wconf 87' lang='lat' dir='ltr'><strong>omnia</strong></span> <span class='ocrx_word' id='word_1_482' title='bbox 1164 3230 1518 3300; x_wconf 76' lang='lat' dir='ltr'><strong>recognoscit.</strong></span> <span class='ocrx_word' id='word_1_483' title='bbox 1566 3228 1761 3282; x_wconf 79' lang='lat' dir='ltr'><strong>Verum</strong></span> <span class='ocrx_word' id='word_1_484' title='bbox 1804 3243 1958 3291; x_wconf 87' lang='lat' dir='ltr'><strong>ecce,</strong></span> <span class='ocrx_word' id='word_1_485' title='bbox 2005 3229 2046 3280; x_wconf 84' lang='lat' dir='ltr'><strong>si</strong></span> <span class='ocrx_word' id='word_1_486' title='bbox 2097 3226 2114 3260; x_wconf 70' lang='grc'>⁸</span> 
     </span>
    </p>
   </div>
   <div class='ocr_carea' id='block_1_63' title="bbox 543 3318 2117 3392">
    <p class='ocr_par' dir='ltr' id='par_1_63' title="bbox 543 3318 2117 3392">
     <span class='ocr_line' id='line_1_63' title="bbox 543 3318 2117 3392; baseline 0.001 -18"><span class='ocrx_word' id='word_1_487' title='bbox 543 3321 926 3388; x_wconf 86' lang='lat' dir='ltr'><strong>multiplicibus</strong></span> <span class='ocrx_word' id='word_1_488' title='bbox 973 3321 1308 3374; x_wconf 87' lang='lat' dir='ltr'><strong>documentis</strong></span> <span class='ocrx_word' id='word_1_489' title='bbox 1339 3323 1624 3376; x_wconf 85' lang='lat' dir='ltr'><strong>ostendent</strong></span> <span class='ocrx_word' id='word_1_490' title='bbox 1665 3321 1805 3389; x_wconf 89' lang='lat' dir='ltr'><strong>quod</strong></span> <span class='ocrx_word' id='word_1_491' title='bbox 1838 3318 2117 3392; x_wconf 88' lang='lat' dir='ltr'><strong>epistolam</strong></span> 
     </span>
    </p>
   </div>
   <div class='ocr_carea' id='block_1_64' title="bbox 541 3411 2121 3482">
    <p class='ocr_par' dir='ltr' id='par_1_64' title="bbox 541 3411 2121 3482">
     <span class='ocr_line' id='line_1_64' title="bbox 541 3411 2121 3482; baseline 0.001 -17"><span class='ocrx_word' id='word_1_492' title='bbox 541 3414 646 3465; x_wconf 67' lang='lat' dir='ltr'><strong>Iba:</strong></span> <span class='ocrx_word' id='word_1_493' title='bbox 674 3414 908 3482; x_wconf 76' lang='lat' dir='ltr'><strong>synodus</strong></span> <span class='ocrx_word' id='word_1_494' title='bbox 951 3412 1304 3465; x_wconf 79' lang='lat' dir='ltr'><strong>orthodoxam</strong></span> <span class='ocrx_word' id='word_1_495' title='bbox 1332 3411 1609 3480; x_wconf 87' lang='lat' dir='ltr'><strong>judicavit,</strong></span> <span class='ocrx_word' id='word_1_496' title='bbox 1639 3412 1706 3466; x_wconf 89' lang='lat' dir='ltr'><strong>de</strong></span> <span class='ocrx_word' id='word_1_497' title='bbox 1728 3428 1829 3480; x_wconf 89' lang='lat' dir='ltr'><strong>qua</strong></span> <span class='ocrx_word' id='word_1_498' title='bbox 1863 3414 1976 3481; x_wconf 88' lang='lat' dir='ltr'><strong>ipse</strong></span> <span class='ocrx_word' id='word_1_499' title='bbox 2007 3413 2121 3466; x_wconf 87' lang='lat' dir='ltr'><strong>lbas</strong></span> 
     </span>
    </p>
   </div>
   <div class='ocr_carea' id='block_1_65' title="bbox 541 3503 2120 3574">
    <p class='ocr_par' dir='ltr' id='par_1_65' title="bbox 541 3503 2120 3574">
     <span class='ocr_line' id='line_1_65' title="bbox 541 3503 2120 3574; baseline 0.003 -18"><span class='ocrx_word' id='word_1_500' title='bbox 541 3503 715 3559; x_wconf 85' lang='lat' dir='ltr'><strong>fuerat</strong></span> <span class='ocrx_word' id='word_1_501' title='bbox 763 3514 1080 3568; x_wconf 73' lang='lat' dir='ltr'><strong>arensatus;</strong></span> <span class='ocrx_word' id='word_1_502' title='bbox 1131 3507 1364 3574; x_wconf 87' lang='lat' dir='ltr'><strong>nunquid</strong></span> <span class='ocrx_word' id='word_1_503' title='bbox 1410 3507 1742 3561; x_wconf 69' lang='lat' dir='ltr'><strong>Ostendimus</strong></span> <span class='ocrx_word' id='word_1_504' title='bbox 1781 3517 1835 3561; x_wconf 85' lang='lat' dir='ltr'><strong>et</strong></span> <span class='ocrx_word' id='word_1_505' title='bbox 1882 3523 2001 3572; x_wconf 87' lang='lat' dir='ltr'><strong>nos,</strong></span> <span class='ocrx_word' id='word_1_506' title='bbox 2036 3508 2120 3562; x_wconf 92' lang='lat' dir='ltr'><strong>ubi</strong></span> 
     </span>
    </p>
   </div>
   <div class='ocr_carea' id='block_1_66' title="bbox 541 3598 2122 3668">
    <p class='ocr_par' dir='ltr' id='par_1_66' title="bbox 541 3598 2122 3668">
     <span class='ocr_line' id='line_1_66' title="bbox 541 3598 2122 3668; baseline 0.002 -16"><span class='ocrx_word' id='word_1_507' title='bbox 541 3601 720 3654; x_wconf 84' lang='lat' dir='ltr'><strong>oiuuis</strong></span> <span class='ocrx_word' id='word_1_508' title='bbox 746 3601 924 3653; x_wconf 85' lang='lat' dir='ltr'><strong>clerus</strong></span> <span class='ocrx_word' id='word_1_509' title='bbox 958 3598 1244 3651; x_wconf 78' lang='lat' dir='ltr'><strong>Edessena:</strong></span> <span class='ocrx_word' id='word_1_510' title='bbox 1266 3599 1496 3652; x_wconf 88' lang='lat' dir='ltr'><strong>civitatis</strong></span> <span class='ocrx_word' id='word_1_511' title='bbox 1526 3608 1804 3654; x_wconf 86' lang='lat' dir='ltr'><strong>accusatus</strong></span> <span class='ocrx_word' id='word_1_512' title='bbox 1847 3609 1951 3666; x_wconf 85' lang='lat' dir='ltr'><strong>cst,</strong></span> <span class='ocrx_word' id='word_1_513' title='bbox 1983 3601 2122 3668; x_wconf 91' lang='lat' dir='ltr'><strong>quod</strong></span> 
     </span>
    </p>
   </div>
   <div class='ocr_carea' id='block_1_67' title="bbox 543 3689 2122 3758">
    <p class='ocr_par' dir='ltr' id='par_1_67' title="bbox 543 3689 2122 3758">
     <span class='ocr_line' id='line_1_67' title="bbox 543 3689 2122 3758; baseline -0.002 -13"><span class='ocrx_word' id='word_1_514' title='bbox 543 3706 647 3745; x_wconf 90' lang='lat' dir='ltr'><strong>non</strong></span> <span class='ocrx_word' id='word_1_515' title='bbox 716 3690 1068 3744; x_wconf 84' lang='lat' dir='ltr'><strong>orthodoxam</strong></span> <span class='ocrx_word' id='word_1_516' title='bbox 1127 3689 1536 3758; x_wconf 79' lang='lat' dir='ltr'><strong>postulaticiiem</strong></span> <span class='ocrx_word' id='word_1_517' title='bbox 1595 3700 1649 3744; x_wconf 91' lang='lat' dir='ltr'><strong>et</strong></span> <span class='ocrx_word' id='word_1_518' title='bbox 1695 3690 2122 3758; x_wconf 87' lang='lat' dir='ltr'><strong>deprecationem</strong></span> 
     </span>
    </p>
   </div>
   <div class='ocr_carea' id='block_1_68' title="bbox 544 3778 2126 3852">
    <p class='ocr_par' dir='ltr' id='par_1_68' title="bbox 544 3778 2126 3852">
     <span class='ocr_line' id='line_1_68' title="bbox 544 3778 2126 3852; baseline 0 -17"><span class='ocrx_word' id='word_1_519' title='bbox 544 3795 643 3852; x_wconf 89' lang='lat' dir='ltr'><strong>pro</strong></span> <span class='ocrx_word' id='word_1_520' title='bbox 664 3782 777 3852; x_wconf 81' lang='lat' dir='ltr'><strong>ip-‘u</strong></span> <span class='ocrx_word' id='word_1_521' title='bbox 801 3782 887 3835; x_wconf 88' lang='lat' dir='ltr'><strong>lha</strong></span> <span class='ocrx_word' id='word_1_522' title='bbox 918 3783 1170 3848; x_wconf 85' lang='lat' dir='ltr'><strong>episeopo</strong></span> <span class='ocrx_word' id='word_1_523' title='bbox 1193 3778 1416 3842; x_wconf 67' lang='lat' dir='ltr'><strong>miserit,</strong></span> <span class='ocrx_word' id='word_1_524' title='bbox 1441 3789 1498 3833; x_wconf 92' lang='lat' dir='ltr'><strong>ut</strong></span> <span class='ocrx_word' id='word_1_525' title='bbox 1530 3783 1890 3834; x_wconf 85' lang='lat' dir='ltr'><strong>necessarium</strong></span> <span class='ocrx_word' id='word_1_526' title='bbox 1921 3782 2126 3851; x_wconf 88' lang='lat' dir='ltr'><strong>synodo</strong></span> 
     </span>
    </p>
   </div>
   <div class='ocr_carea' id='block_1_69' title="bbox 549 3871 2127 3940">
    <p class='ocr_par' dir='ltr' id='par_1_69' title="bbox 549 3871 2127 3940">
     <span class='ocr_line' id='line_1_69' title="bbox 549 3871 2127 3940; baseline 0.001 -16"><span class='ocrx_word' id='word_1_527' title='bbox 549 3874 824 3928; x_wconf 82' lang='lat' dir='ltr'><strong>videretur</strong></span> <span class='ocrx_word' id='word_1_528' title='bbox 869 3874 933 3925; x_wconf 83' lang='lat' dir='ltr'><strong>de</strong></span> <span class='ocrx_word' id='word_1_529' title='bbox 964 3871 1049 3926; x_wconf 88' lang='lat' dir='ltr'><strong>illa</strong></span> <span class='ocrx_word' id='word_1_530' title='bbox 1083 3871 1444 3939; x_wconf 82' lang='lat' dir='ltr'><strong>pronuntiare,</strong></span> <span class='ocrx_word' id='word_1_531' title='bbox 1476 3871 1615 3940; x_wconf 91' lang='lat' dir='ltr'><strong>quod</strong></span> <span class='ocrx_word' id='word_1_532' title='bbox 1649 3872 1946 3925; x_wconf 81' lang='lat' dir='ltr'><strong>orthodoxa</strong></span> <span class='ocrx_word' id='word_1_533' title='bbox 1972 3872 2127 3926; x_wconf 85' lang='lat' dir='ltr'><strong>fuerit</strong></span> 
     </span>
    </p>
   </div>
   <div class='ocr_carea' id='block_1_70' title="bbox 546 3965 2128 4033">
    <p class='ocr_par' dir='ltr' id='par_1_70' title="bbox 546 3965 2128 4033">
     <span class='ocr_line' id='line_1_70' title="bbox 546 3965 2128 4033; baseline 0.003 -17"><span class='ocrx_word' id='word_1_534' title='bbox 546 3968 660 4028; x_wconf 50' lang='lat' dir='ltr'><strong>inus</strong></span> <span class='ocrx_word' id='word_1_535' title='bbox 680 3965 1036 4018; x_wconf 83' lang='lat' dir='ltr'><strong>tlictatio?aut</strong></span> <span class='ocrx_word' id='word_1_536' title='bbox 1057 3965 1270 4018; x_wconf 85' lang='lat' dir='ltr'><strong>etiamsi</strong></span> <span class='ocrx_word' id='word_1_537' title='bbox 1292 3966 1390 4019; x_wconf 90' lang='lat' dir='ltr'><strong>hoc</strong></span> <span class='ocrx_word' id='word_1_538' title='bbox 1409 3975 1586 4033; x_wconf 86' lang='lat' dir='ltr'><strong>posset</strong></span> <span class='ocrx_word' id='word_1_539' title='bbox 1615 3966 1844 4031; x_wconf 77' lang='lat' dir='ltr'><strong>ostendi,</strong></span> <span class='ocrx_word' id='word_1_540' title='bbox 1865 3967 2128 4033; x_wconf 85' lang='lat' dir='ltr'><strong>approba-</strong></span> 
     </span>
    </p>
   </div>
   <div class='ocr_carea' id='block_1_71' title="bbox 546 4057 2124 4127">
    <p class='ocr_par' dir='ltr' id='par_1_71' title="bbox 546 4057 2124 4127">
     <span class='ocr_line' id='line_1_71' title="bbox 546 4057 2124 4127; baseline 0.001 -18"><span class='ocrx_word' id='word_1_541' title='bbox 546 4064 618 4109; x_wconf 87' lang='lat' dir='ltr'><strong>tio</strong></span> <span class='ocrx_word' id='word_1_542' title='bbox 634 4057 1002 4127; x_wconf 68' lang='lat' dir='ltr'><strong>posfulalionis</strong></span> <span class='ocrx_word' id='word_1_543' title='bbox 1015 4067 1067 4112; x_wconf 89' lang='lat' dir='ltr'><strong>et</strong></span> <span class='ocrx_word' id='word_1_544' title='bbox 1081 4057 1302 4125; x_wconf 69' lang='grc' dir='ltr'><strong>(Ιθρτροη</strong></span> <span class='ocrx_word' id='word_1_545' title='bbox 1313 4058 1470 4111; x_wconf 88' lang='lat' dir='ltr'><strong>tionis</strong></span> <span class='ocrx_word' id='word_1_546' title='bbox 1490 4057 1628 4113; x_wconf 77' lang='lat' dir='ltr'><strong>illius</strong></span> <span class='ocrx_word' id='word_1_547' title='bbox 1644 4057 1781 4111; x_wconf 85' lang='lat' dir='ltr'><strong>Ibam</strong></span> <span class='ocrx_word' id='word_1_548' title='bbox 1798 4060 2124 4127; x_wconf 85' lang='lat' dir='ltr'><strong>episcopum,</strong></span> 
     </span>
    </p>
   </div>
   <div class='ocr_carea' id='block_1_72' title="bbox 545 4152 2129 4220">
    <p class='ocr_par' dir='ltr' id='par_1_72' title="bbox 545 4152 2129 4220">
     <span class='ocr_line' id='line_1_72' title="bbox 545 4152 2129 4220; baseline 0.001 -16"><span class='ocrx_word' id='word_1_549' title='bbox 545 4162 597 4204; x_wconf 89' lang='lat' dir='ltr'><strong>et</strong></span> <span class='ocrx_word' id='word_1_550' title='bbox 631 4168 731 4204; x_wconf 93' lang='lat' dir='ltr'><strong>non</strong></span> <span class='ocrx_word' id='word_1_551' title='bbox 782 4153 923 4220; x_wconf 84' lang='lat' dir='ltr'><strong>ipsos</strong></span> <span class='ocrx_word' id='word_1_552' title='bbox 976 4154 1350 4219; x_wconf 60' lang='lat' dir='ltr'><strong>deprecatore.</strong></span> <span class='ocrx_word' id='word_1_553' title='bbox 1380 4153 1699 4206; x_wconf 85' lang='lat' dir='ltr'><strong>absolveret.</strong></span> <span class='ocrx_word' id='word_1_554' title='bbox 1735 4152 1862 4205; x_wconf 84' lang='lat' dir='ltr'><strong>Nam</strong></span> <span class='ocrx_word' id='word_1_555' title='bbox 1889 4161 1942 4206; x_wconf 88' lang='lat' dir='ltr'><strong>et</strong></span> <span class='ocrx_word' id='word_1_556' title='bbox 1967 4152 2129 4220; x_wconf 58' lang='lat' dir='ltr'><strong>ipsius</strong></span> 
     </span>
    </p>
   </div>
   <div class='ocr_carea' id='block_1_73' title="bbox 545 4242 2132 4312">
    <p class='ocr_par' dir='ltr' id='par_1_73' title="bbox 545 4242 2132 4312">
     <span class='ocr_line' id='line_1_73' title="bbox 545 4242 2132 4312; baseline 0.001 -17"><span class='ocrx_word' id='word_1_557' title='bbox 545 4242 825 4296; x_wconf 69' lang='lat' dir='ltr'><strong>sordentia:</strong></span> <span class='ocrx_word' id='word_1_558' title='bbox 859 4243 1082 4297; x_wconf 87' lang='lat' dir='ltr'><strong>recitare</strong></span> <span class='ocrx_word' id='word_1_559' title='bbox 1105 4245 1264 4298; x_wconf 88' lang='lat' dir='ltr'><strong>verba</strong></span> <span class='ocrx_word' id='word_1_560' title='bbox 1295 4243 1577 4308; x_wconf 81' lang='lat' dir='ltr'><strong>debemus,</strong></span> <span class='ocrx_word' id='word_1_561' title='bbox 1603 4245 1644 4297; x_wconf 89' lang='lat' dir='ltr'><strong>si</strong></span> <span class='ocrx_word' id='word_1_562' title='bbox 1673 4242 1830 4307; x_wconf 85' lang='lat' dir='ltr'><strong>forte,</strong></span> <span class='ocrx_word' id='word_1_563' title='bbox 1871 4245 2132 4312; x_wconf 87' lang='lat' dir='ltr'><strong>quemad-</strong></span> 
     </span>
    </p>
   </div>
   <div class='ocr_carea' id='block_1_74' title="bbox 547 4337 2132 4405">
    <p class='ocr_par' dir='ltr' id='par_1_74' title="bbox 547 4337 2132 4405">
     <span class='ocr_line' id='line_1_74' title="bbox 547 4337 2132 4405; baseline 0.002 -17"><span class='ocrx_word' id='word_1_564' title='bbox 547 4337 761 4390; x_wconf 89' lang='lat' dir='ltr'><strong>modum</strong></span> <span class='ocrx_word' id='word_1_565' title='bbox 811 4353 971 4404; x_wconf 86' lang='lat' dir='ltr'><strong>super</strong></span> <span class='ocrx_word' id='word_1_566' title='bbox 998 4337 1101 4392; x_wconf 80' lang='lat' dir='ltr'><strong>lba:</strong></span> <span class='ocrx_word' id='word_1_567' title='bbox 1123 4338 1398 4405; x_wconf 89' lang='lat' dir='ltr'><strong>epistolam</strong></span> <span class='ocrx_word' id='word_1_568' title='bbox 1439 4337 1634 4391; x_wconf 87' lang='lat' dir='ltr'><strong>factum</strong></span> <span class='ocrx_word' id='word_1_569' title='bbox 1679 4350 1783 4401; x_wconf 87' lang='lat' dir='ltr'><strong>est,</strong></span> <span class='ocrx_word' id='word_1_570' title='bbox 1815 4337 2004 4405; x_wconf 84' lang='lat' dir='ltr'><strong>aliquis</strong></span> <span class='ocrx_word' id='word_1_571' title='bbox 2032 4338 2132 4391; x_wconf 83' lang='lat' dir='ltr'><strong>Pa-</strong></span> 
     </span>
    </p>
   </div>
   <div class='ocr_carea' id='block_1_75' title="bbox 547 4429 2130 4498">
    <p class='ocr_par' dir='ltr' id='par_1_75' title="bbox 547 4429 2130 4498">
     <span class='ocr_line' id='line_1_75' title="bbox 547 4429 2130 4498; baseline 0 -16"><span class='ocrx_word' id='word_1_572' title='bbox 547 4437 686 4482; x_wconf 81' lang='lat' dir='ltr'><strong>trum</strong></span> <span class='ocrx_word' id='word_1_573' title='bbox 713 4429 850 4482; x_wconf 84' lang='lat' dir='ltr'><strong>dixit</strong></span> <span class='ocrx_word' id='word_1_574' title='bbox 896 4429 947 4481; x_wconf 89' lang='lat' dir='ltr'><strong>io</strong></span> <span class='ocrx_word' id='word_1_575' title='bbox 983 4429 1068 4481; x_wconf 92' lang='lat' dir='ltr'><strong>illa</strong></span> <span class='ocrx_word' id='word_1_576' title='bbox 1092 4429 1300 4498; x_wconf 88' lang='lat' dir='ltr'><strong>synodo</strong></span> <span class='ocrx_word' id='word_1_577' title='bbox 1335 4446 1348 4480; x_wconf 90' lang='lat'><strong>:</strong></span> <span class='ocrx_word' id='word_1_578' title='bbox 1381 4429 1656 4494; x_wconf 85' lang='lat' dir='ltr'><strong>Scriptura</strong></span> <span class='ocrx_word' id='word_1_579' title='bbox 1687 4429 2054 4497; x_wconf 87' lang='lat' dir='ltr'><strong>postulationis</strong></span> <span class='ocrx_word' id='word_1_580' title='bbox 2081 4438 2130 4482; x_wconf 90' lang='lat' dir='ltr'><strong>et</strong></span> 
     </span>
    </p>
   </div>
   <div class='ocr_carea' id='block_1_76' title="bbox 2223 3230 3806 3303">
    <p class='ocr_par' dir='ltr' id='par_1_76' title="bbox 2223 3230 3806 3303">
     <span class='ocr_line' id='line_1_76' title="bbox 2223 3230 3806 3303; baseline 0.001 -19"><span class='ocrx_word' id='word_1_581' title='bbox 2223 3236 2546 3300; x_wconf 80' lang='lat' dir='ltr'><strong>exigeretur,</strong></span> <span class='ocrx_word' id='word_1_582' title='bbox 2574 3234 2801 3299; x_wconf 87' lang='lat' dir='ltr'><strong>probare</strong></span> <span class='ocrx_word' id='word_1_583' title='bbox 2832 3249 2936 3286; x_wconf 91' lang='lat' dir='ltr'><strong>non</strong></span> <span class='ocrx_word' id='word_1_584' title='bbox 2971 3243 3179 3303; x_wconf 86' lang='lat' dir='ltr'><strong>posset.</strong></span> <span class='ocrx_word' id='word_1_585' title='bbox 3211 3235 3328 3289; x_wconf 85' lang='lat' dir='ltr'><strong>Hoc</strong></span> <span class='ocrx_word' id='word_1_586' title='bbox 3360 3245 3447 3289; x_wconf 86' lang='lat' dir='ltr'><strong>est</strong></span> <span class='ocrx_word' id='word_1_587' title='bbox 3483 3250 3666 3298; x_wconf 82' lang='lat' dir='ltr'><strong>unum,</strong></span> <span class='ocrx_word' id='word_1_588' title='bbox 3689 3230 3806 3298; x_wconf 82' lang='lat' dir='ltr'><strong>quod</strong></span> 
     </span>
    </p>
   </div>
   <div class='ocr_carea' id='block_1_77' title="bbox 2224 3324 3804 3395">
    <p class='ocr_par' dir='ltr' id='par_1_77' title="bbox 2224 3324 3804 3395">
     <span class='ocr_line' id='line_1_77' title="bbox 2224 3324 3804 3395; baseline 0 -19"><span class='ocrx_word' id='word_1_589' title='bbox 2224 3325 2351 3377; x_wconf 76' lang='lat' dir='ltr'><strong>Volo</strong></span> <span class='ocrx_word' id='word_1_590' title='bbox 2381 3324 2584 3388; x_wconf 71' lang='lat' dir='ltr'><strong>dicere,</strong></span> <span class='ocrx_word' id='word_1_591' title='bbox 2610 3325 2734 3394; x_wconf 88' lang='lat' dir='ltr'><strong>quia</strong></span> <span class='ocrx_word' id='word_1_592' title='bbox 2765 3326 2884 3379; x_wconf 91' lang='lat' dir='ltr'><strong>licet</strong></span> <span class='ocrx_word' id='word_1_593' title='bbox 2906 3328 3132 3395; x_wconf 86' lang='lat' dir='ltr'><strong>trepidis</strong></span> <span class='ocrx_word' id='word_1_594' title='bbox 3155 3337 3213 3382; x_wconf 89' lang='lat' dir='ltr'><strong>et</strong></span> <span class='ocrx_word' id='word_1_595' title='bbox 3239 3329 3680 3382; x_wconf 78' lang='lat' dir='ltr'><strong>inconstantibus</strong></span> <span class='ocrx_word' id='word_1_596' title='bbox 3705 3341 3804 3378; x_wconf 85' lang='lat' dir='ltr'><strong>ver-</strong></span> 
     </span>
    </p>
   </div>
   <div class='ocr_carea' id='block_1_78' title="bbox 2226 3413 3803 3489">
    <p class='ocr_par' dir='ltr' id='par_1_78' title="bbox 2226 3413 3803 3489">
     <span class='ocr_line' id='line_1_78' title="bbox 2226 3413 3803 3489; baseline -0.001 -20"><span class='ocrx_word' id='word_1_597' title='bbox 2226 3417 2329 3480; x_wconf 53' lang='lat' dir='ltr'><strong>bis,</strong></span> <span class='ocrx_word' id='word_1_598' title='bbox 2361 3417 2714 3483; x_wconf 90' lang='lat' dir='ltr'><strong>prodiderunt</strong></span> <span class='ocrx_word' id='word_1_599' title='bbox 2737 3419 2880 3471; x_wconf 86' lang='lat' dir='ltr'><strong>scire</strong></span> <span class='ocrx_word' id='word_1_600' title='bbox 2912 3433 2973 3472; x_wconf 90' lang='lat' dir='ltr'><strong>se</strong></span> <span class='ocrx_word' id='word_1_601' title='bbox 3003 3421 3142 3488; x_wconf 89' lang='lat' dir='ltr'><strong>quod</strong></span> <span class='ocrx_word' id='word_1_602' title='bbox 3175 3435 3202 3472; x_wconf 90' lang='lat' dir='ltr'><strong>a</strong></span> <span class='ocrx_word' id='word_1_603' title='bbox 3237 3423 3461 3489; x_wconf 88' lang='lat' dir='ltr'><strong>synodo</strong></span> <span class='ocrx_word' id='word_1_604' title='bbox 3489 3419 3707 3488; x_wconf 90' lang='lat' dir='ltr'><strong>epistola</strong></span> <span class='ocrx_word' id='word_1_605' title='bbox 3731 3413 3803 3469; x_wconf 80' lang='lat' dir='ltr'><strong>illa</strong></span> 
     </span>
    </p>
   </div>
   <div class='ocr_carea' id='block_1_79' title="bbox 2227 3507 3803 3577">
    <p class='ocr_par' dir='ltr' id='par_1_79' title="bbox 2227 3507 3803 3577">
     <span class='ocr_line' id='line_1_79' title="bbox 2227 3507 3803 3577; baseline -0.002 -15"><span class='ocrx_word' id='word_1_606' title='bbox 2227 3519 2470 3577; x_wconf 84' lang='lat' dir='ltr'><strong>Susccpta</strong></span> <span class='ocrx_word' id='word_1_607' title='bbox 2504 3507 2594 3570; x_wconf 87' lang='lat' dir='ltr'><strong>sit,</strong></span> <span class='ocrx_word' id='word_1_608' title='bbox 2624 3511 2717 3564; x_wconf 90' lang='lat' dir='ltr'><strong>sed</strong></span> <span class='ocrx_word' id='word_1_609' title='bbox 2767 3518 2826 3563; x_wconf 91' lang='lat' dir='ltr'><strong>ut</strong></span> <span class='ocrx_word' id='word_1_610' title='bbox 2855 3511 3009 3564; x_wconf 88' lang='lat' dir='ltr'><strong>nobis</strong></span> <span class='ocrx_word' id='word_1_611' title='bbox 3037 3512 3330 3566; x_wconf 87' lang='lat' dir='ltr'><strong>illuderent</strong></span> <span class='ocrx_word' id='word_1_612' title='bbox 3362 3513 3456 3566; x_wconf 91' lang='lat' dir='ltr'><strong>illa</strong></span> <span class='ocrx_word' id='word_1_613' title='bbox 3482 3512 3657 3564; x_wconf 88' lang='lat' dir='ltr'><strong>omnia</strong></span> <span class='ocrx_word' id='word_1_614' title='bbox 3695 3521 3803 3561; x_wconf 45' lang='lat' dir='ltr'><strong>cons</strong></span> 
     </span>
    </p>
   </div>
   <div class='ocr_carea' id='block_1_80' title="bbox 2230 3599 3801 3674">
    <p class='ocr_par' dir='ltr' id='par_1_80' title="bbox 2230 3599 3801 3674">
     <span class='ocr_line' id='line_1_80' title="bbox 2230 3599 3801 3674; baseline -0.002 -22"><span class='ocrx_word' id='word_1_615' title='bbox 2230 3601 2522 3654; x_wconf 80' lang='lat' dir='ltr'><strong>liuxerunt.</strong></span> <span class='ocrx_word' id='word_1_616' title='bbox 2553 3601 2682 3655; x_wconf 84' lang='lat' dir='ltr'><strong>Nam</strong></span> <span class='ocrx_word' id='word_1_617' title='bbox 2713 3602 2987 3671; x_wconf 89' lang='lat' dir='ltr'><strong>quomodo</strong></span> <span class='ocrx_word' id='word_1_618' title='bbox 3016 3605 3320 3657; x_wconf 87' lang='lat' dir='ltr'><strong>nescientes</strong></span> <span class='ocrx_word' id='word_1_619' title='bbox 3352 3604 3424 3658; x_wconf 87' lang='lat' dir='ltr'><strong>de</strong></span> <span class='ocrx_word' id='word_1_620' title='bbox 3458 3603 3542 3657; x_wconf 87' lang='lat' dir='ltr'><strong>illa</strong></span> <span class='ocrx_word' id='word_1_621' title='bbox 3571 3599 3801 3674; x_wconf 85' lang='lat' dir='ltr'><strong>synodum</strong></span> 
     </span>
    </p>
   </div>
   <div class='ocr_carea' id='block_1_81' title="bbox 2229 3685 3796 3764">
    <p class='ocr_par' dir='ltr' id='par_1_81' title="bbox 2229 3685 3796 3764">
     <span class='ocr_line' id='line_1_81' title="bbox 2229 3685 3796 3764; baseline -0.001 -21"><span class='ocrx_word' id='word_1_622' title='bbox 2229 3693 2516 3761; x_wconf 81' lang='lat' dir='ltr'><strong>protuliSse</strong></span> <span class='ocrx_word' id='word_1_623' title='bbox 2545 3694 2890 3762; x_wconf 89' lang='lat' dir='ltr'><strong>sententiam,</strong></span> <span class='ocrx_word' id='word_1_624' title='bbox 2923 3694 3165 3747; x_wconf 90' lang='lat' dir='ltr'><strong>dicerent</strong></span> <span class='ocrx_word' id='word_1_625' title='bbox 3191 3695 3334 3763; x_wconf 86' lang='lat' dir='ltr'><strong>quod</strong></span> <span class='ocrx_word' id='word_1_626' title='bbox 3365 3699 3418 3747; x_wconf 91' lang='lat' dir='ltr'><strong>in</strong></span> <span class='ocrx_word' id='word_1_627' title='bbox 3443 3694 3660 3764; x_wconf 88' lang='lat' dir='ltr'><strong>synodis</strong></span> <span class='ocrx_word' id='word_1_628' title='bbox 3683 3685 3796 3742; x_wconf 87' lang='lat' dir='ltr'><strong>nihil</strong></span> 
     </span>
    </p>
   </div>
   <div class='ocr_carea' id='block_1_82' title="bbox 2231 3783 3802 3855">
    <p class='ocr_par' dir='ltr' id='par_1_82' title="bbox 2231 3783 3802 3855">
     <span class='ocr_line' id='line_1_82' title="bbox 2231 3783 3802 3855; baseline -0.004 -19"><span class='ocrx_word' id='word_1_629' title='bbox 2231 3783 2600 3850; x_wconf 69' lang='lat' dir='ltr'><strong>praejudicent,</strong></span> <span class='ocrx_word' id='word_1_630' title='bbox 2628 3799 2746 3848; x_wconf 79' lang='lat' dir='ltr'><strong>qua:</strong></span> <span class='ocrx_word' id='word_1_631' title='bbox 2773 3795 2898 3837; x_wconf 88' lang='lat' dir='ltr'><strong>ante</strong></span> <span class='ocrx_word' id='word_1_632' title='bbox 2923 3784 3212 3852; x_wconf 86' lang='lat' dir='ltr'><strong>perfectum</strong></span> <span class='ocrx_word' id='word_1_633' title='bbox 3241 3785 3514 3855; x_wconf 90' lang='lat' dir='ltr'><strong>judicium</strong></span> <span class='ocrx_word' id='word_1_634' title='bbox 3547 3800 3574 3836; x_wconf 90' lang='lat' dir='ltr'><strong>a</strong></span> <span class='ocrx_word' id='word_1_635' title='bbox 3611 3783 3802 3850; x_wconf 86' lang='lat' dir='ltr'><strong>quibus-</strong></span> 
     </span>
    </p>
   </div>
   <div class='ocr_carea' id='block_1_83' title="bbox 2230 3867 3798 3946">
    <p class='ocr_par' dir='ltr' id='par_1_83' title="bbox 2230 3867 3798 3946">
     <span class='ocr_line' id='line_1_83' title="bbox 2230 3867 3798 3946; baseline -0.001 -21"><span class='ocrx_word' id='word_1_636' title='bbox 2230 3875 2351 3926; x_wconf 90' lang='lat' dir='ltr'><strong>dam</strong></span> <span class='ocrx_word' id='word_1_637' title='bbox 2386 3875 2607 3928; x_wconf 83' lang='lat' dir='ltr'><strong>forsitan</strong></span> <span class='ocrx_word' id='word_1_638' title='bbox 2639 3875 2777 3928; x_wconf 84' lang='lat' dir='ltr'><strong>dicta</strong></span> <span class='ocrx_word' id='word_1_639' title='bbox 2807 3888 2952 3942; x_wconf 90' lang='lat' dir='ltr'><strong>sunt,</strong></span> <span class='ocrx_word' id='word_1_640' title='bbox 2988 3878 3068 3930; x_wconf 91' lang='lat' dir='ltr'><strong>eis</strong></span> <span class='ocrx_word' id='word_1_641' title='bbox 3119 3895 3240 3946; x_wconf 77' lang='lat' dir='ltr'><strong>qua:</strong></span> <span class='ocrx_word' id='word_1_642' title='bbox 3270 3881 3337 3931; x_wconf 87' lang='lat' dir='ltr'><strong>ab</strong></span> <span class='ocrx_word' id='word_1_643' title='bbox 3377 3879 3629 3932; x_wconf 89' lang='lat' dir='ltr'><strong>omnibus</strong></span> <span class='ocrx_word' id='word_1_644' title='bbox 3665 3867 3798 3924; x_wconf 66' lang='lat' dir='ltr'><strong>simul</strong></span> 
     </span>
    </p>
   </div>
   <div class='ocr_carea' id='block_1_84' title="bbox 2233 3963 3796 4039">
    <p class='ocr_par' dir='ltr' id='par_1_84' title="bbox 2233 3963 3796 4039">
     <span class='ocr_line' id='line_1_84' title="bbox 2233 3963 3796 4039; baseline 0.003 -23"><span class='ocrx_word' id='word_1_645' title='bbox 2233 3964 2284 4018; x_wconf 94' lang='lat' dir='ltr'><strong>in</strong></span> <span class='ocrx_word' id='word_1_646' title='bbox 2314 3965 2499 4018; x_wconf 78' lang='lat' dir='ltr'><strong>ultimo</strong></span> <span class='ocrx_word' id='word_1_647' title='bbox 2525 3966 2851 4020; x_wconf 85' lang='lat' dir='ltr'><strong>definiuntur</strong></span> <span class='ocrx_word' id='word_1_648' title='bbox 2873 3969 3105 4021; x_wconf 89' lang='lat' dir='ltr'><strong>ordine?</strong></span> <span class='ocrx_word' id='word_1_649' title='bbox 3137 3968 3298 4039; x_wconf 75' lang='lat' dir='ltr'><strong>Ergo,</strong></span> <span class='ocrx_word' id='word_1_650' title='bbox 3353 3971 3482 4024; x_wconf 90' lang='lat' dir='ltr'><strong>licet</strong></span> <span class='ocrx_word' id='word_1_651' title='bbox 3507 3963 3796 4036; x_wconf 71' lang='lat' dir='ltr'><strong>quibusdam</strong></span> 
     </span>
    </p>
   </div>
   <div class='ocr_carea' id='block_1_85' title="bbox 2231 4055 3797 4123">
    <p class='ocr_par' dir='ltr' id='par_1_85' title="bbox 2231 4055 3797 4123">
     <span class='ocr_line' id='line_1_85' title="bbox 2231 4055 3797 4123; baseline -0.002 -15"><span class='ocrx_word' id='word_1_652' title='bbox 2231 4055 2652 4123; x_wconf 88' lang='lat' dir='ltr'><strong>dissonantibus,</strong></span> <span class='ocrx_word' id='word_1_653' title='bbox 2681 4060 2822 4114; x_wconf 89' lang='lat' dir='ltr'><strong>scire</strong></span> <span class='ocrx_word' id='word_1_654' title='bbox 2856 4074 2915 4113; x_wconf 88' lang='lat' dir='ltr'><strong>se</strong></span> <span class='ocrx_word' id='word_1_655' title='bbox 2939 4069 3114 4114; x_wconf 87' lang='lat' dir='ltr'><strong>tamen</strong></span> <span class='ocrx_word' id='word_1_656' title='bbox 3143 4061 3374 4114; x_wconf 86' lang='lat' dir='ltr'><strong>coniessi</strong></span> <span class='ocrx_word' id='word_1_657' title='bbox 3403 4068 3531 4113; x_wconf 85' lang='lat' dir='ltr'><strong>sunt</strong></span> <span class='ocrx_word' id='word_1_658' title='bbox 3566 4057 3630 4109; x_wconf 88' lang='lat' dir='ltr'><strong>de</strong></span> <span class='ocrx_word' id='word_1_659' title='bbox 3656 4067 3797 4107; x_wconf 85' lang='lat' dir='ltr'><strong>vene-</strong></span> 
     </span>
    </p>
   </div>
   <div class='ocr_carea' id='block_1_86' title="bbox 2233 4144 3798 4220">
    <p class='ocr_par' dir='ltr' id='par_1_86' title="bbox 2233 4144 3798 4220">
     <span class='ocr_line' id='line_1_86' title="bbox 2233 4144 3798 4220; baseline -0.003 -19"><span class='ocrx_word' id='word_1_660' title='bbox 2233 4148 2416 4201; x_wconf 83' lang='lat' dir='ltr'><strong>rabilis</strong></span> <span class='ocrx_word' id='word_1_661' title='bbox 2449 4149 2552 4202; x_wconf 79' lang='lat' dir='ltr'><strong>lba:</strong></span> <span class='ocrx_word' id='word_1_662' title='bbox 2579 4150 2803 4218; x_wconf 87' lang='lat' dir='ltr'><strong>epistola</strong></span> <span class='ocrx_word' id='word_1_663' title='bbox 2835 4151 3101 4220; x_wconf 89' lang='lat' dir='ltr'><strong>synodum</strong></span> <span class='ocrx_word' id='word_1_664' title='bbox 3129 4151 3429 4219; x_wconf 86' lang='lat' dir='ltr'><strong>judicasse.</strong></span> <span class='ocrx_word' id='word_1_665' title='bbox 3477 4147 3623 4216; x_wconf 88' lang='lat' dir='ltr'><strong>Quod</strong></span> <span class='ocrx_word' id='word_1_666' title='bbox 3661 4144 3798 4197; x_wconf 80' lang='lat' dir='ltr'><strong>etiam</strong></span> 
     </span>
    </p>
   </div>
   <div class='ocr_carea' id='block_1_87' title="bbox 2234 4237 3794 4308">
    <p class='ocr_par' dir='ltr' id='par_1_87' title="bbox 2234 4237 3794 4308">
     <span class='ocr_line' id='line_1_87' title="bbox 2234 4237 3794 4308; baseline 0.002 -16"><span class='ocrx_word' id='word_1_667' title='bbox 2234 4238 2288 4292; x_wconf 92' lang='lat' dir='ltr'><strong>in</strong></span> <span class='ocrx_word' id='word_1_668' title='bbox 2321 4241 2708 4308; x_wconf 88' lang='lat' dir='ltr'><strong>posterioribus</strong></span> <span class='ocrx_word' id='word_1_669' title='bbox 2734 4241 2973 4307; x_wconf 86' lang='lat' dir='ltr'><strong>ejusdem</strong></span> <span class='ocrx_word' id='word_1_670' title='bbox 3005 4242 3084 4294; x_wconf 89' lang='lat' dir='ltr'><strong>sui</strong></span> <span class='ocrx_word' id='word_1_671' title='bbox 3113 4242 3233 4294; x_wconf 88' lang='lat' dir='ltr'><strong>libri</strong></span> <span class='ocrx_word' id='word_1_672' title='bbox 3264 4242 3516 4294; x_wconf 90' lang='lat' dir='ltr'><strong>similiter</strong></span> <span class='ocrx_word' id='word_1_673' title='bbox 3552 4237 3794 4308; x_wconf 70' lang='lat' dir='ltr'><strong>produnt.</strong></span> 
     </span>
    </p>
   </div>
   <div class='ocr_carea' id='block_1_88' title="bbox 2236 4330 3798 4400">
    <p class='ocr_par' dir='ltr' id='par_1_88' title="bbox 2236 4330 3798 4400">
     <span class='ocr_line' id='line_1_88' title="bbox 2236 4330 3798 4400; baseline -0.005 -16"><span class='ocrx_word' id='word_1_674' title='bbox 2236 4331 2305 4384; x_wconf 86' lang='lat' dir='ltr'><strong>ita</strong></span> <span class='ocrx_word' id='word_1_675' title='bbox 2333 4331 2571 4385; x_wconf 81' lang='lat' dir='ltr'><strong>dicentes</strong></span> <span class='ocrx_word' id='word_1_676' title='bbox 2598 4347 2611 4383; x_wconf 89' lang='lat'><strong>:</strong></span> <span class='ocrx_word' id='word_1_677' title='bbox 2651 4349 2668 4380; x_wconf 76' lang='grc' dir='ltr'>ι</span> <span class='ocrx_word' id='word_1_678' title='bbox 2707 4330 2771 4384; x_wconf 84' lang='grc' dir='ltr'><strong>Ει</strong></span> <span class='ocrx_word' id='word_1_679' title='bbox 2803 4331 2915 4385; x_wconf 68' lang='lat' dir='ltr'><strong>hcce</strong></span> <span class='ocrx_word' id='word_1_680' title='bbox 2946 4332 3162 4400; x_wconf 88' lang='lat' dir='ltr'><strong>quidem</strong></span> <span class='ocrx_word' id='word_1_681' title='bbox 3188 4333 3326 4386; x_wconf 84' lang='lat' dir='ltr'><strong>dicta</strong></span> <span class='ocrx_word' id='word_1_682' title='bbox 3371 4343 3514 4396; x_wconf 89' lang='lat' dir='ltr'><strong>sunt,</strong></span> <span class='ocrx_word' id='word_1_683' title='bbox 3564 4341 3616 4383; x_wconf 93' lang='lat' dir='ltr'><strong>ut</strong></span> <span class='ocrx_word' id='word_1_684' title='bbox 3644 4340 3798 4380; x_wconf 72' lang='lat' dir='ltr'><strong>osren-</strong></span> 
     </span>
    </p>
   </div>
   <div class='ocr_carea' id='block_1_89' title="bbox 2237 4415 3793 4494">
    <p class='ocr_par' dir='ltr' id='par_1_89' title="bbox 2237 4415 3793 4494">
     <span class='ocr_line' id='line_1_89' title="bbox 2237 4415 3793 4494; baseline 0.002 -19"><span class='ocrx_word' id='word_1_685' title='bbox 2237 4423 2454 4476; x_wconf 84' lang='lat' dir='ltr'><strong>deretur</strong></span> <span class='ocrx_word' id='word_1_686' title='bbox 2483 4421 2732 4476; x_wconf 89' lang='lat' dir='ltr'><strong>omnibus</strong></span> <span class='ocrx_word' id='word_1_687' title='bbox 2753 4422 2873 4491; x_wconf 85' lang='lat' dir='ltr'><strong>quia</strong></span> <span class='ocrx_word' id='word_1_688' title='bbox 2909 4425 2959 4476; x_wconf 89' lang='lat' dir='ltr'><strong>in</strong></span> <span class='ocrx_word' id='word_1_689' title='bbox 2983 4423 3067 4477; x_wconf 54' lang='lat' dir='ltr'><strong>his</strong></span> <span class='ocrx_word' id='word_1_690' title='bbox 3099 4440 3218 4492; x_wconf 78' lang='lat' dir='ltr'><strong>que</strong></span> <span class='ocrx_word' id='word_1_691' title='bbox 3257 4429 3412 4478; x_wconf 56' lang='lat' dir='ltr'><strong>facta:</strong></span> <span class='ocrx_word' id='word_1_692' title='bbox 3456 4433 3578 4494; x_wconf 83' lang='lat' dir='ltr'><strong>sunt</strong></span> <span class='ocrx_word' id='word_1_693' title='bbox 3609 4415 3793 4489; x_wconf 64' lang='lat' dir='ltr'><strong>synodi,</strong></span> 
     </span>
    </p>
   </div>
   <div class='ocr_carea' id='block_1_90' title="bbox 549 4508 3795 4588">
    <p class='ocr_par' dir='ltr' id='par_1_90' title="bbox 549 4508 3795 4588">
     <span class='ocr_line' id='line_1_90' title="bbox 549 4508 3795 4588; baseline -0.005 -16"><span class='ocrx_word' id='word_1_694' title='bbox 549 4520 945 4588; x_wconf 85' lang='lat' dir='ltr'><strong>deprecationis</strong></span> <span class='ocrx_word' id='word_1_695' title='bbox 974 4523 1149 4574; x_wconf 90' lang='lat' dir='ltr'><strong>omnis</strong></span> <span class='ocrx_word' id='word_1_696' title='bbox 1196 4521 1324 4574; x_wconf 90' lang='lat' dir='ltr'><strong>cleri</strong></span> <span class='ocrx_word' id='word_1_697' title='bbox 1367 4521 1656 4574; x_wconf 78' lang='lat' dir='ltr'><strong>Edessena:</strong></span> <span class='ocrx_word' id='word_1_698' title='bbox 1701 4523 1930 4574; x_wconf 87' lang='lat' dir='ltr'><strong>civitatis</strong></span> <span class='ocrx_word' id='word_1_699' title='bbox 1956 4521 2133 4575; x_wconf 85' lang='lat' dir='ltr'><strong>ortho-</strong></span> <span class='ocrx_word' id='word_1_700' title='bbox 2160 4522 2213 4581; x_wconf 89' lang='lat' dir='ltr'><strong>D</strong></span> <span class='ocrx_word' id='word_1_701' title='bbox 2240 4517 2319 4568; x_wconf 75' lang='lat' dir='ltr'><strong>Vel</strong></span> <span class='ocrx_word' id='word_1_702' title='bbox 2352 4515 2396 4568; x_wconf 87' lang='lat' dir='ltr'><strong>si</strong></span> <span class='ocrx_word' id='word_1_703' title='bbox 2427 4531 2550 4583; x_wconf 81' lang='lat' dir='ltr'><strong>qua,</strong></span> <span class='ocrx_word' id='word_1_704' title='bbox 2587 4525 2643 4568; x_wconf 87' lang='lat' dir='ltr'><strong>ut</strong></span> <span class='ocrx_word' id='word_1_705' title='bbox 2682 4531 2825 4580; x_wconf 68' lang='lat' dir='ltr'><strong>saepe</strong></span> <span class='ocrx_word' id='word_1_706' title='bbox 2853 4517 3136 4584; x_wconf 79' lang='lat' dir='ltr'><strong>contingit,</strong></span> <span class='ocrx_word' id='word_1_707' title='bbox 3189 4518 3521 4571; x_wconf 87' lang='lat' dir='ltr'><strong>dissonantia</strong></span> <span class='ocrx_word' id='word_1_708' title='bbox 3571 4513 3635 4566; x_wconf 90' lang='lat' dir='ltr'><strong>ab</strong></span> <span class='ocrx_word' id='word_1_709' title='bbox 3678 4508 3795 4578; x_wconf 84' lang='lat' dir='ltr'><strong>judi-</strong></span> 
     </span>
    </p>
   </div>
   <div class='ocr_carea' id='block_1_91' title="bbox 551 4611 2132 4681">
    <p class='ocr_par' dir='ltr' id='par_1_91' title="bbox 551 4611 2132 4681">
     <span class='ocr_line' id='line_1_91' title="bbox 551 4611 2132 4681; baseline 0.003 -20"><span class='ocrx_word' id='word_1_710' title='bbox 551 4613 686 4666; x_wconf 83' lang='lat' dir='ltr'><strong>doxa</strong></span> <span class='ocrx_word' id='word_1_711' title='bbox 715 4612 871 4666; x_wconf 91' lang='lat' dir='ltr'><strong>nobis</strong></span> <span class='ocrx_word' id='word_1_712' title='bbox 901 4614 1162 4681; x_wconf 89' lang='lat' dir='ltr'><strong>apparuit.</strong></span> <span class='ocrx_word' id='word_1_713' title='bbox 1189 4611 1293 4666; x_wconf 87' lang='lat' dir='ltr'><strong>Sed</strong></span> <span class='ocrx_word' id='word_1_714' title='bbox 1327 4613 1460 4666; x_wconf 91' lang='lat' dir='ltr'><strong>nihil</strong></span> <span class='ocrx_word' id='word_1_715' title='bbox 1489 4617 1592 4667; x_wconf 86' lang='lat' dir='ltr'><strong>tale</strong></span> <span class='ocrx_word' id='word_1_716' title='bbox 1621 4611 1922 4667; x_wconf 88' lang='lat' dir='ltr'><strong>valebimus</strong></span> <span class='ocrx_word' id='word_1_717' title='bbox 1953 4623 2132 4667; x_wconf 87' lang='lat' dir='ltr'><strong>osten—</strong></span> 
     </span>
    </p>
   </div>
   <div class='ocr_carea' id='block_1_92' title="bbox 552 4701 2132 4769">
    <p class='ocr_par' dir='ltr' id='par_1_92' title="bbox 552 4701 2132 4769">
     <span class='ocr_line' id='line_1_92' title="bbox 552 4701 2132 4769; baseline 0.004 -19"><span class='ocrx_word' id='word_1_718' title='bbox 552 4701 701 4766; x_wconf 73' lang='lat' dir='ltr'><strong>dere,</strong></span> <span class='ocrx_word' id='word_1_719' title='bbox 736 4711 788 4754; x_wconf 84' lang='lat' dir='ltr'><strong>et</strong></span> <span class='ocrx_word' id='word_1_720' title='bbox 829 4702 1029 4769; x_wconf 89' lang='lat' dir='ltr'><strong>optime</strong></span> <span class='ocrx_word' id='word_1_721' title='bbox 1073 4703 1275 4755; x_wconf 76' lang='lat' dir='ltr'><strong>scimus</strong></span> <span class='ocrx_word' id='word_1_722' title='bbox 1314 4701 1436 4769; x_wconf 88' lang='lat' dir='ltr'><strong>quia</strong></span> <span class='ocrx_word' id='word_1_723' title='bbox 1472 4717 1692 4756; x_wconf 80' lang='lat' dir='ltr'><strong>necesse</strong></span> <span class='ocrx_word' id='word_1_724' title='bbox 1723 4713 1963 4756; x_wconf 80' lang='lat' dir='ltr'><strong>uenerat</strong></span> <span class='ocrx_word' id='word_1_725' title='bbox 1991 4702 2132 4756; x_wconf 88' lang='lat' dir='ltr'><strong>illam</strong></span> 
     </span>
    </p>
   </div>
   <div class='ocr_carea' id='block_1_93' title="bbox 555 4792 2138 4863">
    <p class='ocr_par' dir='ltr' id='par_1_93' title="bbox 555 4792 2138 4863">
     <span class='ocr_line' id='line_1_93' title="bbox 555 4792 2138 4863; baseline 0.003 -22"><span class='ocrx_word' id='word_1_726' title='bbox 555 4792 962 4860; x_wconf 83' lang='lat' dir='ltr'><strong>postulationem</strong></span> <span class='ocrx_word' id='word_1_727' title='bbox 986 4804 1032 4845; x_wconf 90' lang='lat' dir='ltr'><strong>et</strong></span> <span class='ocrx_word' id='word_1_728' title='bbox 1065 4793 1501 4861; x_wconf 57' lang='lat' dir='ltr'><strong>deprecatiotem</strong></span> <span class='ocrx_word' id='word_1_729' title='bbox 1526 4793 1880 4846; x_wconf 84' lang='lat' dir='ltr'><strong>orthodoxam</strong></span> <span class='ocrx_word' id='word_1_730' title='bbox 1904 4809 2138 4863; x_wconf 87' lang='lat' dir='ltr'><strong>pronun-</strong></span> 
     </span>
    </p>
   </div>
   <div class='ocr_carea' id='block_1_94' title="bbox 555 4883 2138 4953">
    <p class='ocr_par' dir='ltr' id='par_1_94' title="bbox 555 4883 2138 4953">
     <span class='ocr_line' id='line_1_94' title="bbox 555 4883 2138 4953; baseline 0.003 -18"><span class='ocrx_word' id='word_1_731' title='bbox 555 4885 693 4949; x_wconf 82' lang='lat' dir='ltr'><strong>tiari,</strong></span> <span class='ocrx_word' id='word_1_732' title='bbox 744 4883 810 4937; x_wconf 87' lang='lat' dir='ltr'><strong>de</strong></span> <span class='ocrx_word' id='word_1_733' title='bbox 833 4900 936 4953; x_wconf 85' lang='lat' dir='ltr'><strong>qua</strong></span> <span class='ocrx_word' id='word_1_734' title='bbox 983 4884 1120 4937; x_wconf 81' lang='lat' dir='ltr'><strong>niilla</strong></span> <span class='ocrx_word' id='word_1_735' title='bbox 1176 4885 1295 4938; x_wconf 80' lang='lat' dir='ltr'><strong>talis</strong></span> <span class='ocrx_word' id='word_1_736' title='bbox 1340 4887 1561 4953; x_wconf 70' lang='lat' dir='ltr'><strong>quaestio</strong></span> <span class='ocrx_word' id='word_1_737' title='bbox 1588 4886 1924 4944; x_wconf 83' lang='lat' dir='ltr'><strong>vertebatur;</strong></span> <span class='ocrx_word' id='word_1_738' title='bbox 1957 4886 2048 4939; x_wconf 90' lang='lat' dir='ltr'><strong>sed</strong></span> <span class='ocrx_word' id='word_1_739' title='bbox 2082 4894 2138 4940; x_wconf 87' lang='lat' dir='ltr'><strong>ul</strong></span> 
     </span>
    </p>
   </div>
   <div class='ocr_carea' id='block_1_95' title="bbox 556 4975 2134 5043">
    <p class='ocr_par' dir='ltr' id='par_1_95' title="bbox 556 4975 2134 5043">
     <span class='ocr_line' id='line_1_95' title="bbox 556 4975 2134 5043; baseline 0 -14"><span class='ocrx_word' id='word_1_740' title='bbox 556 4991 654 5029; x_wconf 78' lang='lat' dir='ltr'><strong>nos</strong></span> <span class='ocrx_word' id='word_1_741' title='bbox 693 4979 757 5030; x_wconf 83' lang='lat' dir='ltr'><strong>ad</strong></span> <span class='ocrx_word' id='word_1_742' title='bbox 794 4977 934 5030; x_wconf 87' lang='lat' dir='ltr'><strong>illius</strong></span> <span class='ocrx_word' id='word_1_743' title='bbox 964 4975 1208 5043; x_wconf 78' lang='lat' dir='ltr'><strong>epistola:</strong></span> <span class='ocrx_word' id='word_1_744' title='bbox 1235 4977 1734 5030; x_wconf 78' lang='lat' dir='ltr'><strong>eundemnatiouem</strong></span> <span class='ocrx_word' id='word_1_745' title='bbox 1768 4978 2134 5031; x_wconf 70' lang='lat' dir='ltr'><strong>haereticorum</strong></span> 
     </span>
    </p>
   </div>
   <div class='ocr_carea' id='block_1_96' title="bbox 555 5065 2135 5137">
    <p class='ocr_par' dir='ltr' id='par_1_96' title="bbox 555 5065 2135 5137">
     <span class='ocr_line' id='line_1_96' title="bbox 555 5065 2135 5137; baseline 0.005 -24"><span class='ocrx_word' id='word_1_746' title='bbox 555 5065 790 5119; x_wconf 86' lang='lat' dir='ltr'><strong>fautores</strong></span> <span class='ocrx_word' id='word_1_747' title='bbox 846 5067 1179 5130; x_wconf 84' lang='lat' dir='ltr'><strong>inducerent,</strong></span> <span class='ocrx_word' id='word_1_748' title='bbox 1229 5067 1328 5120; x_wconf 77' lang='lat' dir='ltr'><strong>ista</strong></span> <span class='ocrx_word' id='word_1_749' title='bbox 1375 5068 1666 5121; x_wconf 80' lang='lat' dir='ltr'><strong>finxerunt.</strong></span> <span class='ocrx_word' id='word_1_750' title='bbox 1696 5067 1824 5121; x_wconf 86' lang='lat' dir='ltr'><strong>Nam</strong></span> <span class='ocrx_word' id='word_1_751' title='bbox 1854 5083 2018 5137; x_wconf 86' lang='lat' dir='ltr'><strong>quare</strong></span> <span class='ocrx_word' id='word_1_752' title='bbox 2048 5068 2135 5121; x_wconf 86' lang='lat' dir='ltr'><strong>Iba</strong></span> 
     </span>
    </p>
   </div>
   <div class='ocr_carea' id='block_1_97' title="bbox 555 5159 2136 5227">
    <p class='ocr_par' dir='ltr' id='par_1_97' title="bbox 555 5159 2136 5227">
     <span class='ocr_line' id='line_1_97' title="bbox 555 5159 2136 5227; baseline 0.001 -15"><span class='ocrx_word' id='word_1_753' title='bbox 555 5159 807 5227; x_wconf 72' lang='lat' dir='ltr'><strong>t&#39;pisvopo</strong></span> <span class='ocrx_word' id='word_1_754' title='bbox 841 5169 1113 5226; x_wconf 81' lang='lat' dir='ltr'><strong>accusato,</strong></span> <span class='ocrx_word' id='word_1_755' title='bbox 1156 5165 1332 5214; x_wconf 87' lang='lat' dir='ltr'><strong>omnis</strong></span> <span class='ocrx_word' id='word_1_756' title='bbox 1379 5159 1551 5213; x_wconf 83' lang='lat' dir='ltr'><strong>clerus</strong></span> <span class='ocrx_word' id='word_1_757' title='bbox 1595 5160 1876 5214; x_wconf 76' lang='lat' dir='ltr'><strong>Edessena:</strong></span> <span class='ocrx_word' id='word_1_758' title='bbox 1907 5160 2136 5214; x_wconf 76' lang='lat' dir='ltr'><strong>civitatis</strong></span> 
     </span>
    </p>
   </div>
   <div class='ocr_carea' id='block_1_98' title="bbox 559 5249 2134 5318">
    <p class='ocr_par' dir='ltr' id='par_1_98' title="bbox 559 5249 2134 5318">
     <span class='ocr_line' id='line_1_98' title="bbox 559 5249 2134 5318; baseline 0.003 -20"><span class='ocrx_word' id='word_1_759' title='bbox 559 5253 994 5310; x_wconf 68' lang='lat' dir='ltr'><strong>ironuntiaretur</strong></span> <span class='ocrx_word' id='word_1_760' title='bbox 1023 5251 1387 5314; x_wconf 81' lang='lat' dir='ltr'><strong>orthodoxus;</strong></span> <span class='ocrx_word' id='word_1_761' title='bbox 1433 5261 1525 5302; x_wconf 84' lang='lat' dir='ltr'><strong>aut</strong></span> <span class='ocrx_word' id='word_1_762' title='bbox 1570 5249 2134 5318; x_wconf 83' lang='lat' dir='ltr'><strong>orthodnxopronun-</strong></span> 
     </span>
    </p>
   </div>
   <div class='ocr_carea' id='block_1_99' title="bbox 559 5339 2137 5405">
    <p class='ocr_par' dir='ltr' id='par_1_99' title="bbox 559 5339 2137 5405">
     <span class='ocr_line' id='line_1_99' title="bbox 559 5339 2137 5405; baseline 0.002 -14"><span class='ocrx_word' id='word_1_763' title='bbox 559 5339 689 5394; x_wconf 83' lang='lat' dir='ltr'><strong>tiato</strong></span> <span class='ocrx_word' id='word_1_764' title='bbox 711 5343 854 5395; x_wconf 92' lang='lat' dir='ltr'><strong>omni</strong></span> <span class='ocrx_word' id='word_1_765' title='bbox 876 5344 1024 5397; x_wconf 90' lang='lat' dir='ltr'><strong>clero</strong></span> <span class='ocrx_word' id='word_1_766' title='bbox 1048 5343 1332 5396; x_wconf 77' lang='lat' dir='ltr'><strong>Edessena:</strong></span> <span class='ocrx_word' id='word_1_767' title='bbox 1357 5341 1606 5405; x_wconf 86' lang='lat' dir='ltr'><strong>civitatis,</strong></span> <span class='ocrx_word' id='word_1_768' title='bbox 1632 5340 1748 5394; x_wconf 88' lang='lat' dir='ltr'><strong>lbas</strong></span> <span class='ocrx_word' id='word_1_769' title='bbox 1769 5341 2137 5395; x_wconf 82' lang='lat' dir='ltr'><strong>absolveretur</strong></span> 
     </span>
    </p>
   </div>
   <div class='ocr_carea' id='block_1_100' title="bbox 631 5481 2130 5560">
    <p class='ocr_par' dir='ltr' id='par_1_100' title="bbox 631 5481 2130 5560">
     <span class='ocr_line' id='line_1_100' title="bbox 631 5481 2130 5560; baseline -0.007 -16"><span class='ocrx_word' id='word_1_770' title='bbox 631 5488 986 5560; x_wconf 52' lang='lat' dir='ltr'><strong>“Arduenna</strong></span> <span class='ocrx_word' id='word_1_771' title='bbox 1012 5489 1097 5541; x_wconf 81' lang='grc' dir='ltr'><strong>καὶ</strong></span> <span class='ocrx_word' id='word_1_772' title='bbox 1114 5485 1599 5560; x_wconf 34' lang='grc' dir='ltr'><strong>παρᾲκλησιςῇτῖαρά</strong></span> <span class='ocrx_word' id='word_1_773' title='bbox 1617 5483 1808 5560; x_wconf 55' lang='grc' dir='ltr'><strong>παντὸς</strong></span> <span class='ocrx_word' id='word_1_774' title='bbox 1833 5489 1922 5560; x_wconf 63' lang='grc' dir='ltr'><strong>τοςῦ</strong></span> <span class='ocrx_word' id='word_1_775' title='bbox 1950 5481 2130 5556; x_wconf 63' lang='grc' dir='ltr'><strong>κλήρου</strong></span> 
     </span>
    </p>
   </div>
   <div class='ocr_carea' id='block_1_101' title="bbox 565 5553 2127 5629">
    <p class='ocr_par' dir='ltr' id='par_1_101' title="bbox 565 5553 2127 5629">
     <span class='ocr_line' id='line_1_101' title="bbox 565 5553 2127 5629; baseline -0.006 -15"><span class='ocrx_word' id='word_1_776' title='bbox 565 5570 653 5622; x_wconf 70' lang='grc' dir='ltr'><strong>τῆς</strong></span> <span class='ocrx_word' id='word_1_777' title='bbox 671 5559 980 5616; x_wconf 75' lang='grc' dir='ltr'><strong>Ἐδεσσηνῶν</strong></span> <span class='ocrx_word' id='word_1_778' title='bbox 1005 5553 1378 5629; x_wconf 65' lang='grc' dir='ltr'><strong>μητροτὲὀλςως.</strong></span> <span class='ocrx_word' id='word_1_779' title='bbox 1401 5627 1408 5629; x_wconf 85' lang='lat'>_</span> <span class='ocrx_word' id='word_1_780' title='bbox 1431 5553 1699 5629; x_wconf 38' lang='lat' dir='ltr'><strong>Sic-enim</strong></span> <span class='ocrx_word' id='word_1_781' title='bbox 1733 5553 1993 5629; x_wconf 63' lang='lat' dir='ltr'><strong>inscripta</strong></span> <span class='ocrx_word' id='word_1_782' title='bbox 2023 5553 2127 5605; x_wconf 78' lang='lat' dir='ltr'><strong>est.</strong></span> 
     </span>
    </p>
   </div>
   <div class='ocr_carea' id='block_1_102' title="bbox 566 5621 2135 5696">
    <p class='ocr_par' dir='ltr' id='par_1_102' title="bbox 566 5621 2135 5696">
     <span class='ocr_line' id='line_1_102' title="bbox 566 5621 2135 5696; baseline -0.008 -9"><span class='ocrx_word' id='word_1_783' title='bbox 566 5621 958 5688; x_wconf 12' lang='lat' dir='ltr'><strong>lniclerieorum</strong></span> <span class='ocrx_word' id='word_1_784' title='bbox 1005 5621 1168 5696; x_wconf 69' lang='lat' dir='ltr'><strong>porro</strong></span> <span class='ocrx_word' id='word_1_785' title='bbox 1207 5623 1687 5692; x_wconf 85' lang='lat' dir='ltr'><strong>subscriptionibus</strong></span> <span class='ocrx_word' id='word_1_786' title='bbox 1727 5621 2022 5678; x_wconf 74' lang='grc' dir='ltr'><strong>διδασκαλία</strong></span> <span class='ocrx_word' id='word_1_787' title='bbox 2048 5637 2135 5674; x_wconf 84' lang='lat' dir='ltr'><strong>so-</strong></span> 
     </span>
    </p>
   </div>
   <div class='ocr_carea' id='block_1_103' title="bbox 636 5760 1742 5833">
    <p class='ocr_par' dir='ltr' id='par_1_103' title="bbox 636 5760 1742 5833">
     <span class='ocr_line' id='line_1_103' title="bbox 636 5760 1742 5833; baseline -0.006 -13"><span class='ocrx_word' id='word_1_788' title='bbox 636 5763 652 5798; x_wconf 82' lang='lat'><strong>‘</strong></span> <span class='ocrx_word' id='word_1_789' title='bbox 685 5765 820 5820; x_wconf 80' lang='lat' dir='ltr'><strong>Cod.</strong></span> <span class='ocrx_word' id='word_1_790' title='bbox 856 5764 1077 5831; x_wconf 81' lang='lat' dir='ltr'><strong>\’eron.,</strong></span> <span class='ocrx_word' id='word_1_791' title='bbox 1105 5778 1216 5816; x_wconf 78' lang='lat' dir='ltr'><strong>cccc</strong></span> <span class='ocrx_word' id='word_1_792' title='bbox 1243 5763 1341 5832; x_wconf 78' lang='lat' dir='ltr'><strong>ipsi</strong></span> <span class='ocrx_word' id='word_1_793' title='bbox 1367 5760 1742 5833; x_wconf 73' lang='lat' dir='ltr'><strong>multiplicibus.</strong></span> 
     </span>
    </p>
   </div>
   <div class='ocr_carea' id='block_1_104' title="bbox 2234 4606 3792 4677">
    <p class='ocr_par' dir='ltr' id='par_1_104' title="bbox 2234 4606 3792 4677">
     <span class='ocr_line' id='line_1_104' title="bbox 2234 4606 3792 4677; baseline -0.003 -16"><span class='ocrx_word' id='word_1_794' title='bbox 2234 4609 2479 4661; x_wconf 87' lang='lat' dir='ltr'><strong>cantibus</strong></span> <span class='ocrx_word' id='word_1_795' title='bbox 2503 4606 2636 4662; x_wconf 85' lang='lat' dir='ltr'><strong>facta</strong></span> <span class='ocrx_word' id='word_1_796' title='bbox 2669 4609 2857 4671; x_wconf 72' lang='lat' dir='ltr'><strong>fuerat,</strong></span> <span class='ocrx_word' id='word_1_797' title='bbox 2888 4616 3123 4662; x_wconf 84' lang='lat' dir='ltr'><strong>attamen</strong></span> <span class='ocrx_word' id='word_1_798' title='bbox 3157 4610 3334 4663; x_wconf 88' lang='lat' dir='ltr'><strong>nullus</strong></span> <span class='ocrx_word' id='word_1_799' title='bbox 3358 4625 3421 4664; x_wconf 86' lang='lat' dir='ltr'><strong>ea</strong></span> <span class='ocrx_word' id='word_1_800' title='bbox 3447 4623 3562 4677; x_wconf 78' lang='lat' dir='ltr'><strong>qua:</strong></span> <span class='ocrx_word' id='word_1_801' title='bbox 3591 4618 3677 4673; x_wconf 79' lang='lat' dir='ltr'><strong>per</strong></span> <span class='ocrx_word' id='word_1_802' title='bbox 3694 4612 3792 4667; x_wconf 67' lang='lat' dir='ltr'><strong>par-</strong></span> 
     </span>
    </p>
   </div>
   <div class='ocr_carea' id='block_1_105' title="bbox 2241 4695 3792 4770">
    <p class='ocr_par' dir='ltr' id='par_1_105' title="bbox 2241 4695 3792 4770">
     <span class='ocr_line' id='line_1_105' title="bbox 2241 4695 3792 4770; baseline -0.008 -18"><span class='ocrx_word' id='word_1_803' title='bbox 2241 4711 2319 4753; x_wconf 88' lang='lat' dir='ltr'><strong>tes</strong></span> <span class='ocrx_word' id='word_1_804' title='bbox 2348 4699 2603 4753; x_wconf 87' lang='lat' dir='ltr'><strong>dicuntur</strong></span> <span class='ocrx_word' id='word_1_805' title='bbox 2630 4700 2876 4764; x_wconf 83' lang='lat' dir='ltr'><strong>attendit,</strong></span> <span class='ocrx_word' id='word_1_806' title='bbox 2912 4701 3006 4754; x_wconf 84' lang='lat' dir='ltr'><strong>sed</strong></span> <span class='ocrx_word' id='word_1_807' title='bbox 3031 4715 3097 4755; x_wconf 86' lang='lat' dir='ltr'><strong>ea</strong></span> <span class='ocrx_word' id='word_1_808' title='bbox 3125 4718 3242 4770; x_wconf 78' lang='lat' dir='ltr'><strong>qua:</strong></span> <span class='ocrx_word' id='word_1_809' title='bbox 3265 4703 3335 4756; x_wconf 89' lang='lat' dir='ltr'><strong>ab</strong></span> <span class='ocrx_word' id='word_1_810' title='bbox 3363 4700 3606 4756; x_wconf 76' lang='lat' dir='ltr'><strong>omnibus</strong></span> <span class='ocrx_word' id='word_1_811' title='bbox 3633 4695 3792 4746; x_wconf 86' lang='lat' dir='ltr'><strong>ultimo</strong></span> 
     </span>
    </p>
   </div>
   <div class='ocr_carea' id='block_1_106' title="bbox 2239 4792 3788 4848">
    <p class='ocr_par' dir='ltr' id='par_1_106' title="bbox 2239 4792 3788 4848">
     <span class='ocr_line' id='line_1_106' title="bbox 2239 4792 3788 4848; baseline -0.006 -2"><span class='ocrx_word' id='word_1_812' title='bbox 2239 4793 2566 4846; x_wconf 87' lang='lat' dir='ltr'><strong>definiuntur</strong></span> <span class='ocrx_word' id='word_1_813' title='bbox 2597 4792 2651 4845; x_wconf 86' lang='lat' dir='ltr'><strong>in</strong></span> <span class='ocrx_word' id='word_1_814' title='bbox 2677 4793 2884 4846; x_wconf 89' lang='lat' dir='ltr'><strong>ordine.</strong></span> <span class='ocrx_word' id='word_1_815' title='bbox 2927 4813 2946 4846; x_wconf 72' lang='grc' dir='ltr'>ι</span> <span class='ocrx_word' id='word_1_816' title='bbox 3000 4795 3196 4847; x_wconf 72' lang='lat' dir='ltr'><strong>Verum</strong></span> <span class='ocrx_word' id='word_1_817' title='bbox 3230 4797 3384 4848; x_wconf 89' lang='lat' dir='ltr'><strong>nobis</strong></span> <span class='ocrx_word' id='word_1_818' title='bbox 3413 4792 3605 4846; x_wconf 87' lang='lat' dir='ltr'><strong>sufficit</strong></span> <span class='ocrx_word' id='word_1_819' title='bbox 3633 4793 3788 4838; x_wconf 82' lang='lat' dir='ltr'><strong>eorum</strong></span> 
     </span>
    </p>
   </div>
   <div class='ocr_carea' id='block_1_107' title="bbox 2239 4881 3786 4954">
    <p class='ocr_par' dir='ltr' id='par_1_107' title="bbox 2239 4881 3786 4954">
     <span class='ocr_line' id='line_1_107' title="bbox 2239 4881 3786 4954; baseline -0.003 -17"><span class='ocrx_word' id='word_1_820' title='bbox 2239 4883 2393 4937; x_wconf 88' lang='lat' dir='ltr'><strong>dolos</strong></span> <span class='ocrx_word' id='word_1_821' title='bbox 2423 4885 2585 4936; x_wconf 88' lang='lat' dir='ltr'><strong>etiam</strong></span> <span class='ocrx_word' id='word_1_822' title='bbox 2618 4885 2745 4952; x_wconf 80' lang='lat' dir='ltr'><strong>ipsis</strong></span> <span class='ocrx_word' id='word_1_823' title='bbox 2773 4885 3156 4940; x_wconf 89' lang='lat' dir='ltr'><strong>confitentibus</strong></span> <span class='ocrx_word' id='word_1_824' title='bbox 3178 4887 3513 4954; x_wconf 80' lang='lat' dir='ltr'><strong>cognovisse.</strong></span> <span class='ocrx_word' id='word_1_825' title='bbox 3540 4881 3786 4933; x_wconf 62' lang='lat' dir='ltr'><strong>(Steterunt.</strong></span> 
     </span>
    </p>
   </div>
   <div class='ocr_carea' id='block_1_108' title="bbox 2244 4960 3788 5032">
    <p class='ocr_par' dir='ltr' id='par_1_108' title="bbox 2244 4960 3788 5032">
     <span class='ocr_line' id='line_1_108' title="bbox 2244 4960 3788 5032; baseline -0.001 -3"><span class='ocrx_word' id='word_1_826' title='bbox 2244 4991 2341 5029; x_wconf 90' lang='lat' dir='ltr'><strong>nec</strong></span> <span class='ocrx_word' id='word_1_827' title='bbox 2370 4975 2484 5029; x_wconf 89' lang='lat' dir='ltr'><strong>istis</strong></span> <span class='ocrx_word' id='word_1_828' title='bbox 2513 4977 2984 5032; x_wconf 86' lang='lat' dir='ltr'><strong>adiuventionibus</strong></span> <span class='ocrx_word' id='word_1_829' title='bbox 3013 4979 3361 5032; x_wconf 86' lang='lat' dir='ltr'><strong>assentimus.</strong></span> <span class='ocrx_word' id='word_1_830' title='bbox 3419 4976 3643 5028; x_wconf 83' lang='lat' dir='ltr'><strong>Primum</strong></span> <span class='ocrx_word' id='word_1_831' title='bbox 3691 4960 3788 5027; x_wconf 67' lang='grc' dir='ltr'><strong>ιιυῖ·</strong></span> 
     </span>
    </p>
   </div>
   <div class='ocr_carea' id='block_1_109' title="bbox 2243 5051 3786 5132">
    <p class='ocr_par' dir='ltr' id='par_1_109' title="bbox 2243 5051 3786 5132">
     <span class='ocr_line' id='line_1_109' title="bbox 2243 5051 3786 5132; baseline -0.01 -13"><span class='ocrx_word' id='word_1_832' title='bbox 2243 5067 2386 5130; x_wconf 88' lang='lat' dir='ltr'><strong>dem,</strong></span> <span class='ocrx_word' id='word_1_833' title='bbox 2419 5083 2485 5122; x_wconf 89' lang='lat' dir='ltr'><strong>ne</strong></span> <span class='ocrx_word' id='word_1_834' title='bbox 2512 5084 2634 5121; x_wconf 88' lang='lat' dir='ltr'><strong>cum</strong></span> <span class='ocrx_word' id='word_1_835' title='bbox 2659 5069 2763 5123; x_wconf 86' lang='lat' dir='ltr'><strong>illis</strong></span> <span class='ocrx_word' id='word_1_836' title='bbox 2791 5085 2895 5123; x_wconf 87' lang='lat' dir='ltr'><strong>non</strong></span> <span class='ocrx_word' id='word_1_837' title='bbox 2920 5070 3095 5125; x_wconf 88' lang='lat' dir='ltr'><strong>solum</strong></span> <span class='ocrx_word' id='word_1_838' title='bbox 3127 5070 3432 5132; x_wconf 88' lang='lat' dir='ltr'><strong>mendaces,</strong></span> <span class='ocrx_word' id='word_1_839' title='bbox 3457 5068 3546 5119; x_wconf 83' lang='lat' dir='ltr'><strong>sed</strong></span> <span class='ocrx_word' id='word_1_840' title='bbox 3571 5059 3714 5114; x_wconf 82' lang='lat' dir='ltr'><strong>etiam</strong></span> <span class='ocrx_word' id='word_1_841' title='bbox 3745 5051 3786 5102; x_wconf 84' lang='lat' dir='ltr'><strong>itt</strong></span> 
     </span>
    </p>
   </div>
   <div class='ocr_carea' id='block_1_110' title="bbox 2243 5151 3780 5228">
    <p class='ocr_par' dir='ltr' id='par_1_110' title="bbox 2243 5151 3780 5228">
     <span class='ocr_line' id='line_1_110' title="bbox 2243 5151 3780 5228; baseline -0.012 -16"><span class='ocrx_word' id='word_1_842' title='bbox 2243 5157 2360 5225; x_wconf 87' lang='lat' dir='ltr'><strong>ipso</strong></span> <span class='ocrx_word' id='word_1_843' title='bbox 2386 5158 2664 5212; x_wconf 78' lang='lat' dir='ltr'><strong>mendacio</strong></span> <span class='ocrx_word' id='word_1_844' title='bbox 2680 5161 3144 5228; x_wconf 82' lang='lat' dir='ltr'><strong>deprehendantur</strong></span> <span class='ocrx_word' id='word_1_845' title='bbox 3166 5161 3458 5225; x_wconf 84' lang='lat' dir='ltr'><strong>instabiles,</strong></span> <span class='ocrx_word' id='word_1_846' title='bbox 3484 5166 3538 5209; x_wconf 92' lang='lat' dir='ltr'><strong>ut</strong></span> <span class='ocrx_word' id='word_1_847' title='bbox 3560 5151 3780 5204; x_wconf 86' lang='lat' dir='ltr'><strong>dicamus.</strong></span> 
     </span>
    </p>
   </div>
   <div class='ocr_carea' id='block_1_111' title="bbox 2247 5238 3776 5322">
    <p class='ocr_par' dir='ltr' id='par_1_111' title="bbox 2247 5238 3776 5322">
     <span class='ocr_line' id='line_1_111' title="bbox 2247 5238 3776 5322; baseline -0.008 -20"><span class='ocrx_word' id='word_1_848' title='bbox 2247 5264 2350 5302; x_wconf 91' lang='lat' dir='ltr'><strong>non</strong></span> <span class='ocrx_word' id='word_1_849' title='bbox 2377 5251 2444 5303; x_wconf 90' lang='lat' dir='ltr'><strong>de</strong></span> <span class='ocrx_word' id='word_1_850' title='bbox 2471 5250 2575 5303; x_wconf 80' lang='lat' dir='ltr'><strong>Iba:</strong></span> <span class='ocrx_word' id='word_1_851' title='bbox 2605 5254 2850 5320; x_wconf 86' lang='lat' dir='ltr'><strong>epistola.</strong></span> <span class='ocrx_word' id='word_1_852' title='bbox 2880 5253 2974 5308; x_wconf 88' lang='lat' dir='ltr'><strong>sed</strong></span> <span class='ocrx_word' id='word_1_853' title='bbox 3006 5254 3073 5308; x_wconf 89' lang='lat' dir='ltr'><strong>de</strong></span> <span class='ocrx_word' id='word_1_854' title='bbox 3099 5256 3364 5322; x_wconf 85' lang='lat' dir='ltr'><strong>scriptura</strong></span> <span class='ocrx_word' id='word_1_855' title='bbox 3387 5238 3724 5318; x_wconf 54' lang='lat' dir='ltr'><strong>postufationis</strong></span> <span class='ocrx_word' id='word_1_856' title='bbox 3743 5245 3776 5284; x_wconf 73' lang='grc' dir='ltr'><strong>ο-</strong></span> 
     </span>
    </p>
   </div>
   <div class='ocr_carea' id='block_1_112' title="bbox 2244 5337 3774 5410">
    <p class='ocr_par' dir='ltr' id='par_1_112' title="bbox 2244 5337 3774 5410">
     <span class='ocr_line' id='line_1_112' title="bbox 2244 5337 3774 5410; baseline -0.003 -15"><span class='ocrx_word' id='word_1_857' title='bbox 2244 5341 2642 5410; x_wconf 78' lang='lat' dir='ltr'><strong>deprecatiOuis</strong></span> <span class='ocrx_word' id='word_1_858' title='bbox 2669 5346 2842 5399; x_wconf 90' lang='lat' dir='ltr'><strong>omnis</strong></span> <span class='ocrx_word' id='word_1_859' title='bbox 2871 5345 3001 5400; x_wconf 82' lang='lat' dir='ltr'><strong>cleri</strong></span> <span class='ocrx_word' id='word_1_860' title='bbox 3033 5346 3322 5400; x_wconf 73' lang='lat' dir='ltr'><strong>Edessene</strong></span> <span class='ocrx_word' id='word_1_861' title='bbox 3362 5337 3602 5399; x_wconf 82' lang='lat' dir='ltr'><strong>civitatis,</strong></span> <span class='ocrx_word' id='word_1_862' title='bbox 3647 5339 3774 5399; x_wconf 65' lang='lat' dir='ltr'><strong>syno&#39;</strong></span> 
     </span>
    </p>
   </div>
   <div class='ocr_carea' id='block_1_113' title="bbox 2240 5469 3764 5555">
    <p class='ocr_par' dir='ltr' id='par_1_113' title="bbox 2240 5469 3764 5555">
     <span class='ocr_line' id='line_1_113' title="bbox 2240 5469 3764 5555; baseline -0.012 -20"><span class='ocrx_word' id='word_1_863' title='bbox 2240 5481 2346 5535; x_wconf 89' lang='lat' dir='ltr'><strong>lum</strong></span> <span class='ocrx_word' id='word_1_864' title='bbox 2387 5485 2704 5555; x_wconf 87' lang='lat' dir='ltr'><strong>appellatur,</strong></span> <span class='ocrx_word' id='word_1_865' title='bbox 2735 5499 2894 5551; x_wconf 82' lang='lat' dir='ltr'><strong>quam</strong></span> <span class='ocrx_word' id='word_1_866' title='bbox 2923 5482 3190 5549; x_wconf 81' lang='lat' dir='ltr'><strong>interpres</strong></span> <span class='ocrx_word' id='word_1_867' title='bbox 3219 5481 3407 5553; x_wconf 89' lang='lat' dir='ltr'><strong>synodi</strong></span> <span class='ocrx_word' id='word_1_868' title='bbox 3447 5485 3580 5534; x_wconf 81' lang='lat' dir='ltr'><strong>nunc</strong></span> <span class='ocrx_word' id='word_1_869' title='bbox 3622 5469 3764 5522; x_wconf 69' lang='grc' dir='ltr'><strong>ἔπειτα</strong></span> 
     </span>
    </p>
   </div>
   <div class='ocr_carea' id='block_1_114' title="bbox 2239 5555 3272 5626">
    <p class='ocr_par' dir='ltr' id='par_1_114' title="bbox 2239 5555 3272 5626">
     <span class='ocr_line' id='line_1_114' title="bbox 2239 5555 3272 5626; baseline 0.006 -22"><span class='ocrx_word' id='word_1_870' title='bbox 2239 5565 2455 5609; x_wconf 61' lang='lat' dir='ltr'><strong>chortem</strong></span> <span class='ocrx_word' id='word_1_871' title='bbox 2487 5557 2680 5624; x_wconf 87' lang='lat' dir='ltr'><strong>reddit,</strong></span> <span class='ocrx_word' id='word_1_872' title='bbox 2713 5569 2854 5610; x_wconf 90' lang='lat' dir='ltr'><strong>nunc</strong></span> <span class='ocrx_word' id='word_1_873' title='bbox 2878 5555 3272 5626; x_wconf 73' lang='lat' dir='ltr'><strong>suggestionem.</strong></span> 
     </span>
    </p>
   </div>
  </div>
