4070 6352
219 349 340 411 633

1120 344 1254 402 PRO
1295 344 1721 401 DEFENSIONE
1759 342 1975 398 TRIUM
2015 339 2331 398 CAPlTUL.
2376 340 2502 396 LIB.
2535 341 2598 396 ν.

3400 337 3503 391 656

220 475 360 527 dum
393 465 764 538 pronuntiasse
796 462 814 495 ‘
840 478 855 516 :
887 460 1049 516 sedin
1076 459 1296 529 synodis
1321 458 1449 512 nihil
1470 456 1818 526 praejudit-are
1848 460 1892 518 Α
1927 455 2123 511 nullam
2154 455 2398 522 injuriam
2432 455 2688 508 adversus
2734 463 2974 507 sanctum
3003 450 3187 507 fecerit
3214 451 3503 524 Cyrillum:

222 580 357 632 qua».
384 570 512 614 ante
541 555 831 627 perfectum
872 552 1133 621 judicium
1176 565 1206 603 a
1250 549 1569 618 quibusdam
1599 548 1818 601 forsitan

224 656 378 709 dicta
432 656 577 704 sunt.
628 645 829 701 Deinde
856 645 979 713 quia
1008 640 1350 697 inveniuntur
1378 640 1564 694 eadem
1594 647 1619 675 ι
1661 654 1823 707 super

226 744 463 812 epistola
486 741 588 793 Iba:
605 741 624 769 ⁸
646 736 944 796 sontentiai,
968 749 1076 788 non
1101 743 1225 786 ante
1242 730 1818 800 perfectumjudieium,

229 837 333 892 sed
366 836 418 887 in
450 833 655 894 ultimo,
686 830 823 882 sicut
856 827 1061 887 dicunt,
1100 825 1288 879 ordine
1335 824 1717 892 promulgatas;
1768 829 1824 876 et

230 941 345 979 non
373 923 694 989 aliquorum,
726 918 819 973 sed
845 918 1081 971 omnium
1113 929 1255 982 esse,
1286 913 1479 983 quibus
1520 913 1695 966 nullus
1740 922 1825 966 est

232 1018 553 1084 refragatus.
583 1012 822 1081 Exigitur
841 1009 985 1064 enim
1013 1023 1044 1062 a
1069 1008 1221 1061 nobis
1245 1016 1406 1076 atque
1432 1005 1627 1059 dicitur
1656 1021 1671 1057 :
1696 1004 1827 1058 Pro-

234 1108 366 1161 hate
392 1103 605 1160 concilii
647 1102 1054 1162 dissonantium,
1092 1091 1512 1167 quam'dcitis;
1560 1096 1827 1151 ostendite

235 1200 335 1254 ubi
390 1197 707 1265 quibusdam
766 1193 1230 1260 pronuntiantibus
1285 1192 1639 1244 orthodoxam
1708 1205 1828 1244 esse

238 1289 349 1345 Iba:
373 1289 672 1359 epistolam,
705 1286 796 1339 alii
826 1284 1266 1339 contradixerunt
1291 1282 1431 1351 quod
1474 1283 1633 1347 impia
1666 1280 1829 1334 fuerit

238 1395 296 1439 et
326 1386 576 1450 profana;
624 1390 679 1435 et
710 1392 827 1448 post
856 1377 1236 1432 dissonantiam
1281 1391 1438 1444 quam
1483 1376 1661 1429 dicitis
1700 1386 1829 1428 ante

241 1478 536 1547 perfectum
588 1476 844 1547 judicium
902 1475 1117 1537 factam,
1169 1471 1489 1526 concordem
1544 1472 1598 1524 in
1645 1471 1831 1524 ultimo

240 1569 560 1621 sententiam
607 1567 795 1637 synodi
842 1565 1228 1628 demonstrate,
1281 1561 1652 1616 Nestorianam
1688 1560 1829 1615 hanc

242 1666 297 1713 et
324 1658 688 1721 blasphemam
743 1658 1022 1725 epistolam
1060 1657 1400 1724 respuentis:
1436 1656 1667 1725 alioquin
1725 1656 1831 1710 Ne-

243 1750 482 1802 storiana
508 1749 666 1802 etiam
695 1748 783 1802 illa
814 1749 1049 1819 synodus
1080 1747 1195 1812 fuit,
1222 1762 1343 1816 qua:
1369 1748 1529 1801 talem
1555 1747 1830 1815 epistolam

243 1933 403 1986 nibus
450 1934 740 1988 mendaciis
787 1934 1018 1987 inaniter
1060 1932 1380 1995 sdinventis,
1430 1947 1533 1985 non
1567 1933 1825 1998 excusari,

244 2023 341 2077 sed
380 2023 760 2078 inexcusabilis
787 2024 959 2090 potius
984 2024 1150 2078 videri
1182 2032 1326 2078 tanta
1359 2023 1595 2095 synodus
1643 2026 1827 2092 possit,

245 2123 500 2184 tanquam
528 2115 656 2168 nihil
690 2116 882 2169 habeat
910 2131 1016 2186 quo
1043 2116 1254 2171 delendi
1282 2117 1553 2172 veraciter
1581 2125 1761 2185 queat.

877 2269 1104 2327 CAPUT
1144 2268 1210 2327 ll.

250 2384 403 2452 Quod
433 2386 567 2457 {also
606 2387 782 2457 dicunt
813 2384 963 2439 Ibam
1002 2402 1211 2457 negasse
1252 2386 1305 2438 in
1345 2385 1541 2449 iudicio
1570 2387 1839 2455 episcorio-

300 2472 415 2510 rum
443 2456 619 2509 Photii
648 2467 692 2509 et
724 2456 994 2510 Eustachii
1022 2456 1287 2525 epistolam
1317 2458 1463 2511 illam
1482 2473 1628 2510 suam
1656 2474 1782 2512 esse.

324 2566 478 2623 Unde
508 2583 606 2623 nec
632 2568 763 2622 illud
812 2568 1060 2633 dicimus,
1112 2568 1251 2637 quod
1286 2568 1409 2622 item
1442 2569 1493 2621 in
1525 2582 1669 2637 saepe
1698 2569 1841 2622 dicto

253 2674 351 2714 suo
380 2661 535 2721 libro,
569 2661 657 2730 qui
688 2671 1011 2727 praenotatos
1032 2669 1116 2715 est
1143 2662 1278 2715 falso
1304 2662 1462 2715 titulo
1486 2664 1714 2713 nominis
1736 2662 1838 2725 sui,

253 2751 523 2816 dixerunt,
551 2752 673 2821 quia
705 2753 847 2805 illam
877 2752 1158 2820 epistolam
1186 2752 1322 2817 apud
1349 2751 1555 2821 judice;
1587 2752 1831 2805 Photinm

254 2851 308 2895 et
339 2845 564 2896 Eustach
591 2859 677 2896 um
702 2858 849 2897 suam
882 2857 1002 2898 esse
1041 2842 1253 2910 negavit
1303 2841 1422 2896 lbas
1450 2842 1736 2911 episcOpus
1786 2840 1837 2896 ι’.

250 2933 411 2999 Quod
443 2945 495 2987 et
528 2934 699 3000 ipsum
728 2946 911 3002 aperte
940 2934 1127 2988 falsum
1160 2941 1261 2996 est,
1291 2942 1346 2986 et
1373 2933 1420 2986 si
1448 2918 1674 2986 velimus
1706 2948 1840 2985 con-

256 3034 338 3079 tra
366 3025 741 3078 conscientiam
769 3026 949 3080 dicere
985 3025 1054 3079 ab
1076 3024 1206 3094 ipsis
1236 3025 1427 3077 iterum
1454 3023 1544 3092 qui
1574 3024 1685 3076 haec
1708 3037 1847 3077 men-

260 3115 404 3170 :lacia
433 3120 853 3185 seminaverunt,
888 3118 1133 3170 similiter
1178 3118 1475 3185 arguimur,
1516 3117 1605 3183 qui
1658 3125 1840 3183 postea

1925 539 2223 603 Ostenditur
2239 555 2421 615 aperte
2443 547 2587 600 Ibam
2610 548 2675 600 ad
2702 545 3173 615 llarimepistolam
3187 546 3505 617 denegasse.

1926 638 2092 695 Porro
2125 640 2238 695 haec
2288 640 2594 694 adinveutio
2643 639 2848 693 delicax
2901 641 3120 695 omnino
3159 649 3210 695 et
3260 640 3509 698 irrisione

1925 731 2082 799 digna
2129 740 2233 784 est.
2279 729 2409 784 Nam
2448 730 2574 784 licet
2630 740 2754 785 ante
2804 731 3063 794 prolatam
3117 732 3403 786 adversum
3450 748 3511 789 se

1926 822 2207 889 epistolam
2239 822 2289 873 in
2316 820 2519 888 judicio
2563 822 2948 875 venerabilium
3002 822 3177 877 Photii
3223 832 3278 878 et
3317 823 3511 879 Eustac

1931 913 2037 966 ebii
2069 922 2227 980 atque
2252 910 2433 967 Uranii
2455 912 2847 980 episcOporum,
2879 913 3015 967 hanc
3043 914 3109 966 de
3129 916 3345 969 nomine
3374 914 3513 969 beati

1927 1004 2113 1079 Cyrilli
2143 1008 2546 1062 altercationem
2594 1009 3063 1061 reverentissimns
3098 1007 3212 1062 lbas
3251 1023 3371 1062 cum
3419 1024 3512 1063 ac-

1930 1100 2266 1152 cusatoribus
2293 1100 2402 1152 suis
2435 1099 2701 1165 habuerit,
2734 1109 2852 1166 pust
2886 1100 2997 1165 prol
3024 1110 3145 1151 tam
3172 1115 3295 1153 vero
3325 1101 3514 1153 adver—

1931 1205 2049 1243 sum
2085 1205 2146 1244 se
2180 1189 2459 1257 epistolam
2491 1204 2661 1253 suun,
2698 1190 2898 1242 nullum
2949 1191 3244 1258 negation‘s
3292 1192 3512 1249 verbum

1931 1293 2114 1336 contra
2147 1282 2396 1336 retulisse
2435 1282 2729 1337 doceatur:
2774 1290 2952 1335 tamen
2987 1296 3089 1333 non
3123 1283 3260 1335 sicut
3290 1284 3355 1332 ab
3400 1282 3516 1335 istis

1932 1377 1997 1429 ad
2024 1375 2413 1430 obscurandatn
2443 1377 2745 1443 veritatem,
2786 1375 2866 1429 vel
2905 1376 3222 1442 composita,
3272 1377 3349 1428 vel
3385 1386 3518 1428 atte-

1934 1478 2089 1523 nuata
2123 1479 2245 1520 sunt
2272 1470 2452 1531 verba,
2497 1467 2572 1520 sic
2617 1464 2671 1520 in
2722 1467 2827 1520 illis
2872 1466 3037 1535 gestis
3078 1467 3375 1522 habentur:
3426 1466 3517 1521 ubi

1934 1578 2053 1616 cum
2080 1562 2127 1617 ei
2157 1576 2284 1615 suus
2314 1562 2573 1629 obiiceret
2601 1570 2884 1614 accusator
2924 1560 3097 1614 Maras
3139 1560 3413 1630 presbyter
3465 1569 3518 1614 et

1934 1654 2183 1707 diceret:
2226 1654 2306 1706 An
2340 1668 2444 1705 non
2494 1652 2694 1711 dixisti,
2748 1651 2961 1720 quando
3006 1650 3296 1721 ﬂagitatum
3339 1658 3423 1704 est
3464 1650 3517 1705 in

1936 1752 2164 1808 secreto,
2188 1743 2339 1797 bona:
2360 1742 2629 1795 memoria:
2651 1738 2904 1810 Cyrillum
2931 1750 3178 1809 tanquam
3204 1739 3518 1795 hmreticum

148 1902 157 1911 ,
243 1844 592 1898 orthodoxam
623 1844 901 1913 judicavit.
934 1844 1167 1912 Apparet
1195 1842 1353 1910 igitur
1390 1841 1555 1912 quod,
1595 1841 1678 1895 his
1708 1856 1827 1896 om-
1860 1838 1906 1898 Β
1936 1837 2237 1897 habuimus,
2291 1847 2344 1888 et
2383 1834 2555 1887 donec
2603 1833 3102 1886 anothematizasset
3152 1847 3245 1885 sua
3291 1832 3518 1898 capitula

1936 1945 2041 1984 non
2071 1931 2365 1995 recepimus
2393 1928 2554 1981 eum?
2601 1927 2740 1981 idem
2768 1926 3229 1982 reverentissimus
3272 1925 3387 1979 lhas
3410 1927 3519 1994 epi-

1936 2035 2132 2088 scopus
2183 2018 2456 2087 t‘eﬂondit
2492 2036 2502 2070 :
2536 2017 2674 2072 Vere
2722 2034 2826 2070 non
2857 2032 2971 2070 sum
3003 2032 3248 2080 meumr;
3275 2016 3318 2068 si
3347 2027 3519 2073 autem

1934 2119 1989 2164 et
2021 2120 2043 2148 ε
2071 2110 2178 2164 dixi
2211 2108 2233 2140 ⁶
2260 2110 2380 2177 quia
2414 2123 2537 2162 vere
2558 2108 2817 2161 orientale
2838 2107 3116 2161 concilium
3147 2108 3345 2171 recepit
3373 2124 3520 2173 eum,

1938 2211 2217 2271 postquam
2249 2216 2342 2253 sua
2363 2199 2594 2266 capitula
2628 2199 2956 2253 retractavit.
3013 2198 3078 2252 Et
3129 2199 3319 2252 iterum
3342 2242 3355 2263 ,
3398 2213 3522 2251 cum

1939 2294 2223 2363 praedictus
2249 2292 2419 2346 Maras
2442 2292 2643 2345 diceret
2671 2306 2790 2346 eum
2823 2291 2889 2345 de
2917 2301 3207 2344 memorato
3235 2289 3389 2345 beato
3425 2290 3520 2359 Cy-

1938 2386 2061 2439 rillo
2088 2385 2326 2440 dixisse:
2364 2384 2677 2437 llarreticum
2719 2398 2837 2435 eum
2875 2381 3176 2442 habuimus,
3211 2380 3382 2434 donec
3428 2394 3523 2433 sua

1940 2476 2440 2531 anathematizasset
2460 2473 2721 2542 capitula;
2748 2472 2886 2526 idem
2909 2471 3373 2527 reverentissimus
3407 2470 3524 2524 ibas

1940 2570 2223 2639 episcopus
2252 2565 2423 2619 dixit:
2472 2565 2583 2631 Ego
2615 2573 2893 2633 postquam
2938 2580 3033 2617 sua
3080 2562 3309 2630 capitula
3363 2563 3525 2615 inter-

1945 2671 2180 2731 pretatus
2226 2669 2328 2718 est,
2381 2668 2582 2711 tantum
2625 2657 2869 2709 abstineo
2915 2657 2982 2709 ab
3010 2657 3350 2708 anathemate
3389 2653 3523 2707 viri:

1944 2754 2067 2821 quia
2088 2761 2140 2805 et
2173 2751 2376 2804 litteras
2404 2748 2469 2801 ab
2493 2763 2558 2801 eo
2588 2747 2818 2814 suscepi,
2851 2754 2903 2799 et
2934 2746 3137 2798 litteras
3160 2746 3206 2799 ei
3236 2744 3429 2805 direxi,
3474 2750 3528 2800 et

1945 2844 2354 2899 (ommunicavit
2398 2841 2549 2905 mihi,
2596 2850 2648 2892 et
2694 2838 3081 2892 communicavi
3121 2838 3192 2893 ei.
3241 2836 3355 2889 Non
3400 2849 3528 2903 ergo

1946 2924 2159 3007 negavit
2204 2936 2323 2990 lbas
2369 2934 2506 2999 quod
2560 2932 2866 2986 haereticnm
2897 2945 3017 2983 eum
3050 2928 3333 2997 aliquando
3364 2928 3529 2985 fuisse

1949 3029 2246 3101 putaverit,
2295 3028 2387 3082 sed
2431 3027 2529 3080 hoc
2558 3025 2695 3079 dixit
2729 3024 2851 3093 quia
2898 3035 3013 3094 post
3043 3024 3299 3077 unitatem
3335 3024 3527 3078 factam

1948 3124 2260 3179 abstinuerit
2288 3123 2355 3176 ab
2377 3121 2713 3175 anathemate
2744 3120 2864 3185 viri,
2914 3118 3052 3187 quod
3097 3128 3149 3172 et
3180 3119 3266 3171 illa
3306 3118 3530 3185 epistola

261 3208 510 3261 dixerunt
535 3226 548 3258 :
580 3207 857 3261 Ostendite
878 3208 1029 3261 nobis
1060 3208 1171 3275 ipsa
1196 3207 1491 3276 negationis
1519 3208 1635 3271 ejus
1660 3208 1840 3271 verba,

1951 3217 2268 3271 manifestat.
2303 3215 2414 3269 Non
2444 3224 2526 3268 est
2554 3223 2729 3266 autem
2762 3211 2901 3265 idem
2932 3211 3071 3280 quod
3106 3210 3221 3264 lhas
3250 3209 3531 3283 episcOpus

261 3299 305 3352 si
333 3297 501 3351 dixit:
532 3297 645 3352 Mea
675 3313 779 3352 non
810 3306 893 3352 est
924 3302 1038 3352 Itane
1065 3314 1185 3367 qua:
1209 3298 1494 3351 adversum
1527 3312 1611 3351 me
1638 3297 1845 3366 profer-

262 3397 348 3443 tur
372 3389 630 3458 epistola;
655 3404 757 3443 non
781 3405 880 3459 ego
896 3406 1011 3443 eam
1029 3390 1240 3456 scripsi,
1269 3406 1370 3441 non
1390 3404 1487 3459 ego
1509 3390 1721 3443 dictavi.
1746 3390 1848 3443 Os-

264 3482 468 3535 tendite
490 3484 647 3535 etiam
680 3481 836 3534 nobis
863 3494 1231 3536 accusatorum
1286 3480 1404 3550 ejus
1447 3481 1845 3548 replicationes,

265 3574 457 3643 quibus
481 3591 602 3628 eum
632 3585 914 3644 negantem
942 3575 1010 3629 de
1031 3575 1130 3626 hac
1161 3589 1243 3639 re,
1275 3575 1413 3627 sicut
1454 3572 1520 3627 de
1548 3574 1666 3626 aliis
1712 3589 1848 3641 quo-

265 3681 369 3734 que
423 3668 620 3731 causis,
652 3667 976 3720 convincere
1020 3665 1364 3721 nitebantur:
1398 3665 1662 3719 ostendite
1687 3666 1847 3719 etiam

266 3772 400 3824 quos
424 3769 605 3823 testes,
626 3767 679 3811 ut
702 3759 799 3811 hoc
820 3758 868 3812 ei
893 3761 1198 3827 probarent,
1219 3758 1557 3811 adduxerim.
1572 3757 1851 3811 Ostendite

268 3852 506 3917 indicum
539 3852 858 3905 sententiam
910 3867 1001 3917 per
1029 3867 1184 3921 quam
1215 3853 1688 3918 pronuntiaverunt
1711 3850 1849 3919 quod

270 3943 390 3997 ideo
437 3944 582 3996 illum
613 3943 965 4007 absolverint,
998 3944 1125 4013 quia
1157 3943 1369 4007 probari
1391 3957 1498 3995 non
1526 3941 1697 4010 potuit
1735 3942 1849 4008 ejus

269 4035 452 4098 fuisse,
485 4050 641 4103 quam
661 4050 810 4089 suam
834 4035 996 4090 fuisse
1015 4034 1279 4089 inﬁciatns
1290 4047 1371 4090 est
1385 4033 1409 4065 ⁸
1427 4052 1438 4086 :
1457 4046 1507 4087 et
1522 4035 1644 4099 quid
1663 4034 1849 4087 horum

271 4125 629 4192 ﬂagitantibus
657 4124 677 4154 ‘
700 4125 722 4177 ?
750 4124 985 4193 nunquid
1019 4126 1069 4177 in
1100 4124 1203 4177 illis
1230 4126 1393 4190 gestis
1419 4125 1558 4191 apud
1606 4123 1849 4177 Photium

272 4224 327 4268 et
356 4216 690 4269 Eustachium
736 4216 756 4245 ⁸
793 4227 949 4284 atque
982 4215 1231 4269 Uranium
1266 4213 1459 4267 habitis
1501 4215 1605 4267 tale
1646 4213 1849 4281 aliqud

273 4306 615 4359 continetur?
644 4309 722 4359 Au
759 4307 839 4359 his
864 4306 1115 4359 omnibus
1161 4319 1258 4357 nos
1283 4305 1674 4366 delicientibus,
1725 4304 1849 4357 illud

280 4398 513 4466 ineptum
555 4410 740 4452 contra
772 4399 1237 4466 respondebimus,
1268 4399 1408 4467 quod
1459 4399 1511 4451 in
1573 4412 1669 4451 suo
1716 4397 1852 4451 libro

276 4503 500 4556 pOSttere
529 4490 770 4543 dicentes
796 4509 810 4542 :
844 4490 1057 4544 Inventa
1091 4499 1174 4543 est
1204 4497 1379 4542 autem
1414 4488 1464 4541 in
1494 4488 1696 4541 eisdem
1721 4488 1850 4541 actis

272 4582 410 4648 apud
430 4582 671 4635 l’hotium
689 4593 741 4635 et
759 4584 1101 4636 Eustachium
1127 4582 1343 4647 habitis,
1372 4590 1426 4635 et
1444 4580 1733 4634 satisfactio
1749 4582 1851 4635 lbte

272 4674 337 4728 ad
366 4675 481 4728 luce
501 4675 748 4738 dicentis,
780 4678 1052 4744 quiapost
1084 4676 1378 4729 unitionem
1419 4676 1767 4729 Orientalium
1794 4684 1851 4730 et

272 4765 443 4820 sancti
470 4766 649 4835 Cyrilli
681 4769 878 4821 nullam
913 4768 1157 4833 injuriam
1204 4768 1466 4821 adversus
1491 4782 1612 4820 eum
1644 4767 1849 4819 fecerit.

279 4857 346 4909 Et
373 4858 653 4924 adjiciunt:
674 4860 728 4913 Si
752 4876 882 4926 ergo
910 4860 1120 4927 impiam
1148 4859 1425 4926 epistolam
1461 4858 1855 4927 post'unit'wnis

281 4960 488 5018 tempus
512 4952 788 5018 significat,
811 4953 927 5007 lbas
943 4964 1118 5007 autem
1136 4953 1393 5023 dicitquia
1414 4961 1534 5021 post
1561 4954 1855 5006 unitionem

348 5188 375 5215 λ
418 5177 575 5233 Forte
598 5179 805 5248 credent.

346 5248 376 5289 δ
418 5250 528 5303 Non
555 5258 739 5303 ausum
761 5245 884 5305 esse
913 5265 1063 5303 suam
1083 5250 1262 5303 dicere
1289 5248 1477 5303 astruit
1504 5248 1663 5301 etiam
1688 5245 1853 5301 Justi-

279 5323 468 5375 nianns
492 5322 543 5373 in
572 5323 767 5382 edicto.
791 5325 842 5375 ἐν
859 5319 1153 5381 Χαλκηδόνι,
1179 5323 1533 5392 κατηγορηθεὶς
1555 5317 1696 5378 "Wa;
1725 5320 1854 5387 μετά

276 5400 367 5452 τήν
396 5393 671 5465 ἀνάγνωσιν
691 5402 782 5453 τῆς
803 5392 1021 5453 ἀσεϐοῦς
1050 5394 1315 5451 ἐπιστολῆς
1347 5391 1438 5443 oon
1460 5392 1702 5460 ἐτόλμησε
1728 5391 1856 5444 ταύ-

354 5567 370 5597 ¹
410 5564 541 5619 Cod.
574 5564 793 5631 Veron.,
829 5563 1182 5632 pronuntiasse
1215 5562 1353 5627 quod
1375 5560 1658 5613 orthodoxa
1685 5560 1861 5629 fuerit,

282 5647 326 5689 et
355 5637 535 5688 iterum
565 5636 627 5687 de
652 5638 761 5705 ipsa
808 5636 1013 5704 quidem
1067 5633 1284 5702 epistola
1333 5632 1585 5702 synodum
1632 5646 1863 5701 pronun-

284 5708 323 5761 ti
343 5722 438 5775 .sse
462 5722 478 5767 ,'
503 5708 590 5758 sed
619 5707 671 5758 in
696 5707 924 5775 synodis,
955 5714 1060 5759 etc.

354 5777 376 5807 '
417 5773 560 5845 idem
590 5773 735 5830 coda
765 5776 945 5845 synodi
965 5774 1239 5828 sententiae.

360 5845 382 5878 ⁸
418 5844 565 5901 Idem
594 5846 742 5922 cod.z
763 5841 875 5917 ejus
896 5846 1052 5917 fuisse
1081 5846 1226 5899 illam
1246 5842 1532 5916 epistolam,
1567 5852 1653 5896 aut
1684 5841 1863 5895 saltem

1950 3309 2121 3362 dixit:
2156 3308 2266 3378 Ego
2298 3318 2572 3375 postquam
2602 3304 2833 3372 capitula
2866 3317 2958 3355 sua
3003 3302 3379 3369 interpretatus
3410 3308 3531 3365 est,

1953 3409 2160 3453 tantum
2215 3398 2460 3452 abstineo
2510 3398 2577 3449 ab
2605 3396 2947 3450 anathemate
2977 3393 3115 3450 viri:
3163 3404 3217 3447 et
3269 3393 3407 3461 quod
3450 3392 3533 3448 isti

1949 3508 2072 3547 eum
2100 3493 2298 3546 dixisse
2328 3501 2639 3558 posuerunt,
2672 3489 2791 3558 quia
2827 3497 2947 3557 post
2975 3486 3263 3540 unitionem
3292 3487 3535 3540 Orienta-

1950 3586 2079 3638 lium
2102 3593 2156 3638 et
2184 3583 2353 3639 sancti
2378 3582 2581 3653 Cyrilli,
2614 3582 2813 3635 nullam
2846 3580 3095 3647 injuriam
3121 3580 3376 3632 advt-rsus
3407 3591 3531 3632 eum

1955 3677 2161 3744 fecerit,
2192 3676 2342 3746 quasi
2371 3687 2705 3743 consequens
2738 3672 2825 3739 sit,
2860 3681 2916 3724 ut
2946 3672 3067 3740 quia
3094 3671 3202 3739 jam
3236 3669 3535 3723 abstinuis—

1952 3781 2034 3823 set
2067 3771 2184 3825 Ibas
2212 3771 2279 3821 ab
2300 3767 2634 3821 anathemate
2662 3765 2799 3818 beati
2823 3765 3027 3834 Cyrilli,
3050 3763 3167 3816 ideo
3192 3776 3288 3814 nec
3315 3761 3536 3813 credere

1952 3872 2099 3924 ante,
2155 3876 2255 3914 nec
2302 3872 2485 3926 p05tea
2533 3857 2713 3910 dicere
2773 3856 3050 3924 potuisset,
3082 3851 3223 3920 quod
3258 3852 3536 3919 aliquando

1956 3954 2109 4008 fuerit
2133 3953 2331 4019 lapsus,
2360 3966 2514 4017 quem
2550 3950 2721 4017 petius
2751 3963 3064 4001 conversum
3096 3944 3163 3998 ab
3199 3959 3382 3997 errore
3410 3943 3538 3997 false

1956 4056 2250 4115 potaverat.
2285 4043 2350 4096 Et
2380 4052 2660 4110 pmpterea
2698 4040 2833 4093 istud
2862 4054 3071 4109 quoque
3102 4037 3526 4091 commentitium

1956 4139 2145 4191 melius
2176 4152 2269 4188 nos
2300 4136 2436 4188 ultro
2459 4135 2779 4202 respuimus,
2806 4149 2963 4201 quam
3011 4132 3078 4185 ab
3108 4131 3238 4197 ipsis
3267 4146 3297 4183 a
3338 4131 3534 4198 quibus

1954 4229 2295 4282 adinventum
2328 4236 2427 4288 est,
2464 4240 2583 4278 cum
2619 4234 2798 4276 nostra
2837 4222 3178 4276 confessimte
3228 4230 3411 4289 postea
3454 4235 3539 4272 re-

1956 4320 2188 4374 fellatur.
2214 4317 2268 4372 Si
2298 4328 2472 4369 autem
2499 4315 2713 4385 quaeris,
2739 4315 2995 4384 Anguste,
3044 4327 3370 4383 cognoscere
3401 4311 3539 4379 quod

1957 4428 2058 4467 non
2091 4413 2207 4465 istis
2230 4409 2471 4463 obscuris
2518 4419 2571 4461 et
2617 4408 2851 4477 captitiis
2893 4406 3397 4469 adiuventtunibus,
3445 4404 3541 4457 sed

1956 4522 2049 4561 sua
2125 4516 2317 4574 sponte
2381 4500 2681 4570 conspicuis
2739 4511 2793 4555 et
2851 4499 3185 4553 evidentibus
3251 4498 3541 4550 documen-

1882 4602 2029 4674 Dtis
2064 4641 2078 4665 ,
2141 4616 2260 4669 qute
2328 4613 2452 4651 vere
2501 4598 2633 4649 facta
2686 4605 2768 4649 est
2841 4597 3051 4664 negatio
3109 4594 3541 4660 demtmsretur;

1957 4690 2192 4758 attende,
2223 4704 2427 4759 qua-su,
2458 4686 2629 4755 qualis
2671 4686 2827 4738 fuerit
2869 4700 3030 4751 super
3076 4684 3179 4736 alio
3218 4684 3452 4752 capitulo
3490 4680 3542 4740 in

1960 4782 2146 4838 eadem
2179 4783 2545 4835 controversia
2575 4778 2738 4843 ipsius
2768 4777 2871 4831 Iba:
2897 4776 3129 4844 negatio,
3174 4774 3345 4842 qualis
3385 4774 3542 4835 etiam

1963 4885 2146 4931 contra
2174 4872 2449 4939 replicatio
2480 4880 2874 4933 accusatorum,
2903 4869 3077 4937 qualis
3106 4864 3543 4931 interlocutiojn-

1966 4969 2163 5024 dicum.
2198 4965 2350 5021 Unde
2372 4965 2730 5019 necessarium
2761 4964 2885 5017 duxi
2915 4979 2982 5017 ex
3010 4960 3210 5016 eisdem
3248 4960 3414 5029 gestis
3447 4957 3544 5012 ali-

1956 5194 2045 5233 την
2074 5174 2447 5227 οἰκειώσασθαι.
2478 5168 2739 5225 Caeterum
2770 5169 2898 5222 nihil
2923 5168 3027 5222 tale
3049 5167 3100 5221 in
3130 5166 3335 5235 synodo
3361 5183 3394 5220 v
3414 5181 3543 5219 conc

1957 5247 2187 5311 tingitur.
2225 5245 2285 5296 Et
2316 5242 2499 5295 frivola
2531 5250 2614 5295 est
2642 5256 2759 5310 quze
2785 5241 3068 5309 opponitur
3086 5237 3414 5307 conjectura,
3435 5236 3544 5292 sci-

1957 5323 2116 5381 teque
2140 5329 2169 5365 a
2203 5312 2451 5367 Facundo
2481 5312 2760 5365 refellitur.
3122 5342 3128 5349 -

2034 5395 2056 5424 ο
2100 5383 2280 5450 Forte,
2305 5384 2487 5437 iterum
2512 5383 2619 5435 dixi
2644 5382 2786 5444 quia.

1966 5557 2086 5627 quia
2112 5557 2220 5624 ipse
2244 5555 2361 5610 lbos
2382 5571 2527 5608 suam
2556 5551 3110 5627 fuisse‘tn/icialusest.

2041 5625 2061 5655 ⁸
2102 5622 2240 5679 lileut
2275 5627 2418 5691 eud.,
2450 5622 2796 5694 ﬂagitantibus
2820 5625 3127 5694 ostendimus
3149 5624 3175 5677 .’

2041 5697 2062 5727 '
2102 5697 2241 5749 ldem
2270 5697 2414 5758 cod.,
2450 5691 2768 5755 Eustacium,
2793 5694 2873 5748 vel
2899 5691 3245 5749 Eustatltinnt.
3268 5693 3362 5751 Sic
3382 5694 3547 5756 etiam

1970 5768 2128 5837 paulo
2158 5766 2292 5821 infra
2324 5778 2377 5837 et
2403 5766 2526 5820 alibi
2544 5764 2831 5837 legendum
2857 5775 2959 5819 est.

2041 5837 2063 5868 ⁸
2103 5837 2243 5892 [dum
2274 5836 2421 5905 cod.,
2452 5836 2647 5903 etdixi,
2677 5836 2785 5889 dixi
2809 5837 2951 5906 quia,
2980 5844 3086 5893 etc.
