4070 6352
508 252 613 308 635

1611 245 1908 303 ΕΑίὶυδυι
1948 245 2162 301 EPISC.
2200 242 2700 303 llERMIANENSIS

3744 250 3828 304 ὥς)

507 382 614 443 qua
641 366 694 422 in
743 365 884 421 hunc
911 365 1100 420 librum
1129 364 1365 433 exempli
1412 363 1582 431 gratia
1631 364 1959 429 transferre,
2007 362 2096 417 ubi
2128 364 2178 423 Α
2206 378 2327 419 esse
2357 368 2655 434 negaverit.
2682 366 2740 421 Si
2771 338 2947 423 autem
2975 368 3028 423 in
3055 382 3260 424 eorum
3287 362 3522 435 judicio
3557 382 3664 420 non
3689 366 3829 424 doce-

513 460 799 529 prasdictus
839 461 1030 526 Maras,
1063 475 1199 515 unus
1228 476 1294 514 ex
1333 461 1738 515 accusatoribus
1781 459 1947 528 ipsius
1990 456 2093 511 ibas

466 602 469 611 .
511 555 770 626 episeopi,
800 554 935 608 dixit
981 554 1038 607 ‘z
1091 572 1108 604 t
1167 552 1303 621 Quid
1354 554 1519 608 habes
1566 554 1633 609 de
1682 554 1784 608 iide
1836 550 2095 607 movere?

513 647 689 702 Maras
717 646 990 716 alloquens
1017 644 1150 700 dixit
1178 655 1202 682 ι
1231 663 1242 697 :
1278 644 1392 699 Non
1446 645 1659 699 invideo
1688 643 1907 700 Christo
1958 642 2097 696 facta

514 738 646 804 Deo;
676 740 726 793 in
757 747 1013 807 quantum
1041 738 1181 791 enim
1210 737 1323 805 ipse
1359 737 1530 792 factus
1566 747 1671 801 est,
1704 746 1761 792 et
1800 752 1899 793 e:o
1930 736 2099 789 factus

513 844 653 884 sum.
688 827 1128 883 Reverentissimi
1174 828 1413 896 episcopi
1455 827 1707 881 dixerunt
1761 842 1779 881 :
1829 826 2100 881 Confitea-

514 930 602 975 tur
624 922 643 951 ¹
672 920 1137 975 reverentissimus
1180 918 1319 985 ibas,
1343 919 1389 974 si
1410 918 1523 973 haec
1545 919 1612 973 ab
1630 935 1697 973 eo
1723 918 1924 985 prolata
1954 928 2100 970 sunt.

515 1007 999 1065 Reverentissimus
1030 1009 1311 1078 episcopus
1345 1010 1517 1064 dixit:
1568 1009 1864 1065 Anathema
1922 1010 1971 1064 ei
2017 1008 2104 1077 qui

514 1098 651 1154 dixit
693 1109 747 1154 et
788 1102 837 1155 ei
881 1102 971 1170 qui
1014 1101 1407 1166 calumniatur,
1454 1117 1554 1171 ego
1601 1102 1747 1156 enim
1808 1116 1912 1155 non
1967 1100 2103 1155 dixi.

518 1190 737 1246 Samuel
767 1190 938 1245 dixit:
982 1191 1170 1246 Testes
1211 1193 1365 1247 nobis
1392 1194 1630 1247 existunt
1675 1192 1831 1261 hujus
1882 1195 1994 1256 rei,
2040 1208 2105 1246 ex

517 1284 713 1352 quibus
738 1283 823 1337 hic
844 1292 966 1337 sunt
990 1302 1001 1337 :
1018 1298 1268 1353 rogamus
1297 1286 1393 1338 hos
1408 1302 1433 1335 ιι
1451 1285 1601 1339 vobis
1622 1294 1869 1340 evocatos
1886 1284 2106 1352 suscipi,

519 1382 576 1427 et
600 1375 810 1443 propria
826 1390 952 1430 voce
968 1376 1147 1430 testari
1172 1376 1212 1429 si
1231 1392 1352 1431 eum
1367 1376 1386 1407 ³
1407 1377 1673 1431 audierint
1690 1377 1803 1431 hac
1817 1377 2106 1430 dicentem.

522 1465 1003 1522 Reverentissimus
1032 1468 1149 1522 ibas
1175 1468 1458 1536 episcouus
1500 1468 1670 1523 dixit:
1706 1468 1893 1523 Decies
1918 1468 2111 1522 millies

522 1572 622 1625 ego
642 1562 807 1613 secari
834 1560 1021 1628 patior,
1051 1576 1121 1630 qu
1142 1576 1211 1614 un
1242 1560 1420 1615 dicere
1453 1561 1554 1614 hoc
1572 1561 1824 1627 verbum:
1849 1560 1990 1615 absit
2014 1559 2113 1614 hoc

521 1652 746 1707 verbum
779 1669 862 1707 me
892 1655 973 1708 vel
1004 1655 1271 1724 cogitare;
1297 1654 1391 1709 sed
1418 1654 1532 1709 scio
1556 1669 1655 1724 ego
1672 1654 1793 1723 quia
1825 1653 2117 1722 unusquis-

521 1758 630 1811 que
649 1757 714 1798 ex
742 1742 1083 1799 confessione
1103 1746 1364 1799 salvatur.
1401 1744 1839 1800 lleverentissimi
1865 1741 2109 1812 episcopi
2148 1750 2189 1808 Β
2221 1746 2408 1811 rando,
2440 1748 2561 1813 quia
2594 1746 2724 1798 nulli
2755 1744 2957 1800 conscii
3002 1755 3126 1799 sunt
3170 1744 3467 1798 adversus
3519 1758 3645 1798 eum
3695 1743 3822 1797 facta
3916 1768 3917 1771 η

523 1836 814 1892 dixerunt:
846 1838 903 1893 lu
933 1838 1232 1892 ecclesiane
1277 1836 1414 1893 dicis
1461 1837 1957 1893 reverentissimum
2001 1836 2112 1903 epi—

525 1942 748 1999 scopum
777 1929 920 1983 ibam
969 1928 1086 1984 haec
1116 1929 1356 1985 dixisse?
1397 1928 1613 1985 Samuel
1662 1928 1830 1993 dix's:
1873 1927 2115 1983 Consue—

530 2019 661 2074 tudo
691 2030 773 2075 est
807 2020 862 2074 in
889 2018 977 2076 die
1006 2030 1194 2074 sancto
1236 2020 1477 2085 Paschm,
1508 2029 1599 2074 aut
1648 2029 1772 2075 ante
1815 2018 1957 2073 diem
1988 2017 2117 2073 (iure

531 2129 655 2169 eum
685 2113 752 2169 de
784 2129 942 2168 manu
974 2113 1183 2170 clericis
1232 2113 1476 2183 quaedam
1507 2126 1603 2181 pro
1632 2111 1953 2166 festivitate:
1995 2108 2119 2165 inde

529 2219 650 2260 cum
678 2204 794 2259 hzec
823 2206 949 2259 dare
981 2204 1189 2259 futurus
1216 2214 1379 2270 esset,
1423 2202 1711 2273 alloquitur
1756 2200 2024 2271 primitus,
2066 2210 2121 2255 et

531 2296 609 2352 sic
633 2296 746 2350 dat.
774 2297 1049 2351 Allocutus
1077 2305 1160 2351 est
1188 2305 1366 2351 autem
1393 2296 1498 2349 hoc
1537 2305 1591 2349 et
1632 2308 1815 2349 coram
1869 2291 2120 2346 omnibus

530 2397 584 2444 et
627 2389 978 2458 prmsentibus
1024 2389 1263 2457 clericis,
1314 2396 1372 2441 ut
1418 2389 1725 2455 acciperent
1772 2398 1833 2438 ea
1875 2398 1995 2453 qua:
2026 2398 2122 2450 pro

533 2480 821 2537 festivitate
847 2480 1085 2535 dantur:
1112 2487 1168 2535 et
1193 2479 1544 2536 convincetur
1570 2478 1639 2532 ab
1671 2476 1938 2547 aliquibus
1963 2489 2031 2530 ex
2058 2474 2123 2533 iis

534 2576 749 2630 clericis
782 2574 868 2629 hic
893 2575 1176 2639 stantibus,
1211 2575 1300 2644 qui
1332 2573 1433 2629 hoc
1462 2573 1529 2627 ab
1574 2573 1680 2629 isto
1720 2571 2004 2626 audierunt
2032 2569 2116 2624 di-

535 2676 708 2722 ctum.
738 2666 1176 2722 Reverentissimi
1207 2664 1449 2736 episcopi
1483 2663 1733 2720 dixerunt
1754 2680 1769 2717 :
1790 2664 1930 2718 Ante
1959 2676 2128 2730 quan-

534 2766 643 2812 tum
676 2767 885 2826 tempus
912 2757 1028 2811 haec
1053 2756 1254 2811 dixisse
1281 2756 1776 2811 reverentissimum
1808 2755 1952 2809 ibam
1999 2754 2119 2820 epi-

534 2863 754 2919 scopum
783 2848 1088 2919 profiteris?
1115 2846 1332 2902 Samuel
1362 2847 1514 2912 dixit,
1552 2847 1690 2903 Sunt
1720 2856 1828 2899 tres
1848 2843 1974 2898 anui
2009 2844 2128 2912 plus

536 2942 735 3007 minus,
763 2942 903 3013 quod
944 2942 1085 2997 dicta
1108 2949 1253 2996 sunt.
1285 2960 1304 2993 ι
1340 2940 1608 3004 Attendis,
1639 2940 1895 3007 Auguste,
1937 2951 2128 3006 quem-

538 3033 824 3088 admodum
876 3032 1024 3101 prius
1075 3047 1103 3085 a
1153 3030 1429 3101 judicibus
1480 3031 1840 3098 interrogatus
1883 3027 1954 3081 sit
2013 3027 2130 3080 ibas

539 3124 839 3194 episc0pus,
894 3134 1069 3178 utrum
1117 3124 1184 3178 ab
1232 3138 1300 3177 eo
1348 3123 1554 3193 prolata
1595 3122 1665 3176 sit
1727 3121 1818 3174 illa
1883 3119 2134 3187 blasphe-

546 3218 690 3282 mia;
720 3217 1169 3286 quemadmodum
1219 3218 1379 3271 etiam
1432 3225 1771 3270 accusatores
1817 3213 1839 3245 ⁸
1878 3213 2134 3268 adversus

542 3322 664 3363 eum
720 3316 884 3361 teSIes
958 3307 1179 3374 produci
1252 3308 1603 3377 petiverunt;
1678 3303 2132 3374 quemadmodum

544 3396 749 3469 Iudices
796 3399 1106 3463 quaesierint
1164 3400 1232 3453 ab
1282 3398 1727 3463 accusatoribus,
1796 3410 1904 3464 quo
1974 3395 2134 3462 loco,

545 3503 650 3559 quo
702 3498 963 3557 tempore,
993 3490 1186 3559 quibus
1228 3487 1585 3558 praesentibus
1624 3487 1763 3541 hanc
1793 3502 1912 3541 eam
1947 3487 1968 3518 '
1998 3487 2139 3541 blas-

540 3579 815 3647 phemiam
871 3578 1111 3633 dicerent
1168 3580 1496 3649 protulisse:
1549 3587 1604 3632 et
1647 3578 1725 3631 illi
1794 3577 2135 3647 pertinaces,

547 3679 601 3723 et
647 3668 818 3724 locum
870 3669 1175 3739 designant,
1207 3678 1263 3724 et
1312 3680 1519 3737 tempus
1571 3679 1891 3732 memorant,
1935 3676 1992 3723 et
2035 3678 2140 3722 tes-

550 3769 629 3815 tes
674 3761 1041 3830 pronuntiant,
1097 3771 1151 3816 et
1197 3761 1408 3832 quoties
1450 3760 1563 3814 haec
1607 3761 1769 3827 dicta,
1801 3760 2014 3829 quoties
2055 3775 2142 3813 re-

550 3850 738 3920 plicata
770 3852 901 3915 sint,
947 3851 1183 3920 ipsorum
1238 3859 1510 3922 gestorum
1554 3861 1749 3906 Caetera
1792 3852 1922 3904 Satis
1959 3860 2142 3904 osten-

551 3941 702 3996 dunt.
734 3941 867 4009 Quid
894 3942 997 3997 tale
1022 3942 1355 4011 potuerimus
1388 3941 1614 4009 probare
1663 3956 1826 4010 super
1876 3941 1967 3995 illa
2021 3942 2142 4010 epi-

554 4032 692 4086 stola
726 4033 944 4099 factum,
1005 4047 1058 4087 ut
1088 4033 1331 4089 dicamus
1371 4032 1512 4103 quod
1543 4048 1660 4088 eam
1703 4034 1992 4101 prmdictus
2025 4033 2142 4088 llias

553 4138 700 4179 suam
731 4125 893 4181 fuisse
925 4129 1215 4195 negaverit,
1238 4142 1397 4196 quam
1430 4127 1481 4180 in
1517 4136 1722 4181 tantum
1763 4136 1820 4181 et
1862 4128 1961 4195 ipsi
2000 4127 2145 4195 judi-

554 4232 643 4274 crs
673 4219 785 4285 ejus
816 4218 977 4274 fuisse
1002 4219 1115 4290 jam
1158 4206 1440 4284 noverant,
1471 4228 1524 4273 ut
1564 4235 1661 4273 nec
1701 4219 2143 4287 interrogandum

555 4326 674 4364 cum
693 4323 940 4380 putarent
957 4324 1132 4366 utrum
1155 4313 1321 4381 ipsius
1345 4312 1533 4367 fuerit?
1565 4311 1780 4367 Frustra
1795 4314 1991 4382 itaque.
2009 4312 2147 4366 sicut

557 4404 690 4467 dixi,
722 4405 953 4461 fautores
984 4407 1357 4461 haereticorum
1388 4421 1488 4459 nos
1532 4406 1791 4458 induet-re
1835 4404 2141 4470 voluerant,

2198 465 2282 510 tur
2312 457 2430 512 ibas
2458 472 2680 527 negasse
2709 458 2850 528 quod
2885 458 3050 524 ipsius
3079 458 3259 514 fuerit
3296 457 3401 511 illa
3422 457 3690 524 cpistola,
3713 476 3831 528 que-

2199 551 2361 605 modo
2413 550 2638 605 istorum
2677 553 3018 607 suasionibus
3067 552 3527 615 acut-iacentes
3596 551 3823 608 dicemus

2200 645 2322 714 quia
2346 659 2488 707 eam,
2518 644 2659 712 quod
2688 642 2834 712 prius
2861 658 2965 697 non
2996 642 3228 706 fecerat,
3270 650 3480 709 postea
3535 641 3591 695 in
3642 644 3830 712 synodo

2203 751 2353 797 suam
2386 734 2550 789 fuisse
2581 734 2888 801 denegavit,
2918 733 3006 789 ubi
3036 734 3223 801 potius
3279 746 3472 797 super
3526 731 3642 800 ipsa
3687 735 3819 789 inve-

2207 826 2423 881 niuntur
2454 826 2673 894 prolatae
2720 830 3021 887 sententias.
3069 837 3125 881 et
3158 825 3329 880 idem
3375 824 3512 878 lbas
3563 826 3828 894 episcopus

2205 921 2323 990 ejus
2351 921 2643 975 reiectione
2666 922 2959 989 purgatur?
2981 920 3112 974 Nam
3142 930 3205 975 et
3236 920 3356 972 hoc
3390 920 3447 972 in
3483 933 3590 971 suo
3618 917 3750 972 libro
3769 920 3825 975 ita

2208 1014 2458 1067 dixerunt
2484 1030 2495 1064 :
2532 1030 2550 1062 ι
2580 1011 2684 1066 Sed
2713 1013 2876 1066 etiam
2906 1012 2959 1067 in
2986 1022 3173 1067 sancta
3194 1010 3669 1065 Citalcedonensi
3688 1027 3827 1081 synoo

2208 1106 2278 1158 do
2306 1104 2493 1159 volens
2520 1104 2636 1157 lbas
2662 1104 2886 1157 liberum
2912 1118 2973 1158 se
3002 1103 3177 1170 ipsum
3218 1103 3298 1158 de
3333 1103 3701 1157 accusatione
3737 1105 3827 1173 cpio

2210 1197 2363 1249 stulte
2389 1194 2780 1259 demonstrare,
2809 1206 2929 1262 post
2963 1195 3339 1250 relectionem
3391 1196 3675 1264 ejusdem,
3724 1213 3827 1249 mox

2213 1287 2514 1354 hujusmodi
2542 1286 2882 1341 sermonibus
2914 1288 3028 1341 haec
3047 1289 3121 1341 ait
3146 1304 3160 1339 :
3188 1286 3422 1342 Jubete
3449 1286 3623 1354 relegi
3652 1286 3825 1342 litteras

2215 1381 2531 1434 clericorum
2566 1380 3058 1441 Edessenorum,ut
3078 1379 3454 1449 cognoscatis
3503 1379 3629 1446 quia
3670 1379 3733 1431 ah
3758 1379 3825 1431 his

2216 1487 2333 1539 qua:
2370 1470 2498 1524 mihi
2531 1472 2675 1525 illata
2708 1483 2829 1524 sunt
2875 1471 3087 1526 alienus
3123 1486 3277 1538 sum,
3335 1479 3400 1524 et
3452 1470 3570 1523 vim
3618 1471 3823 1538 pertuli:

2218 1572 2273 1618 et
2296 1565 2496 1618 reiecta
2524 1574 2607 1617 est
2627 1578 2746 1631 qua:
2775 1564 2900 1617 data
2925 1571 3009 1618 est
3037 1562 3108 1617 ab
3135 1578 3203 1617 eo
3238 1560 3499 1629 epistola
3529 1562 3822 1614 clericorurn

2222 1654 2642 1719 Edessenorutn,
2676 1656 2727 1708 in
2754 1670 2857 1723 qua
2888 1654 3339 1709 testiﬁcabar-tur
3382 1652 3441 1706 ei
3476 1666 3604 1705 cum
3647 1651 3823 1720 jureju-

2219 1838 2592 1903 accusationis,
2627 1853 2801 1907 neque
2815 1846 3144 1908 cognoscunt
3159 1852 3293 1891 eum
3320 1834 3674 1889 contrarium
3690 1833 3820 1903 quid-

2216 1930 2340 1984 dam
2382 1940 2544 1984 recta
2592 1929 2788 1985 fecisse
2830 1926 2975 1982 ﬁdei.
3011 1943 3034 1980 ι
3083 1927 3140 1981 In
3174 1927 3391 1995 quibus
3447 1924 3657 1989 verbis,
3710 1923 3817 1979 illud

2220 2025 2367 2094 prius
2392 2022 2777 2079 advertendum
2807 2031 2913 2088 est,
2936 2020 3079 2090 quod
3113 2020 3185 2075 ab
3215 2020 3499 2075 illusione
3528 2017 3687 2072 solita
3728 2031 3817 2073 non

2221 2116 2494 2181 recedant,
2518 2127 2573 2169 ut
2604 2116 2748 2170 illam
2778 2115 3096 2182 scripturam
3116 2156 3132 2181 ,
3165 2128 3341 2182 quam
3379 2128 3485 2183 pro
3538 2124 3815 2166 memorato

2222 2209 2308 2263 lha
2333 2207 2509 2261 omnis
2528 2208 2705 2262 clerus
2739 2207 3028 2261 Edessena:
3073 2206 3319 2261 civitatis
3371 2204 3600 2267 obtulit,
3653 2202 3818 2271 epistu-

2223 2302 2329 2356 lam
2374 2299 2716 2368 appellent',
2750 2299 2996 2353 volentes
3047 2313 3144 2367 per
3189 2297 3462 2364 epistnlce
3516 2308 3726 2356 nomen,
3769 2293 3810 2345 in

2224 2392 2367 2446 aliud
2393 2392 2546 2445 nobis
2574 2400 2889 2444 convertere
2913 2390 3236 2443 sententiam
3263 2387 3500 2459 synodi,
3532 2401 3652 2455 qua:
3684 2397 3817 2452 super

2224 2484 2452 2550 epistola
2484 2484 2652 2551 ipsius
2692 2483 2797 2537 Iba:
2829 2482 3035 2552 prolata
3073 2492 3196 2537 est:
3248 2490 3315 2535 ut
3362 2478 3657 2555 credentes
3696 2479 3812 2547 quoi

2226 2578 2373 2634 illam
2406 2577 2815 2645 postulationem
2836 2585 2888 2630 et
2910 2575 3361 2644 deprecationem
3386 2572 3525 2628 cieri
3554 2571 3813 2635 Edesseni,

2227 2665 2403 2735 potius
2449 2680 2608 2734 quam
2675 2674 3025 2719 memoratam
3072 2664 3368 2733 epistolam
3397 2702 3417 2730 ,
3474 2661 3808 2732 pronuntiavit

2230 2756 2607 2817 orthodoxam.
2638 2755 2693 2809 in
2716 2754 3226 2810 condemnationem
3253 2755 3383 2825 ejus
3414 2754 3802 2808 adducerentur.

2234 2848 2434 2903 Deinde
2479 2847 2753 2917 quomodo
2783 2848 2850 2901 ad
2900 2847 3316 2918 denegationem
3374 2847 3551 2912 ipsius
3599 2843 3808 2912 epistola

2232 2940 2410 2995 omnis
2438 2939 2565 2994 eieci
2599 2938 2854 2994 Edesseni
2901 2940 3264 2994 testimonium
3299 2949 3664 3007 quereretur,
3703 2950 3804 2988 cum

2235 3040 2574 3085 accusatores
2603 3045 2709 3085 non
2726 3031 2966 3098 epistola:
2993 3030 3058 3084 ad
3078 3031 3263 3084 Marim
3292 3031 3546 3099 scriptae,
3588 3026 3678 3084 sed
3698 3025 3807 3080 illius

2159 3126 2204 3188 C
2239 3122 2634 3190 insuspicabiiis
2670 3121 3040 3189 blasphemiae,
3058 3122 3291 3176 clericos
3336 3120 3646 3176 Edesseuos
3672 3125 3808 3171 testes

2238 3214 2401 3268 fuisse
2431 3215 2637 3268 mentiti
2664 3214 2814 3267 sint?
2862 3214 2918 3267 in
2946 3213 3039 3267 illo
3068 3214 3248 3283 itaque
3278 3214 3537 3281 capitulo,
3558 3224 3726 3266 eorum
3751 3220 3806 3261 te.

2237 3304 2550 3358 stimonium
2581 3304 2788 3375 synodo
2816 3305 2982 3373 relegi
3006 3306 3379 3359 necessarium
3412 3304 3537 3369 fuit,
3571 3303 3622 3355 in
3643 3315 3735 3369 quo
3755 3298 3805 3351 ab

2239 3397 2644 3451 accusatoribus
2666 3395 2883 3450 fuerant
2910 3398 3193 3450 nominati.
3223 3396 3477 3465 Denique
3500 3409 3599 3448 nec
3622 3390 3710 3461 ipsi
3754 3388 3806 3442 dt

2243 3490 2341 3542 hac
2369 3489 2617 3556 epistola,
2644 3488 2738 3542 sed
2770 3499 2823 3542 et
2848 3488 2917 3543 de
2941 3488 3029 3541 illa
3058 3498 3269 3542 tantum
3297 3484 3634 3555 blasphemia
3656 3478 3804 3535 testati

2242 3590 2388 3635 sunt.
2413 3580 2542 3634 Nam
2569 3579 2856 3634 ostendant
2878 3580 3033 3635 nobis
3057 3580 3111 3633 in
3132 3579 3247 3649 ipsa
3272 3577 3642 3647 postulatione
3665 3583 3711 3627 et
3727 3572 3804 3624 de-

2242 3673 2572 3740 precatione,
2623 3672 2715 3727 uhi
2761 3672 2996 3727 dixerint
3034 3673 3176 3742 quod
3228 3672 3381 3726 illam
3406 3672 3429 3703 "
3458 3669 3723 3736 epistolam
3761 3665 3803 3716 in

2238 3766 2442 3835 judicio
2490 3766 3046 3821 reverentissimewm
3089 3765 3264 3821 Pbolii
3294 3774 3352 3819 et
3378 3760 3642 3819 Eustachii
3678 3768 3804 3826 atque

2246 3860 2429 3915 Uranii
2461 3874 2564 3913 non
2599 3870 2868 3928 negatam,
2900 3861 2951 3912 in
2983 3859 3191 3928 synodo
3234 3866 3430 3929 postea
3478 3856 3593 3911 lbos
3632 3850 3800 3920 episce-

2246 3967 2344 4021 pus
2372 3967 2523 4005 suam
2550 3950 2710 4005 fuisse
2737 3950 3002 4005 inficiatus
3028 3960 3133 4005 est.
3167 3949 3430 4020 Alioquin
3476 3943 3711 4000 omnibus
3732 3952 3803 4005 ap-

2248 4043 2454 4110 parebit
2479 4042 2621 4112 quod
2653 4042 2721 4095 ad
2752 4041 3085 4096 illudendum
3117 4042 3274 4096 nobis
3308 4044 3410 4097 ista
3441 4031 3795 4094 conﬁnxerint:

2247 4134 2368 4187 utsi
2402 4134 2502 4186 hoc
2532 4132 2871 4187 mendacium
2925 4140 3280 4195 sectaremur,
3329 4140 3517 4201 postea
3559 4137 3653 4180 nos
3694 4133 3799 4173 cou-

2248 4224 2524 4278 viucerent
2570 4233 2732 4291 atque
2770 4221 3163 4276 confunderent.
3207 4237 3271 4276 ex
3324 4216 3618 4273 manifestis
3656 4209 3792 4279 ipsius

2247 4312 2437 4383 synodi
2468 4313 2793 4369 sententiis:
2821 4326 2955 4381 quas
2983 4313 3222 4381 profecto
3254 4312 3335 4365 vel
3372 4311 3418 4364 si
3447 4308 3661 4377 probare
3700 4310 3798 4365 pos-

2248 4406 2437 4469 simus,
2495 4419 2600 4458 non
2631 4405 2699 4459 ab
2736 4404 3005 4466 omnibus,
3060 4402 3155 4458 sed
3182 4418 3211 4455 a
3252 4400 3590 4471 quibusdam,
3617 4396 3638 4426 ⁸
3662 4400 3794 4455 30W

558 4505 615 4548 ut
643 4495 944 4550 diceremus
973 4497 1111 4564 quod
1146 4496 1290 4550 illam
1338 4496 1619 4564 epistolam
1664 4495 1784 4548 [bas
1833 4495 1885 4548 in
1932 4494 2145 4564 judicio
2174 4506 2222 4563 ι)
2250 4497 2491 4550 eamdem
2527 4496 2836 4564 epistolam,
2858 4499 2903 4550 si
2926 4511 3046 4551 eam
3078 4511 3229 4550 suam
3252 4500 3475 4564 negaret
3497 4490 3607 4545 lbas
3628 4484 3794 4551 8ρίκο-
3842 4476 3861 4498 ⁸

560 4585 929 4656 episcoporum
962 4587 1133 4641 l’hotii
1155 4596 1211 4641 et
1240 4586 1512 4641 Eustachii
1558 4597 1717 4657 atque
1757 4587 1938 4643 Uranii
1982 4601 2132 4642 suam

634 4750 660 4778 ι
704 4742 920 4797 flet-tius
980 4743 1030 4797 in
1118 4743 1348 4815 synodo
1399 4741 1820 4815 Chalcedonensi
1867 4758 1880 4791 :
1952 4742 2132 4815 Μάρᾳς

563 4808 690 4867 ιῖπξ·
734 4815 1049 4889 Προσομιλῷν
1103 4808 1257 4889 diu...
1290 4812 1467 4889 Maras
1514 4814 1689 4889 dixit,
1735 4808 2050 4889 Alloquens',
2089 4811 2141 4863 id

562 4895 642 4937 est
703 4882 799 4952 pro
854 4882 1134 4952 concinne,
1192 4885 1339 4938 dixit.
1399 4885 1518 4938 lhas
1560 4884 1839 4947 nimirum,
1890 4882 1956 4934 ad
1985 4896 2143 4950 quem

564 4955 792 5024 pertinet
819 4970 937 5025 qua:
954 4967 1268 5024 sequuntur.
1302 4956 1434 5011 Sunt
1457 4964 1513 5009 et
1535 4955 1638 5009 alia
1659 4964 1767 5008 tum
1800 4953 1851 5008 in
1882 4952 2005 5017 hoc,
2037 4961 2146 5005 tum

635 5092 652 5125 ¹
694 5092 826 5146 Cod.
871 5089 1094 5157 Veram,
1126 5090 1254 5143 dixit
1280 5107 1298 5144 :
1334 5089 1405 5144 De
1431 5090 1533 5159 [ide
1560 5104 1813 5143 movemus
1844 5088 2006 5159 prius.
2040 5087 2141 5140 Re-

564 5163 894 5217 verentiaaimi
922 5162 1143 5231 episCOpi
1174 5162 1412 5215 dixerunt
1433 5157 1456 5216 7:
1482 5160 1620 5227 Quid
1650 5161 1801 5213 habes
1822 5158 1886 5212 de
1913 5157 2013 5221 ﬁde
2041 5174 2147 5208 nta-

565 5239 718 5289 νει-εἷ’
774 5233 953 5287 Maras
1001 5233 1268 5298 alloquens
1316 5232 1470 5297 dixit,
1526 5243 1629 5286 etc.
1684 5231 1995 5284 Consonant
2035 5242 2150 5298 acta

566 5298 1085 5426 synodi’Berytensis
1114 5297 1332 5357 recitata
1358 5303 1409 5357 in
1440 5300 1669 5356 cencilio
1694 5299 2075 5354 Chalcedonen
2110 5297 2152 5361 i,

567 5382 676 5426 act.
741 5382 792 5426 ἱ.

662 5414 676 5427 ι
706 5398 792 5427 Ιυο

567 5382 676 5525 δή.
706 5382 858 5498 1Idem
907 5444 1052 5509 cod.,
1102 5442 1403 5512 conﬁteatur
1457 5443 1622 5512 prius.
1682 5439 1755 5493 ita
1813 5439 1974 5493 etiam
2035 5437 2154 5491 loco

647 5525 756 5568 1|".

569 5525 667 5617 cn“
709 5583 849 5638 Idem
880 5585 1025 5647 cod.,
1055 5601 1156 5638 non
1185 5586 1462 5639 audierint.
1489 5582 1627 5638 Vide
1648 5581 1751 5637 loc.
1783 5580 1877 5634 cit.

646 5656 669 5686 ⁸
711 5655 853 5710 idem
882 5656 1028 5717 cod.,
1051 5656 1352 5725 quemadmo
1372 5657 1479 5707 tum
1496 5662 1543 5708 et
1564 5656 1671 5724 ipse
1691 5650 1943 5723 negaverit
1972 5664 2031 5703 ac
2052 5651 2159 5720 fuco

576 5728 644 5782 rit
671 5736 993 5791 exsecratus;
1016 5727 1440 5797 quemadmodum
1472 5727 1619 5780 etiam
1644 5730 1983 5778 accusatores.

650 5799 672 5831 ³
710 5799 855 5853 idem
886 5799 1035 5868 cod.,
1061 5814 1194 5852 cum.
1974 5826 1975 5829 η

2248 4601 2363 4655 pus.
2402 4587 2607 4641 Dictum
2638 4597 2720 4642 est
2747 4588 2889 4641 enim
2919 4587 3044 4653 illic,
3077 4588 3216 4642 sicut
3263 4600 3424 4655 supra
3463 4577 3792 4636 mentiniruus:
3859 4617 3875 4635 .

2244 4739 2260 4792 ί
2286 4758 2299 4812 ¹ν
2326 4741 2602 4812 εᾳρενίοω
2630 4740 2819 4810 synodi
2845 4741 3151 4812 Berytensis
3177 4749 3354 4806 textu,
3379 4752 3497 4809 qua:
3530 4727 3791 4812 Facundos}

2256 4801 2447 4865 vitiﬂso
2477 4801 2846 4865 codice'usnm
2889 4801 3009 4867 esse
3032 4814 3278 4878 doceant,
3310 4801 3432 4867 cum
3475 4801 3789 4862 emendation

2253 4885 2364 4936 sint
2388 4881 2443 4936 in
2463 4881 2909 4937 Chalcedonensi.

2324 5085 2346 5117 ⁸
2387 5084 2528 5138 idem
2577 5082 2725 5145 cod.,
2769 5083 2984 5136 civitatis
3037 5083 3264 5145 miserat,
3304 5082 3535 5133 vocarent
3572 5060 3790 5145 trifida"

2252 5171 2367 5227 qua:
2389 5135 2464 5227 ibi
2482 5135 2787 5227 "postulatio
2806 5163 2853 5207 et
2869 5135 3169 5227 deprecatio
3191 5135 3449 5227 appellata
3472 5150 3558 5225 off.
3584 5135 3782 5227 φξίῖνξξξς

2327 5228 2346 5257 ⁷
2391 5211 2533 5279 Idem
2565 5226 2711 5285 cod.,
2740 5224 2879 5293 quod
2907 5211 3050 5278 illam
3076 5211 3344 5294 epiatdtam
3372 5234 3470 5273 non
3496 5215 3596 5294 ἔρις

2263 5299 2329 5351 rit
2355 5272 2662 5349 nam;
2672 5272 3400 5357 ‘usus:"statuam
3435 5272 3668 5365 pauenti,
3694 5272 3784 5365 ξξὲ

2264 5350 2397 5435 quod
2428 5365 2571 5419 illum
2592 5366 2653 5418 ab
2692 5382 2752 5419 eo
2788 5350 3158 5432 blasphemiam
3204 5380 3305 5416 non
3344 5355 3602 5435 audierint,
3629 5350 3781 5435 ciliis:

2416 5418 2862 5502 persuadebuutttt
2889 5418 2933 5491 et
2956 5453 3047 5489 nos
3076 5437 3305 5488 dicamus
3332 5428 3464 5508 quod
3487 5435 3607 5493 saepe
3638 5418 3782 5468 dictum

2268 5508 2536 5581 epistolam
2562 5509 2613 5560 in
2643 5509 2839 5581 indicio
2864 5508 3398 5581 reverentissimorum,
3424 5507 3534 5581 cur;

2342 5554 3446 5646 nisi.3.1L:istiuas};itania...
3473 5563 3534 5619 ibi
3561 5554 3775 5646 pratuli:

2271 5629 2567 5705 certu'ntrcst
2595 5629 2783 5712 tamen,
2814 5629 2964 5717 rqqu
2989 5664 3022 5700 a
3064 5629 3438 5716 quibuscuuque
3472 5629 3665 5705 prolem
3705 5629 3780 5673 ποθ

2277 5721 2467 5793 possint
2497 5736 2651 5789 super
2677 5718 2817 5773 illam
2846 5718 3137 5789 epistolam,
3159 5718 3201 5773 si
3228 5732 3360 5782 eam,
3390 5720 3489 5768 etc.

3958 5512 3965 5573 ἐ

3962 5638 3967 5695 ἒ

3960 5696 3965 5735 Ι
