4070 6352
557 262 661 319 859

1656 260 1947 317 FACUNDI
1987 245 2195 318 EPISC.
2240 259 2740 320 nennusessm

3731 274 3815 329 ωο

563 379 797 444 septima
823 390 875 432 et
904 388 1089 432 octava
1107 379 1345 432 sessione
1368 376 1643 431 adiscussa
1671 387 1754 431 est
1782 386 1941 446 atque
1970 376 2137 439 finita,
2170 376 2218 434 A
2245 375 2485 445 ejusdem
2517 382 2743 433 actionis
2786 386 3063 433 continent
3109 386 3266 446 gesta
3300 392 3316 430 :
3360 391 3380 427 ε
3417 375 3554 431 Cum
3582 380 3817 449 legeretur

560 469 760 524 sederit
789 486 803 523 :
837 486 958 522 naut
987 479 1141 523 antea
1172 468 1415 533 Nonnus,
1446 471 1535 539 qui
1571 484 1668 537 pro
1692 485 1757 525 eo
1787 471 1959 523 fuerat
1988 469 2137 524 ordi-

562 572 753 628 natus,
799 563 850 615 in
882 562 1128 615 omnibus
1171 562 1469 617 actionibus
1508 562 1717 617 sedisse
1758 562 2031 631 relegitur.
2080 562 2136 615 in

561 661 716 704 sexto
763 652 959 720 quippe
989 666 1266 717 consessu,
1297 651 1417 704 ildei
1447 651 1757 706 definitione
1799 653 2055 720 perfecta,
2085 660 2141 705 et

561 741 631 793 ab
679 743 927 795 omnibus
974 743 1241 810 episcopis
1293 743 1395 795 rite
1440 742 1760 811 subscripta,
1789 744 2139 796 interlocutus

567 838 651 884 est
682 831 995 899 imperator,
1021 841 1077 885 ut
1104 833 1305 899 aliquot
1332 832 1521 885 diebus
1544 842 1919 899 exspectarem
1953 847 2141 887 omnes

540 912 821 991 episcopi.
846 933 902 976 et
932 924 1148 989 privatze
1183 938 1620 992 quorutncunque
1643 937 1819 975 causa:
1852 922 2047 977 ibidem
2080 923 2141 976 ii-

565 1018 830 1070 nirentnr.
862 1017 1144 1083 Postquam
1177 1016 1336 1085 igitur
1368 1018 1418 1069 in
1451 1026 1635 1069 octava
1667 1016 1908 1072 sessione
1946 1032 2140 1084 purga-

563 1114 650 1161 tus
680 1119 761 1160 est
794 1108 931 1160 idem
967 1108 1103 1172 Ilias,
1141 1108 1225 1160 his
1260 1122 1378 1171 quae
1404 1107 1509 1174 jam
1541 1108 1752 1162 fuerant
1778 1108 2142 1176 superioribus

564 1200 869 1253 actirnitus
919 1200 1134 1251 tlelinita
1178 1197 1531 1267 subscripsit:
1564 1201 1706 1266 quod
1756 1216 1819 1254 ex
1877 1200 2139 1253 sententia

567 1291 739 1344 sancti
792 1293 1018 1344 Anatolii
1061 1292 1638 1354 Constantinopolitani
1692 1293 1953 1359 episcopi,
1985 1307 2141 1359 quam

566 1381 705 1436 inter
730 1382 865 1435 alios
894 1396 1052 1449 soper
1086 1383 1249 1448 ipsius
1278 1384 1379 1436 Iba:
1408 1397 1567 1435 causa
1600 1383 1651 1435 in
1680 1395 1868 1436 octava
1904 1384 2145 1437 sessione

568 1477 821 1545 protulit,
853 1477 1131 1531 evidenter
1177 1478 1507 1541 ostenditur,
1537 1495 1656 1533 cum
1701 1480 1773 1533 ait
1821 1482 1957 1550 (Act.
2008 1480 2142 1547 10):

572 1586 591 1618 ι
638 1569 996 1622 .ludicantinm
1044 1573 1602 1625 reverentissimornm
1637 1575 1957 1627 sententite'
1993 1575 2148 1627 inno-

566 1660 710 1716 xium
733 1661 1108 1715 demonstrant
1131 1665 1273 1718 Ibam
1311 1664 1804 1719 reverentissimum
1828 1666 1895 1719 ab
1920 1664 2002 1720 bis
2030 1683 2149 1734 quas

2240 484 2304 523 ex
2334 469 2521 523 eadem
2565 470 2791 537 cpistola
2833 483 2957 538 pars
2986 483 3104 537 quae
3137 469 3212 521 ita
3247 468 3549 520 continet:
3596 470 3817 535 Quamvis

2242 562 2295 615 in
2329 562 2550 615 Domino
2588 561 2714 617 Jesu
2747 561 2958 617 Christo
2990 560 3083 615 Dei
3114 570 3164 615 et
3196 558 3457 612 homini.
3483 575 3585 613 una
3619 579 3817 629 persona

2240 655 2328 718 sit,
2359 653 2504 707 aliud
2544 664 2719 707 tamen
2760 660 2843 708 est
2879 652 3018 706 unde
3066 652 3116 705 in
3153 662 3402 719 utroque
3443 655 3734 708 communis
3754 670 3820 713 est

2240 745 2592 810 contumelia,
2646 746 2790 798 aliud
2840 744 2984 798 unde
3034 740 3352 796 communis
3406 751 3493 795 est
3541 743 3698 813 gloria
3729 749 3818 806 :de

2243 846 2425 890 nostro
2453 835 2595 889 enim
2621 835 2693 890 illi
2724 846 2808 891 est
2835 837 3007 888 minor
3031 833 3186 888 Patre
3213 832 3657 895 humanitas;de
3686 836 3818 893 Patre

2248 926 2323 980 illi
2356 935 2440 980 est
2486 927 2709 993 :equalis
2754 941 2875 979 cum
2930 926 3086 978 Patre
3136 922 3436 976 divinitas.
3475 921 3817 983 Dubitantihus

2242 1018 2558 1088 lllyricianis
2583 1030 2636 1074 et
2668 1016 2966 1072 Palaestinis
3011 1014 3498 1073 reverentissimis
3522 1018 3567 1079 ',
3600 1017 3817 1076 Theodo-

2244 1119 2390 1163 retns
2442 1112 2907 1165 reverentissimus
2966 1110 3257 1178 episcopus
3307 1108 3475 1177 Cyrri
3534 1107 3708 1163 dixit:
3747 1111 3821 1167 Est

2245 1200 2404 1253 simul
2436 1201 2740 1266 exemplum
2782 1200 2918 1255 beati
2950 1199 3136 1270 Cyrilli
3169 1199 3243 1252 ita
3296 1196 3538 1262 habens,
3573 1207 3627 1252 et
3656 1197 3821 1255 factum

2246 1289 2540 1357 hominem,
2571 1299 2625 1343 et
2673 1305 2776 1342 non
2807 1290 3139 1342 amittentem
3171 1287 3191 1318 ³
3218 1287 3378 1357 (ιιιοό
3439 1288 3707 1356 proprium
3734 1299 3816 1347 est.

2248 1378 2556 1433 Permansit
2605 1381 2747 1432 enim
2784 1379 2923 1432 idem
2975 1379 3114 1447 quod
3162 1388 3322 1434 erat:
3374 1378 3693 1441 intelligitur
3714 1396 3817 1434 vero

2247 1469 2463 1522 omnino
2488 1480 2543 1525 et
2569 1470 2711 1524 aliud
2743 1470 2794 1523 in
2825 1471 2932 1523 alio
2960 1470 3100 1539 quod
3156 1470 3414 1533 habitat,
3449 1470 3499 1523 id
3545 1479 3644 1533 est,
3675 1471 3817 1528 divina

2248 1572 2438 1618 natura
2469 1579 2519 1618 ltt
2553 1564 2902 1617 humanitate.
2931 1562 3143 1618 Glorios
3163 1562 3347 1616 issimi
3391 1563 3609 1631 judices
3651 1572 3700 1619 et
3730 1580 3816 1618 am-

2249 1655 2523 1724 plissimus
2544 1666 2761 1709 senatus
2805 1656 3094 1708 dixerunt:
3130 1655 3257 1708 Post
3297 1655 3424 1708 haec
3475 1655 3653 1707 omnia
3675 1656 3814 1711 adhuc

566 1752 618 1805 in
639 1767 761 1806 eum
790 1762 1126 1807 accusatores
1154 1755 1440 1808 intulerant
1466 1772 1481 1809 :
1509 1756 1647 1808 unde
1678 1771 1892 1809 omnem
1920 1758 1970 1810 in
2006 1773 2143 1825 pra:-

2257 1749 2367 1816 quis
2386 1748 2637 1802 dubitat?
2670 1748 3128 1803 Reverentissiini
3162 1749 3421 1818 episcopi
3450 1749 3813 1805 clamat-erunt:

566 1845 705 1898 senti
733 1843 800 1898 de
834 1860 899 1899 eo
934 1846 1293 1914 suspicionem
1324 1847 1542 1913 abjicio,
1577 1852 1825 1913 quoniam
1851 1858 1903 1901 et
1924 1863 2150 1903 causen-

568 1934 632 1986 tit
655 1942 710 1987 et
739 1935 1029 1988 subscribit
1052 1937 1099 1989 ei
1127 1952 1246 2005 qua:
1279 1952 1419 1991 nunc
1446 1937 1513 1990 de
1547 1939 1649 1991 tide
1676 1939 1809 1992 dats
1826 1951 1904 1993 est
1929 1950 2146 1994 senten—

569 2026 657 2079 tia:
684 2041 712 2078 a
738 2038 927 2081 sancto
957 2029 1204 2091 concilio,
1237 2038 1289 2083 et
1329 2030 1576 2098 epistolze
1616 2033 1937 2086 sanctissimi
1978 2034 2153 2089 archi-

571 2116 813 2184 episcopi
847 2117 1026 2172 llomze
1053 2119 1265 2185 Leonis,
1284 2130 1336 2175 et
1361 2121 1579 2187 dignum
1608 2122 1790 2190 judico
1818 2124 2148 2193 episcopatu,

570 2216 622 2260 et
651 2208 846 2261 habere
889 2224 1070 2261 curam
1112 2210 1163 2263 in
1192 2226 1294 2278 qua
1336 2211 1541 2277 pridem
1588 2215 1849 2267 existebat
1882 2216 2144 2271 Ecclesia.

571 2293 644 2348 De
671 2295 857 2349 Nonno
883 2308 1059 2350 autem
1088 2299 1524 2353 reverentissimo
1544 2303 1816 2369 cpiscopo,
1844 2305 1931 2371 qui
1977 2303 2151 2360 factus

572 2397 651 2443 est
678 2404 772 2454 pro
806 2404 892 2453 eo,
929 2389 1151 2443 formam
1181 2391 1327 2445 dabit
1370 2392 1628 2448 Maximus
1677 2396 2144 2449 reverentissimus

573 2482 610 2532 Α
622 2482 935 2536 ntiochenus
951 2484 1253 2550 episcopus.
1270 2501 1287 2533 ι
1310 2482 1439 2536 llinc
1452 2499 1579 2553 ergo
1593 2485 1870 2552 probatur,
1886 2495 1942 2539 ut
1954 2487 2151 2541 dictum

574 2580 670 2635 est,
691 2573 828 2639 quod
848 2582 966 2641 post
982 2585 1243 2638 octavam,
1260 2574 1427 2643 inqtta
1455 2590 1712 2645 purgatus
1727 2586 1827 2638 est,
1849 2580 2148 2632 sessionem

576 2662 844 2730 prioribus
866 2664 1078 2718 enncilii
1110 2666 1491 2735 subscripserit
1515 2668 1766 2737 iudicatis
1793 2687 1806 2722 :
1831 2673 1955 2739 quia
1978 2672 2043 2725 de
2066 2672 2157 2726 illo

576 2762 787 2807 sanctus
804 2756 1074 2811 An.:tnlius
1090 2758 1139 2811 in
1157 2772 1252 2811 sua
1266 2760 1552 2825 sententia,
1570 2762 1704 2815 sicut
1723 2766 2154 2829 memoravimus,

573 2845 841 2898 consentit
861 2857 911 2899 et
930 2848 1236 2911 subscribit,
1267 2849 1420 2916 dixit,
1456 2867 1558 2904 non
1574 2856 1844 2908 consensit
1864 2866 2022 2922 atque
2037 2858 2160 2911 sob-

577 2938 807 3006 scripsit.
834 2939 947 2993 Nou
974 2941 1151 3008 itaque
1174 2952 1379 2995 moveat
1410 2944 1548 3011 quod
1572 2960 1691 2997 cum
1723 2948 1773 2998 in
1796 2949 2161 3015 superioribus

576 3030 875 3084 actionibus
914 3044 1237 3087 memoratus
1272 3034 1389 3086 lbas
1412 3051 1670 3104 nusquam
1704 3037 1906 3105 legatur
1934 3039 2156 3103 sedisse,

2254 1840 2421 1894 Nemo
2454 1839 2681 1895 dubitat.
2730 1859 2748 1891 ι
2795 1839 2919 1894 Hmc
2945 1840 3126 1895 omnia
3167 1856 3232 1894 ex
3264 1841 3447 1908 ipsius
3478 1842 3662 1911 synodi
3689 1843 3816 1910 gestit

2253 1931 2305 1985 in
2340 1932 2478 1985 hunc
2517 1932 2709 1985 librum
2766 1932 3027 1984 transtuli.
3058 1930 3354 1998 Quomodo
3403 1946 3537 2003 ergo
3569 1932 3746 1987 dicitur
3766 1933 3814 1987 de

2253 2026 2691 2080 reverentissimo
2738 2023 3080 2079 Theodoreto
3129 2026 3399 2093 episcopo
3450 2026 3593 2091 quod
3648 2024 3734 2078 nisi
3778 2025 3815 2080 in

2253 2126 2439 2170 oetava
2470 2130 2577 2168 non
2610 2114 2807 2169 sederit
2861 2116 3072 2169 actione
3094 2116 3119 2168 τ
3151 2115 3207 2169 1η
3258 2116 3485 2169 actione
3514 2130 3636 2167 vero
3674 2116 3813 2180 tertia,

2257 2207 2308 2261 in
2339 2221 2441 2273 qua
2470 2205 2756 2260 Dioscorus
2785 2214 2870 2259 est
2908 2204 3212 2270 damnatus,
3237 2220 3365 2273 qua:
3396 2204 3496 2258 fuit
3523 2203 3699 2258 eodem
3720 2220 3815 2258 cnn-

2255 2298 2453 2361 sulatu,
2486 2311 2543 2350 ltt
2576 2297 2693 2350 idus
2724 2295 2989 2361 Octobris,
3018 2311 3137 2364 qua:
3169 2296 3338 2351 etiam
3368 2293 3814 2363 ab-quejudiciliu:

2258 2403 2319 2441 ac
2352 2398 2542 2441 senatu
2574 2387 2840 2441 celebrata
2872 2396 2976 2452 est,
3022 2396 3076 2441 et
3105 2387 3297 2457 prima;
3347 2387 3636 2453 conjuncta
3682 2387 3725 2438 in
3751 2402 3816 2439 co.

2259 2480 2467 2533 dicibus
2495 2480 2765 2533 invenitur
2792 2496 2805 2532 :
2838 2488 3142 2547 propterea,
3179 2478 3323 2532 sicut
3354 2478 3625 2540 existimo,
3655 2479 3757 2546 quia
3776 2476 3813 2535 in

2259 2572 2475 2625 actione
2502 2571 2673 2637 prima
2700 2570 2967 2637 judicatus
2996 2579 3113 2623 crat
3158 2569 3303 2624 idem
3336 2568 3627 2622 Dioscoms
3650 2569 3815 2633 episco.

2262 2673 2418 2731 palus
2449 2662 2655 2715 honore
2682 2662 2993 2729 privandus,
3026 2671 3082 2715 ut
3112 2660 3230 2730 ejus
3260 2659 3644 2715 condemnatio
3669 2657 3813 2726 proxi-

2263 2769 2347 2808 ma
2370 2762 2719 2823 sequeretur:
2743 2761 2996 2807 cmterum
3021 2767 3127 2805 non
3152 2752 3262 2805 sola
3285 2752 3502 2805 dierum
3524 2749 3815 2817 praenotatio,

2264 2860 2449 2897 verum
2476 2844 2635 2897 etiam
2658 2852 2811 2896 tenor
2839 2845 3072 2911 ipsarum
3102 2845 3408 2906 actionum,
3434 2841 3484 2895 id
3510 2849 3590 2894 est
3610 2837 3813 2893 secunda

2262 2950 2325 2989 ac
2355 2936 2550 2999 tertizc,
2575 2949 2697 2987 cum
2724 2932 2935 3002 legitur,
2967 2932 3126 2986 docet
3152 2931 3297 2999 quod
3326 2932 3379 2985 in
3409 2929 3672 2984 codicibus
3694 2927 3814 2982 tertia

2267 3027 2428 3081 fuerit
2454 3027 2702 3080 secunda:
2729 3025 3036 3094 praeposita.
3064 3022 3117 3077 In
3144 3038 3247 3091 qua
3276 3023 3435 3078 tertia
3460 3021 3677 3082 actione,
3700 3016 3813 3085 ψιίιιυ

577 3117 848 3175 invenitur
866 3132 1037 3177 tamen
1058 3126 1107 3178 in
1121 3126 1199 3177 eis
1215 3140 1335 3177 eum
1360 3124 1548 3179 Nonno
1575 3142 1668 3196 pro
1689 3142 1748 3181 se
1762 3129 2155 3196 ordinatojudi-

2273 3117 2583 3188 quzvgesimo
2610 3124 2665 3170 et
2712 3116 2894 3184 quinto
2924 3115 3061 3179 loco,
3092 3113 3319 3177 Nonno,
3348 3114 3439 3181 qui
3474 3126 3568 3180 pro
3598 3109 3678 3163 lba
3703 3104 3813 3160 ordi-

578 3210 714 3263 eatis
742 3212 953 3264 concilii
977 3212 1378 3280 subscripsisse.
1404 3213 1534 3267 Nam
1565 3225 1685 3283 post
1707 3226 1947 3270 octavam
1974 3221 2163 3272 sessio-

578 3314 725 3367 nem,
737 3317 834 3367 qna
856 3314 1104 3369 purgatus
1120 3303 1235 3357 ibas
1246 3304 1493 3371 episcopa
1504 3313 1611 3358 tum
1632 3305 1885 3361 Ecclesia:
1902 3323 2011 3363 suae
2024 3324 2166 3362 rece-

583 3393 683 3461 pit,
706 3392 1014 3459 pradictum
1036 3393 1279 3446 Nonnum
1306 3395 1356 3447 in
1379 3396 1496 3449 aliis
1517 3396 1836 3463 actionibus,
1863 3399 2053 3466 quibus
2070 3399 2162 3453 iis-

582 3483 703 3538 dem
722 3485 1004 3553 episcopus
1027 3484 1143 3539 lhas
1169 3486 1427 3550 interfuit,
1447 3503 1543 3541 nec
1563 3488 1789 3553 sedisse,
1805 3506 1905 3544 nec
1925 3492 2163 3545 subscri-

583 3578 759 3644 psiSse
786 3578 1102 3645 repetimus.
1137 3578 1192 3631 In
1215 3579 1447 3633 secunda
1479 3595 1692 3649 quoque
1714 3583 1946 3647 actione,
1970 3599 2087 3652 qua:
2108 3586 2161 3639 in

582 3668 858 3722 codicibus
882 3669 1098 3737 quidem
1138 3680 1261 3738 post
1301 3671 1510 3724 tertiam
1541 3671 1813 3737 scribitur,
1845 3673 1944 3727 fuit
1980 3686 2160 3729 autem

582 3758 773 3813 eodem
800 3761 1101 3825 consulatu,
1126 3776 1178 3813 vt
1209 3760 1329 3814 idus
1353 3761 1619 3825 Octobris,
1650 3763 1702 3816 in
1728 3780 1827 3830 qua
1854 3764 1922 3819 de
1951 3771 2164 3822 statutis

585 3848 704 3903 tidei
732 3859 985 3903 tractatus
1003 3852 1209 3919 incipit,
1231 3853 1559 3905 centesimus
1580 3862 1635 3907 et
1657 3854 1970 3909 undecimus
1989 3856 2165 3911 Theo-

583 3939 804 3992 doxetus
854 3941 1011 3995 sedit.
1049 3942 1292 4010 Cumque
1347 3956 1465 4012 post
1512 3944 1885 3999 recitationem
1934 3949 2165 4017 symboli

585 4040 944 4086 trecentorum
969 4034 1153 4089 decem
1178 4047 1231 4089 et
1256 4048 1376 4091 octo
1396 4038 1610 4090 Patrum
1637 4039 1724 4101 qui
1748 4039 1884 4106 apud
1911 4028 2160 4108 Nicmain,

588 4129 644 4175 et
687 4131 902 4175 centum
931 4134 986 4178 et
1014 4127 1392 4195 quinquaginta
1424 4128 1512 4194 qui
1541 4128 1679 4196 apud
1713 4129 2165 4199 Coitstantiuopn-

584 4209 675 4264 lim
708 4210 945 4275 fuerunt,
979 4224 1035 4268 et
1059 4218 1281 4268 duarum
1315 4218 1669 4283 epistularum
1700 4216 1838 4272 beati
1869 4220 2075 4289 Cyrilli,
2112 4222 2163 4275 id

583 4312 668 4356 est
697 4304 760 4356 ad
792 4306 1093 4359 Nestorium
1118 4317 1171 4360 et
1192 4308 1259 4360 ad
1283 4309 1542 4362 Joannem
1563 4309 1975 4377 Antiochcnum,
2003 4314 2165 4367 etiam

586 4406 736 4461 papa:
766 4393 960 4447 Leoms
988 4396 1052 4448 ad
1082 4396 1393 4450 Flavianum
1431 4399 1759 4467 relegeretur
1784 4402 2033 4467 epistola,
2067 4404 2168 4456 du-

586 4483 817 4542 bitantes
849 4488 1064 4554 quidam
1090 4489 1157 4542 de
1195 4490 1466 4559 aliquibus
1493 4494 1673 4547 verbis
1704 4494 1872 4561 ipsius
1901 4496 2163 4564 epistulae,

2266 3224 2421 3267 natus
2462 3211 2654 3273 fuerat,
2708 3209 3077 3262 subscribente
3120 3217 3283 3273 atque
3331 3208 3593 3261 dicente:
3636 3204 3811 3256 Nonnus

2265 3305 2546 3373 episcopus
2575 3300 2805 3355 civitatis
2857 3300 3140 3353 Edessena:
3191 3297 3523 3365 subscripsi;
3555 3295 3701 3350 etiam
3728 3294 3812 3360 ipse

2265 3396 2380 3451 Ibas
2412 3393 2709 3449 centesimo
2758 3393 3152 3461 septuagesimo
3181 3390 3420 3457 septimo
3446 3389 3581 3452 loco,
3609 3387 3729 3439 sicut
3750 3378 3811 3434 itt-

2266 3486 2544 3550 venimus,
2577 3481 2904 3537 damnatiooi
2946 3482 3064 3548 ejus
3115 3483 3184 3534 ita
3218 3481 3551 3535 subscribit:
3580 3478 3686 3531 lbas
3724 3476 3808 3543 epi-

2265 3592 2460 3647 scopus
2491 3576 2777 3629 Edessena:
2821 3574 3052 3627 civitatis
3078 3574 3413 3641 subscripsi;
3441 3571 3628 3627 deinde
3662 3576 3811 3636 quarto

2266 3684 2544 3732 consessu,
2593 3667 2781 3722 eodem
2831 3666 3128 3728 consulatu,
3177 3677 3332 3719 sexto
3365 3666 3572 3720 decimo
3598 3658 3806 3715 edendas

2268 3760 2616 3825 Novembris,
2649 3758 3001 3814 centesimum
3053 3756 3428 3811 duodecimum
3462 3752 3809 3809 Thcodoretum

2266 3851 2573 3921 episcopum
2603 3851 2829 3913 sedisse,
2864 3860 2917 3904 et
2935 3864 3095 3918 super
3116 3857 3411 3903 memorata
3436 3845 3648 3915 epistola
3670 3837 3808 3894 sancti

2268 3946 2465 4001 Leonis
2505 3945 2781 4014 trigesimo
2821 3953 2875 3997 et
2905 3950 3094 3996 octavo
3122 3942 3237 3997 loco
3285 3940 3653 3996 interlocutum
3680 3934 3810 3986 fuisse

2268 4039 2585 4107 reperimus,
2635 4038 2720 4091 ubi
2764 4039 3019 4104 scriptum
3064 4046 3187 4089 cst:
3236 4055 3255 4087 ι
3302 4036 3662 4091 Theodoretus
3690 4038 3807 4079 reve-

2270 4132 2611 4185 rentissimns
2640 4130 2923 4199 episc0pus
2961 4126 3113 4197 Cyrri
3146 4126 3280 4180 dixit
3311 4146 3324 4180 :
3358 4125 3597 4180 Concinit
3624 4115 3808 4187 epistola

2269 4224 2590 4279 sanctissimi
2624 4223 2855 4290 episcopi
2883 4220 2904 4251 ⁵
2934 4221 3133 4274 domini
3162 4219 3358 4274 Leonis
3383 4219 3503 4273 fidei
3524 4232 3552 4269 a
3580 4212 3752 4268 sanctis
3768 4215 3807 4259 et

2270 4315 2591 4371 beatissimis
2621 4314 2862 4367 Patrihus
2893 4312 2943 4367 in
2992 4312 3169 4366 Niczea
3211 4314 3491 4381 expositze,
3521 4320 3572 4362 et
3613 4297 3808 4374 symb‘ti“

2273 4408 2391 4461 iidei
2423 4407 2473 4460 in
2501 4403 2959 4473 Constantinopoli
2982 4404 3182 4457 dictato
3213 4420 3243 4457 a
3267 4414 3481 4458 centum
3506 4413 3557 4454 et
3588 4397 3801 4466 qilill‘lm‘

2272 4499 2438 4567 ginta,
2492 4508 2545 4551 et
2591 4498 2827 4562 epistolis
2879 4495 3016 4550 beati
3074 4495 3286 4566 Cyrilli.
3341 4515 3359 4547 ι
3408 4496 3480 4547 De
3509 4490 3674 4558 quinta
3711 4491 3807 4532 νθτο

588 4579 728 4645 quod
775 4589 828 4631 et
858 4582 1098 4635 secundo
1137 4580 1272 4635 libro
1306 4583 1416 4650 jam
1467 4584 1733 4645 diximus,
1767 4584 1956 4637 eodem
1990 4586 2168 4641 Tlteo-
2194 4559 2250 4619 D
2277 4593 2507 4653 actione,
2540 4606 2657 4659 qum
2690 4588 2788 4642 fuit
2811 4587 2997 4641 eodem
3035 4588 3337 4649 consulatu,
3369 4581 3641 4638 undecimo
3666 4572 3803 4626 caicu-

586 4670 778 4729 doreto
832 4679 1090 4729 rationem
1149 4677 1403 4733 reddente
1455 4678 1649 4732 lirtnati
1694 4688 1838 4731 sunt.
1888 4677 1978 4734 Sic
2023 4683 2166 4736 enim

578 4908 581 4909 ν
660 4884 685 4912 ﬁ
708 4875 862 4928 Aliud
893 4883 973 4927 est
1011 4874 1197 4945 synodi
1225 4876 1410 4938 sessio,
1443 4875 1585 4928 aliud
1616 4875 1775 4939 actio,
1810 4890 1927 4928 cum
1958 4876 2010 4929 in
2054 4892 2160 4930 uno

587 4945 850 5001 interdum
891 4960 1142 4999 consessu
1192 4945 1367 5012 plure~
1396 4960 1569 4998 causa:
1600 4948 1677 4998 vel
1718 4945 1958 5000 actiones
1991 4949 2159 5013 estpli-

587 5020 694 5071 cari
740 5019 967 5071 soleant.
1016 5016 1069 5069 lit
1121 5019 1326 5082 synodo
1371 5015 1793 5069 Chalcedonensi
1837 5033 1928 5070 sex
1981 5021 2165 5083 primae

589 5088 857 5142 sessiones
905 5103 996 5141 sex
1046 5087 1266 5139 omnino
1311 5088 1549 5139 attiones
1600 5089 1897 5151 enutiuent,
1944 5090 2166 5155 singula:

588 5161 857 5231 singulas;
884 5170 934 5211 at
965 5160 1136 5211 sessio
1157 5157 1380 5221 septima
1406 5168 1516 5210 tres
1543 5164 1780 5211 actiones
1803 5158 2165 5231 amplectitur,

592 5228 899 5295 septimam,
926 5240 1167 5283 octavam
1194 5237 1249 5280 et
1277 5242 1471 5279 nonam
1494 5243 1509 5289 ;
1539 5237 1724 5279 octava
1752 5237 1929 5279 autem
1959 5228 2167 5282 uuicnn

592 5302 882 5365 actionem,
906 5317 1097 5367 nempe
1123 5301 1404 5367 decimam.
1435 5296 1668 5363 Denique
1697 5298 1886 5366 synodi
1909 5300 2170 5352 universas

590 5371 885 5437 sessiones,
917 5366 1048 5435 sive,
1074 5381 1127 5424 ut
1154 5366 1433 5424 Liberatus
1462 5383 1580 5437 cap.
1609 5369 1676 5422 15
1703 5374 1876 5429 voc-at,
1901 5371 2172 5423 secretarii

666 5527 682 5558 ¹
714 5526 848 5580 Cod.
882 5525 1099 5590 Veron.,
1124 5523 1477 5577 ludicomtium
1506 5523 2023 5577 reverentissimorum
2071 5524 2178 5586 epi-

591 5611 857 5669 ltoporum
884 5600 1028 5669 ﬁdes,
1056 5606 1100 5648 et
1131 5597 1225 5649 lect
1250 5613 1278 5646 ο
1309 5598 1537 5669 omnium
1568 5598 1880 5662 prolaturum
1908 5597 2179 5669 innoxium

595 5666 776 5721 detiion
808 5678 938 5719 mnu
961 5666 1138 5738 flbam,
1171 5676 1272 5722 etc.
1327 5667 1482 5724 Paria
1517 5670 1759 5738 lcguntur
1800 5674 1904 5720 act.
1954 5666 2019 5720 ill
2049 5681 2178 5720 cou-

597 5740 706 5795 cilii
740 5737 995 5794 Chalced.

2277 4685 2371 4739 das
2401 4683 2734 4747 Novembris,
2766 4682 2817 4735 in
2851 4697 2951 4751 qua
2981 4681 3128 4749 prius
3157 4680 3422 4750 expositio
3468 4674 3586 4729 ﬁdei
3629 4665 3805 4722 recitata

2270 4878 2419 4933 fuere
2461 4878 2761 4941 duodecim,
2804 4878 3040 4934 actiones
3089 4891 3216 4931 vero
3247 4875 3503 4929 sedecim.
3530 4869 3628 4924 ibre
3653 4869 3800 4945 "58m"

2260 4964 2451 5011 eausa,
2485 4965 2641 5018 quam
2679 4935 2817 5001 nona
2844 4960 2895 5001 et
2924 4949 3126 5003 decima
3170 4945 3604 5018 synodi~aetione
3634 4935 3797 5018 discus:

2272 5011 2586 5093 Samsnprit
2635 5022 3067 5093 observavimus,
3102 5011 3245 5093 recte
3293 5032 3325 5093 at
3366 5011 3603 5093 “cui”?

2275 5082 2553 5153 septimae,
2590 5091 2776 5157 partim
2834 5101 3039 5141 octava:
3096 5089 3321 5143 sessioni
3378 5082 3673 5156 ascribitan
3707 5082 3799 5157 cuiu

2242 5166 2418 5217 -actio
2466 5152 2631 5219 nona,
2668 5170 2724 5210 ut
2768 5159 2967 5213 dictum
2998 5168 3111 5223 est,
3138 5162 3201 5211 ad
3235 5157 3512 5224 septimam
3552 5152 3797 5224 sessioueat

2279 5231 2562 5299 pertineat,
2587 5216 2792 5283 decima
2822 5230 2885 5282 ad
2913 5216 3177 5304 octavam.
3206 5216 3380 5304 (ὶίιέτθ
3404 5238 3518 5304 (ιηῖλθ
3547 5216 3798 5304 pwi‘iﬂii

2278 5285 2347 5355 ex
2394 5285 2635 5354 sessione
2663 5314 2850 5354 octava
2883 5285 3254 5369 proferuntur:
3289 5301 3338 5354 iu
3390 5285 3589 5350 actione
3633 5285 3798 5341 docili!a

2282 5373 2641 5440 reperiuntur.

2357 5531 2377 5561 ’
2412 5528 2552 5582 ldem
2577 5527 2723 5593 cod.,
2755 5528 3167 5583 reuerentissimi:
3195 5527 3462 5600 episcopis.

2355 5600 2377 5631 ³
2409 5600 2548 5653 idem
2572 5600 2719 5663 cod.,
2743 5611 3039 5653 mu‘antem.

2357 5670 2377 5701 ⁸
2407 5672 2547 5726 ldent
2577 5670 2721 5741 cod.,
2761 5670 3148 5750 archiepiscopi.
