4070 6352
269 269 370 327 stt

1225 268 1357 323 PRO
1396 264 1819 323 DEFENSIONE
1859 263 2075 319 TRIUM
2113 256 2590 322 C.\PlTUl..‘LlB.
2629 267 2690 321 γ.

3432 274 3540 331 (η

268 394 352 440 est
380 390 543 452 atque
566 380 630 434 ad
661 387 1035 449 imperatorem
1087 379 1274 445 relata,
1308 391 1361 433 ut
1403 391 1585 449 postea
1616 379 1847 433 sulrscri-
1878 387 1922 440 Α
1954 385 2129 429 οιιιιιιι.
2191 375 2386 431 Verum
2428 388 2553 442 est,
2628 396 2733 434 non
2791 378 3087 436 interfuerit
3138 374 3535 456 Theodoretns,

270 475 541 541 ptionibns
570 474 807 527 Omnium
860 474 1180 537 ﬁrmaretur,
1228 474 1357 527 nihil
1390 473 1616 541 probare
1660 488 1846 537 possu-

174 564 183 569 ”
264 581 422 621 mus:
452 567 573 635 quia
604 574 659 618 et
687 564 1009 632 subscriptio
1051 566 1212 619 dilata
1262 577 1362 628 est,
1393 565 1843 632 quemadmodum

266 657 405 719 dixi,
434 668 491 713 et
521 657 573 710 in
605 658 713 724 ipsa
743 656 1020 721 relatione,
1053 673 1153 724 qua
1182 668 1427 712 narratur
1449 656 1639 725 quibus
1665 657 1840 710 consi-

269 747 523 802 dentibus
541 748 727 802 eadem
753 749 1014 814 exposito
1043 748 1162 801 ﬁdei
1194 750 1387 802 reiecta
1406 756 1506 810 est,
1537 748 1846 801 denomina-

268 844 340 893 tis
374 838 447 892 ibi
481 838 666 907 legatis
696 837 948 893 Romanis
977 849 1030 893 et
1070 841 1186 892 aliis
1234 838 1607 908 quittquaginla
1638 838 1845 892 duobus

262 929 558 996 epiSCOpis,
584 928 808 993 dicitur,
841 928 1254 983 Considantibus
1286 931 1389 983 illis
1417 940 1470 983 et
1492 931 1691 997 reliqua
1722 944 1845 982 san—

261 1031 351 1072 cta
373 1030 428 1073 et
459 1019 745 1072 universali
766 1020 990 1089 synodo,
1026 1030 1229 1074 tacetur
1250 1031 1425 1075 autem
1454 1022 1519 1074 de
1543 1023 1845 1075 nominibus

262 1120 611 1164 ca-terorum.
644 1111 696 1164 In
729 1112 938 1165 actione
968 1127 1094 1168 vero
1120 1126 1292 1178 sexta,
1322 1113 1510 1168 eodem
1541 1115 1844 1179 consulatu,

265 1218 362 1263 vni
414 1203 667 1257 calendas
693 1204 1027 1267 Nmembris,
1063 1206 1113 1257 in
1146 1221 1247 1272 qua
1282 1221 1514 1274 prmsens
1544 1206 1637 1259 fuit
1667 1217 1719 1260 et
1749 1208 1848 1260 im-

266 1303 505 1361 perator,
550 1305 602 1346 et
633 1309 819 1348 omnes
862 1295 1156 1348 deﬁnitioni
1213 1296 1332 1350 ﬁdei
1375 1297 1845 1364 subsrripserunt,

267 1386 784 1440 anathematizantes
814 1386 1114 1440 Nestorium
1157 1399 1211 1442 et
1244 1390 1533 1458 Eutychem
1565 1398 1620 1444 et
1659 1404 1848 1445 omnes

267 1478 539 1531 contraria
571 1478 904 1541 sentientes,
932 1478 1198 1532 invenitur
1228 1481 1442 1532 Nonnus
1478 1482 1682 1534 sedisse
1708 1483 1851 1550 vige-

268 1568 439 1625 simus
492 1577 731 1633 octavus,
775 1571 1161 1639 subscripsisse
1204 1583 1379 1625 autem
1412 1571 1715 1643 trigesiinus
1746 1574 1851 1641 pri-

268 1673 388 1713 mus
422 1658 520 1711 hoc
553 1660 748 1714 modo:
777 1660 999 1715 Nonnus
1020 1662 1301 1731 episcopus
1332 1664 1615 1717 Edessenaa
1649 1673 1850 1719 metro-

1950 472 2089 524 sicnt
2135 486 2235 523 nec
2275 472 2412 536 Ilias,
2466 471 2926 531 Chalcedonensis
2953 476 3250 532 deﬁnitioni
3282 482 3534 546 concilii;

1952 561 2191 614 lneccine
2242 562 2468 614 dicenda
2514 576 2688 627 erant,
2723 574 2780 619 ut
2824 568 3231 624 ostenderemus
3258 572 3536 640 epistolam

1957 652 2283 705 venerabilis
2314 652 2440 717 Iliae,
2485 669 2589 707 non
2617 656 2681 707 ad
2706 655 2919 711 decreta
2968 660 3130 726 ipsius
3174 664 3382 718 concilii
3411 680 3539 734 per-

1951 744 2141 806 tinere,
2176 744 2296 812 quia
2348 754 2463 812 post
2518 746 2636 799 fidei
2686 746 3053 803 deﬁnitionem
3085 753 3151 805 de
3197 752 3284 807 illa
3324 753 3539 825 judica-

1950 840 2061 886 tmn
2106 833 2232 887 est?
2277 834 2365 887 Sic
2395 834 2555 901 igitur
2581 837 2743 889 etiam
2788 854 3021 895 canones
3047 842 3426 899 ecclesiasticae
3456 846 3541 903 di-

1948 924 2205 990 sciplinae,
2261 924 2347 992 qui
2390 925 2593 978 utiliter
2641 927 2711 979 ibi
2766 939 2893 981 sunt
2943 939 3063 996 post
3110 932 3483 989 definitionem
3517 938 3535 968 ί

1950 1016 2247 1081 constituti,
2299 1030 2403 1068 non
2458 1016 2524 1069 ad
2573 1016 2817 1071 eamdem
2848 1021 3108 1089 synodum
3142 1025 3408 1091 pertinere
3460 1027 3541 1081 di-

1950 1114 2156 1159 centur.
2193 1108 2255 1159 Et
2296 1107 2499 1160 utinam
2530 1107 2793 1163 docerent
2836 1113 2917 1165 cui
2951 1113 3159 1181 synodo
3191 1116 3311 1169 illos
3342 1118 3540 1171 debea-

1953 1216 2067 1250 mus
2112 1201 2396 1264 ascribere,
2446 1201 2493 1254 si
2541 1216 2603 1253 ea
2635 1216 2806 1268 quzea
2835 1203 3262 1259 Chalcedonensi
3309 1210 3541 1262 concilio

1952 1304 2101 1354 gesta
2128 1303 2274 1358 sunt,
2301 1294 2753 1348 Chalcedonensis
2784 1297 2997 1351 ceucilii
3027 1313 3129 1351 non
3161 1308 3304 1352 simt.
3340 1300 3541 1356 Deinde

1952 1384 2221 1451 quomodo
2248 1387 2548 1447 contraria,
2580 1394 2634 1439 et
2675 1386 2959 1453 semetipsa
3006 1388 3317 1445 destruente
3365 1408 3544 1446 asser-

1954 1476 2119 1537 tione,
2153 1474 2239 1526 illa
2272 1475 2510 1545 synodus
2538 1478 2865 1532 excusetur?
2913 1479 3042 1532 Nam
3074 1480 3163 1548 qui
3195 1497 3291 1535 nos
3342 1484 3393 1536 in
3425 1484 3543 1553 ejus

1955 1569 2321 1632 purgationem
2351 1568 2634 1620 voluerunt
2662 1567 2863 1634 dicere,
2912 1569 3054 1636 quod
3086 1586 3244 1625 nemo
3274 1577 3542 1643 reSpicere

1954 1655 2150 1709 debeat
2177 1670 2239 1708 ea
2269 1670 2390 1725 quae
2412 1665 2533 1711 ante
2565 1654 2858 1725 perfectum
2884 1659 3141 1727 judicium
3172 1676 3200 1713 a
3224 1662 3549 1731 quibusdam

266 1750 408 1818 polis
450 1751 712 1805 deﬁniens
758 1754 1068 1821 subscripsi.
1114 1753 1229 1809 lbas
1271 1760 1455 1819 etiam,
1489 1760 1751 1825 quamvis,
1796 1767 1852 1811 ut

1959 1745 2173 1799 forsitan
2202 1746 2342 1800 dicta
2366 1762 2505 1811 sunt,
2561 1748 2655 1802 sed
2683 1763 2798 1817 quae
2829 1750 2884 1802 in
2942 1752 3127 1805 ultimo
3167 1756 3354 1808 Ot'tlllle
3402 1754 3542 1809 dell-

269 1840 526 1905 diximus,
557 1842 761 1897 Sedisse
789 1860 893 1897 non
919 1845 1205 1914 relegatur,
1233 1847 1497 1900 invenitur
1530 1858 1704 1902 tamen
1734 1849 1853 1903 sub~

274 1936 558 2005 scripsisse
591 1939 965 2006 nonagesinms
997 1940 1048 1993 in
1083 1940 1163 1993 bis
1193 1941 1402 1994 verbis:
1432 1942 1548 1995 lbas
1573 1944 1854 2011 ίνρὶερομιιε

270 2027 576 2082 Edessenus
605 2027 871 2083 deﬁniens
918 2031 1230 2098 subscripsi.
1266 2032 1367 2086 Sed
1405 2040 1458 2085 et
1486 2032 1853 2086 Theodoretns

268 2117 598 2172 centesimus
651 2120 913 2185 septimus
967 2119 1188 2183 sedisse,
1244 2121 1625 2189 subscripsisse
1674 2132 1851 2175 autem

274 2206 603 2261 centesimus
631 2217 686 2260 et
736 2210 1037 2277 trigesimus
1067 2213 1256 2263 tertius
1300 2212 1351 2262 in
1395 2212 1597 2266 eisdem
1630 2214 1807 2266 verbis
1836 2229 1850 2265 :

271 2298 640 2354 Theodoretus
664 2300 823 2369 Cyrri
856 2310 882 2337 ι
911 2302 1173 2356 deﬁniens
1222 2303 1535 2370 subscripsi.
1577 2304 1784 2369 Quomo
1806 2310 1854 2361 lo

271 2388 432 2458 igitur
482 2390 737 2444 adversus
788 2400 984 2444 tantam
1034 2407 1209 2447 rerum
1254 2394 1573 2448 evidentiam
1620 2395 1855 2450 fautores

273 2478 647 2536 haereticorum
679 2483 890 2537 mentiri
930 2499 1032 2537 non
1084 2486 1288 2553 puduit,
1320 2496 1375 2539 ut
1417 2487 1657 2542 dicerent
1686 2490 1857 2543 Theo-

270 2571 516 2628 doretum
563 2576 894 2644 episcopum,
925 2576 1023 2629 nisi
1056 2589 1173 2645 post
1201 2578 1563 2632 deﬁnitionem
1598 2579 1721 2633 ﬁdei
1748 2596 1855 2633 non

272 2663 580 2719 interfuisse
610 2666 877 2721 Concilio?
912 2668 973 2722 Et
1003 2677 1180 2723 tamen
1225 2669 1398 2723 adhuc
1440 2672 1660 2738 exigunt
1697 2670 1747 2723 in
1779 2680 1857 2725 tot

272 2756 590 2811 falsitatibus
632 2757 986 2827 deprehensi,
1036 2769 1092 2813 ut
1137 2775 1321 2814 eorum
1371 2762 1675 2815 testimonio
1716 2777 1857 2816 nunc

269 2851 664 2903 condemnetur
686 2851 933 2919 epistola,
965 2868 1121 2920 quam
1152 2861 1275 2905 ante
1316 2862 1528 2907 centum
1560 2853 1727 2908 ferme
1762 2870 1857 2907 an-

270 2952 372 2992 nos
399 2940 712 2994 universalis
744 2942 978 3010 synodus
1017 2943 1349 3010 approbavit.
1385 2944 1515 3007 Quis
1544 2944 1691 2996 dabit
1718 2920 1860 3013 judi-

270 3032 417 3086 cium
466 3032 691 3100 justum,
724 3044 777 3087 et
821 3051 925 3087 non
958 3034 1058 3102 ipsi
1113 3037 1282 3103 potius
1332 3035 1727 3089 dan'inabuntur
1770 3037 1856 3105 qui

1956 1839 2090 1900 nica;
2122 1837 2224 1905 ipsi
2248 1847 2433 1891 contra
2459 1853 2599 1892 nunc
2630 1840 2649 1869 ³
2688 1840 2915 1893 suadent
2939 1851 2997 1894 ut
3028 1847 3122 1911 per
3151 1843 3249 1897 hoc
3279 1846 3542 1915 synodum

1954 1929 2323 1993 defendamus,
2372 1932 2492 2000 quia
2524 1940 2644 2000 post
2673 1932 3041 1988 deﬁnitionem
3072 1935 3141 1988 de
3198 1937 3286 1989 illa
3329 1939 3399 1991 sit
3427 1941 3540 2008 epi-

1956 2023 2090 2076 stola
2141 2023 2463 2093 judicatum,
2513 2034 2571 2077 ut
2621 2039 2718 2079 nos
2760 2035 2982 2093 postea,
3052 2042 3157 2083 non
3204 2038 3410 2085 tantum
3465 2033 3541 2090 rei

1954 2117 2281 2179 omensione,
2337 2128 2520 2169 verum
2573 2116 2735 2169 etiam
2790 2117 2956 2183 ipsius
3003 2128 3199 2174 nostra:
3225 2122 3541 2177 aSSertiunis

1954 2206 2334 2260 contiarietate
2361 2208 2697 2260 convincunt.
2734 2208 2800 2261 At
2823 2224 2925 2262 non
2958 2210 3026 2262 ita
3058 2225 3155 2265 nos
3188 2213 3324 2266 ratio
3353 2216 3538 2271 deficit

1956 2296 2021 2349 ad
2075 2296 2464 2351 defendendam
2523 2298 2787 2368 synodum
2842 2314 3003 2368 Super
3034 2300 3137 2355 lbaa
3186 2305 3431 2372 epistola,
3488 2314 3547 2365 ut

1958 2387 2081 2442 inde
2112 2389 2255 2442 iliam
2294 2400 2479 2443 contra
2523 2391 2979 2460 Entychiauorum
3026 2396 3321 2449 calumnias
3368 2397 3540 2452 inani-

1959 2488 2041 2533 ter
2084 2486 2325 2535 excusari
2351 2481 2594 2545 velimus,
2631 2482 2770 2536 unde
2795 2491 2979 2537 contra
3011 2483 3350 2541 Nestorianos
3377 2503 3541 2543 excu-

1959 2573 2068 2623 sari
2103 2585 2208 2624 non
2244 2571 2434 2625 valeat.
2469 2573 2598 2625 Nam
2622 2575 2665 2626 si
2690 2574 2760 2627 ob
2787 2575 2887 2630 hoc
2911 2576 3147 2631 deﬁnitio
3178 2579 3299 2633 ﬁdei
3342 2597 3460 2649 qme
3483 2581 3538 2636 in

1960 2659 2046 2713 illa
2070 2661 2273 2731 synodo
2303 2661 2440 2715 facta
2466 2671 2569 2729 est,
2609 2673 2795 2718 contra
2850 2667 3303 2737 Eutycbianorum
3331 2674 3540 2725 calum-

1961 2752 2075 2803 nias
2106 2751 2441 2817 defendatur,
2468 2756 2591 2823 quia
2625 2766 2842 2822 prepter
2869 2760 3009 2826 quod
3043 2764 3273 2815 accusati
3327 2765 3540 2819 fuerant

1961 2841 2329 2897 Theodoretus
2352 2856 2403 2897 et
2426 2846 2559 2907 lbas,
2596 2856 2649 2899 ut
2677 2846 2910 2901 Nestorii
2933 2849 3125 2918 dogma
3158 2853 3537 2921 suscipientes,

1963 2950 2068 2987 non
2090 2935 2296 2989 evocati
2315 2945 2435 2990 sunt
2450 2946 2506 2990 ut
2527 2948 2651 2992 ante
2672 2942 2922 2995 sederent
2940 2957 3058 2995 cum
3089 2954 3271 2998 sancta
3297 2947 3539 3016 synodo:

1963 3024 2032 3078 eb
2079 3024 2181 3078 hoc
2236 3037 2423 3080 contra
2474 3028 2912 3085 Nestorianorum
2970 3036 3265 3089 calumnias
3326 3038 3540 3096 defendi

274 3124 400 3178 talia
450 3124 869 3178 conﬁnxerunt?
910 3127 1019 3179 Aut
1061 3126 1329 3195 quomodo
1374 3128 1723 3182 nominentur
1771 3129 1852 3183 vel
1880 3163 1925 3223 ο
1965 3136 2069 3175 non
2101 3124 2472 3193 poteritquod
2492 3123 2769 3178 Anatolius
2787 3118 3428 3197 Consimilinopolitanus,
3447 3131 3542 3201 qui

272 3216 513 3270 attestari
554 3216 635 3269 vel
688 3230 942 3270 accusare
990 3232 1309 3287 quemquam
1363 3228 1551 3271 centra
1608 3230 1852 3287 paternos

265 3320 524 3367 canones.
560 3323 692 3377 quos
742 3311 792 3360 in
844 3310 1002 3361 tantis
1053 3309 1421 3362 cnuvincimus
1471 3324 1588 3363 esse
1636 3313 1853 3365 menda-

270 3398 407 3450 ces?
435 3396 500 3450 Et
528 3396 571 3450 si
598 3399 716 3466 quis
756 3397 990 3452 noluerit
1021 3400 1211 3452 talibus
1239 3398 1484 3452 assentiri
1535 3400 1846 3466 mendaciis,

272 3488 564 3543 hatreticus
591 3489 905 3559 appellatur,
939 3498 1185 3559 tanquam
1217 3490 1587 3545 haereticorum
1617 3493 1682 3545 sit
1710 3494 1851 3549 nolle

272 3583 510 3636 mentiri.
546 3581 640 3636 llis
680 3597 838 3648 porro
880 3582 1197 3636 falsitatibus
1244 3584 1665 3649 subscribentes,
1704 3595 1757 3641 et
1798 3589 1849 3641 in

274 3676 474 3730 talibus
519 3676 907 3730 constituentes
936 3677 1299 3731 defensionem
1348 3680 1570 3749 synodi,
1603 3680 1729 3748 quid
1759 3695 1855 3749 pro

275 3770 365 3824 illa
413 3771 703 3839 poterimus
758 3770 1098 3841 Eutychianis
1131 3774 1472 3840 respondere,
1523 3788 1644 3827 cum
1684 3774 1857 3835 Inani:

272 3862 409 3917 festa
458 3878 556 3917 nns
604 3862 825 3918 veritate
866 3864 1375 3919 convicerint?Aut
1418 3878 1611 3935 quanta
1668 3881 1857 3920 neces-

276 3956 437 4009 sitate
481 3955 779 4010 videbimur
825 3956 889 4010 ad
933 3956 1053 4009 talia
1100 3956 1408 4024 confugisse
1454 3957 1768 4023 mendacia,
1802 3958 1854 4011 in

274 4050 467 4116 quibus
535 4048 732 4103 latendi
796 4050 971 4104 nullus
1034 4058 1117 4103 est
1167 4051 1354 4115 locus,
1412 4060 1661 4119 tanquam
1723 4050 1853 4105 nihil

275 4141 755 4209 remanseritquod
788 4157 887 4211 pro
916 4142 1104 4195 eadem
1134 4152 1315 4195 sancta
1358 4143 1564 4211 synodo
1592 4143 1858 4197 veraciter

274 4232 601 4302 respondere
633 4232 945 4302 possimus?
974 4233 1088 4286 Non
1114 4248 1240 4302 ergo
1264 4232 1417 4288 nobis
1465 4234 1859 4301 persuadebunt

277 4329 367 4396 qui
399 4326 850 4397 Eutychianorum
881 4326 1180 4380 calumnias
1208 4326 1536 4380 simulatorie
1563 4326 1859 4383 refellendo

275 4417 659 4484 corroborant,
706 4426 763 4471 ut
805 4417 1049 4471 dicamus
1088 4418 1231 4487 quod
1281 4433 1383 4473 non
1427 4430 1549 4473 ante
1596 4418 1857 4490 synodum

1957 3223 2082 3269 ante
2104 3215 2492 3268 Antiochcnmn
2517 3218 2749 3284 priorem
2779 3217 2887 3270 illic
2908 3216 3011 3271 sibi
3044 3219 3219 3272 locum
3251 3234 3540 3290 usurpare.

1956 3315 2059 3369 rat,
2109 3317 2162 3360 et
2190 3306 2303 3374 ipse
2334 3307 2593 3360 Maximus
2625 3307 3015 3373 Amiochenus,
3044 3320 3098 3364 et
3118 3309 3390 3367 iuvenalis
3420 3312 3543 3369 Ilie-

1957 3399 2376 3470 rosolymitanus
2404 3399 2474 3453 ibi
2502 3400 2881 3469 sederunt,qui
2907 3401 2988 3455 vel
3012 3402 3259 3471 dogmate
3286 3406 3366 3458 vel
3397 3420 3543 3460 com-

1957 3494 2211 3548 munione
2240 3494 2695 3564 Eutychianorum
2729 3494 2916 3562 polluti
2947 3506 3071 3548 ante
3116 3496 3353 3551 fuerant.
3405 3497 3539 3553 Nam

1963 3594 2017 3640 et
2043 3585 2371 3640 venerabilis
2398 3586 2696 3651 Anatolius,
2731 3584 2904 3655 ejecto
2934 3600 3029 3654 pro
3058 3600 3183 3640 vera
3211 3587 3314 3642 ﬁde
3337 3590 3405 3643 ab
3436 3588 3546 3643 En-

1963 3681 2227 3752 tys'hianis
2272 3681 2426 3735 beato
2458 3679 2730 3745 Flaviano,
2762 3689 2815 3734 et
2846 3690 3065 3734 sanctus
3092 3681 3349 3733 Maximus
3395 3683 3546 3736 sitni-

1963 3778 2085 3832 liter
2107 3793 2202 3846 pro
2229 3777 2437 3831 Domno
2478 3777 2731 3846 episcopo
2768 3777 2835 3830 ab
2862 3778 2941 3831 eis
2974 3776 3144 3829 fuerat
3166 3777 3462 3841 ordinatus,
3494 3787 3545 3834 et

1961 3866 2234 3923 Juvenalis
2274 3869 2324 3921 in
2358 3868 2529 3936 ipsum
2575 3866 3211 3945 dogmalEutychianum
3258 3869 3455 3936 lapsos,
3479 3868 3547 3923 ab

1966 3961 2200 4017 Ecclesia
2223 3972 2335 4015 erat
2356 3962 2643 4015 exclusus:
2685 3960 2825 4029 quod
2848 3972 2899 4014 et
2926 3961 3117 4014 littera:
3148 3961 3286 4013 beati
3338 3961 3535 4016 Leonis

1963 4063 2017 4107 et
2042 4054 2268 4107 aliorum
2316 4055 2641 4118 scriptorum
2684 4064 3025 4106 monumenta
3078 4053 3373 4108 declarant.
3422 4053 3541 4109 Non

1963 4158 2091 4213 ergo
2122 4144 2196 4197 sic
2225 4144 2448 4197 velimus
2473 4143 2592 4197 ﬁdei
2618 4159 2737 4212 qua:
2759 4144 2810 4195 in
2844 4142 2931 4195 illa
2964 4142 3169 4214 synodo
3200 4144 3404 4196 ﬁrmata
3438 4153 3545 4210 est,

1965 4237 2254 4291 constituta
2285 4236 2594 4298 defendere,
2629 4243 2684 4286 ut
2709 4249 2768 4288 ea
2798 4234 3040 4287 dicamus
3070 4248 3189 4301 qua:
3218 4248 3314 4288 nos
3334 4233 3548 4302 quidem

1968 4328 2100 4381 nihil
2155 4335 2339 4381 contra
2386 4325 2772 4394 Eutychianos,
2823 4325 2916 4379 sed
2974 4323 3320 4378 Nestorianos
3366 4335 3549 4382 contra

1968 4418 2263 4473 Ecclesium
2309 4418 2594 4487 plurimum
2637 4416 2849 4486 juvant.
2904 4416 3152 4485 Nunquid
3186 4432 3313 4470 vero
3343 4426 3550 4474 tantum

276 4510 550 4579 ingressus
614 4516 701 4562 est
744 4508 1140 4576 Tlieodoretus,
1202 4524 1361 4578 quam
1407 4510 1476 4564 de
1515 4511 1757 4581 Eutyche
1805 4521 1861 4569 et
1890 4529 1942 4588 ι)
1973 4509 2152 4563 valere
2178 4516 2419 4578 possunt,
2453 4509 2517 4560 ad
2542 4506 2903 4560 inclinandum
2957 4504 3010 4558 in
3049 4520 3200 4559 suam
3233 4498 3550 4562 sententiam

276 4599 535 4655 Dioscoro
562 4599 755 4655 factum
801 4609 883 4654 est
922 4599 1198 4670 judicium,
1243 4613 1295 4655 et
1325 4602 1584 4669 eXposlliu
1608 4603 1729 4658 ﬁdei
1756 4613 1860 4658 ter-

275 4694 497 4749 minata.
530 4694 654 4749 Haec
677 4695 817 4748 enim
844 4694 891 4749 si
913 4710 1033 4747 cum
1060 4695 1165 4749 illis
1193 4697 1454 4769 dicamus,
1489 4687 1670 4767 procul
1693 4698 1858 4752 dubio

277 4787 666 4851 convincimur,
713 4803 813 4841 nec
841 4788 1102 4842 evitamus
1132 4788 1507 4843 haereticorum
1536 4790 1856 4855 calumnias,

278 4879 375 4934 sed
417 4878 587 4948 magis
614 4880 889 4949 magisque
920 4880 1209 4933 ﬁrmamus.
1261 4880 1445 4935 Sciant
1479 4896 1608 4951 ergo
1654 4897 1749 4936 nos
1780 4882 1860 4936 in-

279 4970 540 5039 telligere,
571 4970 659 5039 qui
699 4971 851 5025 nobis
883 4969 1005 5024 talia
1040 4970 1360 5039 persuadere
1406 4972 1662 5035 niuntur,
1719 4972 1860 5040 quod

275 5061 440 5119 nimis
461 5061 796 5117 familiariter
836 5062 1139 5117 inimicitias
1182 5077 1303 5117 cum
1333 5060 1677 5131 Eutychianis
1702 5063 1870 5118 exer-‘

348 5236 377 5305 ξ
407 5225 463 5279 In
488 5228 620 5305 actis
636 5226 833 5305 synodi
853 5224 1180 5305 ριοξώρητος
1198 5226 1475 5305 iniquom;
1496 5227 1656 5305 ιίύρου
1679 5227 1857 5305 cipis-at;

274 5298 576 5371 ᾖπὲσγρᾳψα.
632 5296 804 5371 syria:
820 5296 1231 5371 _Euphr‘atcsia_e_
1268 5297 1476 5359 urbem,
1508 5296 1592 5349 (ui
1629 5296 1858 5371 praefuit

277 5366 687 5460 Iheedoretusz"
702 5366 1287 5460 alii'Cyrrhuniftiép'ov
1308 5377 1519 5456 vocant,
1544 5376 1601 5421 ut
1628 5367 1853 5460 Plinius,

276 5438 625 5515 Ptolemaeus,
650 5438 985 5515 Stephanus;
1018 5439 1105 5492 alii
1148 5438 1346 5515 Cyrum
1381 5439 1553 5515 κόρον,
1588 5439 1857 5515 quom_od_o

278 5511 418 5579 apud
440 5510 838 5565 Theodoretum
862 5511 1034 5577 ipsum
1052 5512 1269 5577 passim,
1293 5508 1609 5577 Procopium
1626 5508 1693 5563 de
1706 5508 1854 5564 Edi-

281 5581 438 5646 ﬁciis,
470 5590 523 5634 et
568 5580 870 5636 Hieroclem
901 5581 951 5633 in
983 5581 1338 5651 Synecdemo,
1373 5580 1459 5632 ubi
1492 5579 1607 5648 ejus
1640 5583 1857 5644 provin-

278 5651 377 5706 cia:
403 5653 565 5707 urbes
595 5661 965 5718 recensentur,
994 5653 1288 5725 Ὶιράπολις,
1318 5654 1474 5727 Κύρος·
1494 5694 1507 5718 ,
1539 5651 1813 5722 Σαμόσατα

353 5790 373 5822 ¹
401 5787 537 5844 Cod.
571 5788 794 5859 Veron.,
825 5788 1166 5858 deﬁnitionem
1192 5790 1337 5855 ﬁdei.

1965 4599 2633 4656 concilium'l‘heodoretus
2654 4606 2709 4653 et
2740 4598 2877 4662 lbas,
2903 4607 3157 4667 quantum
3177 4595 3548 4653 Constant-uo-

1968 4694 2230 4762 politauus
2268 4704 2321 4747 et
2383 4690 2750 4746 Antiochenus
2800 4698 2961 4759 atque
3027 4678 3551 4761 llierosulymitanus

1966 4790 2223 4858 episcopi,
2249 4790 2337 4858 qui
2380 4789 2535 4857 primi
2570 4796 2686 4855 post
2716 4786 2916 4854 legatos
2959 4784 3269 4852 apostolica:
3291 4783 3436 4837 sedis
3483 4783 3551 4836 ibi

1967 4882 2241 4948 sederunt,
2275 4890 2331 4935 ut
2355 4880 2423 4935 de
2452 4880 2569 4933 aliis
2590 4892 2748 4945 quam
2778 4876 3024 4945 plurimis
3065 4884 3299 4939 taceam,
3345 4875 3431 4943 qui
3459 4887 3551 4941 per

1968 4971 2333 5041 impotentiam
2368 4969 2605 5024 Dioscuri
2649 4969 2698 5021 in
2726 4968 3137 5020 afﬁrmationem
3160 4962 3420 5032 dogmatis
3445 4960 3551 5016 Eu-

1971 5044 2201 5137 tychiani
2231 5064 2438 5119 subacti
2483 5063 2628 5133 prius
2657 5061 2902 5125 fuerant;
2951 5068 3044 5113 aut
3071 5066 3249 5111 tantus
3274 5055 3424 5109 labor
3471 5060 3551 5109 est

1967 5236 2021 5283 et
2070 5227 2310 5295 reliquae.
2362 5222 2566 5280 Eodem
2604 5222 2779 5295 rlﬂOdO
2818 5222 2964 5295 cives
3013 5220 3092 5273 vel
3144 5219 3418 5295 κυρησταὶ,
3468 5215 3552 5295 vel

1964 5288 2311 5375 xusp'naiaza
2343 5294 2698 5355 scriptoribus
2726 5292 3089 5375 appellantur,
3132 5301 3186 5341 et
3211 5288 3285 5375 'in
3319 5288 3552 5375 nummis

1964 5356 2198 5439 arnii'quis
2248 5368 2642 5439 Antoninorum
2702 5356 3190 5439 achl’hilippurum
3227 5360 3412 5427 legere
3449 5367 3551 5412 est.

1965 5443 2076 5501 Διὸς
2096 5433 2107 5439 ’
2124 5440 2421 5496 καταιϐάτου
2454 5438 2779 5513 ξίυρῥηστὴὥν,
2798 5433 2893 5513 _\'el
2930 5438 3233 5513 Rufinus-«Eia
3252 5445 3358 5513 seu
3401 5443 3553 5512 lupa:

1964 5500 2124 5574 στῶν,
2155 5526 2275 5563 cum
2308 5500 2625 5575 templo'iel
2652 5502 2942 5559 simulacio
2972 5500 3115 5557 iovis
3142 5500 3433 5567 Catabatae,
3464 5500 3554 5570 Qui

1967 5585 2019 5637 in
2047 5598 2107 5636 ea
2133 5582 2264 5635 urbe
2291 5580 2587 5633 colebatur.

2039 5789 2057 5817 ¹
2086 5786 2230 5840 Idem
2260 5781 2407 5846 θοὰ..
2440 5781 2640 5835 iterum.
3312 5810 3321 5833 ι
