  <div class='ocr_page' id='page_1' title='image "/cluster/home/n/w/nwhite01/storage/ocr_20150623/67/hvd.32044015547185/327.png"; bbox 0 0 4070 6352; ppageno 0'>
   <div class='ocr_carea' id='block_1_1' title="bbox 513 212 618 268">
    <p class='ocr_par' dir='ltr' id='par_1_1' title="bbox 513 212 618 268">
     <span class='ocr_line' id='line_1_1' title="bbox 513 212 618 268; baseline -0.019 0"><span class='ocrx_word' id='word_1_1' title='bbox 513 212 618 268; x_wconf 72' lang='lat' dir='ltr'><strong>M3</strong></span> 
     </span>
    </p>
   </div>
   <div class='ocr_carea' id='block_1_2' title="bbox 1608 204 2677 265">
    <p class='ocr_par' dir='ltr' id='par_1_2' title="bbox 1608 204 2677 265">
     <span class='ocr_line' id='line_1_2' title="bbox 1608 204 2677 265; baseline 0.003 -4"><span class='ocrx_word' id='word_1_2' title='bbox 1608 206 1901 264; x_wconf 77' lang='lat' dir='ltr'><strong>FACUNDI</strong></span> <span class='ocrx_word' id='word_1_3' title='bbox 1933 204 2143 263; x_wconf 84' lang='lat' dir='ltr'><strong>EPISC.</strong></span> <span class='ocrx_word' id='word_1_4' title='bbox 2172 204 2677 265; x_wconf 42' lang='lat' dir='ltr'><strong>l‘lEBMiANENSIS</strong></span> 
     </span>
    </p>
   </div>
   <div class='ocr_carea' id='block_1_3' title="bbox 3697 207 3812 263">
    <p class='ocr_par' dir='ltr' id='par_1_3' title="bbox 3697 207 3812 263">
     <span class='ocr_line' id='line_1_3' title="bbox 3697 207 3812 263; baseline 0.009 -1"><span class='ocrx_word' id='word_1_5' title='bbox 3697 207 3812 263; x_wconf 68' lang='grc' dir='ltr'>σει</span> 
     </span>
    </p>
   </div>
   <div class='ocr_carea' id='block_1_4' title="bbox 511 314 3817 393">
    <p class='ocr_par' dir='ltr' id='par_1_4' title="bbox 511 314 3817 393">
     <span class='ocr_line' id='line_1_4' title="bbox 511 314 3817 393; baseline -0.002 -11"><span class='ocrx_word' id='word_1_6' title='bbox 511 327 665 384; x_wconf 86' lang='lat' dir='ltr'><strong>nobis</strong></span> <span class='ocrx_word' id='word_1_7' title='bbox 684 323 1115 381; x_wconf 83' lang='lat' dir='ltr'><strong>Cttalccdonense</strong></span> <span class='ocrx_word' id='word_1_8' title='bbox 1131 322 1414 378; x_wconf 71' lang='lat' dir='ltr'><strong>concilium</strong></span> <span class='ocrx_word' id='word_1_9' title='bbox 1444 320 1703 377; x_wconf 87' lang='lat' dir='ltr'><strong>adversus</strong></span> <span class='ocrx_word' id='word_1_10' title='bbox 1732 319 2092 392; x_wconf 83' lang='lat' dir='ltr'><strong>Eulycltiauos</strong></span> <span class='ocrx_word' id='word_1_11' title='bbox 2121 332 2168 386; x_wconf 71' lang='grc' dir='ltr'>Α</span> <span class='ocrx_word' id='word_1_12' title='bbox 2202 322 2423 376; x_wconf 91' lang='lat' dir='ltr'><strong>tentiam</strong></span> <span class='ocrx_word' id='word_1_13' title='bbox 2463 322 2793 389; x_wconf 84' lang='lat' dir='ltr'><strong>Latinorum,</strong></span> <span class='ocrx_word' id='word_1_14' title='bbox 2843 323 2933 391; x_wconf 86' lang='lat' dir='ltr'><strong>qui</strong></span> <span class='ocrx_word' id='word_1_15' title='bbox 2979 338 3101 377; x_wconf 90' lang='lat' dir='ltr'><strong>cum</strong></span> <span class='ocrx_word' id='word_1_16' title='bbox 3129 338 3234 377; x_wconf 90' lang='lat' dir='ltr'><strong>non</strong></span> <span class='ocrx_word' id='word_1_17' title='bbox 3273 325 3414 393; x_wconf 89' lang='lat' dir='ltr'><strong>possi</strong></span> <span class='ocrx_word' id='word_1_18' title='bbox 3460 328 3572 379; x_wconf 85' lang='lat' dir='ltr'><strong>tah</strong></span> <span class='ocrx_word' id='word_1_19' title='bbox 3595 328 3694 383; x_wconf 77' lang='lat' dir='ltr'><strong>eis</strong></span> <span class='ocrx_word' id='word_1_20' title='bbox 3737 314 3817 383; x_wconf 62' lang='grc' dir='ltr'><strong>(ιδ</strong></span> 
     </span>
    </p>
   </div>
   <div class='ocr_carea' id='block_1_5' title="bbox 513 412 2099 485">
    <p class='ocr_par' dir='ltr' id='par_1_5' title="bbox 513 412 2099 485">
     <span class='ocr_line' id='line_1_5' title="bbox 513 412 2099 485; baseline -0.008 -10"><span class='ocrx_word' id='word_1_21' title='bbox 513 437 675 485; x_wconf 79' lang='lat' dir='ltr'><strong>super</strong></span> <span class='ocrx_word' id='word_1_22' title='bbox 704 417 810 473; x_wconf 72' lang='lat' dir='ltr'><strong>lbte</strong></span> <span class='ocrx_word' id='word_1_23' title='bbox 838 418 1058 484; x_wconf 90' lang='lat' dir='ltr'><strong>epistola</strong></span> <span class='ocrx_word' id='word_1_24' title='bbox 1080 414 1393 478; x_wconf 84' lang='lat' dir='ltr'><strong>defendere.</strong></span> <span class='ocrx_word' id='word_1_25' title='bbox 1419 426 1651 482; x_wconf 88' lang='lat' dir='ltr'><strong>quantus</strong></span> <span class='ocrx_word' id='word_1_26' title='bbox 1677 412 1832 468; x_wconf 90' lang='lat' dir='ltr'><strong>nobis</strong></span> <span class='ocrx_word' id='word_1_27' title='bbox 1861 424 1942 467; x_wconf 84' lang='lat' dir='ltr'><strong>est</strong></span> <span class='ocrx_word' id='word_1_28' title='bbox 1970 426 2099 465; x_wconf 81' lang='lat' dir='ltr'><strong>cou-</strong></span> 
     </span>
    </p>
   </div>
   <div class='ocr_carea' id='block_1_6' title="bbox 514 506 2101 574">
    <p class='ocr_par' dir='ltr' id='par_1_6' title="bbox 514 506 2101 574">
     <span class='ocr_line' id='line_1_6' title="bbox 514 506 2101 574; baseline -0.006 -8"><span class='ocrx_word' id='word_1_29' title='bbox 514 521 594 566; x_wconf 88' lang='lat' dir='ltr'><strong>tra</strong></span> <span class='ocrx_word' id='word_1_30' title='bbox 637 510 1004 573; x_wconf 83' lang='lat' dir='ltr'><strong>Ncstorianos,</strong></span> <span class='ocrx_word' id='word_1_31' title='bbox 1056 523 1163 561; x_wconf 85' lang='lat' dir='ltr'><strong>non</strong></span> <span class='ocrx_word' id='word_1_32' title='bbox 1202 508 1375 561; x_wconf 82' lang='lat' dir='ltr'><strong>solum</strong></span> <span class='ocrx_word' id='word_1_33' title='bbox 1409 522 1505 574; x_wconf 88' lang='lat' dir='ltr'><strong>pro</strong></span> <span class='ocrx_word' id='word_1_34' title='bbox 1528 506 1775 574; x_wconf 87' lang='lat' dir='ltr'><strong>personis</strong></span> <span class='ocrx_word' id='word_1_35' title='bbox 1813 507 2101 557; x_wconf 86' lang='lat' dir='ltr'><strong>multorum</strong></span> 
     </span>
    </p>
   </div>
   <div class='ocr_carea' id='block_1_7' title="bbox 513 596 2099 670">
    <p class='ocr_par' dir='ltr' id='par_1_7' title="bbox 513 596 2099 670">
     <span class='ocr_line' id='line_1_7' title="bbox 513 596 2099 670; baseline -0.008 -11"><span class='ocrx_word' id='word_1_36' title='bbox 513 602 730 659; x_wconf 87' lang='lat' dir='ltr'><strong>omnino</strong></span> <span class='ocrx_word' id='word_1_37' title='bbox 759 601 1129 670; x_wconf 87' lang='lat' dir='ltr'><strong>episcoporum</strong></span> <span class='ocrx_word' id='word_1_38' title='bbox 1161 598 1250 666; x_wconf 89' lang='lat' dir='ltr'><strong>qui</strong></span> <span class='ocrx_word' id='word_1_39' title='bbox 1282 597 1501 650; x_wconf 82' lang='lat' dir='ltr'><strong>fuerunt</strong></span> <span class='ocrx_word' id='word_1_40' title='bbox 1532 599 1583 650; x_wconf 90' lang='lat' dir='ltr'><strong>in</strong></span> <span class='ocrx_word' id='word_1_41' title='bbox 1614 598 1706 649; x_wconf 92' lang='lat' dir='ltr'><strong>illo</strong></span> <span class='ocrx_word' id='word_1_42' title='bbox 1738 596 1987 659; x_wconf 86' lang='lat' dir='ltr'><strong>concilio,</strong></span> <span class='ocrx_word' id='word_1_43' title='bbox 2011 610 2099 646; x_wconf 63' lang='lat' dir='ltr'><strong>vuo</strong></span> 
     </span>
    </p>
   </div>
   <div class='ocr_carea' id='block_1_8' title="bbox 518 684 2101 755">
    <p class='ocr_par' dir='ltr' id='par_1_8' title="bbox 518 684 2101 755">
     <span class='ocr_line' id='line_1_8' title="bbox 518 684 2101 755; baseline -0.005 -11"><span class='ocrx_word' id='word_1_44' title='bbox 518 708 634 744; x_wconf 84' lang='lat' dir='ltr'><strong>rum</strong></span> <span class='ocrx_word' id='word_1_45' title='bbox 662 691 823 743; x_wconf 78' lang='lat' dir='ltr'><strong>etiam</strong></span> <span class='ocrx_word' id='word_1_46' title='bbox 853 704 945 755; x_wconf 79' lang='lat' dir='ltr'><strong>pro</strong></span> <span class='ocrx_word' id='word_1_47' title='bbox 969 688 1376 742; x_wconf 89' lang='lat' dir='ltr'><strong>interlocutione</strong></span> <span class='ocrx_word' id='word_1_48' title='bbox 1400 687 1564 739; x_wconf 86' lang='lat' dir='ltr'><strong>sancti</strong></span> <span class='ocrx_word' id='word_1_49' title='bbox 1592 686 1820 739; x_wconf 84' lang='lat' dir='ltr'><strong>Anatolii</strong></span> <span class='ocrx_word' id='word_1_50' title='bbox 1844 684 2101 740; x_wconf 69' lang='lat' dir='ltr'><strong>C&#39;tllSialt-</strong></span> 
     </span>
    </p>
   </div>
   <div class='ocr_carea' id='block_1_9' title="bbox 514 777 2101 850">
    <p class='ocr_par' dir='ltr' id='par_1_9' title="bbox 514 777 2101 850">
     <span class='ocr_line' id='line_1_9' title="bbox 514 777 2101 850; baseline -0.009 -12"><span class='ocrx_word' id='word_1_51' title='bbox 514 782 850 850; x_wconf 86' lang='lat' dir='ltr'><strong>tinopolitani</strong></span> <span class='ocrx_word' id='word_1_52' title='bbox 881 779 1162 842; x_wconf 85' lang='lat' dir='ltr'><strong>antistitis,</strong></span> <span class='ocrx_word' id='word_1_53' title='bbox 1196 794 1354 846; x_wconf 89' lang='lat' dir='ltr'><strong>quem</strong></span> <span class='ocrx_word' id='word_1_54' title='bbox 1390 779 1676 833; x_wconf 65' lang='lat' dir='ltr'><strong>Diusctirus</strong></span> <span class='ocrx_word' id='word_1_55' title='bbox 1709 787 1734 813; x_wconf 75' lang='grc' dir='ltr'><strong>ι</strong></span> <span class='ocrx_word' id='word_1_56' title='bbox 1757 777 2101 831; x_wconf 76' lang='lat' dir='ltr'><strong>confirmatu-</strong></span> 
     </span>
    </p>
   </div>
   <div class='ocr_carea' id='block_1_10' title="bbox 517 868 2103 943">
    <p class='ocr_par' dir='ltr' id='par_1_10' title="bbox 517 868 2103 943">
     <span class='ocr_line' id='line_1_10' title="bbox 517 868 2103 943; baseline -0.006 -15"><span class='ocrx_word' id='word_1_57' title='bbox 517 888 630 929; x_wconf 88' lang='lat' dir='ltr'><strong>rem</strong></span> <span class='ocrx_word' id='word_1_58' title='bbox 668 872 984 943; x_wconf 77' lang='lat' dir='ltr'><strong>Eutychiani</strong></span> <span class='ocrx_word' id='word_1_59' title='bbox 1009 870 1298 940; x_wconf 67' lang='lat' dir='ltr'><strong>desinatis,</strong></span> <span class='ocrx_word' id='word_1_60' title='bbox 1321 878 1376 924; x_wconf 91' lang='lat' dir='ltr'><strong>et</strong></span> <span class='ocrx_word' id='word_1_61' title='bbox 1414 868 1695 925; x_wconf 76' lang='lat' dir='ltr'><strong>catholica:</strong></span> <span class='ocrx_word' id='word_1_62' title='bbox 1723 868 1849 922; x_wconf 82' lang='lat' dir='ltr'><strong>iidci</strong></span> <span class='ocrx_word' id='word_1_63' title='bbox 1879 883 2103 934; x_wconf 84' lang='lat' dir='ltr'><strong>oppres-</strong></span> 
     </span>
    </p>
   </div>
   <div class='ocr_carea' id='block_1_11' title="bbox 517 960 2104 1030">
    <p class='ocr_par' dir='ltr' id='par_1_11' title="bbox 517 960 2104 1030">
     <span class='ocr_line' id='line_1_11' title="bbox 517 960 2104 1030; baseline -0.006 -11"><span class='ocrx_word' id='word_1_64' title='bbox 517 978 696 1025; x_wconf 70' lang='grc' dir='ltr'>θοι-ειη</span> <span class='ocrx_word' id='word_1_65' title='bbox 719 965 768 1017; x_wconf 91' lang='lat' dir='ltr'><strong>in</strong></span> <span class='ocrx_word' id='word_1_66' title='bbox 796 963 884 1017; x_wconf 83' lang='lat' dir='ltr'><strong>illo</strong></span> <span class='ocrx_word' id='word_1_67' title='bbox 911 964 1138 1017; x_wconf 83' lang='lat' dir='ltr'><strong>concilio</strong></span> <span class='ocrx_word' id='word_1_68' title='bbox 1167 961 1325 1022; x_wconf 75' lang='lat' dir='ltr'><strong>dixit,</strong></span> <span class='ocrx_word' id='word_1_69' title='bbox 1379 978 1482 1016; x_wconf 87' lang='lat' dir='ltr'><strong>non</strong></span> <span class='ocrx_word' id='word_1_70' title='bbox 1508 977 1604 1030; x_wconf 90' lang='lat' dir='ltr'><strong>pro</strong></span> <span class='ocrx_word' id='word_1_71' title='bbox 1632 963 1734 1015; x_wconf 87' lang='lat' dir='ltr'><strong>lide</strong></span> <span class='ocrx_word' id='word_1_72' title='bbox 1764 960 1925 1015; x_wconf 80' lang='lat' dir='ltr'><strong>fni~se</strong></span> <span class='ocrx_word' id='word_1_73' title='bbox 1952 960 2104 1013; x_wconf 82' lang='lat' dir='ltr'><strong>dam-</strong></span> 
     </span>
    </p>
   </div>
   <div class='ocr_carea' id='block_1_12' title="bbox 520 1050 2106 1117">
    <p class='ocr_par' dir='ltr' id='par_1_12' title="bbox 520 1050 2106 1117">
     <span class='ocr_line' id='line_1_12' title="bbox 520 1050 2106 1117; baseline -0.004 -9"><span class='ocrx_word' id='word_1_74' title='bbox 520 1066 704 1108; x_wconf 88' lang='lat' dir='ltr'><strong>natum</strong></span> <span class='ocrx_word' id='word_1_75' title='bbox 729 1052 792 1107; x_wconf 65' lang='grc' dir='ltr'>η</span> <span class='ocrx_word' id='word_1_76' title='bbox 824 1052 975 1108; x_wconf 88' lang='lat' dir='ltr'><strong>Unde</strong></span> <span class='ocrx_word' id='word_1_77' title='bbox 997 1053 1150 1106; x_wconf 82' lang='lat' dir='ltr'><strong>nobis</strong></span> <span class='ocrx_word' id='word_1_78' title='bbox 1173 1051 1473 1106; x_wconf 80' lang='lat' dir='ltr'><strong>Nestoriani</strong></span> <span class='ocrx_word' id='word_1_79' title='bbox 1498 1053 1713 1106; x_wconf 88' lang='lat' dir='ltr'><strong>dicunt:</strong></span> <span class='ocrx_word' id='word_1_80' title='bbox 1739 1050 2020 1117; x_wconf 78' lang='lat' dir='ltr'><strong>Quatnodo</strong></span> <span class='ocrx_word' id='word_1_81' title='bbox 2042 1051 2106 1102; x_wconf 88' lang='lat' dir='ltr'><strong>il-</strong></span> 
     </span>
    </p>
   </div>
   <div class='ocr_carea' id='block_1_13' title="bbox 516 1142 2101 1217">
    <p class='ocr_par' dir='ltr' id='par_1_13' title="bbox 516 1142 2101 1217">
     <span class='ocr_line' id='line_1_13' title="bbox 516 1142 2101 1217; baseline -0.004 -17"><span class='ocrx_word' id='word_1_82' title='bbox 516 1147 623 1200; x_wconf 88' lang='lat' dir='ltr'><strong>lam</strong></span> <span class='ocrx_word' id='word_1_83' title='bbox 647 1146 910 1217; x_wconf 82' lang='lat' dir='ltr'><strong>synodum</strong></span> <span class='ocrx_word' id='word_1_84' title='bbox 938 1145 1238 1213; x_wconf 59' lang='lat' dir='ltr'><strong>recepistis,</strong></span> <span class='ocrx_word' id='word_1_85' title='bbox 1270 1143 1323 1196; x_wconf 92' lang='lat' dir='ltr'><strong>in</strong></span> <span class='ocrx_word' id='word_1_86' title='bbox 1350 1161 1449 1212; x_wconf 86' lang='lat' dir='ltr'><strong>qua</strong></span> <span class='ocrx_word' id='word_1_87' title='bbox 1478 1161 1582 1196; x_wconf 93' lang='lat' dir='ltr'><strong>non</strong></span> <span class='ocrx_word' id='word_1_88' title='bbox 1612 1146 1784 1196; x_wconf 58' lang='lat' dir='ltr'><strong>solum</strong></span> <span class='ocrx_word' id='word_1_89' title='bbox 1809 1142 1983 1206; x_wconf 90' lang='lat' dir='ltr'><strong>multi,</strong></span> <span class='ocrx_word' id='word_1_90' title='bbox 2007 1142 2101 1195; x_wconf 80' lang='lat' dir='ltr'><strong>scd</strong></span> 
     </span>
    </p>
   </div>
   <div class='ocr_carea' id='block_1_14' title="bbox 516 1235 2105 1308">
    <p class='ocr_par' dir='ltr' id='par_1_14' title="bbox 516 1235 2105 1308">
     <span class='ocr_line' id='line_1_14' title="bbox 516 1235 2105 1308; baseline -0.006 -14"><span class='ocrx_word' id='word_1_91' title='bbox 516 1242 680 1295; x_wconf 85' lang='lat' dir='ltr'><strong>etiam</strong></span> <span class='ocrx_word' id='word_1_92' title='bbox 713 1244 919 1308; x_wconf 86' lang='lat' dir='ltr'><strong>potiore</strong></span> <span class='ocrx_word' id='word_1_93' title='bbox 947 1239 1067 1291; x_wconf 89' lang='lat' dir='ltr'><strong>loco</strong></span> <span class='ocrx_word' id='word_1_94' title='bbox 1104 1239 1359 1291; x_wconf 85' lang='lat' dir='ltr'><strong>sederunt</strong></span> <span class='ocrx_word' id='word_1_95' title='bbox 1384 1237 1621 1304; x_wconf 68' lang='lat' dir='ltr'><strong>episcopi</strong></span> <span class='ocrx_word' id='word_1_96' title='bbox 1650 1236 1737 1303; x_wconf 86' lang='lat' dir='ltr'><strong>qui</strong></span> <span class='ocrx_word' id='word_1_97' title='bbox 1764 1248 1819 1287; x_wconf 89' lang='lat' dir='ltr'><strong>et</strong></span> <span class='ocrx_word' id='word_1_98' title='bbox 1845 1238 1911 1287; x_wconf 87' lang='lat' dir='ltr'><strong>ab</strong></span> <span class='ocrx_word' id='word_1_99' title='bbox 1946 1235 2105 1302; x_wconf 13' lang='lat' dir='ltr'><strong>Euty-</strong></span> 
     </span>
    </p>
   </div>
   <div class='ocr_carea' id='block_1_15' title="bbox 523 1323 2106 1397">
    <p class='ocr_par' dir='ltr' id='par_1_15' title="bbox 523 1323 2106 1397">
     <span class='ocr_line' id='line_1_15' title="bbox 523 1323 2106 1397; baseline -0.005 -14"><span class='ocrx_word' id='word_1_100' title='bbox 523 1329 729 1384; x_wconf 84' lang='lat' dir='ltr'><strong>cbianis</strong></span> <span class='ocrx_word' id='word_1_101' title='bbox 751 1327 983 1382; x_wconf 82' lang='lat' dir='ltr'><strong>ordinati</strong></span> <span class='ocrx_word' id='word_1_102' title='bbox 1002 1335 1146 1389; x_wconf 71' lang='lat' dir='ltr'><strong>sunt,</strong></span> <span class='ocrx_word' id='word_1_103' title='bbox 1170 1337 1223 1380; x_wconf 89' lang='lat' dir='ltr'><strong>ct</strong></span> <span class='ocrx_word' id='word_1_104' title='bbox 1255 1326 1511 1397; x_wconf 80' lang='lat' dir='ltr'><strong>Eutychis</strong></span> <span class='ocrx_word' id='word_1_105' title='bbox 1530 1333 1690 1393; x_wconf 90' lang='lat' dir='ltr'><strong>atque</strong></span> <span class='ocrx_word' id='word_1_106' title='bbox 1717 1326 1923 1378; x_wconf 64' lang='lat' dir='ltr'><strong>Dioscot</strong></span> <span class='ocrx_word' id='word_1_107' title='bbox 1941 1325 1954 1377; x_wconf 88' lang='lat' dir='ltr'><strong>i</strong></span> <span class='ocrx_word' id='word_1_108' title='bbox 1974 1323 2106 1390; x_wconf 71' lang='lat' dir='ltr'><strong>dog-</strong></span> 
     </span>
    </p>
   </div>
   <div class='ocr_carea' id='block_1_16' title="bbox 426 1415 2104 1489">
    <p class='ocr_par' dir='ltr' id='par_1_16' title="bbox 426 1415 2104 1489">
     <span class='ocr_line' id='line_1_16' title="bbox 426 1415 2104 1489; baseline -0.004 -14"><span class='ocrx_word' id='word_1_109' title='bbox 426 1424 437 1433; x_wconf 61' lang='lat'><strong>”</strong></span> <span class='ocrx_word' id='word_1_110' title='bbox 524 1437 610 1475; x_wconf 90' lang='lat' dir='ltr'><strong>tua</strong></span> <span class='ocrx_word' id='word_1_111' title='bbox 649 1420 816 1473; x_wconf 77' lang='lat' dir='ltr'><strong>secuti</strong></span> <span class='ocrx_word' id='word_1_112' title='bbox 856 1418 1205 1489; x_wconf 73' lang='lat' dir='ltr'><strong>probantur?</strong></span> <span class='ocrx_word' id='word_1_113' title='bbox 1264 1419 1369 1472; x_wconf 85' lang='lat' dir='ltr'><strong>Aut</strong></span> <span class='ocrx_word' id='word_1_114' title='bbox 1401 1416 1675 1486; x_wconf 87' lang='lat' dir='ltr'><strong>quomodo</strong></span> <span class='ocrx_word' id='word_1_115' title='bbox 1706 1415 1948 1468; x_wconf 78' lang='lat' dir='ltr'><strong>asseritis</strong></span> <span class='ocrx_word' id='word_1_116' title='bbox 1986 1430 2104 1468; x_wconf 72' lang='lat' dir='ltr'><strong>eam</strong></span> 
     </span>
    </p>
   </div>
   <div class='ocr_carea' id='block_1_17' title="bbox 524 1508 2105 1599">
    <p class='ocr_par' dir='ltr' id='par_1_17' title="bbox 524 1508 2105 1582">
     <span class='ocr_line' id='line_1_17' title="bbox 524 1508 2105 1582; baseline -0.006 -16"><span class='ocrx_word' id='word_1_117' title='bbox 524 1528 621 1582; x_wconf 87' lang='lat' dir='ltr'><strong>pro</strong></span> <span class='ocrx_word' id='word_1_118' title='bbox 641 1512 940 1566; x_wconf 78' lang='lat' dir='ltr'><strong>damnanda</strong></span> <span class='ocrx_word' id='word_1_119' title='bbox 975 1510 1227 1580; x_wconf 75' lang='lat' dir='ltr'><strong>Eutychis</strong></span> <span class='ocrx_word' id='word_1_120' title='bbox 1250 1516 1410 1577; x_wconf 88' lang='lat' dir='ltr'><strong>atque</strong></span> <span class='ocrx_word' id='word_1_121' title='bbox 1448 1508 1689 1562; x_wconf 76' lang='lat' dir='ltr'><strong>DlOSCOI&#39;i</strong></span> <span class='ocrx_word' id='word_1_122' title='bbox 1722 1508 1940 1574; x_wconf 70' lang='lat' dir='ltr'><strong>perfidia</strong></span> <span class='ocrx_word' id='word_1_123' title='bbox 1974 1520 2105 1559; x_wconf 86' lang='lat' dir='ltr'><strong>con-</strong></span> 
     </span>
    </p>
   </div>
   <div class='ocr_carea' id='block_1_18' title="bbox 518 1600 2108 1675">
    <p class='ocr_par' dir='ltr' id='par_1_18' title="bbox 518 1600 2108 1675">
     <span class='ocr_line' id='line_1_18' title="bbox 518 1600 2108 1675; baseline -0.004 -18"><span class='ocrx_word' id='word_1_124' title='bbox 518 1614 808 1675; x_wconf 73' lang='lat' dir='ltr'><strong>gregatum,</strong></span> <span class='ocrx_word' id='word_1_125' title='bbox 824 1619 942 1656; x_wconf 85' lang='lat' dir='ltr'><strong>cum</strong></span> <span class='ocrx_word' id='word_1_126' title='bbox 969 1602 1038 1656; x_wconf 88' lang='lat' dir='ltr'><strong>ibi</strong></span> <span class='ocrx_word' id='word_1_127' title='bbox 1058 1602 1680 1669; x_wconf 68' lang='lat' dir='ltr'><strong>Constantinoltolitantis</strong></span> <span class='ocrx_word' id='word_1_128' title='bbox 1696 1600 1970 1653; x_wconf 83' lang='lat' dir='ltr'><strong>Anatolius</strong></span> <span class='ocrx_word' id='word_1_129' title='bbox 1988 1614 2108 1665; x_wconf 83' lang='lat' dir='ltr'><strong>per-</strong></span> 
     </span>
    </p>
   </div>
   <div class='ocr_carea' id='block_1_19' title="bbox 2200 414 3815 485">
    <p class='ocr_par' dir='ltr' id='par_1_19' title="bbox 2200 414 3815 485">
     <span class='ocr_line' id='line_1_19' title="bbox 2200 414 3815 485; baseline 0.004 -17"><span class='ocrx_word' id='word_1_130' title='bbox 2200 429 2464 468; x_wconf 84' lang='lat' dir='ltr'><strong>consensu</strong></span> <span class='ocrx_word' id='word_1_131' title='bbox 2496 414 2749 485; x_wconf 81' lang='lat' dir='ltr'><strong>Eutychis</strong></span> <span class='ocrx_word' id='word_1_132' title='bbox 2773 427 2859 467; x_wconf 89' lang='lat' dir='ltr'><strong>aut</strong></span> <span class='ocrx_word' id='word_1_133' title='bbox 2896 415 3157 479; x_wconf 81' lang='lat' dir='ltr'><strong>Dioscuri,</strong></span> <span class='ocrx_word' id='word_1_134' title='bbox 3203 419 3284 469; x_wconf 87' lang='lat' dir='ltr'><strong>vel</strong></span> <span class='ocrx_word' id='word_1_135' title='bbox 3330 420 3616 485; x_wconf 80' lang='lat' dir='ltr'><strong>cujuslibet</strong></span> <span class='ocrx_word' id='word_1_136' title='bbox 3654 422 3815 475; x_wconf 76' lang='lat' dir='ltr'><strong>alte-</strong></span> 
     </span>
    </p>
   </div>
   <div class='ocr_carea' id='block_1_20' title="bbox 2202 507 3820 575">
    <p class='ocr_par' dir='ltr' id='par_1_20' title="bbox 2202 507 3820 575">
     <span class='ocr_line' id='line_1_20' title="bbox 2202 507 3820 575; baseline 0.006 -15"><span class='ocrx_word' id='word_1_137' title='bbox 2202 507 2315 560; x_wconf 91' lang='lat' dir='ltr'><strong>rius</strong></span> <span class='ocrx_word' id='word_1_138' title='bbox 2352 507 2612 567; x_wconf 86' lang='lat' dir='ltr'><strong>accusari,</strong></span> <span class='ocrx_word' id='word_1_139' title='bbox 2665 508 2832 575; x_wconf 85' lang='lat' dir='ltr'><strong>ipsam</strong></span> <span class='ocrx_word' id='word_1_140' title='bbox 2873 518 3047 560; x_wconf 84' lang='lat' dir='ltr'><strong>tamen</strong></span> <span class='ocrx_word' id='word_1_141' title='bbox 3090 508 3285 562; x_wconf 82' lang='lat' dir='ltr'><strong>habent</strong></span> <span class='ocrx_word' id='word_1_142' title='bbox 3313 510 3379 563; x_wconf 90' lang='lat' dir='ltr'><strong>de</strong></span> <span class='ocrx_word' id='word_1_143' title='bbox 3418 512 3820 569; x_wconf 70' lang='lat' dir='ltr'><strong>incarnatione</strong></span> 
     </span>
    </p>
   </div>
   <div class='ocr_carea' id='block_1_21' title="bbox 2201 598 3808 668">
    <p class='ocr_par' dir='ltr' id='par_1_21' title="bbox 2201 598 3808 668">
     <span class='ocr_line' id='line_1_21' title="bbox 2201 598 3808 668; baseline 0.006 -17"><span class='ocrx_word' id='word_1_144' title='bbox 2201 598 2400 653; x_wconf 78' lang='lat' dir='ltr'><strong>Christi</strong></span> <span class='ocrx_word' id='word_1_145' title='bbox 2430 598 2751 651; x_wconf 83' lang='lat' dir='ltr'><strong>sententiam</strong></span> <span class='ocrx_word' id='word_1_146' title='bbox 2802 615 2960 668; x_wconf 67' lang='lat' dir='ltr'><strong>quam</strong></span> <span class='ocrx_word' id='word_1_147' title='bbox 3009 599 3451 656; x_wconf 78' lang='lat' dir='ltr'><strong>Chalcedonense</strong></span> <span class='ocrx_word' id='word_1_148' title='bbox 3495 608 3808 660; x_wconf 78' lang='lat' dir='ltr'><strong>concilium</strong></span> 
     </span>
    </p>
   </div>
   <div class='ocr_carea' id='block_1_22' title="bbox 2204 690 3816 765">
    <p class='ocr_par' dir='ltr' id='par_1_22' title="bbox 2204 690 3816 765">
     <span class='ocr_line' id='line_1_22' title="bbox 2204 690 3816 765; baseline 0.004 -21"><span class='ocrx_word' id='word_1_149' title='bbox 2204 699 2410 745; x_wconf 71' lang='lat' dir='ltr'><strong>statuit.</strong></span> <span class='ocrx_word' id='word_1_150' title='bbox 2441 690 2512 744; x_wconf 88' lang='lat' dir='ltr'><strong>De</strong></span> <span class='ocrx_word' id='word_1_151' title='bbox 2530 691 2943 746; x_wconf 87' lang='lat' dir='ltr'><strong>interlocutione</strong></span> <span class='ocrx_word' id='word_1_152' title='bbox 2957 708 3164 761; x_wconf 88' lang='lat' dir='ltr'><strong>quoque</strong></span> <span class='ocrx_word' id='word_1_153' title='bbox 3177 695 3349 747; x_wconf 81' lang='lat' dir='ltr'><strong>sancti</strong></span> <span class='ocrx_word' id='word_1_154' title='bbox 3377 697 3615 751; x_wconf 80' lang='lat' dir='ltr'><strong>Anatolii</strong></span> <span class='ocrx_word' id='word_1_155' title='bbox 3639 715 3816 765; x_wconf 84' lang='lat' dir='ltr'><strong>quam</strong></span> 
     </span>
    </p>
   </div>
   <div class='ocr_carea' id='block_1_23' title="bbox 2204 783 3816 857">
    <p class='ocr_par' dir='ltr' id='par_1_23' title="bbox 2204 783 3816 857">
     <span class='ocr_line' id='line_1_23' title="bbox 2204 783 3816 857; baseline 0.004 -22"><span class='ocrx_word' id='word_1_156' title='bbox 2204 799 2365 851; x_wconf 91' lang='lat' dir='ltr'><strong>super</strong></span> <span class='ocrx_word' id='word_1_157' title='bbox 2392 783 2628 836; x_wconf 83' lang='lat' dir='ltr'><strong>Dioscuri</strong></span> <span class='ocrx_word' id='word_1_158' title='bbox 2662 798 2887 849; x_wconf 77' lang='lat' dir='ltr'><strong>persona</strong></span> <span class='ocrx_word' id='word_1_159' title='bbox 2922 784 3160 853; x_wconf 78' lang='lat' dir='ltr'><strong>protulit,</strong></span> <span class='ocrx_word' id='word_1_160' title='bbox 3212 786 3618 854; x_wconf 76' lang='lat' dir='ltr'><strong>respondimus.</strong></span> <span class='ocrx_word' id='word_1_161' title='bbox 3679 796 3816 857; x_wconf 82' lang='lat' dir='ltr'><strong>quia</strong></span> 
     </span>
    </p>
   </div>
   <div class='ocr_carea' id='block_1_24' title="bbox 2205 876 3821 945">
    <p class='ocr_par' dir='ltr' id='par_1_24' title="bbox 2205 876 3821 945">
     <span class='ocr_line' id='line_1_24' title="bbox 2205 876 3821 945; baseline 0.002 -15"><span class='ocrx_word' id='word_1_162' title='bbox 2205 892 2310 930; x_wconf 90' lang='lat' dir='ltr'><strong>non</strong></span> <span class='ocrx_word' id='word_1_163' title='bbox 2337 879 2400 928; x_wconf 81' lang='lat' dir='ltr'><strong>ad</strong></span> <span class='ocrx_word' id='word_1_164' title='bbox 2435 877 2656 931; x_wconf 66' lang='lat' dir='ltr'><strong>haeresis</strong></span> <span class='ocrx_word' id='word_1_165' title='bbox 2685 876 2890 931; x_wconf 84' lang='lat' dir='ltr'><strong>crimen</strong></span> <span class='ocrx_word' id='word_1_166' title='bbox 2925 879 3195 945; x_wconf 86' lang='lat' dir='ltr'><strong>pertinere</strong></span> <span class='ocrx_word' id='word_1_167' title='bbox 3223 881 3514 934; x_wconf 88' lang='lat' dir='ltr'><strong>dicendum</strong></span> <span class='ocrx_word' id='word_1_168' title='bbox 3540 889 3651 943; x_wconf 86' lang='lat' dir='ltr'><strong>est,</strong></span> <span class='ocrx_word' id='word_1_169' title='bbox 3711 884 3821 934; x_wconf 75' lang='lat' dir='ltr'><strong>ali-</strong></span> 
     </span>
    </p>
   </div>
   <div class='ocr_carea' id='block_1_25' title="bbox 2205 969 3820 1042">
    <p class='ocr_par' dir='ltr' id='par_1_25' title="bbox 2205 969 3820 1042">
     <span class='ocr_line' id='line_1_25' title="bbox 2205 969 3820 1042; baseline 0.003 -22"><span class='ocrx_word' id='word_1_170' title='bbox 2205 984 2307 1038; x_wconf 87' lang='lat' dir='ltr'><strong>qua</strong></span> <span class='ocrx_word' id='word_1_171' title='bbox 2339 979 2489 1036; x_wconf 88' lang='lat' dir='ltr'><strong>parte</strong></span> <span class='ocrx_word' id='word_1_172' title='bbox 2512 985 2630 1023; x_wconf 85' lang='lat' dir='ltr'><strong>cum</strong></span> <span class='ocrx_word' id='word_1_173' title='bbox 2666 969 2921 1023; x_wconf 87' lang='lat' dir='ltr'><strong>Dioscoro</strong></span> <span class='ocrx_word' id='word_1_174' title='bbox 2948 970 3084 1025; x_wconf 89' lang='lat' dir='ltr'><strong>bene</strong></span> <span class='ocrx_word' id='word_1_175' title='bbox 3112 971 3351 1027; x_wconf 78' lang='lat' dir='ltr'><strong>sensisse</strong></span> <span class='ocrx_word' id='word_1_176' title='bbox 3372 1012 3385 1025; x_wconf 97' lang='lat'><strong>.</strong></span> <span class='ocrx_word' id='word_1_177' title='bbox 3414 971 3530 1026; x_wconf 82' lang='lat' dir='ltr'><strong>Non</strong></span> <span class='ocrx_word' id='word_1_178' title='bbox 3555 976 3712 1026; x_wconf 80' lang='lat' dir='ltr'><strong>enim</strong></span> <span class='ocrx_word' id='word_1_179' title='bbox 3743 973 3820 1042; x_wconf 82' lang='lat' dir='ltr'><strong>ip-</strong></span> 
     </span>
    </p>
   </div>
   <div class='ocr_carea' id='block_1_26' title="bbox 2206 1062 3819 1132">
    <p class='ocr_par' dir='ltr' id='par_1_26' title="bbox 2206 1062 3819 1132">
     <span class='ocr_line' id='line_1_26' title="bbox 2206 1062 3819 1132; baseline 0 -15"><span class='ocrx_word' id='word_1_180' title='bbox 2206 1078 2320 1117; x_wconf 96' lang='lat' dir='ltr'><strong>sam</strong></span> <span class='ocrx_word' id='word_1_181' title='bbox 2344 1063 2618 1131; x_wconf 77' lang='lat' dir='ltr'><strong>perﬁdiam</strong></span> <span class='ocrx_word' id='word_1_182' title='bbox 2644 1062 2881 1117; x_wconf 76' lang='lat' dir='ltr'><strong>Diascori</strong></span> <span class='ocrx_word' id='word_1_183' title='bbox 2905 1073 3120 1116; x_wconf 86' lang='lat' dir='ltr'><strong>sanctus</strong></span> <span class='ocrx_word' id='word_1_184' title='bbox 3149 1063 3426 1118; x_wconf 88' lang='lat' dir='ltr'><strong>Anatolius</strong></span> <span class='ocrx_word' id='word_1_185' title='bbox 3455 1067 3819 1132; x_wconf 76' lang='lat' dir='ltr'><strong>approbavit,</strong></span> 
     </span>
    </p>
   </div>
   <div class='ocr_carea' id='block_1_27' title="bbox 2206 1154 3816 1222">
    <p class='ocr_par' dir='ltr' id='par_1_27' title="bbox 2206 1154 3816 1222">
     <span class='ocr_line' id='line_1_27' title="bbox 2206 1154 3816 1222; baseline 0 -14"><span class='ocrx_word' id='word_1_186' title='bbox 2206 1155 2298 1209; x_wconf 86' lang='lat' dir='ltr'><strong>sed</strong></span> <span class='ocrx_word' id='word_1_187' title='bbox 2325 1170 2444 1207; x_wconf 91' lang='lat' dir='ltr'><strong>eum</strong></span> <span class='ocrx_word' id='word_1_188' title='bbox 2474 1156 2653 1222; x_wconf 85' lang='lat' dir='ltr'><strong>potius</strong></span> <span class='ocrx_word' id='word_1_189' title='bbox 2672 1154 2740 1207; x_wconf 88' lang='lat' dir='ltr'><strong>ab</strong></span> <span class='ocrx_word' id='word_1_190' title='bbox 2760 1154 2870 1220; x_wconf 79' lang='lat' dir='ltr'><strong>ipsa</strong></span> <span class='ocrx_word' id='word_1_191' title='bbox 2897 1155 3113 1221; x_wconf 80' lang='lat' dir='ltr'><strong>perfidia</strong></span> <span class='ocrx_word' id='word_1_192' title='bbox 3136 1155 3245 1209; x_wconf 80' lang='lat' dir='ltr'><strong>fieri</strong></span> <span class='ocrx_word' id='word_1_193' title='bbox 3270 1156 3437 1209; x_wconf 88' lang='lat' dir='ltr'><strong>voluit</strong></span> <span class='ocrx_word' id='word_1_194' title='bbox 3458 1165 3816 1210; x_wconf 77' lang='lat' dir='ltr'><strong>excusatum.</strong></span> 
     </span>
    </p>
   </div>
   <div class='ocr_carea' id='block_1_28' title="bbox 2207 1245 3819 1314">
    <p class='ocr_par' dir='ltr' id='par_1_28' title="bbox 2207 1245 3819 1314">
     <span class='ocr_line' id='line_1_28' title="bbox 2207 1245 3819 1314; baseline 0.001 -15"><span class='ocrx_word' id='word_1_195' title='bbox 2207 1246 2363 1299; x_wconf 68' lang='lat' dir='ltr'><strong>Aliud</strong></span> <span class='ocrx_word' id='word_1_196' title='bbox 2406 1253 2491 1299; x_wconf 88' lang='lat' dir='ltr'><strong>est</strong></span> <span class='ocrx_word' id='word_1_197' title='bbox 2517 1248 2680 1309; x_wconf 79' lang='lat' dir='ltr'><strong>enim,</strong></span> <span class='ocrx_word' id='word_1_198' title='bbox 2726 1245 2850 1299; x_wconf 90' lang='lat' dir='ltr'><strong>ideo</strong></span> <span class='ocrx_word' id='word_1_199' title='bbox 2889 1247 3197 1299; x_wconf 57' lang='lat' dir='ltr'><strong>ha&#39;reticum</strong></span> <span class='ocrx_word' id='word_1_200' title='bbox 3230 1262 3499 1303; x_wconf 71' lang='lat' dir='ltr'><strong>excusare</strong></span> <span class='ocrx_word' id='word_1_201' title='bbox 3531 1249 3683 1314; x_wconf 88' lang='lat' dir='ltr'><strong>quod</strong></span> <span class='ocrx_word' id='word_1_202' title='bbox 3720 1263 3819 1301; x_wconf 82' lang='lat' dir='ltr'><strong>ca-</strong></span> 
     </span>
    </p>
   </div>
   <div class='ocr_carea' id='block_1_29' title="bbox 2208 1335 3817 1408">
    <p class='ocr_par' dir='ltr' id='par_1_29' title="bbox 2208 1335 3817 1408">
     <span class='ocr_line' id='line_1_29' title="bbox 2208 1335 3817 1408; baseline 0.002 -18"><span class='ocrx_word' id='word_1_203' title='bbox 2208 1336 2437 1390; x_wconf 82' lang='lat' dir='ltr'><strong>tltulicus</strong></span> <span class='ocrx_word' id='word_1_204' title='bbox 2463 1348 2696 1405; x_wconf 85' lang='lat' dir='ltr'><strong>putetur,</strong></span> <span class='ocrx_word' id='word_1_205' title='bbox 2734 1347 2786 1390; x_wconf 91' lang='lat' dir='ltr'><strong>et</strong></span> <span class='ocrx_word' id='word_1_206' title='bbox 2812 1335 2954 1389; x_wconf 83' lang='lat' dir='ltr'><strong>aliud</strong></span> <span class='ocrx_word' id='word_1_207' title='bbox 3000 1338 3169 1403; x_wconf 77' lang='lat' dir='ltr'><strong>ipsam</strong></span> <span class='ocrx_word' id='word_1_208' title='bbox 3202 1337 3466 1393; x_wconf 68' lang='lat' dir='ltr'><strong>baeresem</strong></span> <span class='ocrx_word' id='word_1_209' title='bbox 3496 1340 3817 1408; x_wconf 77' lang='lat' dir='ltr'><strong>approbare</strong></span> 
     </span>
    </p>
   </div>
   <div class='ocr_carea' id='block_1_30' title="bbox 2208 1428 3817 1497">
    <p class='ocr_par' dir='ltr' id='par_1_30' title="bbox 2208 1428 3817 1497">
     <span class='ocr_line' id='line_1_30' title="bbox 2208 1428 3817 1497; baseline 0.002 -18"><span class='ocrx_word' id='word_1_210' title='bbox 2208 1436 2366 1496; x_wconf 87' lang='lat' dir='ltr'><strong>atque</strong></span> <span class='ocrx_word' id='word_1_211' title='bbox 2386 1428 2676 1481; x_wconf 57' lang='lat' dir='ltr'><strong>defendere</strong></span> <span class='ocrx_word' id='word_1_212' title='bbox 2702 1444 2718 1483; x_wconf 90' lang='lat'><strong>:</strong></span> <span class='ocrx_word' id='word_1_213' title='bbox 2743 1429 3195 1497; x_wconf 75' lang='lat' dir='ltr'><strong>quemadmodum</strong></span> <span class='ocrx_word' id='word_1_214' title='bbox 3220 1431 3360 1482; x_wconf 85' lang='lat' dir='ltr'><strong>aliud</strong></span> <span class='ocrx_word' id='word_1_215' title='bbox 3384 1439 3471 1485; x_wconf 85' lang='lat' dir='ltr'><strong>est</strong></span> <span class='ocrx_word' id='word_1_216' title='bbox 3495 1432 3621 1483; x_wconf 90' lang='lat' dir='ltr'><strong>ideo</strong></span> <span class='ocrx_word' id='word_1_217' title='bbox 3649 1444 3817 1483; x_wconf 64' lang='lat' dir='ltr'><strong>accu-</strong></span> 
     </span>
    </p>
   </div>
   <div class='ocr_carea' id='block_1_31' title="bbox 2209 1521 3816 1592">
    <p class='ocr_par' dir='ltr' id='par_1_31' title="bbox 2209 1521 3816 1592">
     <span class='ocr_line' id='line_1_31' title="bbox 2209 1521 3816 1592; baseline 0.003 -18"><span class='ocrx_word' id='word_1_218' title='bbox 2209 1535 2329 1575; x_wconf 77' lang='lat' dir='ltr'><strong>Sare</strong></span> <span class='ocrx_word' id='word_1_219' title='bbox 2358 1522 2677 1575; x_wconf 83' lang='lat' dir='ltr'><strong>catholicum</strong></span> <span class='ocrx_word' id='word_1_220' title='bbox 2709 1521 2849 1591; x_wconf 90' lang='lat' dir='ltr'><strong>quod</strong></span> <span class='ocrx_word' id='word_1_221' title='bbox 2887 1521 3171 1576; x_wconf 72' lang='lat' dir='ltr'><strong>Ita-reticus</strong></span> <span class='ocrx_word' id='word_1_222' title='bbox 3194 1532 3428 1592; x_wconf 84' lang='lat' dir='ltr'><strong>putetur,</strong></span> <span class='ocrx_word' id='word_1_223' title='bbox 3465 1535 3519 1578; x_wconf 89' lang='lat' dir='ltr'><strong>et</strong></span> <span class='ocrx_word' id='word_1_224' title='bbox 3544 1521 3706 1576; x_wconf 79' lang='lat' dir='ltr'><strong>aliud</strong></span> <span class='ocrx_word' id='word_1_225' title='bbox 3731 1523 3816 1590; x_wconf 78' lang='lat' dir='ltr'><strong>ip-</strong></span> 
     </span>
    </p>
   </div>
   <div class='ocr_carea' id='block_1_32' title="bbox 2209 1615 3812 1684">
    <p class='ocr_par' dir='ltr' id='par_1_32' title="bbox 2209 1615 3812 1684">
     <span class='ocr_line' id='line_1_32' title="bbox 2209 1615 3812 1684; baseline 0.001 -17"><span class='ocrx_word' id='word_1_226' title='bbox 2209 1628 2321 1667; x_wconf 88' lang='lat' dir='ltr'><strong>sam</strong></span> <span class='ocrx_word' id='word_1_227' title='bbox 2365 1615 2671 1682; x_wconf 83' lang='lat' dir='ltr'><strong>improbare</strong></span> <span class='ocrx_word' id='word_1_228' title='bbox 2708 1628 2772 1668; x_wconf 85' lang='lat' dir='ltr'><strong>ac</strong></span> <span class='ocrx_word' id='word_1_229' title='bbox 2815 1617 3209 1684; x_wconf 78' lang='lat' dir='ltr'><strong>reprehendere</strong></span> <span class='ocrx_word' id='word_1_230' title='bbox 3245 1617 3567 1672; x_wconf 81' lang='lat' dir='ltr'><strong>catholicam</strong></span> <span class='ocrx_word' id='word_1_231' title='bbox 3620 1616 3812 1672; x_wconf 79' lang='lat' dir='ltr'><strong>ﬁdem.</strong></span> 
     </span>
    </p>
   </div>
   <div class='ocr_carea' id='block_1_33' title="bbox 525 1691 2109 1776">
    <p class='ocr_par' dir='ltr' id='par_1_33' title="bbox 525 1691 2108 1764">
     <span class='ocr_line' id='line_1_33' title="bbox 525 1691 2108 1764; baseline -0.003 -15"><span class='ocrx_word' id='word_1_232' title='bbox 525 1695 704 1749; x_wconf 82' lang='lat' dir='ltr'><strong>ﬁdiam</strong></span> <span class='ocrx_word' id='word_1_233' title='bbox 733 1695 968 1749; x_wconf 79' lang='lat' dir='ltr'><strong>Dioscuri</strong></span> <span class='ocrx_word' id='word_1_234' title='bbox 998 1711 1117 1764; x_wconf 71' lang='lat' dir='ltr'><strong>ane</strong></span> <span class='ocrx_word' id='word_1_235' title='bbox 1144 1697 1446 1750; x_wconf 77' lang='lat' dir='ltr'><strong>coutinunis</strong></span> <span class='ocrx_word' id='word_1_236' title='bbox 1471 1694 1540 1746; x_wconf 89' lang='lat' dir='ltr'><strong>illi</strong></span> <span class='ocrx_word' id='word_1_237' title='bbox 1566 1708 1685 1745; x_wconf 87' lang='lat' dir='ltr'><strong>cum</strong></span> <span class='ocrx_word' id='word_1_238' title='bbox 1722 1691 1961 1761; x_wconf 78' lang='lat' dir='ltr'><strong>Eutyche</strong></span> <span class='ocrx_word' id='word_1_239' title='bbox 1985 1691 2108 1745; x_wconf 85' lang='lat' dir='ltr'><strong>fue-</strong></span> 
     </span>
    </p>
   </div>
   <div class='ocr_carea' id='block_1_34' title="bbox 2213 1691 3813 1776">
    <p class='ocr_par' dir='ltr' id='par_1_34' title="bbox 2213 1705 3813 1776">
     <span class='ocr_line' id='line_1_34' title="bbox 2213 1705 3813 1776; baseline 0.002 -17"><span class='ocrx_word' id='word_1_240' title='bbox 2213 1705 2340 1759; x_wconf 84' lang='lat' dir='ltr'><strong>Nam</strong></span> <span class='ocrx_word' id='word_1_241' title='bbox 2368 1706 2543 1774; x_wconf 76' lang='lat' dir='ltr'><strong>potest</strong></span> <span class='ocrx_word' id='word_1_242' title='bbox 2563 1706 2824 1761; x_wconf 82' lang='lat' dir='ltr'><strong>castitatis</strong></span> <span class='ocrx_word' id='word_1_243' title='bbox 2849 1708 3175 1776; x_wconf 76' lang='lat' dir='ltr'><strong>approbatur</strong></span> <span class='ocrx_word' id='word_1_244' title='bbox 3200 1717 3361 1775; x_wconf 88' lang='lat' dir='ltr'><strong>atque</strong></span> <span class='ocrx_word' id='word_1_245' title='bbox 3391 1708 3650 1773; x_wconf 88' lang='lat' dir='ltr'><strong>dilector,</strong></span> <span class='ocrx_word' id='word_1_246' title='bbox 3701 1722 3813 1762; x_wconf 88' lang='lat' dir='ltr'><strong>non</strong></span> 
     </span>
    </p>
   </div>
   <div class='ocr_carea' id='block_1_35' title="bbox 519 1782 2101 1858">
    <p class='ocr_par' dir='ltr' id='par_1_35' title="bbox 519 1782 2101 1858">
     <span class='ocr_line' id='line_1_35' title="bbox 519 1782 2101 1858; baseline -0.006 -15"><span class='ocrx_word' id='word_1_247' title='bbox 519 1797 625 1853; x_wconf 89' lang='lat' dir='ltr'><strong>rat,</strong></span> <span class='ocrx_word' id='word_1_248' title='bbox 654 1788 992 1856; x_wconf 80' lang='lat' dir='ltr'><strong>approbavit,</strong></span> <span class='ocrx_word' id='word_1_249' title='bbox 1028 1787 1376 1858; x_wconf 86' lang='lat' dir='ltr'><strong>pronuntians</strong></span> <span class='ocrx_word' id='word_1_250' title='bbox 1400 1800 1522 1839; x_wconf 90' lang='lat' dir='ltr'><strong>eum</strong></span> <span class='ocrx_word' id='word_1_251' title='bbox 1553 1800 1658 1838; x_wconf 90' lang='lat' dir='ltr'><strong>non</strong></span> <span class='ocrx_word' id='word_1_252' title='bbox 1692 1798 1790 1852; x_wconf 91' lang='lat' dir='ltr'><strong>pro</strong></span> <span class='ocrx_word' id='word_1_253' title='bbox 1822 1783 1925 1836; x_wconf 84' lang='lat' dir='ltr'><strong>fide</strong></span> <span class='ocrx_word' id='word_1_254' title='bbox 1950 1782 2101 1835; x_wconf 87' lang='lat' dir='ltr'><strong>dam-</strong></span> 
     </span>
    </p>
   </div>
   <div class='ocr_carea' id='block_1_36' title="bbox 519 1876 2103 1935">
    <p class='ocr_par' dir='ltr' id='par_1_36' title="bbox 519 1876 2103 1935">
     <span class='ocr_line' id='line_1_36' title="bbox 519 1876 2103 1935; baseline -0.007 0"><span class='ocrx_word' id='word_1_255' title='bbox 519 1879 747 1935; x_wconf 75' lang='lat' dir='ltr'><strong>natum?</strong></span> <span class='ocrx_word' id='word_1_256' title='bbox 788 1881 841 1934; x_wconf 88' lang='lat' dir='ltr'><strong>Si</strong></span> <span class='ocrx_word' id='word_1_257' title='bbox 868 1891 1045 1933; x_wconf 78' lang='lat' dir='ltr'><strong>autem</strong></span> <span class='ocrx_word' id='word_1_258' title='bbox 1081 1895 1179 1934; x_wconf 87' lang='lat' dir='ltr'><strong>nos</strong></span> <span class='ocrx_word' id='word_1_259' title='bbox 1207 1880 1303 1933; x_wconf 86' lang='lat' dir='ltr'><strong>ista</strong></span> <span class='ocrx_word' id='word_1_260' title='bbox 1348 1876 1786 1931; x_wconf 86' lang='lat' dir='ltr'><strong>Nestorianorutn</strong></span> <span class='ocrx_word' id='word_1_261' title='bbox 1824 1888 1931 1927; x_wconf 89' lang='lat' dir='ltr'><strong>non</strong></span> <span class='ocrx_word' id='word_1_262' title='bbox 1953 1888 2103 1927; x_wconf 85' lang='lat' dir='ltr'><strong>com-</strong></span> 
     </span>
    </p>
   </div>
   <div class='ocr_carea' id='block_1_37' title="bbox 529 1970 2103 2038">
    <p class='ocr_par' dir='ltr' id='par_1_37' title="bbox 529 1970 2103 2038">
     <span class='ocr_line' id='line_1_37' title="bbox 529 1970 2103 2038; baseline -0.006 -10"><span class='ocrx_word' id='word_1_263' title='bbox 529 1982 770 2035; x_wconf 88' lang='lat' dir='ltr'><strong>movent,</strong></span> <span class='ocrx_word' id='word_1_264' title='bbox 821 1973 1189 2027; x_wconf 89' lang='lat' dir='ltr'><strong>multominus</strong></span> <span class='ocrx_word' id='word_1_265' title='bbox 1234 1971 1319 2026; x_wconf 84' lang='lat' dir='ltr'><strong>illa</strong></span> <span class='ocrx_word' id='word_1_266' title='bbox 1355 1970 1816 2038; x_wconf 77' lang='lat' dir='ltr'><strong>Eutychianorum</strong></span> <span class='ocrx_word' id='word_1_267' title='bbox 1849 1973 2103 2035; x_wconf 88' lang='lat' dir='ltr'><strong>poterunt</strong></span> 
     </span>
    </p>
   </div>
   <div class='ocr_carea' id='block_1_38' title="bbox 519 2059 2106 2130">
    <p class='ocr_par' dir='ltr' id='par_1_38' title="bbox 519 2059 2106 2130">
     <span class='ocr_line' id='line_1_38' title="bbox 519 2059 2106 2130; baseline -0.006 -10"><span class='ocrx_word' id='word_1_268' title='bbox 519 2078 884 2120; x_wconf 76' lang='lat' dir='ltr'><strong>commovere.</strong></span> <span class='ocrx_word' id='word_1_269' title='bbox 934 2064 1112 2118; x_wconf 82' lang='lat' dir='ltr'><strong>Facile</strong></span> <span class='ocrx_word' id='word_1_270' title='bbox 1135 2073 1217 2118; x_wconf 85' lang='lat' dir='ltr'><strong>est</strong></span> <span class='ocrx_word' id='word_1_271' title='bbox 1241 2064 1384 2116; x_wconf 85' lang='lat' dir='ltr'><strong>enim</strong></span> <span class='ocrx_word' id='word_1_272' title='bbox 1412 2070 1470 2115; x_wconf 92' lang='lat' dir='ltr'><strong>ut</strong></span> <span class='ocrx_word' id='word_1_273' title='bbox 1499 2061 1630 2130; x_wconf 88' lang='lat' dir='ltr'><strong>ipsis</strong></span> <span class='ocrx_word' id='word_1_274' title='bbox 1659 2074 1874 2127; x_wconf 87' lang='lat' dir='ltr'><strong>quoque</strong></span> <span class='ocrx_word' id='word_1_275' title='bbox 1914 2059 2106 2112; x_wconf 76' lang='lat' dir='ltr'><strong>Nesto-</strong></span> 
     </span>
    </p>
   </div>
   <div class='ocr_carea' id='block_1_39' title="bbox 520 2149 2107 2224">
    <p class='ocr_par' dir='ltr' id='par_1_39' title="bbox 520 2149 2107 2224">
     <span class='ocr_line' id='line_1_39' title="bbox 520 2149 2107 2224; baseline -0.005 -13"><span class='ocrx_word' id='word_1_276' title='bbox 520 2157 688 2211; x_wconf 85' lang='lat' dir='ltr'><strong>riunis</strong></span> <span class='ocrx_word' id='word_1_277' title='bbox 708 2155 1076 2224; x_wconf 75' lang='lat' dir='ltr'><strong>ostendamus,</strong></span> <span class='ocrx_word' id='word_1_278' title='bbox 1104 2154 1355 2223; x_wconf 88' lang='lat' dir='ltr'><strong>quoniam</strong></span> <span class='ocrx_word' id='word_1_279' title='bbox 1383 2153 1486 2205; x_wconf 74' lang='lat' dir='ltr'><strong>tale</strong></span> <span class='ocrx_word' id='word_1_280' title='bbox 1510 2162 1594 2215; x_wconf 75' lang='lat' dir='ltr'><strong>cst</strong></span> <span class='ocrx_word' id='word_1_281' title='bbox 1621 2160 1677 2204; x_wconf 94' lang='lat' dir='ltr'><strong>ut</strong></span> <span class='ocrx_word' id='word_1_282' title='bbox 1698 2150 1882 2203; x_wconf 81' lang='lat' dir='ltr'><strong>dicant</strong></span> <span class='ocrx_word' id='word_1_283' title='bbox 1910 2149 2107 2203; x_wconf 80' lang='lat' dir='ltr'><strong>nullius</strong></span> 
     </span>
    </p>
   </div>
   <div class='ocr_carea' id='block_1_40' title="bbox 523 2241 2105 2311">
    <p class='ocr_par' dir='ltr' id='par_1_40' title="bbox 523 2241 2105 2311">
     <span class='ocr_line' id='line_1_40' title="bbox 523 2241 2105 2311; baseline -0.008 -9"><span class='ocrx_word' id='word_1_284' title='bbox 523 2262 644 2303; x_wconf 86' lang='lat' dir='ltr'><strong>esse</strong></span> <span class='ocrx_word' id='word_1_285' title='bbox 698 2246 1066 2309; x_wconf 85' lang='lat' dir='ltr'><strong>auctoritatis,</strong></span> <span class='ocrx_word' id='word_1_286' title='bbox 1131 2242 1272 2311; x_wconf 82' lang='lat' dir='ltr'><strong>quod</strong></span> <span class='ocrx_word' id='word_1_287' title='bbox 1332 2241 1710 2308; x_wconf 76' lang='lat' dir='ltr'><strong>resipiscentes</strong></span> <span class='ocrx_word' id='word_1_288' title='bbox 1756 2253 1786 2291; x_wconf 89' lang='lat' dir='ltr'><strong>a</strong></span> <span class='ocrx_word' id='word_1_289' title='bbox 1841 2252 2105 2306; x_wconf 70' lang='lat' dir='ltr'><strong>prmsum-</strong></span> 
     </span>
    </p>
   </div>
   <div class='ocr_carea' id='block_1_41' title="bbox 522 2328 2107 2408">
    <p class='ocr_par' dir='ltr' id='par_1_41' title="bbox 522 2328 2107 2408">
     <span class='ocr_line' id='line_1_41' title="bbox 522 2328 2107 2408; baseline -0.006 -17"><span class='ocrx_word' id='word_1_290' title='bbox 522 2338 705 2408; x_wconf 86' lang='lat' dir='ltr'><strong>ptioue</strong></span> <span class='ocrx_word' id='word_1_291' title='bbox 757 2335 1001 2389; x_wconf 82' lang='lat' dir='ltr'><strong>Dioscuri</strong></span> <span class='ocrx_word' id='word_1_292' title='bbox 1061 2333 1249 2387; x_wconf 80' lang='lat' dir='ltr'><strong>Patres</strong></span> <span class='ocrx_word' id='word_1_293' title='bbox 1285 2332 1376 2400; x_wconf 90' lang='lat' dir='ltr'><strong>qui</strong></span> <span class='ocrx_word' id='word_1_294' title='bbox 1423 2346 1545 2385; x_wconf 90' lang='lat' dir='ltr'><strong>cum</strong></span> <span class='ocrx_word' id='word_1_295' title='bbox 1597 2331 1717 2384; x_wconf 89' lang='lat' dir='ltr'><strong>aliis</strong></span> <span class='ocrx_word' id='word_1_296' title='bbox 1767 2328 2107 2384; x_wconf 79' lang='lat' dir='ltr'><strong>Chalcedona</strong></span> 
     </span>
    </p>
   </div>
   <div class='ocr_carea' id='block_1_42' title="bbox 521 2424 2110 2494">
    <p class='ocr_par' dir='ltr' id='par_1_42' title="bbox 521 2424 2110 2494">
     <span class='ocr_line' id='line_1_42' title="bbox 521 2424 2110 2494; baseline -0.003 -13"><span class='ocrx_word' id='word_1_297' title='bbox 521 2438 908 2493; x_wconf 81' lang='lat' dir='ltr'><strong>convenerant,</strong></span> <span class='ocrx_word' id='word_1_298' title='bbox 960 2428 1327 2482; x_wconf 83' lang='lat' dir='ltr'><strong>dctiuierunt:</strong></span> <span class='ocrx_word' id='word_1_299' title='bbox 1360 2426 1518 2494; x_wconf 82' lang='lat' dir='ltr'><strong>quale</strong></span> <span class='ocrx_word' id='word_1_300' title='bbox 1570 2424 1615 2478; x_wconf 90' lang='lat' dir='ltr'><strong>si</strong></span> <span class='ocrx_word' id='word_1_301' title='bbox 1669 2424 1896 2488; x_wconf 86' lang='lat' dir='ltr'><strong>dicatur,</strong></span> <span class='ocrx_word' id='word_1_302' title='bbox 1944 2425 2110 2478; x_wconf 89' lang='lat' dir='ltr'><strong>etiam</strong></span> 
     </span>
    </p>
   </div>
   <div class='ocr_carea' id='block_1_43' title="bbox 523 2516 2111 2589">
    <p class='ocr_par' dir='ltr' id='par_1_43' title="bbox 523 2516 2111 2589">
     <span class='ocr_line' id='line_1_43' title="bbox 523 2516 2111 2589; baseline -0.004 -13"><span class='ocrx_word' id='word_1_303' title='bbox 523 2521 668 2576; x_wconf 83' lang='lat' dir='ltr'><strong>Petri</strong></span> <span class='ocrx_word' id='word_1_304' title='bbox 722 2520 944 2589; x_wconf 84' lang='lat' dir='ltr'><strong>apostoli</strong></span> <span class='ocrx_word' id='word_1_305' title='bbox 994 2520 1333 2585; x_wconf 87' lang='lat' dir='ltr'><strong>doctrinam,</strong></span> <span class='ocrx_word' id='word_1_306' title='bbox 1386 2533 1547 2586; x_wconf 90' lang='lat' dir='ltr'><strong>quam</strong></span> <span class='ocrx_word' id='word_1_307' title='bbox 1601 2518 1669 2571; x_wconf 91' lang='lat' dir='ltr'><strong>de</strong></span> <span class='ocrx_word' id='word_1_308' title='bbox 1717 2516 1933 2570; x_wconf 83' lang='lat' dir='ltr'><strong>Christo</strong></span> <span class='ocrx_word' id='word_1_309' title='bbox 1988 2531 2111 2570; x_wconf 89' lang='lat' dir='ltr'><strong>cum</strong></span> 
     </span>
    </p>
   </div>
   <div class='ocr_carea' id='block_1_44' title="bbox 525 2606 2109 2680">
    <p class='ocr_par' dir='ltr' id='par_1_44' title="bbox 525 2606 2109 2680">
     <span class='ocr_line' id='line_1_44' title="bbox 525 2606 2109 2680; baseline -0.005 -13"><span class='ocrx_word' id='word_1_310' title='bbox 525 2611 646 2667; x_wconf 84' lang='lat' dir='ltr'><strong>aliis</strong></span> <span class='ocrx_word' id='word_1_311' title='bbox 696 2613 948 2680; x_wconf 66' lang='lat' dir='ltr'><strong>apostolis</strong></span> <span class='ocrx_word' id='word_1_312' title='bbox 994 2609 1322 2677; x_wconf 73' lang='lat' dir='ltr'><strong>prmdicavit,</strong></span> <span class='ocrx_word' id='word_1_313' title='bbox 1356 2608 1554 2662; x_wconf 84' lang='lat' dir='ltr'><strong>nullius</strong></span> <span class='ocrx_word' id='word_1_314' title='bbox 1604 2621 1726 2662; x_wconf 76' lang='lat' dir='ltr'><strong>esse</strong></span> <span class='ocrx_word' id='word_1_315' title='bbox 1769 2606 2109 2661; x_wconf 82' lang='lat' dir='ltr'><strong>auctoritatis</strong></span> 
     </span>
    </p>
   </div>
   <div class='ocr_carea' id='block_1_45' title="bbox 522 2698 2113 2774">
    <p class='ocr_par' dir='ltr' id='par_1_45' title="bbox 522 2698 2113 2774">
     <span class='ocr_line' id='line_1_45' title="bbox 522 2698 2113 2774; baseline -0.004 -17"><span class='ocrx_word' id='word_1_316' title='bbox 522 2703 663 2774; x_wconf 90' lang='lat' dir='ltr'><strong>quod</strong></span> <span class='ocrx_word' id='word_1_317' title='bbox 711 2703 980 2757; x_wconf 67' lang='lat' dir='ltr'><strong>Christum</strong></span> <span class='ocrx_word' id='word_1_318' title='bbox 1024 2701 1309 2770; x_wconf 83' lang='lat' dir='ltr'><strong>aliquando</strong></span> <span class='ocrx_word' id='word_1_319' title='bbox 1368 2699 1661 2769; x_wconf 72' lang='lat' dir='ltr'><strong>negaverit,</strong></span> <span class='ocrx_word' id='word_1_320' title='bbox 1719 2709 1809 2752; x_wconf 91' lang='lat' dir='ltr'><strong>aut</strong></span> <span class='ocrx_word' id='word_1_321' title='bbox 1837 2698 1979 2768; x_wconf 89' lang='lat' dir='ltr'><strong>quod</strong></span> <span class='ocrx_word' id='word_1_322' title='bbox 2026 2712 2113 2752; x_wconf 89' lang='lat' dir='ltr'><strong>re-</strong></span> 
     </span>
    </p>
   </div>
   <div class='ocr_carea' id='block_1_46' title="bbox 524 2789 2101 2865">
    <p class='ocr_par' dir='ltr' id='par_1_46' title="bbox 524 2789 2101 2865">
     <span class='ocr_line' id='line_1_46' title="bbox 524 2789 2101 2865; baseline -0.003 -16"><span class='ocrx_word' id='word_1_323' title='bbox 524 2794 821 2865; x_wconf 74' lang='lat' dir='ltr'><strong>prehensus</strong></span> <span class='ocrx_word' id='word_1_324' title='bbox 849 2794 1011 2849; x_wconf 87' lang='lat' dir='ltr'><strong>fuerit</strong></span> <span class='ocrx_word' id='word_1_325' title='bbox 1050 2809 1080 2847; x_wconf 88' lang='lat' dir='ltr'><strong>a</strong></span> <span class='ocrx_word' id='word_1_326' title='bbox 1124 2792 1302 2857; x_wconf 80' lang='lat' dir='ltr'><strong>Paulo,</strong></span> <span class='ocrx_word' id='word_1_327' title='bbox 1336 2807 1458 2846; x_wconf 86' lang='lat' dir='ltr'><strong>cum</strong></span> <span class='ocrx_word' id='word_1_328' title='bbox 1500 2805 1606 2845; x_wconf 91' lang='lat' dir='ltr'><strong>non</strong></span> <span class='ocrx_word' id='word_1_329' title='bbox 1637 2798 1782 2844; x_wconf 87' lang='lat' dir='ltr'><strong>recte</strong></span> <span class='ocrx_word' id='word_1_330' title='bbox 1811 2789 2101 2844; x_wconf 85' lang='lat' dir='ltr'><strong>ambulans</strong></span> 
     </span>
    </p>
   </div>
   <div class='ocr_carea' id='block_1_47' title="bbox 523 2879 2112 2954">
    <p class='ocr_par' dir='ltr' id='par_1_47' title="bbox 523 2879 2112 2954">
     <span class='ocr_line' id='line_1_47' title="bbox 523 2879 2112 2954; baseline -0.006 -11"><span class='ocrx_word' id='word_1_331' title='bbox 523 2886 594 2943; x_wconf 87' lang='lat' dir='ltr'><strong>ad</strong></span> <span class='ocrx_word' id='word_1_332' title='bbox 646 2888 924 2941; x_wconf 74' lang='lat' dir='ltr'><strong>veritatem</strong></span> <span class='ocrx_word' id='word_1_333' title='bbox 972 2884 1245 2954; x_wconf 79' lang='lat' dir='ltr'><strong>Evangelii</strong></span> <span class='ocrx_word' id='word_1_334' title='bbox 1274 2892 1461 2952; x_wconf 85' lang='lat' dir='ltr'><strong>gentes</strong></span> <span class='ocrx_word' id='word_1_335' title='bbox 1502 2881 1775 2951; x_wconf 85' lang='lat' dir='ltr'><strong>judaizare</strong></span> <span class='ocrx_word' id='word_1_336' title='bbox 1815 2879 2112 2949; x_wconf 85' lang='lat' dir='ltr'><strong>compelle-</strong></span> 
     </span>
    </p>
   </div>
   <div class='ocr_carea' id='block_1_48' title="bbox 523 2972 2115 3046">
    <p class='ocr_par' dir='ltr' id='par_1_48' title="bbox 523 2972 2115 3046">
     <span class='ocr_line' id='line_1_48' title="bbox 523 2972 2115 3046; baseline -0.006 -13"><span class='ocrx_word' id='word_1_337' title='bbox 523 2988 624 3033; x_wconf 84' lang='lat' dir='ltr'><strong>ret.</strong></span> <span class='ocrx_word' id='word_1_338' title='bbox 652 2977 817 3046; x_wconf 81' lang='lat' dir='ltr'><strong>Quale</strong></span> <span class='ocrx_word' id='word_1_339' title='bbox 837 2988 918 3033; x_wconf 89' lang='lat' dir='ltr'><strong>est</strong></span> <span class='ocrx_word' id='word_1_340' title='bbox 940 2979 1121 3042; x_wconf 87' lang='lat' dir='ltr'><strong>etiam,</strong></span> <span class='ocrx_word' id='word_1_341' title='bbox 1148 2977 1194 3030; x_wconf 87' lang='lat' dir='ltr'><strong>si</strong></span> <span class='ocrx_word' id='word_1_342' title='bbox 1221 2974 1515 3032; x_wconf 86' lang='lat' dir='ltr'><strong>Sabelliani</strong></span> <span class='ocrx_word' id='word_1_343' title='bbox 1540 2975 1722 3029; x_wconf 89' lang='lat' dir='ltr'><strong>dicere</strong></span> <span class='ocrx_word' id='word_1_344' title='bbox 1746 2973 1937 3037; x_wconf 89' lang='lat' dir='ltr'><strong>velint,</strong></span> <span class='ocrx_word' id='word_1_345' title='bbox 1992 2972 2115 3026; x_wconf 86' lang='lat' dir='ltr'><strong>ideo</strong></span> 
     </span>
    </p>
   </div>
   <div class='ocr_carea' id='block_1_49' title="bbox 2206 1796 3811 1867">
    <p class='ocr_par' dir='ltr' id='par_1_49' title="bbox 2206 1796 3811 1867">
     <span class='ocr_line' id='line_1_49' title="bbox 2206 1796 3811 1867; baseline 0.002 -18"><span class='ocrx_word' id='word_1_346' title='bbox 2206 1798 2496 1867; x_wconf 83' lang='lat' dir='ltr'><strong>approbata</strong></span> <span class='ocrx_word' id='word_1_347' title='bbox 2526 1796 2901 1862; x_wconf 84' lang='lat' dir='ltr'><strong>fornicatione,</strong></span> <span class='ocrx_word' id='word_1_348' title='bbox 2928 1799 3327 1863; x_wconf 81' lang='lat' dir='ltr'><strong>foruicatorem,</strong></span> <span class='ocrx_word' id='word_1_349' title='bbox 3347 1798 3470 1851; x_wconf 91' lang='lat' dir='ltr'><strong>dum</strong></span> <span class='ocrx_word' id='word_1_350' title='bbox 3496 1799 3552 1853; x_wconf 87' lang='lat' dir='ltr'><strong>in</strong></span> <span class='ocrx_word' id='word_1_351' title='bbox 3572 1812 3811 1867; x_wconf 81' lang='lat' dir='ltr'><strong>persons</strong></span> 
     </span>
    </p>
   </div>
   <div class='ocr_carea' id='block_1_50' title="bbox 2208 1888 3812 1959">
    <p class='ocr_par' dir='ltr' id='par_1_50' title="bbox 2208 1888 3812 1959">
     <span class='ocr_line' id='line_1_50' title="bbox 2208 1888 3812 1959; baseline 0.001 -17"><span class='ocrx_word' id='word_1_352' title='bbox 2208 1888 2406 1943; x_wconf 85' lang='lat' dir='ltr'><strong>fallitur</strong></span> <span class='ocrx_word' id='word_1_353' title='bbox 2426 1929 2441 1952; x_wconf 91' lang='lat'><strong>,</strong></span> <span class='ocrx_word' id='word_1_354' title='bbox 2487 1892 2784 1959; x_wconf 78' lang='lat' dir='ltr'><strong>approbare</strong></span> <span class='ocrx_word' id='word_1_355' title='bbox 2813 1905 2828 1955; x_wconf 92' lang='lat'><strong>;</strong></span> <span class='ocrx_word' id='word_1_356' title='bbox 2883 1896 2938 1944; x_wconf 88' lang='lat' dir='ltr'><strong>et</strong></span> <span class='ocrx_word' id='word_1_357' title='bbox 2968 1906 3073 1943; x_wconf 88' lang='lat' dir='ltr'><strong>non</strong></span> <span class='ocrx_word' id='word_1_358' title='bbox 3100 1889 3395 1957; x_wconf 88' lang='lat' dir='ltr'><strong>improbata</strong></span> <span class='ocrx_word' id='word_1_359' title='bbox 3421 1891 3704 1953; x_wconf 84' lang='lat' dir='ltr'><strong>castitate,</strong></span> <span class='ocrx_word' id='word_1_360' title='bbox 3732 1904 3812 1943; x_wconf 78' lang='lat' dir='ltr'><strong>ca-</strong></span> 
     </span>
    </p>
   </div>
   <div class='ocr_carea' id='block_1_51' title="bbox 2207 1980 3807 2048">
    <p class='ocr_par' dir='ltr' id='par_1_51' title="bbox 2207 1980 3807 2048">
     <span class='ocr_line' id='line_1_51' title="bbox 2207 1980 3807 2048; baseline 0.001 -15"><span class='ocrx_word' id='word_1_361' title='bbox 2207 1990 2372 2046; x_wconf 89' lang='lat' dir='ltr'><strong>stum,</strong></span> <span class='ocrx_word' id='word_1_362' title='bbox 2403 1981 2528 2033; x_wconf 91' lang='lat' dir='ltr'><strong>dum</strong></span> <span class='ocrx_word' id='word_1_363' title='bbox 2562 1982 2612 2034; x_wconf 92' lang='lat' dir='ltr'><strong>in</strong></span> <span class='ocrx_word' id='word_1_364' title='bbox 2641 1994 2866 2047; x_wconf 80' lang='lat' dir='ltr'><strong>persona</strong></span> <span class='ocrx_word' id='word_1_365' title='bbox 2911 1981 3159 2034; x_wconf 85' lang='lat' dir='ltr'><strong>similiter</strong></span> <span class='ocrx_word' id='word_1_366' title='bbox 3189 1981 3410 2045; x_wconf 86' lang='lat' dir='ltr'><strong>fallitur,</strong></span> <span class='ocrx_word' id='word_1_367' title='bbox 3471 1980 3807 2048; x_wconf 84' lang='lat' dir='ltr'><strong>improbare.</strong></span> 
     </span>
    </p>
   </div>
   <div class='ocr_carea' id='block_1_52' title="bbox 2219 2072 3812 2140">
    <p class='ocr_par' dir='ltr' id='par_1_52' title="bbox 2219 2072 3812 2140">
     <span class='ocr_line' id='line_1_52' title="bbox 2219 2072 3812 2140; baseline 0 -13"><span class='ocrx_word' id='word_1_368' title='bbox 2219 2074 2523 2132; x_wconf 76' lang='lat' dir='ltr'><strong>Postremo,</strong></span> <span class='ocrx_word' id='word_1_369' title='bbox 2568 2072 2710 2139; x_wconf 87' lang='lat' dir='ltr'><strong>quod</strong></span> <span class='ocrx_word' id='word_1_370' title='bbox 2737 2074 3133 2140; x_wconf 85' lang='lat' dir='ltr'><strong>promptissime</strong></span> <span class='ocrx_word' id='word_1_371' title='bbox 3162 2073 3483 2135; x_wconf 81' lang='lat' dir='ltr'><strong>concedunt,</strong></span> <span class='ocrx_word' id='word_1_372' title='bbox 3530 2072 3681 2126; x_wconf 83' lang='lat' dir='ltr'><strong>sicut</strong></span> <span class='ocrx_word' id='word_1_373' title='bbox 3705 2084 3812 2127; x_wconf 82' lang='lat' dir='ltr'><strong>non</strong></span> 
     </span>
    </p>
   </div>
   <div class='ocr_carea' id='block_1_53' title="bbox 2219 2162 3808 2233">
    <p class='ocr_par' dir='ltr' id='par_1_53' title="bbox 2219 2162 3808 2233">
     <span class='ocr_line' id='line_1_53' title="bbox 2219 2162 3808 2233; baseline -0.001 -17"><span class='ocrx_word' id='word_1_374' title='bbox 2219 2164 2341 2217; x_wconf 89' lang='lat' dir='ltr'><strong>ideo</strong></span> <span class='ocrx_word' id='word_1_375' title='bbox 2391 2162 2706 2233; x_wconf 80' lang='lat' dir='ltr'><strong>Eutychiani</strong></span> <span class='ocrx_word' id='word_1_376' title='bbox 2760 2162 2841 2216; x_wconf 84' lang='lat' dir='ltr'><strong>sui</strong></span> <span class='ocrx_word' id='word_1_377' title='bbox 2871 2163 3139 2231; x_wconf 68' lang='lat' dir='ltr'><strong>(iugulatis</strong></span> <span class='ocrx_word' id='word_1_378' title='bbox 3159 2164 3385 2217; x_wconf 91' lang='lat' dir='ltr'><strong>crimine</strong></span> <span class='ocrx_word' id='word_1_379' title='bbox 3415 2163 3808 2229; x_wconf 76' lang='lat' dir='ltr'><strong>defenduntur,</strong></span> 
     </span>
    </p>
   </div>
   <div class='ocr_carea' id='block_1_54' title="bbox 2211 2254 3807 2324">
    <p class='ocr_par' dir='ltr' id='par_1_54' title="bbox 2211 2254 3807 2324">
     <span class='ocr_line' id='line_1_54' title="bbox 2211 2254 3807 2324; baseline 0.004 -21"><span class='ocrx_word' id='word_1_380' title='bbox 2211 2254 2333 2323; x_wconf 83' lang='lat' dir='ltr'><strong>quia</strong></span> <span class='ocrx_word' id='word_1_381' title='bbox 2365 2262 2616 2322; x_wconf 85' lang='lat' dir='ltr'><strong>putantes</strong></span> <span class='ocrx_word' id='word_1_382' title='bbox 2632 2256 2879 2323; x_wconf 87' lang='lat' dir='ltr'><strong>antiquos</strong></span> <span class='ocrx_word' id='word_1_383' title='bbox 2907 2266 3087 2324; x_wconf 84' lang='lat' dir='ltr'><strong>patres</strong></span> <span class='ocrx_word' id='word_1_384' title='bbox 3117 2254 3165 2308; x_wconf 90' lang='lat' dir='ltr'><strong>id</strong></span> <span class='ocrx_word' id='word_1_385' title='bbox 3192 2254 3493 2309; x_wconf 85' lang='lat' dir='ltr'><strong>credidisse</strong></span> <span class='ocrx_word' id='word_1_386' title='bbox 3523 2255 3674 2324; x_wconf 81' lang='lat' dir='ltr'><strong>quod</strong></span> <span class='ocrx_word' id='word_1_387' title='bbox 3702 2255 3807 2323; x_wconf 85' lang='lat' dir='ltr'><strong>ipsi</strong></span> 
     </span>
    </p>
   </div>
   <div class='ocr_carea' id='block_1_55' title="bbox 2212 2345 3809 2417">
    <p class='ocr_par' dir='ltr' id='par_1_55' title="bbox 2212 2345 3809 2417">
     <span class='ocr_line' id='line_1_55' title="bbox 2212 2345 3809 2417; baseline 0.003 -19"><span class='ocrx_word' id='word_1_388' title='bbox 2212 2345 2446 2416; x_wconf 83' lang='lat' dir='ltr'><strong>pessime</strong></span> <span class='ocrx_word' id='word_1_389' title='bbox 2475 2345 2723 2410; x_wconf 88' lang='lat' dir='ltr'><strong>credunt,</strong></span> <span class='ocrx_word' id='word_1_390' title='bbox 2766 2348 3062 2414; x_wconf 85' lang='lat' dir='ltr'><strong>approbent</strong></span> <span class='ocrx_word' id='word_1_391' title='bbox 3084 2362 3203 2412; x_wconf 71' lang='lat' dir='ltr'><strong>nos,</strong></span> <span class='ocrx_word' id='word_1_392' title='bbox 3251 2363 3477 2417; x_wconf 89' lang='lat' dir='ltr'><strong>quorum</strong></span> <span class='ocrx_word' id='word_1_393' title='bbox 3510 2347 3677 2401; x_wconf 74' lang='lat' dir='ltr'><strong>[idem</strong></span> <span class='ocrx_word' id='word_1_394' title='bbox 3710 2350 3809 2402; x_wconf 83' lang='lat' dir='ltr'><strong>im-</strong></span> 
     </span>
    </p>
   </div>
   <div class='ocr_carea' id='block_1_56' title="bbox 2213 2440 3810 2513">
    <p class='ocr_par' dir='ltr' id='par_1_56' title="bbox 2213 2440 3810 2513">
     <span class='ocr_line' id='line_1_56' title="bbox 2213 2440 3810 2513; baseline 0.004 -23"><span class='ocrx_word' id='word_1_395' title='bbox 2213 2454 2491 2511; x_wconf 80' lang='lat' dir='ltr'><strong>pugnaut:</strong></span> <span class='ocrx_word' id='word_1_396' title='bbox 2546 2443 2615 2495; x_wconf 88' lang='lat' dir='ltr'><strong>ita</strong></span> <span class='ocrx_word' id='word_1_397' title='bbox 2658 2456 2761 2496; x_wconf 91' lang='lat' dir='ltr'><strong>non</strong></span> <span class='ocrx_word' id='word_1_398' title='bbox 2793 2442 2915 2496; x_wconf 86' lang='lat' dir='ltr'><strong>ideo</strong></span> <span class='ocrx_word' id='word_1_399' title='bbox 2960 2450 3149 2496; x_wconf 80' lang='lat' dir='ltr'><strong>Sancto</strong></span> <span class='ocrx_word' id='word_1_400' title='bbox 3183 2442 3437 2496; x_wconf 82' lang='lat' dir='ltr'><strong>Anatolio</strong></span> <span class='ocrx_word' id='word_1_401' title='bbox 3478 2440 3810 2513; x_wconf 85' lang='lat' dir='ltr'><strong>Entychiani</strong></span> 
     </span>
    </p>
   </div>
   <div class='ocr_carea' id='block_1_57' title="bbox 2213 2533 3808 2605">
    <p class='ocr_par' dir='ltr' id='par_1_57' title="bbox 2213 2533 3808 2605">
     <span class='ocr_line' id='line_1_57' title="bbox 2213 2533 3808 2605; baseline 0.001 -15"><span class='ocrx_word' id='word_1_402' title='bbox 2213 2533 2486 2605; x_wconf 86' lang='lat' dir='ltr'><strong>dogmatis</strong></span> <span class='ocrx_word' id='word_1_403' title='bbox 2510 2535 2714 2588; x_wconf 89' lang='lat' dir='ltr'><strong>crimen</strong></span> <span class='ocrx_word' id='word_1_404' title='bbox 2752 2534 3150 2603; x_wconf 82' lang='lat' dir='ltr'><strong>impingendum</strong></span> <span class='ocrx_word' id='word_1_405' title='bbox 3181 2547 3283 2600; x_wconf 88' lang='lat' dir='ltr'><strong>est,</strong></span> <span class='ocrx_word' id='word_1_406' title='bbox 3314 2536 3454 2603; x_wconf 79' lang='lat' dir='ltr'><strong>qttod</strong></span> <span class='ocrx_word' id='word_1_407' title='bbox 3488 2535 3808 2591; x_wconf 80' lang='lat' dir='ltr'><strong>Dioscorutl</strong></span> 
     </span>
    </p>
   </div>
   <div class='ocr_carea' id='block_1_58' title="bbox 2213 2627 3808 2698">
    <p class='ocr_par' dir='ltr' id='par_1_58' title="bbox 2213 2627 3808 2698">
     <span class='ocr_line' id='line_1_58' title="bbox 2213 2627 3808 2698; baseline 0 -17"><span class='ocrx_word' id='word_1_408' title='bbox 2213 2628 2301 2682; x_wconf 86' lang='lat' dir='ltr'><strong>vel</strong></span> <span class='ocrx_word' id='word_1_409' title='bbox 2328 2629 2531 2695; x_wconf 85' lang='lat' dir='ltr'><strong>putavit</strong></span> <span class='ocrx_word' id='word_1_410' title='bbox 2556 2627 2641 2682; x_wconf 89' lang='lat' dir='ltr'><strong>vel</strong></span> <span class='ocrx_word' id='word_1_411' title='bbox 2673 2629 2972 2693; x_wconf 66' lang='lat' dir='ltr'><strong>esouswit,</strong></span> <span class='ocrx_word' id='word_1_412' title='bbox 3016 2628 3167 2697; x_wconf 86' lang='lat' dir='ltr'><strong>quasi</strong></span> <span class='ocrx_word' id='word_1_413' title='bbox 3224 2644 3251 2681; x_wconf 91' lang='lat' dir='ltr'><strong>a</strong></span> <span class='ocrx_word' id='word_1_414' title='bbox 3292 2628 3444 2698; x_wconf 89' lang='lat' dir='ltr'><strong>culpa</strong></span> <span class='ocrx_word' id='word_1_415' title='bbox 3478 2628 3808 2698; x_wconf 74' lang='lat' dir='ltr'><strong>Eutychiaui</strong></span> 
     </span>
    </p>
   </div>
   <div class='ocr_carea' id='block_1_59' title="bbox 2213 2719 3807 2792">
    <p class='ocr_par' dir='ltr' id='par_1_59' title="bbox 2213 2719 3807 2792">
     <span class='ocr_line' id='line_1_59' title="bbox 2213 2719 3807 2792; baseline -0.001 -15"><span class='ocrx_word' id='word_1_416' title='bbox 2213 2722 2478 2791; x_wconf 78' lang='lat' dir='ltr'><strong>dogmatis</strong></span> <span class='ocrx_word' id='word_1_417' title='bbox 2500 2721 2757 2785; x_wconf 89' lang='lat' dir='ltr'><strong>alienum,</strong></span> <span class='ocrx_word' id='word_1_418' title='bbox 2790 2737 2909 2775; x_wconf 85' lang='lat' dir='ltr'><strong>cum</strong></span> <span class='ocrx_word' id='word_1_419' title='bbox 2945 2722 3115 2786; x_wconf 87' lang='lat' dir='ltr'><strong>ipsunt</strong></span> <span class='ocrx_word' id='word_1_420' title='bbox 3159 2720 3355 2792; x_wconf 87' lang='lat' dir='ltr'><strong>dogma</strong></span> <span class='ocrx_word' id='word_1_421' title='bbox 3403 2719 3807 2791; x_wconf 83' lang='lat' dir='ltr'><strong>Eutychianum</strong></span> 
     </span>
    </p>
   </div>
   <div class='ocr_carea' id='block_1_60' title="bbox 2214 2811 3167 2882">
    <p class='ocr_par' dir='ltr' id='par_1_60' title="bbox 2214 2811 3167 2882">
     <span class='ocr_line' id='line_1_60' title="bbox 2214 2811 3167 2882; baseline -0.004 -14"><span class='ocrx_word' id='word_1_422' title='bbox 2214 2811 2571 2868; x_wconf 81' lang='lat' dir='ltr'><strong>cenlutaverit</strong></span> <span class='ocrx_word' id='word_1_423' title='bbox 2606 2818 2766 2882; x_wconf 86' lang='lat' dir='ltr'><strong>atque</strong></span> <span class='ocrx_word' id='word_1_424' title='bbox 2803 2811 3167 2865; x_wconf 76' lang='lat' dir='ltr'><strong>damnaverit.</strong></span> 
     </span>
    </p>
   </div>
   <div class='ocr_carea' id='block_1_61' title="bbox 2836 2963 3186 3020">
    <p class='ocr_par' dir='ltr' id='par_1_61' title="bbox 2836 2963 3186 3020">
     <span class='ocr_line' id='line_1_61' title="bbox 2836 2963 3186 3020; baseline -0.003 0"><span class='ocrx_word' id='word_1_425' title='bbox 2836 2963 3067 3020; x_wconf 81' lang='lat' dir='ltr'><strong>CAPUT</strong></span> <span class='ocrx_word' id='word_1_426' title='bbox 3099 2964 3186 3019; x_wconf 80' lang='lat' dir='ltr'><strong>IV.</strong></span> 
     </span>
    </p>
   </div>
   <div class='ocr_carea' id='block_1_62' title="bbox 522 3064 2109 3149">
    <p class='ocr_par' dir='ltr' id='par_1_62' title="bbox 522 3064 2103 3137">
     <span class='ocr_line' id='line_1_62' title="bbox 522 3064 2103 3137; baseline -0.008 -10"><span class='ocrx_word' id='word_1_427' title='bbox 522 3087 583 3128; x_wconf 89' lang='lat' dir='ltr'><strong>se</strong></span> <span class='ocrx_word' id='word_1_428' title='bbox 609 3087 715 3125; x_wconf 90' lang='lat' dir='ltr'><strong>non</strong></span> <span class='ocrx_word' id='word_1_429' title='bbox 772 3071 1046 3137; x_wconf 82' lang='lat' dir='ltr'><strong>suscipere</strong></span> <span class='ocrx_word' id='word_1_430' title='bbox 1088 3069 1340 3124; x_wconf 76' lang='lat' dir='ltr'><strong>Ecclesia:</strong></span> <span class='ocrx_word' id='word_1_431' title='bbox 1378 3066 1445 3121; x_wconf 91' lang='lat' dir='ltr'><strong>de</strong></span> <span class='ocrx_word' id='word_1_432' title='bbox 1469 3065 1732 3121; x_wconf 84' lang='lat' dir='ltr'><strong>Trinitate</strong></span> <span class='ocrx_word' id='word_1_433' title='bbox 1780 3064 2103 3125; x_wconf 83' lang='lat' dir='ltr'><strong>doctrinam,</strong></span> 
     </span>
    </p>
   </div>
   <div class='ocr_carea' id='block_1_63' title="bbox 2213 3064 3809 3149">
    <p class='ocr_par' dir='ltr' id='par_1_63' title="bbox 2216 3075 3809 3149">
     <span class='ocr_line' id='line_1_63' title="bbox 2216 3075 3809 3149; baseline -0.004 -14"><span class='ocrx_word' id='word_1_434' title='bbox 2216 3082 2366 3148; x_wconf 80' lang='lat' dir='ltr'><strong>Quod</strong></span> <span class='ocrx_word' id='word_1_435' title='bbox 2404 3079 2510 3132; x_wconf 63' lang='lat' dir='ltr'><strong>Leo</strong></span> <span class='ocrx_word' id='word_1_436' title='bbox 2541 3096 2675 3149; x_wconf 83' lang='lat' dir='ltr'><strong>papa</strong></span> <span class='ocrx_word' id='word_1_437' title='bbox 2703 3094 2803 3131; x_wconf 87' lang='lat' dir='ltr'><strong>non</strong></span> <span class='ocrx_word' id='word_1_438' title='bbox 2829 3079 2993 3131; x_wconf 81' lang='lat' dir='ltr'><strong>solam</strong></span> <span class='ocrx_word' id='word_1_439' title='bbox 3022 3079 3395 3145; x_wconf 68' lang='lat' dir='ltr'><strong>deﬁnitionem</strong></span> <span class='ocrx_word' id='word_1_440' title='bbox 3446 3076 3572 3143; x_wconf 80' lang='lat' dir='ltr'><strong>ﬁdei</strong></span> <span class='ocrx_word' id='word_1_441' title='bbox 3620 3075 3809 3146; x_wconf 73' lang='lat' dir='ltr'><strong>synodi</strong></span> 
     </span>
    </p>
   </div>
   <div class='ocr_carea' id='block_1_64' title="bbox 522 3153 2110 3232">
    <p class='ocr_par' dir='ltr' id='par_1_64' title="bbox 522 3153 2110 3232">
     <span class='ocr_line' id='line_1_64' title="bbox 522 3153 2110 3232; baseline -0.005 -16"><span class='ocrx_word' id='word_1_442' title='bbox 522 3160 769 3232; x_wconf 78' lang='lat' dir='ltr'><strong>quoniam</strong></span> <span class='ocrx_word' id='word_1_443' title='bbox 799 3161 969 3215; x_wconf 88' lang='lat' dir='ltr'><strong>multo</strong></span> <span class='ocrx_word' id='word_1_444' title='bbox 993 3160 1171 3229; x_wconf 86' lang='lat' dir='ltr'><strong>plures</strong></span> <span class='ocrx_word' id='word_1_445' title='bbox 1186 3157 1423 3225; x_wconf 87' lang='lat' dir='ltr'><strong>episcopi</strong></span> <span class='ocrx_word' id='word_1_446' title='bbox 1446 3167 1466 3194; x_wconf 78' lang='grc' dir='ltr'><strong>σ</strong></span> <span class='ocrx_word' id='word_1_447' title='bbox 1500 3170 1658 3225; x_wconf 88' lang='lat' dir='ltr'><strong>quam</strong></span> <span class='ocrx_word' id='word_1_448' title='bbox 1680 3157 1770 3224; x_wconf 88' lang='lat' dir='ltr'><strong>qui</strong></span> <span class='ocrx_word' id='word_1_449' title='bbox 1801 3154 1853 3209; x_wconf 90' lang='lat' dir='ltr'><strong>in</strong></span> <span class='ocrx_word' id='word_1_450' title='bbox 1878 3153 2110 3208; x_wconf 83' lang='lat' dir='ltr'><strong>secunda</strong></span> 
     </span>
    </p>
   </div>
   <div class='ocr_carea' id='block_1_65' title="bbox 523 3245 2111 3320">
    <p class='ocr_par' dir='ltr' id='par_1_65' title="bbox 523 3245 2111 3320">
     <span class='ocr_line' id='line_1_65' title="bbox 523 3245 2111 3320; baseline -0.005 -12"><span class='ocrx_word' id='word_1_451' title='bbox 523 3268 631 3308; x_wconf 88' lang='lat' dir='ltr'><strong>non</strong></span> <span class='ocrx_word' id='word_1_452' title='bbox 680 3252 906 3306; x_wconf 84' lang='lat' dir='ltr'><strong>dicenda</strong></span> <span class='ocrx_word' id='word_1_453' title='bbox 964 3252 1170 3320; x_wconf 84' lang='lat' dir='ltr'><strong>synodo</strong></span> <span class='ocrx_word' id='word_1_454' title='bbox 1208 3250 1476 3318; x_wconf 73' lang='lat' dir='ltr'><strong>Ephesius</strong></span> <span class='ocrx_word' id='word_1_455' title='bbox 1531 3254 1923 3311; x_wconf 84' lang='lat' dir='ltr'><strong>convenerant,</strong></span> <span class='ocrx_word' id='word_1_456' title='bbox 1968 3245 2111 3313; x_wconf 88' lang='lat' dir='ltr'><strong>apud</strong></span> 
     </span>
    </p>
   </div>
   <div class='ocr_carea' id='block_1_66' title="bbox 524 3334 2107 3409">
    <p class='ocr_par' dir='ltr' id='par_1_66' title="bbox 524 3334 2107 3409">
     <span class='ocr_line' id='line_1_66' title="bbox 524 3334 2107 3409; baseline -0.004 -12"><span class='ocrx_word' id='word_1_457' title='bbox 524 3343 823 3397; x_wconf 78' lang='lat' dir='ltr'><strong>Ariminum</strong></span> <span class='ocrx_word' id='word_1_458' title='bbox 855 3342 906 3396; x_wconf 93' lang='lat' dir='ltr'><strong>in</strong></span> <span class='ocrx_word' id='word_1_459' title='bbox 925 3342 1185 3396; x_wconf 90' lang='lat' dir='ltr'><strong>Arianum</strong></span> <span class='ocrx_word' id='word_1_460' title='bbox 1223 3340 1416 3409; x_wconf 83' lang='lat' dir='ltr'><strong>dogma</strong></span> <span class='ocrx_word' id='word_1_461' title='bbox 1444 3340 1655 3392; x_wconf 84' lang='lat' dir='ltr'><strong>fuerant</strong></span> <span class='ocrx_word' id='word_1_462' title='bbox 1679 3334 1904 3401; x_wconf 87' lang='lat' dir='ltr'><strong>subacti,</strong></span> <span class='ocrx_word' id='word_1_463' title='bbox 1925 3338 2107 3407; x_wconf 83' lang='lat' dir='ltr'><strong>oppri-</strong></span> 
     </span>
    </p>
   </div>
   <div class='ocr_carea' id='block_1_67' title="bbox 526 3428 2113 3502">
    <p class='ocr_par' dir='ltr' id='par_1_67' title="bbox 526 3428 2113 3502">
     <span class='ocr_line' id='line_1_67' title="bbox 526 3428 2113 3502; baseline -0.005 -11"><span class='ocrx_word' id='word_1_464' title='bbox 526 3447 706 3491; x_wconf 84' lang='lat' dir='ltr'><strong>tuente</strong></span> <span class='ocrx_word' id='word_1_465' title='bbox 715 3433 1050 3489; x_wconf 81' lang='lat' dir='ltr'><strong>Constantio.</strong></span> <span class='ocrx_word' id='word_1_466' title='bbox 1071 3431 1227 3489; x_wconf 89' lang='lat' dir='ltr'><strong>Sicut</strong></span> <span class='ocrx_word' id='word_1_467' title='bbox 1247 3447 1374 3502; x_wconf 80' lang='lat' dir='ltr'><strong>ergo</strong></span> <span class='ocrx_word' id='word_1_468' title='bbox 1387 3429 1707 3487; x_wconf 82' lang='lat' dir='ltr'><strong>Sabellianis</strong></span> <span class='ocrx_word' id='word_1_469' title='bbox 1724 3429 1953 3484; x_wconf 87' lang='lat' dir='ltr'><strong>dicimus</strong></span> <span class='ocrx_word' id='word_1_470' title='bbox 1969 3428 2113 3498; x_wconf 87' lang='lat' dir='ltr'><strong>quod</strong></span> 
     </span>
    </p>
   </div>
   <div class='ocr_carea' id='block_1_68' title="bbox 535 3521 2114 3595">
    <p class='ocr_par' dir='ltr' id='par_1_68' title="bbox 535 3521 2114 3595">
     <span class='ocr_line' id='line_1_68' title="bbox 535 3521 2114 3595; baseline -0.003 -17"><span class='ocrx_word' id='word_1_471' title='bbox 535 3542 642 3579; x_wconf 90' lang='lat' dir='ltr'><strong>non</strong></span> <span class='ocrx_word' id='word_1_472' title='bbox 674 3536 951 3595; x_wconf 79' lang='lat' dir='ltr'><strong>preptei-ea</strong></span> <span class='ocrx_word' id='word_1_473' title='bbox 976 3522 1225 3592; x_wconf 80' lang='lat' dir='ltr'><strong>fugienda</strong></span> <span class='ocrx_word' id='word_1_474' title='bbox 1248 3523 1319 3576; x_wconf 86' lang='lat' dir='ltr'><strong>sit</strong></span> <span class='ocrx_word' id='word_1_475' title='bbox 1340 3522 1596 3576; x_wconf 78' lang='lat' dir='ltr'><strong>Ecclesia:</strong></span> <span class='ocrx_word' id='word_1_476' title='bbox 1616 3523 1684 3576; x_wconf 87' lang='lat' dir='ltr'><strong>de</strong></span> <span class='ocrx_word' id='word_1_477' title='bbox 1705 3521 1903 3575; x_wconf 86' lang='lat' dir='ltr'><strong>&#39;l‘riuita</strong></span> <span class='ocrx_word' id='word_1_478' title='bbox 1913 3530 1963 3575; x_wconf 85' lang='lat' dir='ltr'><strong>te</strong></span> <span class='ocrx_word' id='word_1_479' title='bbox 1984 3536 2114 3575; x_wconf 82' lang='lat' dir='ltr'><strong>con-</strong></span> 
     </span>
    </p>
   </div>
   <div class='ocr_carea' id='block_1_69' title="bbox 529 3612 2115 3680">
    <p class='ocr_par' dir='ltr' id='par_1_69' title="bbox 529 3612 2115 3680">
     <span class='ocr_line' id='line_1_69' title="bbox 529 3612 2115 3680; baseline -0.003 -11"><span class='ocrx_word' id='word_1_480' title='bbox 529 3617 709 3678; x_wconf 83' lang='lat' dir='ltr'><strong>[essio,</strong></span> <span class='ocrx_word' id='word_1_481' title='bbox 731 3618 849 3670; x_wconf 57' lang='lat' dir='ltr'><strong>uuia</strong></span> <span class='ocrx_word' id='word_1_482' title='bbox 880 3617 933 3668; x_wconf 90' lang='lat' dir='ltr'><strong>in</strong></span> <span class='ocrx_word' id='word_1_483' title='bbox 964 3614 1304 3669; x_wconf 85' lang='lat' dir='ltr'><strong>Ariminense</strong></span> <span class='ocrx_word' id='word_1_484' title='bbox 1320 3614 1549 3667; x_wconf 81' lang='lat' dir='ltr'><strong>concilio</strong></span> <span class='ocrx_word' id='word_1_485' title='bbox 1579 3613 1729 3667; x_wconf 88' lang='lat' dir='ltr'><strong>multi</strong></span> <span class='ocrx_word' id='word_1_486' title='bbox 1754 3612 1954 3666; x_wconf 84' lang='lat' dir='ltr'><strong>Ariano</strong></span> <span class='ocrx_word' id='word_1_487' title='bbox 1981 3612 2115 3680; x_wconf 78' lang='lat' dir='ltr'><strong>dog-</strong></span> 
     </span>
    </p>
   </div>
   <div class='ocr_carea' id='block_1_70' title="bbox 517 3705 2112 3781">
    <p class='ocr_par' dir='ltr' id='par_1_70' title="bbox 517 3705 2112 3781">
     <span class='ocr_line' id='line_1_70' title="bbox 517 3705 2112 3781; baseline -0.002 -19"><span class='ocrx_word' id='word_1_488' title='bbox 517 3707 653 3781; x_wconf 59' lang='lat' dir='ltr'><strong>~mati</strong></span> <span class='ocrx_word' id='word_1_489' title='bbox 676 3708 1012 3769; x_wconf 90' lang='lat' dir='ltr'><strong>cohibentes.</strong></span> <span class='ocrx_word' id='word_1_490' title='bbox 1038 3718 1144 3761; x_wconf 86' lang='lat' dir='ltr'><strong>tres</strong></span> <span class='ocrx_word' id='word_1_491' title='bbox 1174 3706 1417 3760; x_wconf 84' lang='lat' dir='ltr'><strong>diversas</strong></span> <span class='ocrx_word' id='word_1_492' title='bbox 1446 3705 1685 3776; x_wconf 83' lang='lat' dir='ltr'><strong>ejusdem</strong></span> <span class='ocrx_word' id='word_1_493' title='bbox 1711 3715 1909 3760; x_wconf 68' lang='lat' dir='ltr'><strong>sanctae</strong></span> <span class='ocrx_word' id='word_1_494' title='bbox 1938 3706 2112 3761; x_wconf 84' lang='lat' dir='ltr'><strong>Trini-</strong></span> 
     </span>
    </p>
   </div>
   <div class='ocr_carea' id='block_1_71' title="bbox 528 3798 2115 3870">
    <p class='ocr_par' dir='ltr' id='par_1_71' title="bbox 528 3798 2115 3870">
     <span class='ocr_line' id='line_1_71' title="bbox 528 3798 2115 3870; baseline 0.001 -16"><span class='ocrx_word' id='word_1_495' title='bbox 528 3802 650 3855; x_wconf 87' lang='lat' dir='ltr'><strong>tatis</strong></span> <span class='ocrx_word' id='word_1_496' title='bbox 678 3798 882 3856; x_wconf 79' lang='lat' dir='ltr'><strong>mentiti</strong></span> <span class='ocrx_word' id='word_1_497' title='bbox 912 3810 1038 3855; x_wconf 89' lang='lat' dir='ltr'><strong>sunt</strong></span> <span class='ocrx_word' id='word_1_498' title='bbox 1055 3816 1178 3855; x_wconf 81' lang='lat' dir='ltr'><strong>esse</strong></span> <span class='ocrx_word' id='word_1_499' title='bbox 1192 3811 1444 3855; x_wconf 84' lang='lat' dir='ltr'><strong>naturas:</strong></span> <span class='ocrx_word' id='word_1_500' title='bbox 1473 3800 1541 3853; x_wconf 85' lang='lat' dir='ltr'><strong>ita</strong></span> <span class='ocrx_word' id='word_1_501' title='bbox 1557 3800 1883 3854; x_wconf 72' lang='lat' dir='ltr'><strong>Nestorianis</strong></span> <span class='ocrx_word' id='word_1_502' title='bbox 1904 3816 2115 3870; x_wconf 85' lang='lat' dir='ltr'><strong>quoque</strong></span> 
     </span>
    </p>
   </div>
   <div class='ocr_carea' id='block_1_72' title="bbox 530 3890 2120 3962">
    <p class='ocr_par' dir='ltr' id='par_1_72' title="bbox 530 3890 2120 3962">
     <span class='ocr_line' id='line_1_72' title="bbox 530 3890 2120 3962; baseline 0.001 -16"><span class='ocrx_word' id='word_1_503' title='bbox 530 3894 756 3948; x_wconf 86' lang='lat' dir='ltr'><strong>dicimus</strong></span> <span class='ocrx_word' id='word_1_504' title='bbox 826 3896 971 3962; x_wconf 90' lang='lat' dir='ltr'><strong>quod</strong></span> <span class='ocrx_word' id='word_1_505' title='bbox 1026 3909 1133 3947; x_wconf 89' lang='lat' dir='ltr'><strong>non</strong></span> <span class='ocrx_word' id='word_1_506' title='bbox 1210 3901 1490 3960; x_wconf 75' lang='lat' dir='ltr'><strong>propterea</strong></span> <span class='ocrx_word' id='word_1_507' title='bbox 1542 3890 1791 3962; x_wconf 79' lang='lat' dir='ltr'><strong>fugienda</strong></span> <span class='ocrx_word' id='word_1_508' title='bbox 1842 3895 1911 3946; x_wconf 90' lang='lat' dir='ltr'><strong>sit</strong></span> <span class='ocrx_word' id='word_1_509' title='bbox 1965 3893 2120 3947; x_wconf 83' lang='lat' dir='ltr'><strong>Chal-</strong></span> 
     </span>
    </p>
   </div>
   <div class='ocr_carea' id='block_1_73' title="bbox 531 3980 2121 4055">
    <p class='ocr_par' dir='ltr' id='par_1_73' title="bbox 531 3980 2121 4055">
     <span class='ocr_line' id='line_1_73' title="bbox 531 3980 2121 4055; baseline -0.003 -16"><span class='ocrx_word' id='word_1_510' title='bbox 531 3983 851 4039; x_wconf 86' lang='lat' dir='ltr'><strong>cedonensis</strong></span> <span class='ocrx_word' id='word_1_511' title='bbox 881 3983 1069 4055; x_wconf 84' lang='lat' dir='ltr'><strong>synodi</strong></span> <span class='ocrx_word' id='word_1_512' title='bbox 1087 3983 1155 4036; x_wconf 90' lang='lat' dir='ltr'><strong>de</strong></span> <span class='ocrx_word' id='word_1_513' title='bbox 1177 3999 1277 4036; x_wconf 89' lang='lat' dir='ltr'><strong>una</strong></span> <span class='ocrx_word' id='word_1_514' title='bbox 1297 3980 1523 4046; x_wconf 82' lang='lat' dir='ltr'><strong>Christi,</strong></span> <span class='ocrx_word' id='word_1_515' title='bbox 1549 3981 1598 4034; x_wconf 89' lang='lat' dir='ltr'><strong>id</strong></span> <span class='ocrx_word' id='word_1_516' title='bbox 1622 3990 1705 4035; x_wconf 91' lang='lat' dir='ltr'><strong>est</strong></span> <span class='ocrx_word' id='word_1_517' title='bbox 1734 3981 1826 4035; x_wconf 89' lang='lat' dir='ltr'><strong>Dei</strong></span> <span class='ocrx_word' id='word_1_518' title='bbox 1861 3981 2121 4036; x_wconf 86' lang='lat' dir='ltr'><strong>hominis-</strong></span> 
     </span>
    </p>
   </div>
   <div class='ocr_carea' id='block_1_74' title="bbox 531 4070 2118 4141">
    <p class='ocr_par' dir='ltr' id='par_1_74' title="bbox 531 4070 2118 4141">
     <span class='ocr_line' id='line_1_74' title="bbox 531 4070 2118 4141; baseline 0 -14"><span class='ocrx_word' id='word_1_519' title='bbox 531 4087 636 4141; x_wconf 84' lang='lat' dir='ltr'><strong>que</strong></span> <span class='ocrx_word' id='word_1_520' title='bbox 663 4071 1004 4127; x_wconf 72' lang='lat' dir='ltr'><strong>subsistentia</strong></span> <span class='ocrx_word' id='word_1_521' title='bbox 1035 4083 1217 4127; x_wconf 87' lang='lat' dir='ltr'><strong>sancta</strong></span> <span class='ocrx_word' id='word_1_522' title='bbox 1247 4070 1552 4133; x_wconf 87' lang='lat' dir='ltr'><strong>confesso,</strong></span> <span class='ocrx_word' id='word_1_523' title='bbox 1594 4070 1715 4140; x_wconf 85' lang='lat' dir='ltr'><strong>quia</strong></span> <span class='ocrx_word' id='word_1_524' title='bbox 1749 4072 1897 4141; x_wconf 88' lang='lat' dir='ltr'><strong>prius</strong></span> <span class='ocrx_word' id='word_1_525' title='bbox 1940 4075 2118 4141; x_wconf 90' lang='lat' dir='ltr'><strong>oppri-</strong></span> 
     </span>
    </p>
   </div>
   <div class='ocr_carea' id='block_1_75' title="bbox 533 4163 2113 4234">
    <p class='ocr_par' dir='ltr' id='par_1_75' title="bbox 533 4163 2113 4234">
     <span class='ocr_line' id='line_1_75' title="bbox 533 4163 2113 4234; baseline 0.001 -17"><span class='ocrx_word' id='word_1_526' title='bbox 533 4172 714 4218; x_wconf 85' lang='lat' dir='ltr'><strong>mente</strong></span> <span class='ocrx_word' id='word_1_527' title='bbox 743 4164 1013 4231; x_wconf 74' lang='lat' dir='ltr'><strong>Diostzoro,</strong></span> <span class='ocrx_word' id='word_1_528' title='bbox 1048 4167 1195 4218; x_wconf 83' lang='lat' dir='ltr'><strong>multi</strong></span> <span class='ocrx_word' id='word_1_529' title='bbox 1219 4164 1472 4219; x_wconf 86' lang='lat' dir='ltr'><strong>cedentes</strong></span> <span class='ocrx_word' id='word_1_530' title='bbox 1493 4163 1825 4234; x_wconf 83' lang='lat' dir='ltr'><strong>Eutychiano</strong></span> <span class='ocrx_word' id='word_1_531' title='bbox 1853 4164 2113 4234; x_wconf 79' lang='lat' dir='ltr'><strong>dogmati,</strong></span> 
     </span>
    </p>
   </div>
   <div class='ocr_carea' id='block_1_76' title="bbox 528 4257 2120 4326">
    <p class='ocr_par' dir='ltr' id='par_1_76' title="bbox 528 4257 2120 4326">
     <span class='ocr_line' id='line_1_76' title="bbox 528 4257 2120 4326; baseline 0.002 -16"><span class='ocrx_word' id='word_1_532' title='bbox 528 4271 688 4311; x_wconf 88' lang='lat' dir='ltr'><strong>unam</strong></span> <span class='ocrx_word' id='word_1_533' title='bbox 720 4257 957 4326; x_wconf 83' lang='lat' dir='ltr'><strong>ejusdem</strong></span> <span class='ocrx_word' id='word_1_534' title='bbox 1003 4257 1366 4315; x_wconf 60' lang='lat' dir='ltr'><strong>subsistentia:</strong></span> <span class='ocrx_word' id='word_1_535' title='bbox 1395 4257 1603 4312; x_wconf 88' lang='lat' dir='ltr'><strong>mentiti</strong></span> <span class='ocrx_word' id='word_1_536' title='bbox 1648 4267 1773 4312; x_wconf 87' lang='lat' dir='ltr'><strong>sunt</strong></span> <span class='ocrx_word' id='word_1_537' title='bbox 1813 4274 1934 4314; x_wconf 81' lang='lat' dir='ltr'><strong>csse</strong></span> <span class='ocrx_word' id='word_1_538' title='bbox 1964 4269 2120 4313; x_wconf 88' lang='lat' dir='ltr'><strong>natu-</strong></span> 
     </span>
    </p>
   </div>
   <div class='ocr_carea' id='block_1_77' title="bbox 530 4346 2117 4419">
    <p class='ocr_par' dir='ltr' id='par_1_77' title="bbox 530 4346 2117 4419">
     <span class='ocr_line' id='line_1_77' title="bbox 530 4346 2117 4419; baseline 0.004 -20"><span class='ocrx_word' id='word_1_539' title='bbox 530 4362 662 4402; x_wconf 85' lang='lat' dir='ltr'><strong>ram.</strong></span> <span class='ocrx_word' id='word_1_540' title='bbox 722 4351 828 4402; x_wconf 87' lang='lat' dir='ltr'><strong>Aut</strong></span> <span class='ocrx_word' id='word_1_541' title='bbox 864 4351 984 4419; x_wconf 79' lang='lat' dir='ltr'><strong>quia</strong></span> <span class='ocrx_word' id='word_1_542' title='bbox 1028 4346 1266 4411; x_wconf 70' lang='lat' dir='ltr'><strong>Graecos,</strong></span> <span class='ocrx_word' id='word_1_543' title='bbox 1323 4350 1564 4418; x_wconf 87' lang='lat' dir='ltr'><strong>quamvis</strong></span> <span class='ocrx_word' id='word_1_544' title='bbox 1602 4364 1707 4402; x_wconf 88' lang='lat' dir='ltr'><strong>non</strong></span> <span class='ocrx_word' id='word_1_545' title='bbox 1748 4364 1963 4414; x_wconf 85' lang='lat' dir='ltr'><strong>omnes,</strong></span> <span class='ocrx_word' id='word_1_546' title='bbox 2006 4352 2117 4405; x_wconf 87' lang='lat' dir='ltr'><strong>imo</strong></span> 
     </span>
    </p>
   </div>
   <div class='ocr_carea' id='block_1_78' title="bbox 531 4440 2116 4510">
    <p class='ocr_par' dir='ltr' id='par_1_78' title="bbox 531 4440 2116 4510">
     <span class='ocr_line' id='line_1_78' title="bbox 531 4440 2116 4510; baseline 0.004 -18"><span class='ocrx_word' id='word_1_547' title='bbox 531 4444 934 4509; x_wconf 84' lang='lat' dir='ltr'><strong>comparatione</strong></span> <span class='ocrx_word' id='word_1_548' title='bbox 948 4441 1189 4494; x_wconf 90' lang='lat' dir='ltr'><strong>omnium</strong></span> <span class='ocrx_word' id='word_1_549' title='bbox 1211 4443 1511 4510; x_wconf 88' lang='lat' dir='ltr'><strong>pauciores,</strong></span> <span class='ocrx_word' id='word_1_550' title='bbox 1541 4441 1593 4495; x_wconf 92' lang='lat' dir='ltr'><strong>in</strong></span> <span class='ocrx_word' id='word_1_551' title='bbox 1623 4440 1863 4496; x_wconf 79' lang='lat' dir='ltr'><strong>Dioscuri</strong></span> <span class='ocrx_word' id='word_1_552' title='bbox 1891 4455 2116 4498; x_wconf 84' lang='lat' dir='ltr'><strong>senten—</strong></span> 
     </span>
    </p>
   </div>
   <div class='ocr_carea' id='block_1_79' title="bbox 531 4528 2116 4602">
    <p class='ocr_par' dir='ltr' id='par_1_79' title="bbox 531 4528 2116 4602">
     <span class='ocr_line' id='line_1_79' title="bbox 531 4528 2116 4602; baseline 0.005 -20"><span class='ocrx_word' id='word_1_553' title='bbox 531 4528 600 4583; x_wconf 89' lang='lat' dir='ltr'><strong>tia</strong></span> <span class='ocrx_word' id='word_1_554' title='bbox 624 4530 804 4599; x_wconf 85' lang='lat' dir='ltr'><strong>lapsos</strong></span> <span class='ocrx_word' id='word_1_555' title='bbox 834 4531 1002 4586; x_wconf 89' lang='lat' dir='ltr'><strong>luisse</strong></span> <span class='ocrx_word' id='word_1_556' title='bbox 1028 4540 1341 4600; x_wconf 87' lang='lat' dir='ltr'><strong>causantur,</strong></span> <span class='ocrx_word' id='word_1_557' title='bbox 1370 4541 1663 4602; x_wconf 87' lang='lat' dir='ltr'><strong>sequantur</strong></span> <span class='ocrx_word' id='word_1_558' title='bbox 1695 4542 1967 4589; x_wconf 88' lang='lat' dir='ltr'><strong>tantorum</strong></span> <span class='ocrx_word' id='word_1_559' title='bbox 1987 4550 2116 4590; x_wconf 86' lang='lat' dir='ltr'><strong>scn-</strong></span> 
     </span>
    </p>
   </div>
   <div class='ocr_carea' id='block_1_80' title="bbox 602 4664 1304 4735">
    <p class='ocr_par' dir='ltr' id='par_1_80' title="bbox 602 4664 1304 4735">
     <span class='ocr_line' id='line_1_80' title="bbox 602 4664 1304 4735; baseline 0.006 -17"><span class='ocrx_word' id='word_1_560' title='bbox 602 4675 628 4703; x_wconf 76' lang='grc' dir='ltr'><strong>ι</strong></span> <span class='ocrx_word' id='word_1_561' title='bbox 653 4665 833 4729; x_wconf 79' lang='lat' dir='ltr'><strong>Forte,</strong></span> <span class='ocrx_word' id='word_1_562' title='bbox 861 4667 948 4735; x_wconf 85' lang='lat' dir='ltr'><strong>qui</strong></span> <span class='ocrx_word' id='word_1_563' title='bbox 979 4664 1304 4723; x_wconf 82' lang='lat' dir='ltr'><strong>Dioscorum.</strong></span> 
     </span>
    </p>
   </div>
   <div class='ocr_carea' id='block_1_81' title="bbox 601 4735 2119 4806">
    <p class='ocr_par' dir='ltr' id='par_1_81' title="bbox 601 4735 2119 4806">
     <span class='ocr_line' id='line_1_81' title="bbox 601 4735 2119 4806; baseline 0.002 -15"><span class='ocrx_word' id='word_1_564' title='bbox 601 4735 626 4776; x_wconf 67' lang='grc' dir='ltr'>δ</span> <span class='ocrx_word' id='word_1_565' title='bbox 654 4736 898 4791; x_wconf 73' lang='lat' dir='ltr'><strong>Nicolaus</strong></span> <span class='ocrx_word' id='word_1_566' title='bbox 931 4738 970 4800; x_wconf 83' lang='grc' dir='ltr'><strong>Ι,</strong></span> <span class='ocrx_word' id='word_1_567' title='bbox 993 4737 1219 4805; x_wconf 87' lang='lat' dir='ltr'><strong>epistola</strong></span> <span class='ocrx_word' id='word_1_568' title='bbox 1244 4744 1276 4789; x_wconf 75' lang='grc' dir='ltr'>δ</span> <span class='ocrx_word' id='word_1_569' title='bbox 1297 4740 1360 4792; x_wconf 85' lang='lat' dir='ltr'><strong>ad</strong></span> <span class='ocrx_word' id='word_1_570' title='bbox 1393 4740 1699 4795; x_wconf 77' lang='lat' dir='ltr'><strong>Michaelem</strong></span> <span class='ocrx_word' id='word_1_571' title='bbox 1720 4743 1871 4806; x_wconf 85' lang='lat' dir='ltr'><strong>iutp.,</strong></span> <span class='ocrx_word' id='word_1_572' title='bbox 1899 4740 2119 4794; x_wconf 78' lang='lat' dir='ltr'><strong>Diosco-</strong></span> 
     </span>
    </p>
   </div>
   <div class='ocr_carea' id='block_1_82' title="bbox 531 4808 2114 4879">
    <p class='ocr_par' dir='ltr' id='par_1_82' title="bbox 531 4808 2114 4879">
     <span class='ocr_line' id='line_1_82' title="bbox 531 4808 2114 4879; baseline 0.002 -18"><span class='ocrx_word' id='word_1_573' title='bbox 531 4822 647 4862; x_wconf 89' lang='lat' dir='ltr'><strong>rum</strong></span> <span class='ocrx_word' id='word_1_574' title='bbox 697 4816 771 4859; x_wconf 85' lang='lat' dir='ltr'><strong>att</strong></span> <span class='ocrx_word' id='word_1_575' title='bbox 804 4808 1003 4862; x_wconf 90' lang='lat' dir='ltr'><strong>idcirco</strong></span> <span class='ocrx_word' id='word_1_576' title='bbox 1057 4809 1389 4874; x_wconf 67' lang='lat' dir='ltr'><strong>putis‘sintum</strong></span> <span class='ocrx_word' id='word_1_577' title='bbox 1423 4814 1584 4866; x_wconf 63' lang='lat' dir='ltr'><strong>fuisse</strong></span> <span class='ocrx_word' id='word_1_578' title='bbox 1631 4816 1963 4869; x_wconf 80' lang='lat' dir='ltr'><strong>dantttntuttt.</strong></span> <span class='ocrx_word' id='word_1_579' title='bbox 1994 4828 2114 4879; x_wconf 76' lang='lat' dir='ltr'><strong>Qttta</strong></span> 
     </span>
    </p>
   </div>
   <div class='ocr_carea' id='block_1_83' title="bbox 531 4880 2116 4950">
    <p class='ocr_par' dir='ltr' id='par_1_83' title="bbox 531 4880 2116 4950">
     <span class='ocr_line' id='line_1_83' title="bbox 531 4880 2116 4950; baseline 0.002 -19"><span class='ocrx_word' id='word_1_580' title='bbox 531 4881 1132 4933; x_wconf 70' lang='lat' dir='ltr'><strong>extromtuuuicationem</strong></span> <span class='ocrx_word' id='word_1_581' title='bbox 1161 4880 1415 4933; x_wconf 72' lang='lat' dir='ltr'><strong>adterSus</strong></span> <span class='ocrx_word' id='word_1_582' title='bbox 1441 4882 1669 4935; x_wconf 82' lang='lat' dir='ltr'><strong>Leonem</strong></span> <span class='ocrx_word' id='word_1_583' title='bbox 1704 4899 1888 4950; x_wconf 84' lang='lat' dir='ltr'><strong>papam</strong></span> <span class='ocrx_word' id='word_1_584' title='bbox 1914 4883 2116 4935; x_wconf 49' lang='lat' dir='ltr'><strong>dictare</strong></span> 
     </span>
    </p>
   </div>
   <div class='ocr_carea' id='block_1_84' title="bbox 532 4951 2112 5019">
    <p class='ocr_par' dir='ltr' id='par_1_84' title="bbox 532 4951 2112 5019">
     <span class='ocr_line' id='line_1_84' title="bbox 532 4951 2112 5019; baseline 0.001 -18"><span class='ocrx_word' id='word_1_585' title='bbox 532 4961 962 5017; x_wconf 80' lang='lat' dir='ltr'><strong>pra-sumpserat.</strong></span> <span class='ocrx_word' id='word_1_586' title='bbox 996 4951 1194 5017; x_wconf 77' lang='lat' dir='ltr'><strong>Absque</strong></span> <span class='ocrx_word' id='word_1_587' title='bbox 1224 4953 1361 5002; x_wconf 79' lang='grc' dir='ltr'><strong>σηιηὲ</strong></span> <span class='ocrx_word' id='word_1_588' title='bbox 1390 4955 1752 5016; x_wconf 78' lang='lat' dir='ltr'><strong>controversia,</strong></span> <span class='ocrx_word' id='word_1_589' title='bbox 1789 4956 1977 5019; x_wconf 79' lang='lat' dir='ltr'><strong>inquit,</strong></span> <span class='ocrx_word' id='word_1_590' title='bbox 2017 4954 2112 5005; x_wconf 82' lang='lat' dir='ltr'><strong>hoc</strong></span> 
     </span>
    </p>
   </div>
   <div class='ocr_carea' id='block_1_85' title="bbox 533 5019 2115 5091">
    <p class='ocr_par' dir='ltr' id='par_1_85' title="bbox 533 5019 2115 5091">
     <span class='ocr_line' id='line_1_85' title="bbox 533 5019 2115 5091; baseline 0.002 -19"><span class='ocrx_word' id='word_1_591' title='bbox 533 5022 582 5072; x_wconf 89' lang='lat' dir='ltr'><strong>in</strong></span> <span class='ocrx_word' id='word_1_592' title='bbox 604 5036 661 5091; x_wconf 74' lang='lat' dir='ltr'><strong>eo</strong></span> <span class='ocrx_word' id='word_1_593' title='bbox 689 5019 779 5072; x_wconf 83' lang='lat' dir='ltr'><strong>ulti</strong></span> <span class='ocrx_word' id='word_1_594' title='bbox 802 5030 939 5083; x_wconf 76' lang='lat' dir='ltr'><strong>sunt,</strong></span> <span class='ocrx_word' id='word_1_595' title='bbox 970 5037 1090 5090; x_wconf 64' lang='lat' dir='ltr'><strong>quia</strong></span> <span class='ocrx_word' id='word_1_596' title='bbox 1118 5037 1237 5073; x_wconf 77' lang='lat' dir='ltr'><strong>cum</strong></span> <span class='ocrx_word' id='word_1_597' title='bbox 1278 5030 1401 5073; x_wconf 81' lang='lat' dir='ltr'><strong>esset</strong></span> <span class='ocrx_word' id='word_1_598' title='bbox 1445 5024 1675 5090; x_wconf 73' lang='lat' dir='ltr'><strong>inferior,</strong></span> <span class='ocrx_word' id='word_1_599' title='bbox 1716 5024 1962 5091; x_wconf 84' lang='lat' dir='ltr'><strong>potiorem</strong></span> <span class='ocrx_word' id='word_1_600' title='bbox 2002 5025 2115 5088; x_wconf 84' lang='lat' dir='ltr'><strong>qui-</strong></span> 
     </span>
    </p>
   </div>
   <div class='ocr_carea' id='block_1_86' title="bbox 532 5090 2108 5157">
    <p class='ocr_par' dir='ltr' id='par_1_86' title="bbox 532 5090 2108 5157">
     <span class='ocr_line' id='line_1_86' title="bbox 532 5090 2108 5157; baseline 0.003 -15"><span class='ocrx_word' id='word_1_601' title='bbox 532 5090 643 5142; x_wconf 67' lang='lat' dir='ltr'><strong>bus!</strong></span> <span class='ocrx_word' id='word_1_602' title='bbox 670 5095 748 5141; x_wconf 79' lang='lat' dir='ltr'><strong>bet</strong></span> <span class='ocrx_word' id='word_1_603' title='bbox 779 5104 993 5142; x_wconf 77' lang='lat' dir='ltr'><strong>conatus</strong></span> <span class='ocrx_word' id='word_1_604' title='bbox 1022 5102 1093 5143; x_wconf 73' lang='lat' dir='ltr'><strong>est</strong></span> <span class='ocrx_word' id='word_1_605' title='bbox 1123 5094 1366 5143; x_wconf 59' lang='lat' dir='ltr'><strong>incutere</strong></span> <span class='ocrx_word' id='word_1_606' title='bbox 1387 5090 1728 5157; x_wconf 65' lang='lat' dir='ltr'><strong>contumeliis,</strong></span> <span class='ocrx_word' id='word_1_607' title='bbox 1768 5103 1890 5145; x_wconf 56' lang='lat' dir='ltr'><strong>teste</strong></span> <span class='ocrx_word' id='word_1_608' title='bbox 1915 5097 2108 5146; x_wconf 77' lang='lat' dir='ltr'><strong>Anato-</strong></span> 
     </span>
    </p>
   </div>
   <div class='ocr_carea' id='block_1_87' title="bbox 532 5160 2109 5231">
    <p class='ocr_par' dir='ltr' id='par_1_87' title="bbox 532 5160 2109 5231">
     <span class='ocr_line' id='line_1_87' title="bbox 532 5160 2109 5231; baseline 0.003 -20"><span class='ocrx_word' id='word_1_609' title='bbox 532 5162 599 5227; x_wconf 77' lang='lat' dir='ltr'><strong>lio</strong></span> <span class='ocrx_word' id='word_1_610' title='bbox 639 5160 1203 5230; x_wconf 78' lang='lat' dir='ltr'><strong>Canstantinopolitano</strong></span> <span class='ocrx_word' id='word_1_611' title='bbox 1242 5162 1476 5231; x_wconf 73' lang='lat' dir='ltr'><strong>prtesule,</strong></span> <span class='ocrx_word' id='word_1_612' title='bbox 1520 5165 1607 5223; x_wconf 84' lang='lat' dir='ltr'><strong>qui</strong></span> <span class='ocrx_word' id='word_1_613' title='bbox 1658 5165 1780 5215; x_wconf 64' lang='lat' dir='ltr'><strong>dicit</strong></span> <span class='ocrx_word' id='word_1_614' title='bbox 1821 5178 1840 5217; x_wconf 85' lang='lat'><strong>.&#39;</strong></span> <span class='ocrx_word' id='word_1_615' title='bbox 1890 5162 2109 5231; x_wconf 77' lang='lat' dir='ltr'><strong>Propur</strong></span> 
     </span>
    </p>
   </div>
   <div class='ocr_carea' id='block_1_88' title="bbox 532 5229 2110 5301">
    <p class='ocr_par' dir='ltr' id='par_1_88' title="bbox 532 5229 2110 5301">
     <span class='ocr_line' id='line_1_88' title="bbox 532 5229 2110 5301; baseline 0.004 -23"><span class='ocrx_word' id='word_1_616' title='bbox 532 5230 682 5296; x_wconf 62' lang='lat' dir='ltr'><strong>ﬁdem</strong></span> <span class='ocrx_word' id='word_1_617' title='bbox 712 5246 810 5282; x_wconf 84' lang='lat' dir='ltr'><strong>non</strong></span> <span class='ocrx_word' id='word_1_618' title='bbox 836 5242 905 5281; x_wconf 70' lang='lat' dir='ltr'><strong>est</strong></span> <span class='ocrx_word' id='word_1_619' title='bbox 939 5229 1210 5283; x_wconf 73' lang='lat' dir='ltr'><strong>damnatus</strong></span> <span class='ocrx_word' id='word_1_620' title='bbox 1236 5229 1534 5301; x_wconf 68' lang='lat' dir='ltr'><strong>Dioscorus,</strong></span> <span class='ocrx_word' id='word_1_621' title='bbox 1558 5232 1646 5285; x_wconf 69' lang='lat' dir='ltr'><strong>sed</strong></span> <span class='ocrx_word' id='word_1_622' title='bbox 1675 5237 1795 5301; x_wconf 83' lang='lat' dir='ltr'><strong>quia</strong></span> <span class='ocrx_word' id='word_1_623' title='bbox 1818 5229 2110 5285; x_wconf 69' lang='lat' dir='ltr'><strong>excoluntu-</strong></span> 
     </span>
    </p>
   </div>
   <div class='ocr_carea' id='block_1_89' title="bbox 534 5299 2111 5370">
    <p class='ocr_par' dir='ltr' id='par_1_89' title="bbox 534 5299 2111 5370">
     <span class='ocr_line' id='line_1_89' title="bbox 534 5299 2111 5370; baseline 0.001 -21"><span class='ocrx_word' id='word_1_624' title='bbox 534 5302 835 5353; x_wconf 74' lang='lat' dir='ltr'><strong>nicationem</strong></span> <span class='ocrx_word' id='word_1_625' title='bbox 855 5303 973 5370; x_wconf 73' lang='lat' dir='ltr'><strong>fecit</strong></span> <span class='ocrx_word' id='word_1_626' title='bbox 997 5304 1203 5353; x_wconf 80' lang='lat' dir='ltr'><strong>domina</strong></span> <span class='ocrx_word' id='word_1_627' title='bbox 1224 5299 1604 5369; x_wconf 51' lang='lat' dir='ltr'><strong>archiepiscopo</strong></span> <span class='ocrx_word' id='word_1_628' title='bbox 1630 5299 1808 5355; x_wconf 65' lang='lat' dir='ltr'><strong>Leoni.</strong></span> <span class='ocrx_word' id='word_1_629' title='bbox 1836 5302 1949 5354; x_wconf 80' lang='lat' dir='ltr'><strong>Non</strong></span> <span class='ocrx_word' id='word_1_630' title='bbox 1974 5305 2111 5367; x_wconf 81' lang='lat' dir='ltr'><strong>quod</strong></span> 
     </span>
    </p>
   </div>
   <div class='ocr_carea' id='block_1_90' title="bbox 534 5371 2113 5440">
    <p class='ocr_par' dir='ltr' id='par_1_90' title="bbox 534 5371 2113 5440">
     <span class='ocr_line' id='line_1_90' title="bbox 534 5371 2113 5440; baseline 0.003 -18"><span class='ocrx_word' id='word_1_631' title='bbox 534 5372 817 5423; x_wconf 73' lang='lat' dir='ltr'><strong>obsturuut</strong></span> <span class='ocrx_word' id='word_1_632' title='bbox 845 5382 985 5425; x_wconf 76' lang='lat' dir='ltr'><strong>eSset</strong></span> <span class='ocrx_word' id='word_1_633' title='bbox 1015 5371 1323 5424; x_wconf 76' lang='lat' dir='ltr'><strong>Dioscornni</strong></span> <span class='ocrx_word' id='word_1_634' title='bbox 1348 5388 1401 5422; x_wconf 87' lang='lat' dir='ltr'><strong>tu</strong></span> <span class='ocrx_word' id='word_1_635' title='bbox 1433 5372 1689 5440; x_wconf 70' lang='lat' dir='ltr'><strong>Eutycius</strong></span> <span class='ocrx_word' id='word_1_636' title='bbox 1713 5374 1899 5426; x_wconf 63' lang='lat' dir='ltr'><strong>inlaesi</strong></span> <span class='ocrx_word' id='word_1_637' title='bbox 1927 5374 2113 5437; x_wconf 52' lang='lat' dir='ltr'><strong>fuisse,</strong></span> 
     </span>
    </p>
   </div>
   <div class='ocr_carea' id='block_1_91' title="bbox 535 5442 2113 5511">
    <p class='ocr_par' dir='ltr' id='par_1_91' title="bbox 535 5442 2113 5511">
     <span class='ocr_line' id='line_1_91' title="bbox 535 5442 2113 5511; baseline 0.004 -21"><span class='ocrx_word' id='word_1_638' title='bbox 535 5456 687 5509; x_wconf 87' lang='lat' dir='ltr'><strong>quam</strong></span> <span class='ocrx_word' id='word_1_639' title='bbox 721 5454 904 5505; x_wconf 82' lang='lat' dir='ltr'><strong>aperte</strong></span> <span class='ocrx_word' id='word_1_640' title='bbox 946 5442 1294 5502; x_wconf 84' lang='lat' dir='ltr'><strong>delenderat;</strong></span> <span class='ocrx_word' id='word_1_641' title='bbox 1328 5443 1419 5494; x_wconf 80' lang='lat' dir='ltr'><strong>sed</strong></span> <span class='ocrx_word' id='word_1_642' title='bbox 1467 5458 1609 5506; x_wconf 66' lang='lat' dir='ltr'><strong>quia,</strong></span> <span class='ocrx_word' id='word_1_643' title='bbox 1663 5454 1719 5495; x_wconf 90' lang='lat' dir='ltr'><strong>ut</strong></span> <span class='ocrx_word' id='word_1_644' title='bbox 1764 5442 1921 5511; x_wconf 71' lang='lat' dir='ltr'><strong>legati</strong></span> <span class='ocrx_word' id='word_1_645' title='bbox 1969 5446 2113 5496; x_wconf 73' lang='lat' dir='ltr'><strong>sedis</strong></span> 
     </span>
    </p>
   </div>
   <div class='ocr_carea' id='block_1_92' title="bbox 538 5511 2112 5581">
    <p class='ocr_par' dir='ltr' id='par_1_92' title="bbox 538 5511 2112 5581">
     <span class='ocr_line' id='line_1_92' title="bbox 538 5511 2112 5581; baseline 0.008 -25"><span class='ocrx_word' id='word_1_646' title='bbox 538 5514 839 5576; x_wconf 81' lang='lat' dir='ltr'><strong>apostolica:</strong></span> <span class='ocrx_word' id='word_1_647' title='bbox 864 5512 1182 5563; x_wconf 83' lang='lat' dir='ltr'><strong>sententiam</strong></span> <span class='ocrx_word' id='word_1_648' title='bbox 1215 5511 1266 5562; x_wconf 89' lang='lat' dir='ltr'><strong>in</strong></span> <span class='ocrx_word' id='word_1_649' title='bbox 1304 5526 1422 5562; x_wconf 82' lang='lat' dir='ltr'><strong>eum</strong></span> <span class='ocrx_word' id='word_1_650' title='bbox 1474 5515 1685 5565; x_wconf 85' lang='lat' dir='ltr'><strong>actione</strong></span> <span class='ocrx_word' id='word_1_651' title='bbox 1717 5512 1749 5564; x_wconf 80' lang='grc'><strong>5</strong></span> <span class='ocrx_word' id='word_1_652' title='bbox 1780 5514 2112 5581; x_wconf 66' lang='grc' dir='ltr'>μιυῐιεωιιιρς</span> 
     </span>
    </p>
   </div>
   <div class='ocr_carea' id='block_1_93' title="bbox 535 5581 2111 5652">
    <p class='ocr_par' dir='ltr' id='par_1_93' title="bbox 535 5581 2111 5652">
     <span class='ocr_line' id='line_1_93' title="bbox 535 5581 2111 5652; baseline 0.004 -20"><span class='ocrx_word' id='word_1_653' title='bbox 535 5582 817 5643; x_wconf 84' lang='lat' dir='ltr'><strong>disserunt,</strong></span> <span class='ocrx_word' id='word_1_654' title='bbox 852 5581 1050 5647; x_wconf 80' lang='lat' dir='ltr'><strong>ignosci</strong></span> <span class='ocrx_word' id='word_1_655' title='bbox 1081 5598 1127 5633; x_wconf 79' lang='lat' dir='ltr'><strong>et</strong></span> <span class='ocrx_word' id='word_1_656' title='bbox 1155 5590 1379 5647; x_wconf 78' lang='lat' dir='ltr'><strong>poterat,</strong></span> <span class='ocrx_word' id='word_1_657' title='bbox 1414 5583 1550 5636; x_wconf 79' lang='lat' dir='ltr'><strong>sicut</strong></span> <span class='ocrx_word' id='word_1_658' title='bbox 1592 5592 1804 5638; x_wconf 58' lang='lat' dir='ltr'><strong>(steteris</strong></span> <span class='ocrx_word' id='word_1_659' title='bbox 1846 5586 2111 5652; x_wconf 85' lang='lat' dir='ltr'><strong>episcopis</strong></span> 
     </span>
    </p>
   </div>
   <div class='ocr_carea' id='block_1_94' title="bbox 532 5652 2112 5718">
    <p class='ocr_par' dir='ltr' id='par_1_94' title="bbox 532 5652 2112 5718">
     <span class='ocr_line' id='line_1_94' title="bbox 532 5652 2112 5718; baseline 0.004 -15"><span class='ocrx_word' id='word_1_660' title='bbox 532 5653 627 5718; x_wconf 71' lang='lat' dir='ltr'><strong>qui.</strong></span> <span class='ocrx_word' id='word_1_661' title='bbox 655 5652 742 5701; x_wconf 81' lang='lat' dir='ltr'><strong>illo</strong></span> <span class='ocrx_word' id='word_1_662' title='bbox 768 5654 902 5703; x_wconf 86' lang='lat' dir='ltr'><strong>duce</strong></span> <span class='ocrx_word' id='word_1_663' title='bbox 932 5662 1232 5716; x_wconf 76' lang='lat' dir='ltr'><strong>peccaram,</strong></span> <span class='ocrx_word' id='word_1_664' title='bbox 1267 5654 1366 5706; x_wconf 84' lang='lat' dir='ltr'><strong>nisi</strong></span> <span class='ocrx_word' id='word_1_665' title='bbox 1403 5654 1652 5708; x_wconf 77' lang='lat' dir='ltr'><strong>secundis</strong></span> <span class='ocrx_word' id='word_1_666' title='bbox 1682 5656 2004 5707; x_wconf 79' lang='lat' dir='ltr'><strong>exceSsihns</strong></span> <span class='ocrx_word' id='word_1_667' title='bbox 2052 5672 2112 5709; x_wconf 72' lang='lat' dir='ltr'><strong>ac</strong></span> 
     </span>
    </p>
   </div>
   <div class='ocr_carea' id='block_1_95' title="bbox 534 5722 2107 5789">
    <p class='ocr_par' dir='ltr' id='par_1_95' title="bbox 534 5722 2107 5789">
     <span class='ocr_line' id='line_1_95' title="bbox 534 5722 2107 5789; baseline 0.004 -15"><span class='ocrx_word' id='word_1_668' title='bbox 534 5722 826 5789; x_wconf 69' lang='lat' dir='ltr'><strong>praesertim</strong></span> <span class='ocrx_word' id='word_1_669' title='bbox 851 5724 1521 5780; x_wconf 76' lang='lat' dir='ltr'><strong>excommunicationeilla</strong></span> <span class='ocrx_word' id='word_1_670' title='bbox 1553 5726 1607 5780; x_wconf 90' lang='lat' dir='ltr'><strong>in</strong></span> <span class='ocrx_word' id='word_1_671' title='bbox 1637 5725 1896 5788; x_wconf 82' lang='lat' dir='ltr'><strong>Leonem.</strong></span> <span class='ocrx_word' id='word_1_672' title='bbox 1925 5726 2039 5787; x_wconf 75' lang='grc' dir='ltr'>ιπιι.</span> <span class='ocrx_word' id='word_1_673' title='bbox 2054 5739 2107 5779; x_wconf 66' lang='lat' dir='ltr'><strong>ra</strong></span> 
     </span>
    </p>
   </div>
   <div class='ocr_carea' id='block_1_96' title="bbox 2291 3149 3807 3213">
    <p class='ocr_par' dir='ltr' id='par_1_96' title="bbox 2291 3149 3807 3213">
     <span class='ocr_line' id='line_1_96' title="bbox 2291 3149 3807 3213; baseline -0.005 -6"><span class='ocrx_word' id='word_1_674' title='bbox 2291 3152 2739 3212; x_wconf 74' lang='lat' dir='ltr'><strong>Chalcedonensis,</strong></span> <span class='ocrx_word' id='word_1_675' title='bbox 2771 3151 2861 3204; x_wconf 82' lang='lat' dir='ltr'><strong>sed</strong></span> <span class='ocrx_word' id='word_1_676' title='bbox 2882 3151 3052 3203; x_wconf 83' lang='lat' dir='ltr'><strong>omnia</strong></span> <span class='ocrx_word' id='word_1_677' title='bbox 3090 3154 3202 3213; x_wconf 69' lang='lat' dir='ltr'><strong>ejus</strong></span> <span class='ocrx_word' id='word_1_678' title='bbox 3228 3160 3343 3202; x_wconf 78' lang='lat' dir='ltr'><strong>acta</strong></span> <span class='ocrx_word' id='word_1_679' title='bbox 3370 3159 3417 3203; x_wconf 76' lang='lat' dir='ltr'><strong>et</strong></span> <span class='ocrx_word' id='word_1_680' title='bbox 3445 3149 3657 3201; x_wconf 73' lang='lat' dir='ltr'><strong>decreta</strong></span> <span class='ocrx_word' id='word_1_681' title='bbox 3678 3163 3807 3200; x_wconf 74' lang='lat' dir='ltr'><strong>con-</strong></span> 
     </span>
    </p>
   </div>
   <div class='ocr_carea' id='block_1_97' title="bbox 2291 3218 3811 3291">
    <p class='ocr_par' dir='ltr' id='par_1_97' title="bbox 2291 3218 3811 3291">
     <span class='ocr_line' id='line_1_97' title="bbox 2291 3218 3811 3291; baseline -0.001 -14"><span class='ocrx_word' id='word_1_682' title='bbox 2291 3225 2530 3291; x_wconf 79' lang='lat' dir='ltr'><strong>ﬁrmarit,</strong></span> <span class='ocrx_word' id='word_1_683' title='bbox 2583 3230 2790 3291; x_wconf 71' lang='lat' dir='ltr'><strong>excepto</strong></span> <span class='ocrx_word' id='word_1_684' title='bbox 2838 3225 2977 3289; x_wconf 78' lang='lat' dir='ltr'><strong>fastu</strong></span> <span class='ocrx_word' id='word_1_685' title='bbox 3029 3221 3278 3281; x_wconf 76' lang='lat' dir='ltr'><strong>Anatolii,</strong></span> <span class='ocrx_word' id='word_1_686' title='bbox 3317 3235 3468 3286; x_wconf 65' lang='lat' dir='ltr'><strong>quem</strong></span> <span class='ocrx_word' id='word_1_687' title='bbox 3517 3218 3811 3291; x_wconf 64' lang='lat' dir='ltr'><strong>redarguit.</strong></span> 
     </span>
    </p>
   </div>
   <div class='ocr_carea' id='block_1_98' title="bbox 2292 3289 3715 3364">
    <p class='ocr_par' dir='ltr' id='par_1_98' title="bbox 2292 3289 3715 3364">
     <span class='ocr_line' id='line_1_98' title="bbox 2292 3289 3715 3364; baseline -0.002 -17"><span class='ocrx_word' id='word_1_688' title='bbox 2292 3289 2540 3364; x_wconf 68' lang='lat' dir='ltr'><strong>Epistolis</strong></span> <span class='ocrx_word' id='word_1_689' title='bbox 2554 3302 2725 3347; x_wconf 77' lang='lat' dir='ltr'><strong>autem</strong></span> <span class='ocrx_word' id='word_1_690' title='bbox 2757 3289 2864 3344; x_wconf 75' lang='lat' dir='ltr'><strong>Iba:</strong></span> <span class='ocrx_word' id='word_1_691' title='bbox 2888 3292 3311 3359; x_wconf 74' lang='lat' dir='ltr'><strong>approbationem</strong></span> <span class='ocrx_word' id='word_1_692' title='bbox 3336 3306 3437 3343; x_wconf 86' lang='lat' dir='ltr'><strong>non</strong></span> <span class='ocrx_word' id='word_1_693' title='bbox 3462 3289 3715 3344; x_wconf 61' lang='lat' dir='ltr'><strong>excludi.</strong></span> 
     </span>
    </p>
   </div>
   <div class='ocr_carea' id='block_1_99' title="bbox 2293 3421 3809 3496">
    <p class='ocr_par' dir='ltr' id='par_1_99' title="bbox 2293 3421 3809 3496">
     <span class='ocr_line' id='line_1_99' title="bbox 2293 3421 3809 3496; baseline -0.005 -13"><span class='ocrx_word' id='word_1_694' title='bbox 2293 3427 2495 3482; x_wconf 82' lang='lat' dir='ltr'><strong>Verum</strong></span> <span class='ocrx_word' id='word_1_695' title='bbox 2522 3426 2646 3496; x_wconf 88' lang='lat' dir='ltr'><strong>quia</strong></span> <span class='ocrx_word' id='word_1_696' title='bbox 2668 3432 2726 3480; x_wconf 90' lang='lat' dir='ltr'><strong>et</strong></span> <span class='ocrx_word' id='word_1_697' title='bbox 2754 3424 2856 3479; x_wconf 88' lang='lat' dir='ltr'><strong>hoc</strong></span> <span class='ocrx_word' id='word_1_698' title='bbox 2879 3423 3009 3478; x_wconf 77' lang='lat' dir='ltr'><strong>satis</strong></span> <span class='ocrx_word' id='word_1_699' title='bbox 3046 3425 3314 3491; x_wconf 84' lang='lat' dir='ltr'><strong>apparuit,</strong></span> <span class='ocrx_word' id='word_1_700' title='bbox 3338 3422 3595 3493; x_wconf 76' lang='lat' dir='ltr'><strong>quoniam</strong></span> <span class='ocrx_word' id='word_1_701' title='bbox 3624 3421 3711 3477; x_wconf 81' lang='lat' dir='ltr'><strong>rei</strong></span> <span class='ocrx_word' id='word_1_702' title='bbox 3740 3422 3809 3488; x_wconf 81' lang='lat' dir='ltr'><strong>si,</strong></span> 
     </span>
    </p>
   </div>
   <div class='ocr_carea' id='block_1_100' title="bbox 2222 3514 3807 3584">
    <p class='ocr_par' dir='ltr' id='par_1_100' title="bbox 2222 3514 3807 3584">
     <span class='ocr_line' id='line_1_100' title="bbox 2222 3514 3807 3584; baseline -0.004 -11"><span class='ocrx_word' id='word_1_703' title='bbox 2222 3530 2280 3573; x_wconf 91' lang='lat' dir='ltr'><strong>ut</strong></span> <span class='ocrx_word' id='word_1_704' title='bbox 2307 3520 2487 3573; x_wconf 84' lang='lat' dir='ltr'><strong>fictum</strong></span> <span class='ocrx_word' id='word_1_705' title='bbox 2513 3528 2619 3580; x_wconf 87' lang='lat' dir='ltr'><strong>est,</strong></span> <span class='ocrx_word' id='word_1_706' title='bbox 2679 3516 3053 3571; x_wconf 64' lang='lat' dir='ltr'><strong>Theodoreus</strong></span> <span class='ocrx_word' id='word_1_707' title='bbox 3083 3526 3248 3581; x_wconf 89' lang='lat' dir='ltr'><strong>atque</strong></span> <span class='ocrx_word' id='word_1_708' title='bbox 3286 3514 3405 3571; x_wconf 81' lang='lat' dir='ltr'><strong>ibas</strong></span> <span class='ocrx_word' id='word_1_709' title='bbox 3431 3515 3671 3584; x_wconf 86' lang='lat' dir='ltr'><strong>episcopi</strong></span> <span class='ocrx_word' id='word_1_710' title='bbox 3697 3530 3807 3568; x_wconf 75' lang='lat' dir='ltr'><strong>non</strong></span> 
     </span>
    </p>
   </div>
   <div class='ocr_carea' id='block_1_101' title="bbox 2221 3606 3806 3669">
    <p class='ocr_par' dir='ltr' id='par_1_101' title="bbox 2221 3606 3806 3669">
     <span class='ocr_line' id='line_1_101' title="bbox 2221 3606 3806 3669; baseline -0.004 -3"><span class='ocrx_word' id='word_1_711' title='bbox 2221 3614 2537 3666; x_wconf 88' lang='lat' dir='ltr'><strong>interessent</strong></span> <span class='ocrx_word' id='word_1_712' title='bbox 2556 3619 2682 3664; x_wconf 90' lang='lat' dir='ltr'><strong>ante</strong></span> <span class='ocrx_word' id='word_1_713' title='bbox 2707 3609 3076 3663; x_wconf 85' lang='lat' dir='ltr'><strong>definitionem</strong></span> <span class='ocrx_word' id='word_1_714' title='bbox 3105 3606 3532 3663; x_wconf 61' lang='lat' dir='ltr'><strong>Chalcedone-usi</strong></span> <span class='ocrx_word' id='word_1_715' title='bbox 3554 3608 3806 3669; x_wconf 86' lang='lat' dir='ltr'><strong>concilio.</strong></span> 
     </span>
    </p>
   </div>
   <div class='ocr_carea' id='block_1_102' title="bbox 2223 3700 3796 3769">
    <p class='ocr_par' dir='ltr' id='par_1_102' title="bbox 2223 3700 3796 3769">
     <span class='ocr_line' id='line_1_102' title="bbox 2223 3700 3796 3769; baseline -0.005 -9"><span class='ocrx_word' id='word_1_716' title='bbox 2223 3722 2328 3760; x_wconf 89' lang='lat' dir='ltr'><strong>non</strong></span> <span class='ocrx_word' id='word_1_717' title='bbox 2360 3720 2429 3760; x_wconf 78' lang='lat' dir='ltr'><strong>ex</strong></span> <span class='ocrx_word' id='word_1_718' title='bbox 2464 3719 2529 3759; x_wconf 90' lang='lat' dir='ltr'><strong>eo</strong></span> <span class='ocrx_word' id='word_1_719' title='bbox 2559 3706 2726 3758; x_wconf 87' lang='lat' dir='ltr'><strong>fuerat</strong></span> <span class='ocrx_word' id='word_1_720' title='bbox 2746 3702 3140 3767; x_wconf 77' lang='lat' dir='ltr'><strong>excusandum;</strong></span> <span class='ocrx_word' id='word_1_721' title='bbox 3177 3703 3304 3755; x_wconf 89' lang='lat' dir='ltr'><strong>illud</strong></span> <span class='ocrx_word' id='word_1_722' title='bbox 3338 3704 3501 3755; x_wconf 87' lang='lat' dir='ltr'><strong>etiam</strong></span> <span class='ocrx_word' id='word_1_723' title='bbox 3528 3700 3796 3769; x_wconf 80' lang='lat' dir='ltr'><strong>disquira-</strong></span> 
     </span>
    </p>
   </div>
   <div class='ocr_carea' id='block_1_103' title="bbox 2222 3791 3811 3865">
    <p class='ocr_par' dir='ltr' id='par_1_103' title="bbox 2222 3791 3811 3865">
     <span class='ocr_line' id='line_1_103' title="bbox 2222 3791 3811 3865; baseline -0.005 -12"><span class='ocrx_word' id='word_1_724' title='bbox 2222 3814 2363 3861; x_wconf 84' lang='lat' dir='ltr'><strong>mus,</strong></span> <span class='ocrx_word' id='word_1_725' title='bbox 2389 3797 2541 3865; x_wconf 88' lang='lat' dir='ltr'><strong>quale</strong></span> <span class='ocrx_word' id='word_1_726' title='bbox 2564 3796 2653 3859; x_wconf 86' lang='lat' dir='ltr'><strong>sit,</strong></span> <span class='ocrx_word' id='word_1_727' title='bbox 2677 3796 2815 3862; x_wconf 84' lang='lat' dir='ltr'><strong>quod</strong></span> <span class='ocrx_word' id='word_1_728' title='bbox 2839 3796 3080 3849; x_wconf 89' lang='lat' dir='ltr'><strong>dicentes</strong></span> <span class='ocrx_word' id='word_1_729' title='bbox 3101 3793 3166 3847; x_wconf 87' lang='lat' dir='ltr'><strong>ad</strong></span> <span class='ocrx_word' id='word_1_730' title='bbox 3192 3793 3484 3848; x_wconf 83' lang='lat' dir='ltr'><strong>Romanam</strong></span> <span class='ocrx_word' id='word_1_731' title='bbox 3512 3791 3811 3849; x_wconf 82' lang='lat' dir='ltr'><strong>Ecclesianr</strong></span> 
     </span>
    </p>
   </div>
   <div class='ocr_carea' id='block_1_104' title="bbox 2224 3884 3807 3954">
    <p class='ocr_par' dir='ltr' id='par_1_104' title="bbox 2224 3884 3807 3954">
     <span class='ocr_line' id='line_1_104' title="bbox 2224 3884 3807 3954; baseline -0.005 -10"><span class='ocrx_word' id='word_1_732' title='bbox 2224 3888 2594 3944; x_wconf 79' lang='lat' dir='ltr'><strong>deﬁnitionem</strong></span> <span class='ocrx_word' id='word_1_733' title='bbox 2627 3898 2831 3941; x_wconf 86' lang='lat' dir='ltr'><strong>tantum</strong></span> <span class='ocrx_word' id='word_1_734' title='bbox 2866 3885 3011 3950; x_wconf 83' lang='lat' dir='ltr'><strong>iidei,</strong></span> <span class='ocrx_word' id='word_1_735' title='bbox 3040 3901 3146 3940; x_wconf 84' lang='lat' dir='ltr'><strong>non</strong></span> <span class='ocrx_word' id='word_1_736' title='bbox 3188 3885 3349 3941; x_wconf 87' lang='lat' dir='ltr'><strong>etiam</strong></span> <span class='ocrx_word' id='word_1_737' title='bbox 3396 3892 3545 3954; x_wconf 82' lang='lat' dir='ltr'><strong>gesta</strong></span> <span class='ocrx_word' id='word_1_738' title='bbox 3594 3884 3807 3938; x_wconf 76' lang='lat' dir='ltr'><strong>concili</strong></span> 
     </span>
    </p>
   </div>
   <div class='ocr_carea' id='block_1_105' title="bbox 2224 3976 3807 4046">
    <p class='ocr_par' dir='ltr' id='par_1_105' title="bbox 2224 3976 3807 4046">
     <span class='ocr_line' id='line_1_105' title="bbox 2224 3976 3807 4046; baseline -0.005 -10"><span class='ocrx_word' id='word_1_739' title='bbox 2224 3979 2676 4036; x_wconf 86' lang='lat' dir='ltr'><strong>Chalcedonensis</strong></span> <span class='ocrx_word' id='word_1_740' title='bbox 2700 3980 2863 4032; x_wconf 81' lang='lat' dir='ltr'><strong>fuisse</strong></span> <span class='ocrx_word' id='word_1_741' title='bbox 2896 3978 3117 4046; x_wconf 88' lang='lat' dir='ltr'><strong>perlata,</strong></span> <span class='ocrx_word' id='word_1_742' title='bbox 3150 3992 3214 4031; x_wconf 82' lang='lat' dir='ltr'><strong>ex</strong></span> <span class='ocrx_word' id='word_1_743' title='bbox 3248 3976 3351 4031; x_wconf 89' lang='lat' dir='ltr'><strong>hoc</strong></span> <span class='ocrx_word' id='word_1_744' title='bbox 3381 3977 3565 4030; x_wconf 83' lang='lat' dir='ltr'><strong>volunt</strong></span> <span class='ocrx_word' id='word_1_745' title='bbox 3595 3976 3807 4030; x_wconf 73' lang='lat' dir='ltr'><strong>efficere</strong></span> 
     </span>
    </p>
   </div>
   <div class='ocr_carea' id='block_1_106' title="bbox 2225 4066 3809 4139">
    <p class='ocr_par' dir='ltr' id='par_1_106' title="bbox 2225 4066 3809 4139">
     <span class='ocr_line' id='line_1_106' title="bbox 2225 4066 3809 4139; baseline -0.003 -16"><span class='ocrx_word' id='word_1_746' title='bbox 2225 4082 2281 4125; x_wconf 90' lang='lat' dir='ltr'><strong>ut</strong></span> <span class='ocrx_word' id='word_1_747' title='bbox 2307 4074 2593 4126; x_wconf 84' lang='lat' dir='ltr'><strong>credamus</strong></span> <span class='ocrx_word' id='word_1_748' title='bbox 2621 4068 2762 4139; x_wconf 89' lang='lat' dir='ltr'><strong>quod</strong></span> <span class='ocrx_word' id='word_1_749' title='bbox 2811 4068 2862 4123; x_wconf 91' lang='lat' dir='ltr'><strong>in</strong></span> <span class='ocrx_word' id='word_1_750' title='bbox 2907 4068 3018 4136; x_wconf 88' lang='lat' dir='ltr'><strong>ipsa</strong></span> <span class='ocrx_word' id='word_1_751' title='bbox 3067 4074 3271 4121; x_wconf 88' lang='lat' dir='ltr'><strong>tantum</strong></span> <span class='ocrx_word' id='word_1_752' title='bbox 3322 4066 3446 4121; x_wconf 87' lang='lat' dir='ltr'><strong>lldei</strong></span> <span class='ocrx_word' id='word_1_753' title='bbox 3497 4066 3809 4120; x_wconf 70' lang='lat' dir='ltr'><strong>deﬁnitione</strong></span> 
     </span>
    </p>
   </div>
   <div class='ocr_carea' id='block_1_107' title="bbox 2223 4158 3808 4233">
    <p class='ocr_par' dir='ltr' id='par_1_107' title="bbox 2223 4158 3808 4233">
     <span class='ocr_line' id='line_1_107' title="bbox 2223 4158 3808 4233; baseline -0.003 -17"><span class='ocrx_word' id='word_1_754' title='bbox 2223 4163 2412 4216; x_wconf 84' lang='lat' dir='ltr'><strong>beatus</strong></span> <span class='ocrx_word' id='word_1_755' title='bbox 2441 4162 2549 4217; x_wconf 83' lang='lat' dir='ltr'><strong>Leo</strong></span> <span class='ocrx_word' id='word_1_756' title='bbox 2577 4160 2768 4233; x_wconf 82' lang='lat' dir='ltr'><strong>synodi</strong></span> <span class='ocrx_word' id='word_1_757' title='bbox 2810 4158 3265 4214; x_wconf 88' lang='lat' dir='ltr'><strong>Chalcedonensis</strong></span> <span class='ocrx_word' id='word_1_758' title='bbox 3296 4158 3517 4214; x_wconf 86' lang='lat' dir='ltr'><strong>decreta</strong></span> <span class='ocrx_word' id='word_1_759' title='bbox 3560 4158 3808 4213; x_wconf 76' lang='lat' dir='ltr'><strong>ﬁrmave-</strong></span> 
     </span>
    </p>
   </div>
   <div class='ocr_carea' id='block_1_108' title="bbox 2220 4249 3807 4324">
    <p class='ocr_par' dir='ltr' id='par_1_108' title="bbox 2220 4249 3807 4324">
     <span class='ocr_line' id='line_1_108' title="bbox 2220 4249 3807 4324; baseline -0.004 -15"><span class='ocrx_word' id='word_1_760' title='bbox 2220 4257 2309 4321; x_wconf 89' lang='lat' dir='ltr'><strong>rit,</strong></span> <span class='ocrx_word' id='word_1_761' title='bbox 2334 4266 2387 4309; x_wconf 87' lang='lat' dir='ltr'><strong>ct</strong></span> <span class='ocrx_word' id='word_1_762' title='bbox 2418 4272 2515 4309; x_wconf 84' lang='lat' dir='ltr'><strong>nos</strong></span> <span class='ocrx_word' id='word_1_763' title='bbox 2542 4270 2755 4324; x_wconf 88' lang='lat' dir='ltr'><strong>quoque</strong></span> <span class='ocrx_word' id='word_1_764' title='bbox 2787 4263 3137 4307; x_wconf 66' lang='lat' dir='ltr'><strong>memoratam</strong></span> <span class='ocrx_word' id='word_1_765' title='bbox 3164 4252 3447 4321; x_wconf 82' lang='lat' dir='ltr'><strong>epistolam</strong></span> <span class='ocrx_word' id='word_1_766' title='bbox 3480 4249 3807 4305; x_wconf 83' lang='lat' dir='ltr'><strong>venerabilis</strong></span> 
     </span>
    </p>
   </div>
   <div class='ocr_carea' id='block_1_109' title="bbox 2221 4342 3803 4411">
    <p class='ocr_par' dir='ltr' id='par_1_109' title="bbox 2221 4342 3803 4411">
     <span class='ocr_line' id='line_1_109' title="bbox 2221 4342 3803 4411; baseline -0.004 -8"><span class='ocrx_word' id='word_1_767' title='bbox 2221 4349 2328 4403; x_wconf 78' lang='lat' dir='ltr'><strong>Iba:</strong></span> <span class='ocrx_word' id='word_1_768' title='bbox 2351 4350 2672 4403; x_wconf 88' lang='lat' dir='ltr'><strong>damnemus</strong></span> <span class='ocrx_word' id='word_1_769' title='bbox 2698 4364 2712 4398; x_wconf 87' lang='lat'>:</span> <span class='ocrx_word' id='word_1_770' title='bbox 2741 4361 2863 4400; x_wconf 90' lang='lat' dir='ltr'><strong>cum</strong></span> <span class='ocrx_word' id='word_1_771' title='bbox 2895 4345 2985 4400; x_wconf 89' lang='lat' dir='ltr'><strong>ille</strong></span> <span class='ocrx_word' id='word_1_772' title='bbox 3013 4344 3179 4411; x_wconf 88' lang='lat' dir='ltr'><strong>dicat,</strong></span> <span class='ocrx_word' id='word_1_773' title='bbox 3227 4342 3683 4411; x_wconf 74' lang='lat' dir='ltr'><strong>quemadmodum</strong></span> <span class='ocrx_word' id='word_1_774' title='bbox 3725 4358 3803 4397; x_wconf 83' lang='lat' dir='ltr'><strong>se-</strong></span> 
     </span>
    </p>
   </div>
   <div class='ocr_carea' id='block_1_110' title="bbox 2221 4433 3805 4507">
    <p class='ocr_par' dir='ltr' id='par_1_110' title="bbox 2221 4433 3805 4507">
     <span class='ocr_line' id='line_1_110' title="bbox 2221 4433 3805 4507; baseline -0.004 -12"><span class='ocrx_word' id='word_1_775' title='bbox 2221 4442 2396 4496; x_wconf 90' lang='lat' dir='ltr'><strong>cundo</strong></span> <span class='ocrx_word' id='word_1_776' title='bbox 2446 4440 2583 4494; x_wconf 90' lang='lat' dir='ltr'><strong>libro</strong></span> <span class='ocrx_word' id='word_1_777' title='bbox 2628 4440 2739 4507; x_wconf 84' lang='lat' dir='ltr'><strong>jam</strong></span> <span class='ocrx_word' id='word_1_778' title='bbox 2792 4438 3245 4493; x_wconf 88' lang='lat' dir='ltr'><strong>memoravimus:</strong></span> <span class='ocrx_word' id='word_1_779' title='bbox 3281 4456 3299 4488; x_wconf 74' lang='grc' dir='ltr'><strong>ι</strong></span> <span class='ocrx_word' id='word_1_780' title='bbox 3335 4436 3404 4493; x_wconf 84' lang='grc' dir='ltr'>Ει</span> <span class='ocrx_word' id='word_1_781' title='bbox 3428 4437 3663 4491; x_wconf 82' lang='lat' dir='ltr'><strong>fraterna</strong></span> <span class='ocrx_word' id='word_1_782' title='bbox 3694 4433 3805 4488; x_wconf 83' lang='lat' dir='ltr'><strong>uni-</strong></span> 
     </span>
    </p>
   </div>
   <div class='ocr_carea' id='block_1_111' title="bbox 2223 4528 3806 4597">
    <p class='ocr_par' dir='ltr' id='par_1_111' title="bbox 2223 4528 3806 4597">
     <span class='ocr_line' id='line_1_111' title="bbox 2223 4528 3806 4597; baseline -0.003 -12"><span class='ocrx_word' id='word_1_783' title='bbox 2223 4532 2475 4595; x_wconf 73' lang='lat' dir='ltr'><strong>versitas,</strong></span> <span class='ocrx_word' id='word_1_784' title='bbox 2504 4539 2818 4587; x_wconf 85' lang='lat' dir='ltr'><strong>etonmium</strong></span> <span class='ocrx_word' id='word_1_785' title='bbox 2851 4529 3088 4583; x_wconf 82' lang='lat' dir='ltr'><strong>ﬁdelium</strong></span> <span class='ocrx_word' id='word_1_786' title='bbox 3132 4528 3296 4583; x_wconf 85' lang='lat' dir='ltr'><strong>corda</strong></span> <span class='ocrx_word' id='word_1_787' title='bbox 3330 4535 3684 4597; x_wconf 72' lang='lat' dir='ltr'><strong>cognoscant,</strong></span> <span class='ocrx_word' id='word_1_788' title='bbox 3712 4537 3806 4581; x_wconf 79' lang='lat' dir='ltr'><strong>nec</strong></span> 
     </span>
    </p>
   </div>
   <div class='ocr_carea' id='block_1_112' title="bbox 2149 4660 3804 4731">
    <p class='ocr_par' dir='ltr' id='par_1_112' title="bbox 2149 4660 3804 4731">
     <span class='ocr_line' id='line_1_112' title="bbox 2149 4660 3804 4731; baseline -0.004 -8"><span class='ocrx_word' id='word_1_789' title='bbox 2149 4673 2199 4731; x_wconf 90' lang='lat' dir='ltr'><strong>D</strong></span> <span class='ocrx_word' id='word_1_790' title='bbox 2225 4668 2450 4723; x_wconf 90' lang='lat' dir='ltr'><strong>crimina</strong></span> <span class='ocrx_word' id='word_1_791' title='bbox 2500 4666 2845 4721; x_wconf 88' lang='lat' dir='ltr'><strong>cumulasset.</strong></span> <span class='ocrx_word' id='word_1_792' title='bbox 2878 4666 2982 4723; x_wconf 89' lang='lat' dir='ltr'><strong>Sed</strong></span> <span class='ocrx_word' id='word_1_793' title='bbox 3017 4664 3246 4720; x_wconf 83' lang='lat' dir='ltr'><strong>Anatolii</strong></span> <span class='ocrx_word' id='word_1_794' title='bbox 3275 4665 3419 4719; x_wconf 82' lang='lat' dir='ltr'><strong>aliud</strong></span> <span class='ocrx_word' id='word_1_795' title='bbox 3447 4662 3573 4730; x_wconf 83' lang='lat' dir='ltr'><strong>fuit,</strong></span> <span class='ocrx_word' id='word_1_796' title='bbox 3606 4671 3667 4718; x_wconf 86' lang='lat' dir='ltr'><strong>ut</strong></span> <span class='ocrx_word' id='word_1_797' title='bbox 3709 4660 3804 4719; x_wconf 76' lang='lat' dir='ltr'><strong>Fa-</strong></span> 
     </span>
    </p>
   </div>
   <div class='ocr_carea' id='block_1_113' title="bbox 2228 4737 3431 4806">
    <p class='ocr_par' dir='ltr' id='par_1_113' title="bbox 2228 4737 3431 4806">
     <span class='ocr_line' id='line_1_113' title="bbox 2228 4737 3431 4806; baseline -0.002 -13"><span class='ocrx_word' id='word_1_798' title='bbox 2228 4744 2403 4796; x_wconf 88' lang='lat' dir='ltr'><strong>cumlo</strong></span> <span class='ocrx_word' id='word_1_799' title='bbox 2433 4741 2624 4806; x_wconf 83' lang='lat' dir='ltr'><strong>placet,</strong></span> <span class='ocrx_word' id='word_1_800' title='bbox 2652 4739 2719 4791; x_wconf 89' lang='lat' dir='ltr'><strong>de</strong></span> <span class='ocrx_word' id='word_1_801' title='bbox 2754 4737 2995 4790; x_wconf 80' lang='lat' dir='ltr'><strong>Dioscori</strong></span> <span class='ocrx_word' id='word_1_802' title='bbox 3024 4737 3431 4805; x_wconf 81' lang='lat' dir='ltr'><strong>lide.judicium.</strong></span> 
     </span>
    </p>
   </div>
   <div class='ocr_carea' id='block_1_114' title="bbox 2300 4807 3807 4883">
    <p class='ocr_par' dir='ltr' id='par_1_114' title="bbox 2300 4807 3807 4883">
     <span class='ocr_line' id='line_1_114' title="bbox 2300 4807 3807 4883; baseline -0.003 -20"><span class='ocrx_word' id='word_1_803' title='bbox 2300 4821 2321 4849; x_wconf 69' lang='grc' dir='ltr'><strong>ε</strong></span> <span class='ocrx_word' id='word_1_804' title='bbox 2354 4809 3065 4883; x_wconf 56' lang='lat' dir='ltr'><strong>Pseudosynodi__Epltesimn</strong></span> <span class='ocrx_word' id='word_1_805' title='bbox 3101 4810 3402 4883; x_wconf 71' lang='grc' dir='ltr'><strong>λῃστρικῆς,</strong></span> <span class='ocrx_word' id='word_1_806' title='bbox 3453 4817 3510 4860; x_wconf 88' lang='lat' dir='ltr'><strong>ttt</strong></span> <span class='ocrx_word' id='word_1_807' title='bbox 3562 4807 3807 4883; x_wconf 61' lang='lat' dir='ltr'><strong>exactis</strong></span> 
     </span>
    </p>
   </div>
   <div class='ocr_carea' id='block_1_115' title="bbox 2229 4880 3803 4949">
    <p class='ocr_par' dir='ltr' id='par_1_115' title="bbox 2229 4880 3803 4949">
     <span class='ocr_line' id='line_1_115' title="bbox 2229 4880 3803 4949; baseline -0.003 -14"><span class='ocrx_word' id='word_1_808' title='bbox 2229 4890 2369 4948; x_wconf 85' lang='lat' dir='ltr'><strong>patet</strong></span> <span class='ocrx_word' id='word_1_809' title='bbox 2398 4897 2516 4949; x_wconf 69' lang='lat' dir='ltr'><strong>qua:</strong></span> <span class='ocrx_word' id='word_1_810' title='bbox 2557 4882 2695 4949; x_wconf 88' lang='lat' dir='ltr'><strong>apud</strong></span> <span class='ocrx_word' id='word_1_811' title='bbox 2729 4880 3120 4949; x_wconf 72' lang='lat' dir='ltr'><strong>Cltdcedqnem</strong></span> <span class='ocrx_word' id='word_1_812' title='bbox 3146 4880 3365 4933; x_wconf 77' lang='lat' dir='ltr'><strong>recitata</strong></span> <span class='ocrx_word' id='word_1_813' title='bbox 3396 4888 3540 4941; x_wconf 67' lang='lat' dir='ltr'><strong>sunt,</strong></span> <span class='ocrx_word' id='word_1_814' title='bbox 3574 4880 3803 4948; x_wconf 87' lang='lat' dir='ltr'><strong>episcopi</strong></span> 
     </span>
    </p>
   </div>
   <div class='ocr_carea' id='block_1_116' title="bbox 2224 4899 3803 5017">
    <p class='ocr_par' dir='ltr' id='par_1_116' title="bbox 2224 4899 3803 5017">
     <span class='ocr_line' id='line_1_116' title="bbox 2229 4899 3803 4949; baseline -0.003 -15"><span class='ocrx_word' id='word_1_815' title='bbox 2229 4899 2369 4948; x_wconf 82' lang='lat' dir='ltr'><strong>patet</strong></span> <span class='ocrx_word' id='word_1_816' title='bbox 2398 4899 2516 4949; x_wconf 69' lang='lat' dir='ltr'><strong>qua:</strong></span> <span class='ocrx_word' id='word_1_817' title='bbox 2557 4899 2584 4932; x_wconf 69' lang='grc' dir='ltr'>ει</span> <span class='ocrx_word' id='word_1_818' title='bbox 2631 4899 2695 4933; x_wconf 91' lang='lat' dir='ltr'><strong>uu</strong></span> <span class='ocrx_word' id='word_1_819' title='bbox 2729 4899 3120 4933; x_wconf 69' lang='lat' dir='ltr'><strong>utuceuunetn</strong></span> <span class='ocrx_word' id='word_1_820' title='bbox 3146 4899 3365 4933; x_wconf 73' lang='lat' dir='ltr'><strong>l&#39;CCllala</strong></span> <span class='ocrx_word' id='word_1_821' title='bbox 3396 4899 3540 4941; x_wconf 66' lang='lat' dir='ltr'><strong>sunt,</strong></span> <span class='ocrx_word' id='word_1_822' title='bbox 3574 4899 3803 4948; x_wconf 84' lang='lat' dir='ltr'><strong>eptscopt</strong></span> 
     </span>
     <span class='ocr_line' id='line_1_117' title="bbox 2224 4899 3803 5017; baseline -0.002 -12"><span class='ocrx_word' id='word_1_823' title='bbox 2224 4954 2369 5006; x_wconf 83' lang='lat' dir='ltr'><strong>fuere</strong></span> <span class='ocrx_word' id='word_1_824' title='bbox 2406 4969 2512 5005; x_wconf 90' lang='lat' dir='ltr'><strong>non</strong></span> <span class='ocrx_word' id='word_1_825' title='bbox 2562 4899 2740 5017; x_wconf 53' lang='lat' dir='ltr'><strong>piitres</strong></span> <span class='ocrx_word' id='word_1_826' title='bbox 2793 4966 2951 5015; x_wconf 86' lang='lat' dir='ltr'><strong>quam</strong></span> <span class='ocrx_word' id='word_1_827' title='bbox 2988 4948 3106 5001; x_wconf 74' lang='grc'><strong>150.</strong></span> <span class='ocrx_word' id='word_1_828' title='bbox 3157 4953 3207 5001; x_wconf 90' lang='lat' dir='ltr'><strong>In</strong></span> <span class='ocrx_word' id='word_1_829' title='bbox 3258 4949 3608 5014; x_wconf 84' lang='lat' dir='ltr'><strong>Ariminensi,</strong></span> <span class='ocrx_word' id='word_1_830' title='bbox 3677 4959 3803 5002; x_wconf 69' lang='lat' dir='ltr'><strong>teste</strong></span> 
     </span>
    </p>
   </div>
   <div class='ocr_carea' id='block_1_117' title="bbox 2222 5020 3805 5089">
    <p class='ocr_par' dir='ltr' id='par_1_117' title="bbox 2222 5020 3805 5089">
     <span class='ocr_line' id='line_1_118' title="bbox 2222 5020 3805 5089; baseline -0.003 -13"><span class='ocrx_word' id='word_1_831' title='bbox 2222 5027 2536 5085; x_wconf 80' lang='lat' dir='ltr'><strong>Athanasio,</strong></span> <span class='ocrx_word' id='word_1_832' title='bbox 2562 5024 2698 5075; x_wconf 77' lang='lat' dir='ltr'><strong>libro</strong></span> <span class='ocrx_word' id='word_1_833' title='bbox 2719 5023 2786 5074; x_wconf 89' lang='lat' dir='ltr'><strong>de</strong></span> <span class='ocrx_word' id='word_1_834' title='bbox 2810 5020 3059 5089; x_wconf 82' lang='lat' dir='ltr'><strong>Syuodis.</strong></span> <span class='ocrx_word' id='word_1_835' title='bbox 3087 5035 3247 5088; x_wconf 88' lang='lat' dir='ltr'><strong>supra</strong></span> <span class='ocrx_word' id='word_1_836' title='bbox 3274 5021 3688 5087; x_wconf 66' lang='lat' dir='ltr'><strong>quadringentos</strong></span> <span class='ocrx_word' id='word_1_837' title='bbox 3714 5035 3805 5071; x_wconf 88' lang='lat' dir='ltr'><strong>nu-</strong></span> 
     </span>
    </p>
   </div>
   <div class='ocr_carea' id='block_1_118' title="bbox 2222 5089 3801 5166">
    <p class='ocr_par' dir='ltr' id='par_1_118' title="bbox 2222 5089 3801 5166">
     <span class='ocr_line' id='line_1_119' title="bbox 2222 5089 3801 5166; baseline -0.004 -19"><span class='ocrx_word' id='word_1_838' title='bbox 2222 5111 2274 5147; x_wconf 88' lang='lat' dir='ltr'><strong>llt</strong></span> <span class='ocrx_word' id='word_1_839' title='bbox 2312 5095 2408 5166; x_wconf 86' lang='lat' dir='ltr'><strong>rati</strong></span> <span class='ocrx_word' id='word_1_840' title='bbox 2430 5102 2553 5146; x_wconf 78' lang='lat' dir='ltr'><strong>sunt</strong></span> <span class='ocrx_word' id='word_1_841' title='bbox 2578 5110 2591 5144; x_wconf 87' lang='lat'><strong>:</strong></span> <span class='ocrx_word' id='word_1_842' title='bbox 2620 5091 2787 5147; x_wconf 72' lang='grc' dir='ltr'><strong>Ἦσαν</strong></span> <span class='ocrx_word' id='word_1_843' title='bbox 2817 5092 2871 5166; x_wconf 78' lang='grc' dir='ltr'><strong>δὲ</strong></span> <span class='ocrx_word' id='word_1_844' title='bbox 2902 5093 2950 5146; x_wconf 72' lang='grc' dir='ltr'><strong>ἐν</strong></span> <span class='ocrx_word' id='word_1_845' title='bbox 2977 5093 3107 5166; x_wconf 76' lang='grc' dir='ltr'><strong>αὐτῇ</strong></span> <span class='ocrx_word' id='word_1_846' title='bbox 3131 5094 3397 5145; x_wconf 68' lang='grc' dir='ltr'><strong>ἐπίσκοποι</strong></span> <span class='ocrx_word' id='word_1_847' title='bbox 3415 5089 3482 5157; x_wconf 80' lang='grc' dir='ltr'><strong>ν’,</strong></span> <span class='ocrx_word' id='word_1_848' title='bbox 3523 5093 3612 5144; x_wconf 72' lang='grc' dir='ltr'><strong>καὶ</strong></span> <span class='ocrx_word' id='word_1_849' title='bbox 3637 5090 3801 5166; x_wconf 56' lang='lat' dir='ltr'><strong>ﬁlias.</strong></span> 
     </span>
    </p>
   </div>
   <div class='ocr_carea' id='block_1_119' title="bbox 2221 5160 3801 5231">
    <p class='ocr_par' dir='ltr' id='par_1_119' title="bbox 2221 5160 3801 5231">
     <span class='ocr_line' id='line_1_120' title="bbox 2221 5160 3801 5231; baseline -0.002 -14"><span class='ocrx_word' id='word_1_850' title='bbox 2221 5169 2340 5229; x_wconf 77' lang='lat' dir='ltr'><strong>Quo</strong></span> <span class='ocrx_word' id='word_1_851' title='bbox 2369 5165 2489 5218; x_wconf 79' lang='lat' dir='ltr'><strong>loco</strong></span> <span class='ocrx_word' id='word_1_852' title='bbox 2510 5168 2773 5230; x_wconf 78' lang='lat' dir='ltr'><strong>interpres</strong></span> <span class='ocrx_word' id='word_1_853' title='bbox 2794 5164 2834 5217; x_wconf 84' lang='grc' dir='ltr'><strong>κ’</strong></span> <span class='ocrx_word' id='word_1_854' title='bbox 2855 5180 2954 5231; x_wconf 90' lang='lat' dir='ltr'><strong>pro</strong></span> <span class='ocrx_word' id='word_1_855' title='bbox 2974 5164 3019 5214; x_wconf 87' lang='grc' dir='ltr'><strong>ν’</strong></span> <span class='ocrx_word' id='word_1_856' title='bbox 3040 5160 3241 5230; x_wconf 65' lang='lat' dir='ltr'><strong>tegens,</strong></span> <span class='ocrx_word' id='word_1_857' title='bbox 3270 5164 3656 5229; x_wconf 70' lang='lat' dir='ltr'><strong>quinquaginta</strong></span> <span class='ocrx_word' id='word_1_858' title='bbox 3686 5160 3801 5231; x_wconf 80' lang='lat' dir='ltr'><strong>red-</strong></span> 
     </span>
    </p>
   </div>
   <div class='ocr_carea' id='block_1_120' title="bbox 2222 5230 3808 5302">
    <p class='ocr_par' dir='ltr' id='par_1_120' title="bbox 2222 5230 3808 5302">
     <span class='ocr_line' id='line_1_121' title="bbox 2222 5230 3808 5302; baseline -0.003 -14"><span class='ocrx_word' id='word_1_859' title='bbox 2222 5235 2357 5289; x_wconf 81' lang='lat' dir='ltr'><strong>didit</strong></span> <span class='ocrx_word' id='word_1_860' title='bbox 2387 5250 2483 5302; x_wconf 88' lang='lat' dir='ltr'><strong>pro</strong></span> <span class='ocrx_word' id='word_1_861' title='bbox 2513 5230 2935 5302; x_wconf 70' lang='lat' dir='ltr'><strong>quadringntis.</strong></span> <span class='ocrx_word' id='word_1_862' title='bbox 2965 5234 3092 5286; x_wconf 65' lang='lat' dir='ltr'><strong>bam</strong></span> <span class='ocrx_word' id='word_1_863' title='bbox 3139 5236 3206 5287; x_wconf 88' lang='lat' dir='ltr'><strong>de</strong></span> <span class='ocrx_word' id='word_1_864' title='bbox 3250 5248 3471 5287; x_wconf 83' lang='lat' dir='ltr'><strong>numero</strong></span> <span class='ocrx_word' id='word_1_865' title='bbox 3509 5232 3596 5285; x_wconf 87' lang='lat' dir='ltr'><strong>alii</strong></span> <span class='ocrx_word' id='word_1_866' title='bbox 3648 5230 3808 5284; x_wconf 84' lang='lat' dir='ltr'><strong>etiam</strong></span> 
     </span>
    </p>
   </div>
   <div class='ocr_carea' id='block_1_121' title="bbox 2222 5302 3800 5370">
    <p class='ocr_par' dir='ltr' id='par_1_121' title="bbox 2222 5302 3800 5370">
     <span class='ocr_line' id='line_1_122' title="bbox 2222 5302 3800 5370; baseline -0.002 -11"><span class='ocrx_word' id='word_1_867' title='bbox 2222 5307 2585 5366; x_wconf 69' lang='lat' dir='ltr'><strong>Consentium,</strong></span> <span class='ocrx_word' id='word_1_868' title='bbox 2631 5317 2684 5357; x_wconf 91' lang='lat' dir='ltr'><strong>ut</strong></span> <span class='ocrx_word' id='word_1_869' title='bbox 2719 5303 2984 5370; x_wconf 69' lang='lat' dir='ltr'><strong>Sulpicius</strong></span> <span class='ocrx_word' id='word_1_870' title='bbox 3026 5307 3258 5358; x_wconf 70' lang='lat' dir='ltr'><strong>Severus</strong></span> <span class='ocrx_word' id='word_1_871' title='bbox 3302 5305 3393 5357; x_wconf 88' lang='lat' dir='ltr'><strong>lib.</strong></span> <span class='ocrx_word' id='word_1_872' title='bbox 3446 5319 3479 5356; x_wconf 85' lang='lat' dir='ltr'><strong>ll</strong></span> <span class='ocrx_word' id='word_1_873' title='bbox 3536 5302 3800 5364; x_wconf 65' lang='lat' dir='ltr'><strong>Historiae.</strong></span> 
     </span>
    </p>
   </div>
   <div class='ocr_carea' id='block_1_122' title="bbox 2222 5373 3802 5443">
    <p class='ocr_par' dir='ltr' id='par_1_122' title="bbox 2222 5373 3802 5443">
     <span class='ocr_line' id='line_1_123' title="bbox 2222 5373 3802 5443; baseline -0.004 -13"><span class='ocrx_word' id='word_1_874' title='bbox 2222 5377 2386 5430; x_wconf 68' lang='lat' dir='ltr'><strong>Aciiti</strong></span> <span class='ocrx_word' id='word_1_875' title='bbox 2410 5388 2496 5429; x_wconf 85' lang='lat' dir='ltr'><strong>aut</strong></span> <span class='ocrx_word' id='word_1_876' title='bbox 2523 5378 2678 5427; x_wconf 70' lang='lat' dir='ltr'><strong>inarti</strong></span> <span class='ocrx_word' id='word_1_877' title='bbox 2704 5376 3063 5443; x_wconf 68' lang='lat' dir='ltr'><strong>quadringenti</strong></span> <span class='ocrx_word' id='word_1_878' title='bbox 3084 5384 3130 5426; x_wconf 86' lang='lat' dir='ltr'><strong>et</strong></span> <span class='ocrx_word' id='word_1_879' title='bbox 3170 5376 3222 5426; x_wconf 82' lang='lat' dir='ltr'><strong>al</strong></span> <span class='ocrx_word' id='word_1_880' title='bbox 3245 5374 3453 5441; x_wconf 79' lang='lat' dir='ltr'><strong>quando</strong></span> <span class='ocrx_word' id='word_1_881' title='bbox 3480 5373 3706 5441; x_wconf 72' lang='lat' dir='ltr'><strong>amplius</strong></span> <span class='ocrx_word' id='word_1_882' title='bbox 3724 5387 3802 5424; x_wconf 66' lang='grc' dir='ltr'><strong>οδε</strong></span> 
     </span>
    </p>
   </div>
   <div class='ocr_carea' id='block_1_123' title="bbox 2222 5444 3801 5514">
    <p class='ocr_par' dir='ltr' id='par_1_123' title="bbox 2222 5444 3801 5514">
     <span class='ocr_line' id='line_1_124' title="bbox 2222 5444 3801 5514; baseline -0.001 -15"><span class='ocrx_word' id='word_1_883' title='bbox 2222 5452 2501 5499; x_wconf 76' lang='lat' dir='ltr'><strong>cideutales</strong></span> <span class='ocrx_word' id='word_1_884' title='bbox 2551 5446 2798 5514; x_wconf 68' lang='lat' dir='ltr'><strong>episcopi.</strong></span> <span class='ocrx_word' id='word_1_885' title='bbox 2830 5448 2980 5510; x_wconf 78' lang='lat' dir='ltr'><strong>Quod</strong></span> <span class='ocrx_word' id='word_1_886' title='bbox 3030 5459 3076 5498; x_wconf 75' lang='grc' dir='ltr'>ει</span> <span class='ocrx_word' id='word_1_887' title='bbox 3126 5446 3328 5500; x_wconf 75' lang='lat' dir='ltr'><strong>Severo</strong></span> <span class='ocrx_word' id='word_1_888' title='bbox 3371 5446 3664 5508; x_wconf 81' lang='lat' dir='ltr'><strong>credimus,</strong></span> <span class='ocrx_word' id='word_1_889' title='bbox 3713 5444 3801 5511; x_wconf 83' lang='lat' dir='ltr'><strong>qui</strong></span> 
     </span>
    </p>
   </div>
   <div class='ocr_carea' id='block_1_124' title="bbox 2220 5516 3805 5584">
    <p class='ocr_par' dir='ltr' id='par_1_124' title="bbox 2220 5516 3805 5584">
     <span class='ocr_line' id='line_1_125' title="bbox 2220 5516 3805 5584; baseline -0.002 -13"><span class='ocrx_word' id='word_1_890' title='bbox 2220 5518 2448 5571; x_wconf 81' lang='lat' dir='ltr'><strong>Arianos</strong></span> <span class='ocrx_word' id='word_1_891' title='bbox 2479 5520 2529 5568; x_wconf 86' lang='lat' dir='ltr'><strong>in</strong></span> <span class='ocrx_word' id='word_1_892' title='bbox 2563 5517 2645 5570; x_wconf 77' lang='lat' dir='ltr'><strong>his</strong></span> <span class='ocrx_word' id='word_1_893' title='bbox 2672 5516 2854 5569; x_wconf 78' lang='lat' dir='ltr'><strong>scribit</strong></span> <span class='ocrx_word' id='word_1_894' title='bbox 2883 5516 3045 5568; x_wconf 61' lang='lat' dir='ltr'><strong>tuisse</strong></span> <span class='ocrx_word' id='word_1_895' title='bbox 3069 5532 3173 5568; x_wconf 84' lang='lat' dir='ltr'><strong>non</strong></span> <span class='ocrx_word' id='word_1_896' title='bbox 3202 5517 3433 5582; x_wconf 76' lang='lat' dir='ltr'><strong>amphus</strong></span> <span class='ocrx_word' id='word_1_897' title='bbox 3458 5531 3619 5584; x_wconf 76' lang='lat' dir='ltr'><strong>quam</strong></span> <span class='ocrx_word' id='word_1_898' title='bbox 3651 5524 3805 5568; x_wconf 73' lang='lat' dir='ltr'><strong>orto-</strong></span> 
     </span>
    </p>
   </div>
   <div class='ocr_carea' id='block_1_125' title="bbox 2216 5585 3794 5657">
    <p class='ocr_par' dir='ltr' id='par_1_125' title="bbox 2216 5585 3794 5657">
     <span class='ocr_line' id='line_1_126' title="bbox 2216 5585 3794 5657; baseline 0.001 -17"><span class='ocrx_word' id='word_1_899' title='bbox 2216 5594 2381 5657; x_wconf 83' lang='lat' dir='ltr'><strong>ginta,</strong></span> <span class='ocrx_word' id='word_1_900' title='bbox 2416 5591 2678 5657; x_wconf 78' lang='lat' dir='ltr'><strong>reliquunt</strong></span> <span class='ocrx_word' id='word_1_901' title='bbox 2708 5598 2789 5641; x_wconf 90' lang='lat' dir='ltr'><strong>est</strong></span> <span class='ocrx_word' id='word_1_902' title='bbox 2831 5599 2887 5640; x_wconf 93' lang='lat' dir='ltr'><strong>ut</strong></span> <span class='ocrx_word' id='word_1_903' title='bbox 2932 5587 3219 5641; x_wconf 79' lang='lat' dir='ltr'><strong>orthodoxi</strong></span> <span class='ocrx_word' id='word_1_904' title='bbox 3260 5585 3459 5641; x_wconf 79' lang='lat' dir='ltr'><strong>fuerint</strong></span> <span class='ocrx_word' id='word_1_905' title='bbox 3503 5599 3668 5655; x_wconf 83' lang='lat' dir='ltr'><strong>supra</strong></span> <span class='ocrx_word' id='word_1_906' title='bbox 3696 5595 3794 5640; x_wconf 72' lang='lat' dir='ltr'><strong>tre-</strong></span> 
     </span>
    </p>
   </div>
   <div class='ocr_carea' id='block_1_126' title="bbox 2218 5657 3567 5731">
    <p class='ocr_par' dir='ltr' id='par_1_126' title="bbox 2218 5657 3567 5731">
     <span class='ocr_line' id='line_1_127' title="bbox 2218 5657 3567 5731; baseline -0.003 -18"><span class='ocrx_word' id='word_1_907' title='bbox 2218 5669 2429 5727; x_wconf 86' lang='lat' dir='ltr'><strong>centos,</strong></span> <span class='ocrx_word' id='word_1_908' title='bbox 2460 5659 2624 5731; x_wconf 88' lang='lat' dir='ltr'><strong>duplo</strong></span> <span class='ocrx_word' id='word_1_909' title='bbox 2658 5657 2907 5713; x_wconf 87' lang='lat' dir='ltr'><strong>videlicet</strong></span> <span class='ocrx_word' id='word_1_910' title='bbox 2933 5672 3094 5727; x_wconf 80' lang='lat' dir='ltr'><strong>quam</strong></span> <span class='ocrx_word' id='word_1_911' title='bbox 3123 5659 3177 5714; x_wconf 93' lang='lat' dir='ltr'><strong>in</strong></span> <span class='ocrx_word' id='word_1_912' title='bbox 3210 5658 3480 5728; x_wconf 72' lang='lat' dir='ltr'><strong>Ephesina</strong></span> <span class='ocrx_word' id='word_1_913' title='bbox 3507 5672 3567 5711; x_wconf 87' lang='grc' dir='ltr'>ιι.</span> 
     </span>
    </p>
   </div>
  </div>
