4070 6352
244 308 356 366 645

1098 297 1232 356 ΡΜ)
1269 293 1694 355 DEFBNSIONI’.
1721 291 1933 347 TRIUM
1974 286 2290 345 CAPITUL.
2334 291 2461 347 LIB.
2505 293 2565 347 ν.

3409 277 3514 333 libb

246 442 356 491 non
382 424 552 479 solum
578 436 671 491 per
700 422 889 474 fratres
911 417 1000 486 qui
1024 417 1195 473 vicem
1215 430 1389 473 meam
1411 410 1651 467 exsecuti
1683 417 1828 472 sunt,
1861 412 1904 465 Α
1935 406 2162 458 instituet
2193 408 2409 462 nomine
2436 405 2796 470 roborandus;
2820 401 3090 458 inﬁrmum
3114 406 3273 467 atque
3300 395 3513 450 irritum

244 516 345 578 sed
375 515 537 569 etiam
567 527 660 580 per
690 508 1132 577 approbationem
1166 516 1447 577 gestorum
1465 500 1824 573 synodalium,

249 607 520 677 propriam
570 603 844 657 vobiscum
883 604 1062 655 unisse
1108 598 1453 653 sententiam.
1493 617 1511 648 ι
1545 594 1659 648 Νοιι
1703 606 1830 659 ergo

249 697 422 752 Solam
454 693 574 749 fidei
601 692 990 755 deﬁnitionem,
1023 689 1117 744 sed
1147 690 1259 757 ipsa
1285 696 1431 756 gestu
1469 682 1740 755 synodalia
1773 696 1831 736 se

249 786 564 859 pronuntiat
582 783 923 852 approbasse.
949 780 1081 834 Illud
1107 795 1234 834 vero
1254 776 1394 847 quod
1423 792 1485 830 ex
1515 773 1831 842 quibusdam

255 876 398 931 beati
428 877 616 930 Leonis
641 874 904 941 epistolis,
933 872 996 926 ad
1019 870 1387 940 deceptionem
1418 867 1672 927 facilium,
1699 875 1833 918 sacut

251 970 357 1024 alia
382 972 752 1037 decerpentcs,
781 970 930 1020 aiunt
968 980 1091 1019 eum
1124 964 1344 1025 dixisse,
1372 962 1510 1031 quod
1540 960 1604 1014 ad
1629 959 1835 1015 exstin-

252 1060 516 1130 guendam
549 1057 717 1111 solum
748 1057 1007 1111 IliBI't’SClll
1036 1065 1090 1109 et
1118 1054 1183 1108 ad
1212 1051 1630 1109 conﬁrmandam
1654 1052 1837 1105 catho-

253 1151 411 1205 licam
441 1148 620 1210 lidem,
653 1146 1089 1203 Chalcedonense
1115 1146 1398 1199 concilium
1430 1141 1590 1196 fuerit
1617 1156 1840 1209 congre-

254 1250 459 1309 gatum,
485 1250 539 1295 et
568 1254 897 1307 qu:rcuttque
924 1237 1046 1291 talia
1078 1236 1128 1290 in
1152 1234 1268 1306 ejus
1294 1234 1485 1288 litteris
1517 1233 1834 1297 invenimus,

255 1333 497 1387 utetiam
524 1347 587 1385 ex
634 1331 734 1386 hoc
762 1346 896 1399 quos
934 1329 1204 1398 potuerint
1237 1327 1288 1381 in
1337 1325 1839 1380 condemnationem

255 1424 498 1495 epistola:
522 1422 680 1493 hujus
711 1421 993 1483 adducant,
1029 1427 1281 1488 tanquam
1312 1418 1379 1473 ab
1410 1416 1527 1486 ipso
1557 1414 1844 1470 nonfuerit

256 1515 583 1585 approbata;
619 1529 722 1568 non
760 1523 984 1583 propter
1016 1515 1116 1565 hoc
1156 1511 1295 1579 quod
1326 1508 1392 1562 ab
1417 1524 1482 1563 eo
1511 1508 1709 1562 dictum
1737 1516 1839 1571 est,

255 1607 327 1662 ab
354 1606 468 1659 istis
492 1605 803 1659 assumitur.
838 1602 905 1656 Et
933 1602 1134 1656 idcirco
1184 1616 1303 1666 nos,
1334 1615 1429 1654 cur
1472 1600 1573 1654 hoc
1613 1610 1667 1654 et
1707 1614 1840 1667 quo-

256 1697 418 1751 modo
435 1695 649 1764 dixerit,
674 1695 1037 1749 ostendamus.
1059 1693 1338 1748 Anatolius
1360 1693 1560 1763 quippe
1578 1692 1843 1747 Constan-

1930 497 2032 550 erit
2089 498 2347 565 quidquid
2414 513 2442 549 a
2507 497 2882 565 praedictorum
2943 492 3158 547 Patrum
3220 487 3514 542 canonibus

1931 588 2269 653 discreparit,
2304 603 2529 656 quorum
2577 587 2780 656 regulis
2809 584 3100 656 apostolica
3145 580 3302 635 sedes
3349 593 3509 646 quam

1934 679 2375 733 reverentissime
2407 688 2625 731 utatur:
2658 680 2977 743 scriptorum
3012 687 3275 734 meorum,
3320 669 3516 737 quibus

1935 771 2513 836 Constantinopolitaui
2543 770 2795 823 antistitis
2830 778 3052 821 conatus
3100 764 3288 833 repuli,
3321 761 3515 831 poterit

1936 856 2191 908 sanctitas
2235 864 2411 907 vestra
2456 856 2681 907 lecticae
2706 866 3034 921 cognoscere
3073 864 3176 910 nte,
3225 848 3517 901 auxiliante

1938 945 2049 1000 Deo
2077 953 2282 1008 nostto,
2308 954 2362 999 et
2380 945 2660 998 catholicae
2692 943 2813 997 ﬁdei
2845 951 2897 996 et
2931 951 3271 1010 paternarum
3318 938 3518 991 coiisti-

1940 1037 2200 1090 totionum
2220 1050 2340 1090 esse
2369 1034 2667 1088 custodem.
2690 1053 2710 1087 ι
2743 1035 2883 1088 Ecce
2902 1034 3061 1087 etiam
3089 1034 3142 1086 in
3174 1032 3270 1084 hac
3297 1029 3521 1099 epistola

1938 1143 2095 1197 quam
2128 1127 2315 1181 beatus
2350 1126 2458 1179 Leo
2478 1125 2544 1180 ad
2568 1133 2805 1178 sanetam
2838 1123 3097 1195 synodum
3122 1122 3357 1187 scripsit,
3386 1117 3523 1173 nihil

1942 1219 2083 1272 aliud
2115 1219 2242 1281 sibi,
2276 1218 2328 1271 in
2354 1218 2538 1273 eadem
2562 1218 2770 1286 synodo
2814 1215 3154 1283 displicuisse
3189 1211 3523 1283 pronuntiat,

1943 1308 2045 1364 nisi
2075 1309 2220 1378 quod
2261 1309 2539 1363 Anatolius
2569 1306 3195 1376 Constantinopolitanus
3239 1303 3527 1371 episcopus

1947 1401 2122 1467 priore
2155 1416 2311 1469 quam
2364 1400 2734 1455 Antiteltenus
2778 1402 2897 1455 loco
2932 1399 3123 1454 sedere
3166 1395 3526 1465 praesumpsit.

1945 1493 1998 1548 Si
2057 1492 2368 1562 quominus,
2419 1506 2526 1545 non
2556 1492 2724 1545 solam
2749 1492 3070 1547 sententiam
3112 1504 3273 1559 super
3300 1484 3527 1557 epistola

1948 1585 2053 1640 Ibat
2085 1585 2347 1653 prolatam
2369 1585 2615 1651 cnlpasse
2634 1584 2861 1648 dicetur,
2885 1584 2978 1638 sed
3001 1585 3161 1638 etiam
3188 1583 3328 1652 quod
3351 1579 3529 1634 eidem

1948 1682 2381 1735 revt~rentissimo
2411 1681 2515 1736 Iba:
2538 1684 2877 1751 episcopatus
2899 1692 2984 1736 est
3012 1680 3277 1742 redditus.
3310 1690 3529 1730 οῐηῐιθε-

261 1788 649 1857 tinopolitanus
688 1787 998 1856 episcOpus,
1048 1790 1200 1854 quia,
1234 1785 1372 1840 sicut
1413 1785 1842 1846 memoravimus,

1961 1781 2053 1835 que
2074 1783 2312 1825 canones
2340 1786 2475 1841 quos
2509 1773 2616 1827 illac
2650 1772 2821 1827 sancti
2851 1771 3038 1826 Patres
3084 1770 3286 1823 utiliter
3321 1774 3530 1822 statue-

258 1864 442 1951 ιιι-ὥτε
465 1895 622 1947 quam
643 1879 905 1932 Maximus
927 1879 1293 1932 Autiocltenus
1325 1876 1442 1929 loco
1467 1877 1518 1930 in
1546 1876 1734 1931 eadem
1757 1891 1844 1946 sy-

260 1970 404 2025 nodo
434 1967 728 2025 consedere
754 1978 1201 2038 prtcsumpserat:
1233 1968 1302 2023 ob
1326 1968 1463 2024 hanc
1480 1983 1695 2023 causam
1724 1970 1847 2024 bea-

259 2073 347 2117 tus
370 2061 506 2129 Leo,
537 2064 780 2117 scribens
811 2061 876 2117 ad
905 2061 1079 2133 ipsum
1115 2062 1447 2131 Anatolium,
1495 2062 1630 2117 dixit
1655 2062 1845 2134 (Epist.

262 2153 357 2224 53)
385 2173 399 2208 :
430 2174 448 2207 ι
486 2154 653 2210 Doleo
697 2159 857 2209 etiam
907 2155 960 2209 in
1005 2156 1107 2210 hoc
1128 2156 1472 2211 dilectionem
1532 2166 1677 2210 tuam
1725 2170 1846 2211 ωδε

266 2247 597 2317 prolapsam,
648 2256 706 2303 ut
750 2249 1144 2303 sacratissimas
1192 2247 1533 2303 Nicanorum
1581 2262 1849 2302 canonum

264 2339 682 2393 constitutiones
712 2340 924 2393 coneris
966 2340 1342 2409 confringere,
1375 2349 1627 2408 tanquam
1657 2354 1851 2407 oppor-

263 2437 393 2483 tune
416 2443 475 2482 se
501 2428 594 2481 tibi
627 2427 727 2482 hoc
762 2439 971 2496 tempus
1001 2412 1276 2491 obtulerit,
1301 2445 1406 2498 quo
1429 2430 1647 2484 secundi
1679 2429 1850 2483 honoo

267 2519 346 2576 ris
394 2520 727 2590 privilegium
783 2520 943 2575 sedes
989 2520 1351 2575 Alexandrina
1412 2519 1740 2589 perdiderit,
1795 2530 1847 2575 et

264 2611 601 2668 Antiocheua
648 2612 889 2669 Ecclesia
938 2617 1318 2683 proprietatem
1365 2616 1533 2669 tertiae
1582 2614 1855 2681 dignitatis

264 2702 531 2768 amiserit,
560 2713 619 2757 ut
663 2704 745 2757 bis
786 2702 916 2757 locis
955 2703 1063 2773 juri
1096 2711 1190 2757 tuo
1219 2702 1470 2768 subditis,
1517 2719 1707 2760 omnes
1742 2720 1855 2759 me-

265 2793 577 2862 tr0politani
609 2793 845 2863 episc0pi
878 2794 1094 2863 proprio
1143 2794 1347 2849 honore
1378 2797 1670 2863 priVentur.
1714 2794 1845 2862 Ωιιὶ-

265 2885 368 2941 bus
400 2886 651 2940 inauditis
678 2894 732 2941 et
758 2903 1027 2956 nunquam
1058 2896 1184 2941 aute
1211 2887 1447 2951 teutatis,
1474 2888 1546 2939 ita
1578 2886 1845 2952 praeveni-

266 2979 344 3033 ris
361 2978 689 3043 excessibus,
715 2990 772 3030 ut
786 2988 1021 3033 sanctam
1034 2977 1318 3048 synodum,
1335 2977 1399 3032 ad
1415 2976 1858 3047 exstinguendam

267 3070 438 3123 solam
458 3068 725 3136 haeresim,
751 3080 804 3123 et
830 3068 895 3123 ad
922 3068 1384 3124 conﬁrmationem
1406 3069 1528 3124 ﬁdei
1552 3069 1853 3139 catholicae,

1949 1868 2073 1913 runt
2106 1859 2175 1914 de
2222 1862 2560 1917 observantia
2605 1863 2977 1918 ecclesiastica:
3015 1862 3332 1930 disciplinae,
3373 1871 3532 1928 quam

1952 1950 2071 2018 ejus
2102 1951 2349 2007 inimicus
2385 1953 2492 2007 Leo
2522 1954 2864 2021 ianugnasse
2904 1953 3220 2017 iirmabitur,
3248 1961 3302 2005 et
3339 1960 3534 2005 ciete-ra

1948 2057 2069 2110 qua:
2101 2044 2405 2111 specialiter
2453 2045 2520 2099 de
2561 2046 2860 2113 quibusque
2915 2043 3159 2113 personis
3199 2041 3269 2096 ibi
3319 2040 3534 2095 decreta

1948 2142 2095 2200 sunt,
2124 2126 2428 2205 iulregissm
2464 2141 2569 2190 Aut
2605 2137 2649 2190 si
2702 2135 2803 2190 hoc
2849 2136 3021 2204 palam
3061 2134 3128 2189 de
3168 2133 3327 2187 beato
3355 2131 3538 2187 Leone

1951 2224 2135 2279 dicere
2181 2242 2287 2280 non
2330 2237 2681 2296 praisumunt,
2734 2227 3033 2295 intelligant
3073 2224 3370 2287 nobiscum,
3413 2222 3538 2294 quia

1949 2332 2069 2371 cum
2099 2318 2168 2371 de
2194 2319 2275 2373 his
2302 2329 2503 2374 tantum
2532 2320 2742 2375 duobus
2773 2322 2827 2374 in
2851 2318 3278 2375 Chalcedonensi
3301 2317 3534 2373 concilio

1953 2411 2121 2479 gestis
2149 2411 2737 2477 Constantinoitolitano
2763 2414 3018 2483 episcopo
3045 2413 3330 2478 scriberet,
3357 2412 3408 2467 id
3432 2419 3536 2480 est,

1952 2500 2019 2553 de
2048 2499 2166 2553 ﬁdei
2194 2516 2350 2554 eausa
2375 2518 2471 2570 pro
2508 2518 2608 2572 qua
2658 2503 2828 2571 ipsum
2868 2503 3156 2559 concilium
3191 2502 3365 2557 fuerat
3412 2515 3542 2557 con-

1953 2602 2253 2661 gregatum,
2280 2603 2332 2647 et
2364 2594 2430 2649 de
2457 2598 2683 2663 superba
2715 2596 2834 2664 ejus
2855 2596 3110 2661 elatione,
3133 2596 3288 2658 dixit,
3322 2594 3393 2650 Ut
3419 2609 3543 2649 san-

1955 2692 2093 2737 ctam
2123 2685 2381 2755 synodum
2413 2686 2479 2739 ad
2505 2686 2946 2754 exstinguendam
2988 2687 3156 2742 solam
3198 2686 3444 2742 hmresim
3489 2693 3544 2742 el

1957 2777 2024 2831 ad
2062 2776 2521 2833 conﬁrmationem
2562 2780 2683 2834 ﬁdei
2713 2779 3012 2845 catholicm,
3061 2779 3240 2833 studio
3284 2775 3545 2833 Christia-

1958 2868 2162 2923 nissimi
2181 2869 2434 2940 principis
2453 2878 2850 2941 congregatum,
2876 2871 2928 2925 in
2952 2869 3289 2925 occasionem
3310 2869 3547 2923 ambitus

1960 2964 2146 3018 trahas
2167 2972 2221 3019 et
2245 2980 2467 3034 quoique
2489 2964 2682 3019 similia
2706 2965 2757 3018 in
2781 2964 2899 3034 ejus
2920 2960 3505 3030 inveniunturepistolis
3528 2976 3544 3012 τ

1964 3055 2071 3111 duo
2092 3056 2206 3110 sola
2228 3071 2347 3125 qua:
2371 3056 2602 3112 diximus
2624 3057 2674 3111 in
2710 3057 2797 3112 his
2824 3056 3000 3111 verbis
3021 3055 3321 3123 dijudicans
3335 3053 3406 3108 de
3428 3051 3546 3123 qui-

270 3161 453 3215 studio
496 3161 939 3217 Christianissimi
966 3162 1223 3234 principis
1246 3173 1644 3231 congregatam,
1678 3164 1732 3217 in
1763 3176 1853 3216 oc-
1878 3143 1925 3205 ο
1956 3145 2056 3202 hiis
2080 3146 2279 3202 ῖθοθηῑ
2298 3148 2645 3212 melitioni“.
2671 3164 2775 3203 "0"
2798 3147 2956 3203 θιῖθιη
2973 3158 3166 3202 c910“
3188 3162 3308 3213 αυτιε
3329 3145 3545 3199 illum“

271 3254 545 3307 casionem
588 3253 818 3307 ambitus
870 3253 1070 3318 trahat,
1102 3260 1158 3308 et
1198 3261 1257 3307 ut
1300 3253 1660 3308 cohibentiam
1700 3267 1853 3307 suam

272 3346 371 3401 tibi
400 3346 560 3401 dedat
585 3345 852 3416 itnpellas.
890 3365 908 3398 ι
945 3345 1063 3400 Non
1092 3361 1221 3416 ergo
1249 3361 1315 3401 ex
1362 3346 1447 3400 his
1480 3355 1641 3417 atque
1673 3344 1858 3415 hujus-

276 3436 450 3506 modi,
485 3453 602 3506 qua:
642 3437 727 3492 vel
779 3437 842 3491 ad
875 3437 1047 3506 ipsum
1088 3438 1421 3503 Anatolium,
1488 3437 1571 3492 vel
1610 3437 1677 3490 ad
1724 3437 1858 3490 alios

277 3541 466 3585 contra
510 3535 677 3597 ipsqu
726 3531 1033 3586 Anatolium
1086 3530 1425 3585 beatissimus
1472 3529 1580 3585 Leo
1624 3528 1858 3599 scripsit,

279 3634 527 3693 putemus
553 3622 620 3676 ab
648 3636 714 3675 eo
743 3622 960 3677 concilii
998 3623 1315 3677 sententiam
1352 3622 1711 3688 repi’ohatam,
1744 3637 1862 3690 quae

280 3730 444 3783 super
466 3714 691 3783 epistula
735 3712 839 3767 lbae
869 3715 1075 3783 prolata
1121 3723 1221 3769 est.
1249 3716 1508 3783 Quoniam
1540 3714 1744 3769 idcirco
1791 3716 1864 3768 ait

283 3817 523 3859 sanctam
555 3807 817 3877 synodum
838 3806 902 3859 ad
930 3800 1371 3880 exstinguendam
1398 3808 1566 3861 solam
1594 3807 1863 3871 haeresim,

284 3908 338 3953 et
359 3899 423 3951 ad
447 3896 908 3953 c0ttﬁrniationem
934 3898 1051 3953 lidei
1076 3899 1378 3963 catholicae,
1406 3899 1583 3953 studio
1607 3896 1868 3951 Christia-

284 3991 493 4045 nissimi
525 3992 781 4061 principis
802 4002 1202 4061 congregatam,
1238 4002 1293 4044 ut
1332 4006 1394 4043 ea
1418 4006 1536 4059 qua:
1575 4004 1670 4058 pro
1699 3990 1871 4044 ambi-

290 4084 436 4137 tione
463 4081 1048 4152 Constantinopolitani
1079 4082 1315 4151 episcopi
1372 4080 1582 4135 fuerant
1619 4090 1871 4149 usurpata

287 4178 630 4244 dissolveret,
661 4178 801 4250 quod
830 4179 882 4233 in
920 4178 1038 4232 aliis
1067 4191 1279 4247 quoque
1312 4176 1526 4244 scriptis
1557 4175 1675 4244 ejus
1706 4175 1873 4228 multo

290 4270 523 4341 amplius
544 4269 842 4341 apparebit.
867 4267 1116 4339 Alioquin
1139 4281 1432 4322 evacuasse
1457 4264 1655 4321 dicitur
1680 4272 1874 4318 caetera

291 4376 410 4432 qua:
436 4362 489 4417 in
518 4362 607 4417 illa
638 4361 847 4433 synodo
882 4369 1033 4431 gesta
1082 4368 1207 4413 sunt
1246 4374 1260 4410 :
1314 4357 1403 4425 qui
1454 4355 1626 4411 eidem
1669 4370 1879 4424 quoque

292 4461 493 4508 sancta:
519 4453 711 4524 synodi
732 4451 871 4523 apud
892 4449 1285 4506 Chalcedonem
1319 4448 1517 4504 habita:
1537 4462 1658 4502 cum
1680 4447 1878 4503 similia

1957 3248 2124 3308 gesta.
2157 3236 2312 3292 Sicut
2337 3239 2627 3307 Apostolus
2647 3238 2714 3297 ad
2751 3237 3122 3307 Pliilippeuses
3156 3235 3225 3291 de
3265 3234 3548 3290 Timotheo

1957 3331 2199 3385 scribens
2223 3329 2296 3385 ait
2319 3347 2334 3384 :
2361 3328 2526 3398 Spero
2554 3339 2725 3383 autem
2752 3331 2806 3383 in
2839 3329 3112 3389 Dominum
3159 3326 3338 3381 Jesum
3372 3324 3549 3380 Timo-

1960 3423 2128 3476 theum
2157 3423 2258 3475 cito
2288 3422 2485 3476 mittere
2516 3421 2585 3475 ad
2616 3437 2700 3474 vos
2732 3435 2753 3474 :
2780 3431 2908 3475 utet
2939 3436 3029 3491 ego
3074 3419 3206 3473 bono
3234 3419 3406 3472 animo
3451 3417 3549 3470 sint

1963 3514 2179 3584 cognitis
2200 3529 2315 3580 quae
2340 3513 2476 3567 circa
2501 3529 2586 3566 vos
2612 3520 2755 3566 sunt.
2783 3510 3054 3565 Neminem
3077 3511 3211 3579 enim
3239 3508 3401 3563 habeo
3425 3522 3551 3562 una-

1964 3608 2247 3677 nimemqui
2269 3607 2466 3661 sincera
2483 3605 2753 3671 affectione
2778 3620 2871 3674 pro
2891 3603 3030 3658 vobis
3045 3603 3295 3657 sollicitus
3314 3602 3399 3654 sit.
3428 3599 3553 3653 0m-

1966 3715 2053 3752 ncs
2098 3699 2234 3751 enim
2282 3714 2377 3751 sua
2426 3704 2683 3763 quierunt,
2733 3712 2835 3749 non
2874 3710 2988 3763 quae
3023 3699 3142 3747 sunt
3187 3690 3313 3746 Jesu
3360 3688 3554 3744 Christi

1970 3789 2136 3861 (Phil.
2180 3806 2241 3855 ll,
2281 3791 2395 3858 19).
2420 3788 2535 3843 Non
2561 3796 2613 3842 in
2638 3788 2818 3843 Titum
2846 3797 2898 3841 et
2916 3786 3137 3849 Lucam,
3170 3799 3275 3838 non
3313 3785 3364 3837 in
3409 3782 3554 3850 Epa-

1974 3882 2280 3950 phroditum
2305 3890 2360 3935 et
2391 3881 2651 3945 Marcum,
2684 3895 2789 3932 non
2814 3878 2866 3931 in
2889 3888 3117 3931 caeteros
3136 3888 3440 3930 sermonem
3472 3872 3558 3926 in-

1974 3975 2222 4037 tendens,
2244 3974 2314 4027 de
2341 3973 2536 4040 quibus
2560 3973 2612 4025 in
2640 3971 2829 4025 eadem
2853 3969 3076 4038 epistola
3105 3966 3236 4021 dicit
3267 3982 3279 4018 :
3312 3963 3560 4018 Erodim

1975 4080 2122 4135 rogo,
2150 4074 2198 4120 et
2232 4063 2532 4133 Syntychcu
2564 4063 2827 4130 deprecor,
2856 4061 2910 4113 id
2958 4061 3124 4129 ipsum
3150 4073 3329 4124 sapere
3353 4056 3409 4109 in
3451 4053 3562 4108 Do-

1978 4158 2140 4210 mino.
2196 4156 2371 4207 Etiam
2415 4170 2539 4223 rogo
2567 4162 2614 4207 et
2643 4162 2709 4217 te,
2751 4167 2991 4221 germane
3020 4164 3247 4218 compar,
3279 4147 3470 4214 adjuva
3495 4144 3564 4197 il-

1979 4251 2059 4304 las
2087 4265 2200 4319 qua:
2227 4263 2423 4301 mecum
2453 4246 2808 4299 laboraverunt
2837 4243 2891 4296 in
2921 4241 3225 4311 Evangelia,
3277 4252 3393 4291 cum
3445 4235 3566 4289 Cle-

1983 4355 2146 4397 mente
2174 4352 2221 4396 et
2274 4341 2467 4394 ueteris
2498 4335 2883 4403 adiuvatoribus
2909 4334 3057 4397 meis,
3111 4346 3326 4402 quorum
3355 4327 3567 4381 nomina

1985 4444 2102 4489 sunt
2131 4436 2183 4486 in
2211 4433 2339 4486 libro
2368 4431 2484 4485 vita:
2512 4428 2733 4500 (Philip.
2775 4441 2847 4488 tv,
2876 4425 2969 4495 2);
2998 4426 3091 4479 sed
3141 4424 3192 4477 in
3224 4421 3347 4476 illos
3372 4418 3568 4488 potius,

292 4546 622 4615 scripsisset,
655 4557 713 4599 ut
739 4546 1090 4599 intentionem
1120 4543 1387 4597 dictorum
1438 4556 1657 4596 suorum
1705 4541 1851 4595 omni

1982 4526 2048 4580 tle
2076 4524 2268 4594 quibus
2323 4519 2394 4575 ibi
2423 4521 2498 4574 ait
2534 4534 2550 4575 :
2586 4518 2763 4573 Videte
2792 4533 2963 4584 canes,
3005 4516 3167 4569 uidete
3193 4512 3356 4567 malos
3383 4523 3570 4580 opera.

292 4634 393 4690 bus
425 4637 677 4704 aperiret,
710 4636 885 4689 intulit
915 4646 1074 4706 atque
1118 4635 1192 4688 ait
1222 4632 1417 4704 (Epist.
1447 4634 1536 4703 61)
1565 4651 1577 4686 :
1614 4651 1632 4685 ι
1668 4634 1742 4687 De
1782 4648 1874 4687 cu—

293 4728 590 4783 stodiendis
619 4743 830 4799 quoque
853 4741 1161 4783 sanctorum
1186 4726 1400 4781 Patrum
1431 4729 1645 4779 statutis
1676 4739 1795 4792 qua:
1820 4723 1874 4778 in

296 4818 506 4888 synodo
528 4819 737 4874 Nicwnn
765 4819 1162 4874 inviolabilibus
1192 4829 1316 4872 sunt
1345 4816 1449 4871 lixa
1481 4816 1732 4881 decretis,
1777 4817 1878 4871 oli-

298 4910 621 4964 servantiam
652 4920 842 4965 vestra:
864 4911 1157 4965 sanctitatis
1177 4912 1462 4976 admoneo,
1487 4920 1539 4962 ut
1562 4908 1683 4979 jura
1705 4908 1880 4963 eccleo

301 5001 524 5064 siarum,
556 5001 691 5054 sicut
719 5004 785 5055 ab
811 5000 908 5054 illis
938 5000 1191 5056 trecentis
1218 5002 1403 5056 decem
1434 5010 1489 5056 et
1518 5009 1639 5053 Octo
1663 5001 1678 5031 ³
1713 5000 1881 5054 Patri-

300 5095 404 5147 bus
432 5092 685 5147 divinitus
716 5093 988 5160 inspiratis
1028 5104 1154 5148 sunt
1195 5094 1460 5158 ordinata,
1507 5102 1881 5165 permaneant.

300 5183 444 5240 Nihil
466 5184 700 5238 alienum
724 5184 965 5253 improbe
989 5184 1330 5252 concupiscat
1351 5187 1394 5248 ³,
1426 5201 1524 5239 nec
1549 5201 1645 5254 per
1664 5185 1886 5240 altetius

303 5274 730 5330 imminutionem
789 5290 940 5329 suum
998 5274 1193 5344 aliquis
1253 5284 1458 5343 quierat
1520 5288 1886 5348 augmentum.

307 5368 715 5435 Quanlutttlibet
739 5369 883 5421 enim
922 5368 1148 5422 extortis
1177 5369 1629 5424 asscntationibus
1661 5379 1686 5407 ⁸
1713 5384 1771 5425 se
1806 5370 1890 5424 in-

308 5468 477 5512 struat
504 5459 756 5515 vanitatis
784 5458 966 5524 elatio,
996 5467 1051 5512 et
1078 5458 1343 5528 appetitus
1372 5471 1500 5513 suos
1538 5459 1892 5514 conciliorum

382 5650 407 5676 "
440 5639 562 5694 Isid.
593 5641 776 5702 Merc.,
806 5638 1199 5694 narrationibus.

387 5713 400 5740 ¹
429 5712 559 5765 tiod.
599 5711 817 5775 Verum,
850 5712 1077 5764 trecentis
1100 5714 1268 5765 decem
1299 5718 1345 5763 et
1365 5716 1575 5776 septem.

384 5781 568 5835 ’ldcm
595 5782 740 5845 cod,
784 5783 1008 5848 improbe
1040 5781 1256 5835 ambitus
1293 5780 1654 5847 concupiscat;
1680 5777 1732 5832 in
1771 5778 1887 5832 edi-

1978 4620 2100 4682 rios,
2136 4616 2299 4671 videte
2325 4612 2661 4666 concisionem
2686 4608 2911 4680 (Philip.
2962 4623 3021 4671 tt,
3052 4605 3132 4676 5).
3160 4606 3255 4661 His
3282 4604 3462 4674 itaque
3483 4616 3570 4656 so-

1984 4709 2050 4764 lis
2076 4706 2361 4764 conlerens
2382 4703 2746 4767 Timz.tbentn,
2778 4702 2911 4757 dixit
2937 4717 2949 4753 :
2983 4699 3264 4753 Neminem
3289 4697 3433 4751 enim
3473 4694 3572 4749 ha.

1982 4803 2084 4857 beo
2138 4802 2469 4862 unanimem,
2523 4794 2610 4865 qui
2640 4796 2689 4848 in
2719 4795 2927 4848 sincera
2957 4792 3237 4847 aﬂectioue
3286 4804 3383 4859 pro
3416 4786 3570 4841 vobis

1983 4894 2245 4950 sollicitus
2273 4892 2379 4956 sit;
2410 4899 2462 4943 et
2490 4904 2585 4942 eos
2609 4895 2813 4941 tantum
2836 4886 3085 4951 attendit,
3106 4893 3162 4937 ut
3188 4882 3413 4942 diceret,
3440 4877 3570 4932 0m-

1987 5004 2081 5041 nes
2111 4986 2252 5039 enim
2285 4998 2378 5036 sua
2408 4990 2671 5050 quarruut,
2713 4996 2817 5033 non
2845 4994 2963 5047 quae
2992 4987 3116 5030 sunt
3166 4972 3364 5027 Christi
3414 4970 3566 5022 .lesu.

1994 5076 2228 5145 Denique
2272 5089 2392 5126 cum
2419 5072 2488 5126 de
2520 5073 2639 5141 ipso
2669 5072 2823 5125 beato
2863 5069 3147 5123 Timotln-o
3178 5064 3404 5129 loquens
3429 5060 3576 5115 όίιέθι

1993 5177 2075 5220 ret
2101 5183 2114 5221 :
2148 5164 2563 5233 Experiuteutum
2596 5170 2763 5214 autem
2795 5162 2906 5229 ejus
2932 5169 3235 5225 cognoscens
3263 5150 3306 5218 ³,
3335 5150 3577 5219 quoniam

1996 5257 2124 5309 sicut
2170 5258 2307 5325 patri
2334 5252 2476 5321 ﬁlius
2512 5267 2707 5304 mecum
2735 5250 2937 5303 seri-ivit
2976 5249 3029 5298 in
3078 5243 3374 5309 Evangelia.
3426 5238 3579 5293 Hunc

1997 5350 2153 5420 igitur
2185 5362 2331 5417 spero
2361 5363 2438 5399 me
2483 5348 2676 5398 mittere
2702 5359 2720 5397 :
2749 5358 2867 5398 utea:
2903 5350 2955 5393 ut
2999 5340 3168 5393 videro
3197 5348 3312 5405 qua
3338 5333 3474 5385 circa
3502 5344 3579 5382 me

2001 5450 2139 5494 sunt.
2171 5437 2387 5505 Con/ida
2430 5444 2598 5490 autem
2628 5435 2681 5486 in
2714 5433 2955 5497 Domino,
2984 5428 3226 5500 quoniam
3256 5433 3302 5479 et
3346 5424 3456 5495 ipse
3480 5421 3579 5475 cile

2002 5638 2145 5691 tione
2167 5634 2436 5703 Quesnelli
2464 5632 2621 5699 epist.
2654 5629 2744 5692 87,
2771 5627 3032 5703 improbus
3061 5623 3302 5679 ambitus.
3330 5694 3358 5703 ,ί
3423 5690 3436 5703 _

2068 5707 2088 5739 ’
2120 5694 2441 5775 Cdgnoscefis
2472 5694 2525 5757 in
2558 5704 2788 5756 editione
2837 5694 3055 5763 Latina;
3104 5694 3393 5766 cognoscite
3416 5694 3576 5762 juxta

1986 5777 2154 5834 ,lidettt
2184 5778 2355 5832 Grmci
2381 5785 2573 5834 textus,
2604 5781 2885 5836 γινώσκετε.
3570 5778 3579 5801 έ
