4070 6352
515 247 613 303 64⁵1

1582 234 1877 294 FACUND!
1920 232 2131 290 EPISC.
2176 229 2683 289 HERMIANENSIS

3741 202 3828 283 διε

518 360 714 414 ueniam
736 373 801 410 an
822 353 1184 426 vos(Philipp.
1202 350 1392 421 11,22).
1415 349 1489 404 lbi
1509 358 1725 405 secutus
1750 349 1980 418 adjecit:
2008 346 2117 401 Ne—
2144 347 2195 408 Α
2220 351 2448 418 scripta,
2483 350 2527 403 si
2552 348 2801 402 nolumus
2831 355 3021 398 omnes
3057 348 3323 397 canones
3356 335 3577 391 utiliter
3605 350 3633 391 a
3655 343 3831 396 sanctis

520 450 793 506 cessarium
833 458 1001 501 autem
1029 444 1311 500 existimavi
1363 443 1776 513 Epaphroditum
1804 442 2032 509 fratrem,
2064 445 2111 491 et

525 552 926 616 cooperatorem,
975 548 1022 593 et
1055 537 1449 591 commilitonem
1480 552 1670 602 meum,
1701 547 1921 587 restrum
1948 541 2113 584 autem

525 635 811 704 apostolum
836 641 883 684 ct
913 633 1198 683 ministrum
1244 630 1553 682 necessitatis
1599 642 1745 692 mete,
1804 627 2003 677 mittere
2047 622 2115 674 ad

527 738 612 776 vos
642 738 660 775 :
692 722 931 790 quoniam
958 720 1164 786 quidem
1193 733 1364 770 omnes
1412 732 1497 769 uos
1528 717 1869 775 de~iderabat,
1917 724 1962 765 et
1993 727 2113 763 mae-

529 826 634 867 stus
665 820 794 878 erat,
843 824 1109 881 prapterea
1135 809 1270 877 quod
1330 809 1548 860 audistis
1590 807 1735 859 illum
1774 805 2111 871 inﬁrmatam.

531 904 669 959 Nam
697 904 992 971 inﬁrmatus
1017 910 1089 954 est
1115 916 1269 968 usque
1290 899 1358 951 ad
1385 908 1623 960 mortem;
1656 897 1741 949 sed
1777 894 1915 947 Deus
1942 895 2120 945 miser-

533 1011 612 1051 tus
636 1008 709 1052 est
740 998 873 1062 eius.
908 994 1028 1049 Non
1060 997 1224 1047 solum
1255 1004 1427 1044 autem
1460 994 1593 1061 ejus,
1625 1003 1795 1040 verum
1822 987 1970 1039 etiam
2001 983 2118 1048 mei,

534 1107 596 1145 ne
632 1091 895 1143 tristitiam
931 1103 1083 1153 super
1137 1086 1395 1137 tristitiam
1453 1085 1709 1135 haberem.
1769 1076 2123 1133 Festinantius

536 1200 660 1253 ergo
684 1182 798 1234 misi
820 1179 994 1243 illum,
1025 1188 1080 1230 ut
1105 1178 1212 1230 viso
1242 1194 1299 1230 eo
1326 1177 1509 1228 iterum
1542 1173 1829 1241 gaudeatis,
1863 1179 1906 1223 et
1939 1184 2028 1239 ego
2056 1167 2127 1219 si—

538 1290 601 1326 ne
630 1272 833 1325 tristitia
864 1272 980 1324 sint.
1038 1268 1271 1338 Excipite
1302 1268 1469 1334 itaque
1513 1266 1660 1317 illum
1691 1279 1805 1315 cum
1859 1261 2046 1330 gaudio
2074 1258 2127 1311 in

542 1364 783 1425 Domino,
816 1371 861 1416 et
887 1360 1181 1431 hujusmodi
1211 1375 1326 1413 cum
1358 1358 1548 1410 honore
1573 1357 1803 1407 habetote
1836 1368 1852 1405 :
1883 1353 2125 1423 quoniam

543 1466 743 1524 propter
766 1469 893 1523 opus
920 1452 1109 1505 Christi
1139 1467 1297 1519 usque
1327 1452 1393 1500 ad
1423 1457 1635 1500 mortem
1657 1444 1890 1509 arcessit,
1924 1444 2129 1494 tradens

541 1549 762 1601 animum
802 1561 967 1610 suam,
1010 1554 1064 1597 ut
1112 1544 1343 1608 impleret
1372 1544 1424 1592 id
1456 1541 1759 1610 quoduobis
1808 1538 1981 1590 deerat
2011 1552 2131 1605 erga

542 1656 708 1693 meum
732 1638 1020 1705 obsequium
1046 1635 1233 1705 (lbid.,
1267 1633 1381 1702 25).
1409 1632 1655 1702 Nunquid
1683 1632 1822 1684 hunc
1852 1629 2131 1698 Epaphro-

544 1731 711 1784 ditum
743 1728 1163 1796 Philippensium
1189 1726 1513 1793 apostolum,
1533 1736 1584 1777 et
1609 1722 1742 1775 alios
1770 1722 1885 1789 ejus
1916 1729 2127 1773 sanctos
2159 1708 2206 1770 B

545 1821 601 1876 in
634 1820 920 1889 Evangelio
949 1818 1248 1885 adjutores,
1281 1832 1461 1871 sermo
1484 1815 1628 1869 Pauli
1660 1814 1966 1868 attendebat
1998 1825 2128 1880 apo-

547 1915 669 1968 stoli
698 1912 927 1967 dicentis
956 1929 967 1963 :
1003 1910 1279 1964 Neminem
1311 1909 1452 1963 enim
1479 1907 1650 1961 habeo
1680 1907 2009 1968 unanimem,
2043 1902 2135 1970 qui

548 2009 755 2060 sincera
805 2004 1086 2058 affectione
1133 2018 1229 2071 pro
1277 2002 1432 2055 vobis
1472 2000 1736 2054 sollicitus
1784 1984 1865 2052 sit
1901 2016 1914 2050 :
1947 2010 2136 2052 omnes

549 2098 690 2153 enim
732 2110 825 2149 sua
858 2103 1122 2163 quaerunt.
1154 2110 1259 2146 non
1298 2106 1418 2161 qua:
1464 2100 1590 2145 sunt
1638 2089 1840 2144 Christi
1888 2090 2048 2152 .lcsu;
2080 2096 2134 2140 et

550 2202 657 2245 non
689 2190 864 2258 potius
896 2188 1016 2241 illos
1044 2186 1111 2241 de
1154 2185 1348 2255 quibus
1392 2199 1550 2251 supra
1578 2184 1686 2251 jam
1741 2181 2007 2234 diximus?
2056 2181 2135 2234 An

552 2282 821 2338 unanimis
855 2280 1248 2351 Epaphroditus
1280 2293 1384 2331 non
1421 2276 1586 2330 fuisse
1618 2273 1948 2342 perhibetur,
1982 2288 2087 2340 quo
2118 2269 2135 2302 ¹

552 2375 623 2430 ah
644 2373 953 2428 inﬁrmitate
983 2379 1255 2434 revocato,
1278 2369 1383 2435 sibi
1415 2381 1629 2437 quoque
1652 2367 1815 2419 Deum
1859 2364 2138 2417 misertum

553 2465 701 2525 dicit.
720 2479 785 2517 ne
809 2465 876 2516 de
898 2463 989 2516 illo
1018 2462 1286 2515 triStitiam
1304 2476 1466 2527 super
1489 2458 1761 2511 tristitiam
1784 2455 2041 2509 haberet?
2061 2457 2139 2508 An

557 2570 657 2625 pro
677 2554 1107 2621 Philippeusibus
1122 2568 1227 2605 non
1250 2558 1366 2605 erat
1388 2559 1602 2603 sanctus
1618 2546 2011 2615 Epaphroditus
2032 2544 2144 2598 sin-

554 2658 680 2703 'cera
705 2644 987 2701 alfectione
1013 2644 1293 2709 sollicitus,
1325 2658 1460 2711 quos
1484 2640 1667 2694 videre
1690 2638 2051 2702 desiderabat,
2089 2643 2143 2689 et

559 2746 776 2808 propter
794 2751 1016 2807 quorum
1038 2736 1105 2790 de
1128 2750 1221 2788 sua
1252 2734 1563 2788 infirmitate
1586 2730 1894 2784 maestitiam
1920 2736 2144 2783 mmstus

555 2838 693 2893 erat,
712 2844 779 2883 eo
794 2828 935 2898 quod
952 2826 1218 2881 audierint
1232 2826 1378 2879 illum
1394 2824 1739 2886 infirmatam;
1757 2832 1807 2875 et
1821 2822 1910 2890 qui
1929 2830 2145 2890 propter

557 2934 695 2990 opus
744 2919 943 2973 Christi
973 2933 1141 2987 usque
1172 2917 1237 2971 ad
1281 2924 1510 2970 mortem
1548 2922 1874 2977 accesserat,
1929 2914 2145 2966 tradens

558 3015 791 3068 animam
814 3026 965 3066 suam
989 3020 1047 3066 ut
1076 3010 1325 3080 impleret
1354 3008 1405 3062 id
1430 3008 1573 3077 quod
1604 3009 1655 3062 ei
1689 3006 1878 3061 deerat
1898 3020 2019 3073 erga
2046 3005 2142 3059 ob-

2218 440 2467 495 l’atribus
2498 440 2549 493 in
2576 439 2762 493 eadem
2792 435 2999 508 synodo
3022 434 3405 495 constitutos,
3434 438 3495 482 et
3518 438 3717 482 ereum
3732 448 3833 495 qua:

2215 535 2267 586 in
2295 532 2621 601 specialibus
2646 542 3087 598 quorumcunqne
3116 525 3321 579 causis
3353 521 3437 574 ibi
3465 520 3680 573 firmata
3703 535 3830 587 sunt,

2217 630 2269 683 in
2299 628 2557 696 majorem
2590 642 2749 694 quam
2774 637 2914 677 nunc
2939 622 3189 690 patimur,
3222 615 3726 670 conturbationem
3747 616 3833 669 Ec.

2217 719 2394 774 etesia:
2423 732 2781 771 commovere.
2815 715 2945 780 Quis
2973 723 3150 765 autem
3172 710 3253 763 de
3294 708 3475 761 beato
3509 706 3688 759 Leone
3709 707 3831 763 dice-

2219 827 2277 865 re
2305 810 2518 872 audeat,
2536 808 2783 877 quoniam
2812 806 2855 859 si
2880 804 3189 858 Nestoriana
3217 808 3393 856 esset
3425 799 3661 865 epistola
3688 816 3825 865 quam

2219 901 2454 972 Synndus
2478 898 2814 969 approbavit,
2840 894 3140 966 posthabita
3167 891 3546 960 blztSphemia
3573 906 3672 957 qua
3696 891 3830 946 Chri-

2223 1004 2337 1047 stus
2367 1005 2589 1061 negatur
2618 990 2758 1044 Deus
2779 1004 2899 1044 esse
2919 990 3056 1057 quod
3085 997 3189 1055 est,
3212 985 3293 1039 de
3329 984 3447 1037 hoc
3478 985 3831 1038 tantummodo

2224 1095 2531 1149 causentur,
2565 1082 2707 1151 quod
2738 1083 2787 1134 in
2822 1081 2909 1134 illa
2951 1080 3158 1150 synodo
3186 1092 3348 1132 unus
3395 1078 3697 1143 episcopus
3745 1092 3831 1132 non

2225 1179 2343 1230 loco
2363 1190 2461 1229 suo
2484 1172 2827 1229 consederit?
2869 1172 3036 1236 Igitur
3076 1180 3166 1224 aut
3194 1171 3315 1224 hoc
3347 1170 3540 1222 solum
3588 1181 3831 1235 peccatum

2227 1266 2472 1336 estquod
2502 1264 2552 1319 in
2593 1264 2799 1335 synodo
2839 1262 3283 1317 Chalcedonensi
3354 1260 3567 1313 beatus
3598 1260 3702 1312 Leo
3748 1262 3831 1319 sibi

2228 1356 2565 1423 displicuisse
2610 1369 2713 1409 non
2741 1356 2944 1418 tacuit;
2996 1364 3088 1407 aut
3108 1353 3153 1407 si
3184 1363 3241 1406 et
3278 1351 3443 1405 aliud
3480 1366 3609 1405 esse
3641 1353 3828 1419 dicitur,

2229 1450 2404 1503 minus
2428 1448 2665 1515 profecto
2695 1458 2773 1501 est
2804 1462 2869 1500 eo
2896 1455 3136 1515 peccato,
3191 1446 3353 1516 quod
3392 1445 3692 1512 cpiscopus
3717 1443 3828 1498 Cun-

2230 1542 2737 1610 Stantinopolitanus
2778 1541 3038 1593 admisit:
3088 1549 3365 1593 czeternm
3417 1552 3696 1601 nunquam
3739 1538 3825 1593 Leo

2232 1641 2439 1703 posset,
2472 1633 2658 1687 relicta
2693 1632 2915 1686 haeresis
2943 1646 3126 1696 causa,
3154 1631 3223 1685 de
3261 1629 3443 1684 unius
3476 1632 3712 1699 episcopi
3739 1646 3826 1685 ses~

2235 1724 2388 1777 sione
2435 1722 2673 1778 causari.
2716 1722 3042 1776 Ustendatur
3073 1733 3253 1775 autem
3307 1721 3507 1785 nobis,
3565 1721 3823 1787 ubicunztut

2235 1817 2423 1871 beatus
2472 1814 2581 1869 Leo
2605 1814 2735 1867 dixit
2764 1812 2963 1881 (Epist.
2997 1812 3088 1879 62)
3146 1828 3256 1867 non
3296 1812 3502 1864 omnia
3546 1826 3607 1864 se
3634 1826 3744 1879 qua:
3787 1812 3824 1867 in

2237 1910 2322 1964 illa
2353 1910 2559 1980 synodo
2587 1920 2701 1963 acta
2728 1914 2854 1961 sunt
2873 1906 3217 1971 confirmare,
3250 1904 3415 1973 quod
3453 1904 3627 1975 ipsius
3671 1907 3820 1974 synodi

2237 2006 2553 2058 sententiam
2580 2016 2742 2071 super
2763 2000 2987 2069 cpistola
3015 1999 3116 2053 Iba:
3140 1996 3490 2062 detestetur,
3524 2014 3588 2051 ac
3618 2014 3716 2052 non
3748 2014 3821 2065 pn-

2238 2098 2345 2150 tius
2391 2094 2964 2161 Constantinopolitani
3008 2092 3247 2161 episcopi
3292 2092 3663 2145 ambitionem
3691 2092 3815 2144 casti-

2238 2196 2329 2256 get
2350 2196 2507 2256 atque
2530 2195 2805 2249 coerceat;
2833 2195 2887 2239 et
2914 2188 3029 2252 ipso
3052 2194 3301 2253 purgato,
3332 2184 3459 2238 sola
3487 2183 3720 2253 synodus
3744 2184 3822 2235 cri-

2240 2277 2370 2330 mini
2401 2276 2717 2344 subjacebit,
2747 2275 2791 2328 si
2824 2290 2948 2329 vere
2978 2273 3303 2329 Nestoriana
3338 2282 3433 2327 est
3476 2288 3636 2341 quam
3665 2286 3817 2337 appro-

2238 2368 2385 2422 bavit
2414 2368 2660 2437 epistola.
2692 2367 2823 2421 Nam
2867 2374 2922 2421 et
2951 2366 3184 2421 Maximo
3214 2364 3582 2421 Antimheno
3618 2364 3819 2417 scribens

2243 2463 2383 2516 idem
2409 2462 2595 2516 beatus
2620 2460 2749 2526 Leo,
2782 2462 2867 2515 cui
2902 2461 3188 2528 praedictus
3211 2458 3815 2528 Coostantinopolitanut

2244 2552 2525 2607 Anatolius
2552 2552 2865 2621 dignitatem
2895 2554 3067 2607 tertize
3098 2553 3242 2607 sedis
3272 2556 3505 2607 attlerre
3539 2560 3817 2609 tentaverat.

2246 2644 2346 2699 hoc
2372 2647 2513 2714 quod
2544 2645 2838 2700 asserimus
2893 2646 3234 2699 manifestum
3266 2645 3541 2700 omnibus
3571 2644 3725 2697 facit:
3749 2642 3815 2711 qui

2246 2743 2367 2803 post
2390 2734 2576 2802 multa,
2609 2750 2727 2801 qua:
2754 2743 2809 2788 et
2839 2735 3155 2803 acceptabili
3187 2737 3411 2790 ratione
3433 2744 3491 2789 et
3524 2734 3812 2801 increpatio-

2247 2843 2314 2882 ne
2357 2826 2686 2891 vehementi,
2728 2841 2890 2895 super
2935 2827 3124 2881 eadem
3177 2829 3613 2895 przcsumptione
3652 2826 3813 2879 locutus

2246 2927 2349 2982 est,
2385 2920 2664 2987 epistolam
2690 2920 2760 2973 ita
2782 2918 3055 2972 concludit
3083 2935 3097 2971 :
3129 2936 3147 2970 t
3184 2912 3464 2988 Quidquid
3495 2918 3634 2973 enim
3660 2924 3813 2984 praeter

2249 3010 2511 3079 speciales
2538 3026 2726 3065 causas
2754 3010 3092 3082 synodalium
3127 3011 3494 3066 conciliorum
3525 3010 3590 3064 ad
3628 3020 3811 3062 examen

561 3105 801 3173 sequium
831 3102 1011 3155 Pauli?
1041 3101 1190 3155 Unde
1221 3101 1383 3154 etiam
1418 3098 1611 3152 merito
1627 3098 1705 3151 eis
1727 3094 2142 3162 commendavit,

2252 3081 2842 3173 episcottaleﬂeferturr,
2868 3112 3043 3172 potest
3070 3103 3302 3172 aliquant
3334 3104 3368 3157 d
3392 3099 3666 3173 jndicaudi
3687 3098 3811 3151 habe-

560 3202 623 3250 ut
642 3193 943 3263 huiusmodi
976 3208 1096 3246 eum
1128 3192 1334 3246 honore
1358 3191 1638 3244 haberent.
1671 3188 1743 3244 Ut
1773 3188 1933 3259 igitur
1954 3186 2146 3240 Paulus

563 3285 839 3353 apostolus
870 3282 1305 3352 Philippensibus
1333 3283 1400 3335 de
1429 3282 1713 3336 Timotheo
1749 3280 2009 3346 scribens,
2042 3296 2147 3334 non

565 3378 745 3434 Titum
777 3387 832 3432 et
854 3378 1073 3441 Lucam,
1099 3392 1206 3430 non
1240 3374 1660 3445 Epaphroditum
1681 3382 1731 3427 et
1756 3374 2010 3438 Marcum,
2042 3388 2149 3427 non

565 3476 794 3523 cteteros
816 3483 942 3523 suos
971 3468 1245 3536 adjutores
1275 3480 1503 3534 quorum
1546 3464 1761 3518 nomina
1784 3474 1908 3519 sunt
1934 3464 1984 3519 in
2015 3464 2150 3520 libro

565 3560 712 3626 vitae,
754 3559 981 3613 attendit
1020 3573 1141 3612 cum
1171 3557 1414 3611 diceret:
1448 3554 1728 3610 Neminem
1762 3554 1933 3609 habeo
1962 3556 2151 3609 unanie

563 3666 730 3720 mem,
762 3652 853 3721 qui
881 3650 1088 3705 sincera
1118 3649 1398 3704 alleCIioue
1424 3665 1521 3719 pro
1550 3647 1703 3702 vobis
1735 3648 2000 3702 sollicitus
2030 3647 2101 3702 sit
2133 3663 2147 3700 :

566 3760 756 3801 omnes
785 3744 929 3799 enim
960 3759 1053 3798 sua
1081 3751 1348 3812 quaerunt,
1395 3755 1498 3796 non
1527 3756 1647 3810 qua:
1677 3749 1803 3795 sunt
1829 3738 2027 3794 Christi
2058 3738 2152 3794 Je-

566 3853 663 3904 su;
692 3836 787 3892 sed
817 3838 937 3891 illos
958 3834 1136 3906 potius
1163 3836 1229 3889 de
1256 3834 1448 3905 quibus
1468 3833 1536 3888 ab
1564 3848 1631 3888 eo
1676 3831 1877 3887 dictum
1902 3844 1984 3887 est
2012 3850 2023 3886 :
2062 3832 2151 3887 Vi-

567 3929 695 3982 dete
719 3942 897 3990 canes,
940 3928 1115 3981 videte
1145 3926 1312 3979 malos
1341 3924 1643 3994 operarios,
1673 3924 1857 3978 videte
1883 3924 2151 3979 concisio-

568 4035 716 4075 nem.
740 4019 813 4073 Ita
838 4020 1000 4073 etiam
1018 4018 1359 4073 beatissimus
1386 4016 1492 4070 Leo
1514 4016 1779 4081 scribens,
1806 4031 1909 4069 non
1928 4025 2152 4070 senten-

568 4112 696 4166 tiam
749 4125 909 4180 super
948 4111 1228 4178 epistolam
1263 4109 1370 4164 Iba:
1404 4109 1688 4178 prolatam,
1744 4124 1915 4176 neque
1942 4108 2153 4177 episco-

569 4210 749 4271 patum
780 4202 1032 4271 praedicto
1062 4202 1163 4254 lb:e
1193 4201 1489 4267 redditum,
1521 4209 1576 4255 et
1604 4210 1796 4255 cretera
1826 4216 1945 4269 qua:
1990 4201 2041 4254 in
2068 4214 2154 4271 sy-

569 4295 712 4349 nodo
739 4293 1165 4348 Chaleedonensi
1193 4292 1263 4347 de
1291 4292 1609 4362 quibusdam
1648 4292 1893 4359 personis
1937 4291 2154 4346 decreta

570 4395 714 4451 sunt,
746 4402 918 4457 neque
944 4402 1184 4441 canones
1202 4387 1587 4442 ecclesiasticae
1604 4386 1898 4455 disciplina:
1924 4387 2154 4441 salubri-

2251 3211 2308 3249 re
2334 3195 2621 3259 rationem,
2653 3194 2697 3247 si
2730 3194 2859 3249 nihil
2877 3194 2944 3250 de
2973 3210 3038 3249 eo
3060 3204 3187 3251 esta
3210 3197 3420 3249 sanctis
3449 3191 3686 3247 Patribus
3704 3186 3810 3257 apud

2250 3286 2480 3341 Nicaeam
2522 3286 2822 3342 definitum.
2877 3284 3008 3340 Nam
3048 3287 3188 3356 quod
3220 3287 3288 3342 ab
3322 3270 3543 3341 illorum
3576 3281 3749 3351 regulis
3771 3288 3809 3333 et

2250 3380 2631 3435 constitutione
2676 3379 2973 3443 discordat,
3027 3376 3346 3448 apostolica:
3378 3377 3530 3432 sedis
3578 3384 3807 3442 nunquam

2253 3472 2449 3541 poterit
2474 3472 2718 3526 obtinere
2746 3485 3093 3525 consensum.
3126 3470 3337 3538 Quanta
3376 3484 3507 3523 vero
3530 3478 3554 3504 ι
3582 3462 3806 3532 duigentia

2251 3562 2584 3616 custodiatur
2605 3576 2634 3615 a
2660 3560 2837 3628 nobis,
2854 3561 3251 3629 exemplaribus
3280 3558 3403 3630 ejus
3434 3556 3667 3626 epistola:
3685 3564 3808 3622 quant

2254 3656 2321 3709 ad
2370 3653 3021 3721 Constantinottolitannm
3052 3655 3367 3720 episcopum
3425 3643 3805 3708 refrenatio-sip-

2254 3746 2365 3800 sius
2384 3747 2728 3813 cupiditatem
2761 3745 3075 3809 direximus,
3110 3744 3397 3800 instrueris
3428 3760 3443 3798 :
3469 3756 3621 3812 quam
3648 3739 3693 3791 in
3718 3750 3808 3787 om-

2256 3838 2398 3892 nium
2432 3838 2653 3891 fratrum
2686 3846 2744 3892 et
2767 3836 3211 3891 consaeerdotum
3236 3847 3543 3891 nostromm
3567 3829 3709 3885 facies
3732 3840 3804 3879 n0-

2256 3933 2425 3986 titiam
2480 3931 2780 3999 pervenire,
2822 3941 2877 3984 ut
2909 3931 3157 3984 noverint
3203 3944 3389 3998 pacem
3439 3920 3805 3983 ecclesiasticam

2258 4038 2351 4092 per
2400 4024 2738 4077 concordiam
2772 4022 2882 4078 Deo
2922 4021 3166 4090 placitam
3215 4022 3418 4075 debere
3448 4016 3664 4073 servari.
3696 4004 3799 4064 Illud

2255 4129 2469 4185 quoque
2518 4114 2861 4169 dilectionem
2914 4122 3061 4167 tuam
3118 4112 3378 4167 convenit
3427 4117 3727 4181 praecavere,
3761 4107 3805 4150 ut

2257 4214 2453 4276 printer
2498 4220 2593 4260 eos
2640 4208 2729 4275 qui
2755 4211 2882 4258 sunt
2912 4202 3127 4257 Domini
3176 4203 3509 4266 sacerdotes,
3541 4196 3697 4252 nullus
3721 4187 3797 4242 sibi

2260 4296 2488 4352 docendi
2516 4305 2570 4351 et
2598 4294 2921 4366 praedicandi
2959 4294 3048 4365 jus
3078 4293 3273 4348 audeat
3304 4293 3594 4349 vindicare,
3621 4286 3716 4338 sive
3734 4276 3800 4331 ille

2260 4389 2578 4455 monachus.
2612 4391 2729 4444 sive
2752 4388 2843 4443 ille
2872 4388 3064 4454 laicus,
3095 4388 3188 4458 qui
3219 4389 3449 4456 alicujus
3482 4379 3693 4438 scientiae
3718 4386 3793 4425 no-

570 4484 657 4532 ter
687 4478 793 4531 illic
819 4492 849 4531 a
894 4477 1093 4531 sanctis
1122 4477 1368 4531 Patribus
1398 4479 1717 4531 constitutos
1750 4476 1995 4539 attendit,
2037 4491 2157 4532 cum
2185 4462 2241 4523 Ῑ)
2266 4484 2407 4537 mine
2439 4483 2715 4554 glorietur.
2748 4482 2879 4549 Quia
2911 4482 3013 4537 etsi
3037 4482 3328 4550 Optandum
3362 4489 3446 4536 est
3464 4488 3517 4531 ttt
3537 4486 3705 4530 omnes
3723 4466 3797 4519 Ec.

572 4565 779 4620 diceret
807 4582 822 4621 :
853 4566 920 4622 Ut
949 4579 1186 4623 sanetam
1209 4566 1472 4637 synodum
1500 4567 1564 4619 ad
1595 4568 2040 4637 exstinguendam
2064 4584 2155 4623 so~

576 4656 687 4712 lum
718 4656 989 4721 haeresim,
1019 4665 1075 4712 et
1117 4657 1183 4711 ad
1213 4657 1674 4712 conﬁrmationem
1714 4657 1837 4713 fidei
1884 4660 2161 4717 catholicae

575 4750 756 4806 studio
784 4749 1228 4805 Christianissimi
1262 4751 1518 4820 principis
1537 4762 1934 4820 congregatum,
1988 4753 2038 4807 in
2066 4768 2163 4809 oc-

576 4842 845 4896 casionem
875 4841 1105 4897 ambitus
1126 4843 1331 4907 trahas,
1361 4843 1382 4874 ⁸
1411 4850 1468 4897 et
1492 4842 1574 4896 his
1600 4843 1823 4908 similia;
1856 4844 1949 4898 sed
1974 4861 2163 4915 snper-

580 4934 706 4988 bam
736 4934 915 5004 potius
939 4934 1229 4989 elationem
1274 4933 1853 5004 Constantinopolitani
1902 4938 2159 5006 episcopi,

578 5027 721 5081 sicut
742 5028 853 5095 ipsa
879 5027 1038 5083 verba
1071 5028 1187 5096 ejus
1215 5027 1472 5083 indicant.
1496 5027 1627 5082 Nam
1656 5043 1753 5084 nec
1777 5029 1921 5085 aliud
1957 5031 2163 5087 inveni-

579 5126 673 5173 tur
700 5118 752 5173 in
774 5118 975 5174 eisdem
1008 5119 1121 5174 suis
1149 5120 1392 5188 epistolis
1417 5119 1680 5190 arguisse.
1712 5120 1804 5177 Sic
1828 5122 1985 5178 nobis
2003 5122 2163 5179 intel-

580 5209 787 5280 ligenda
817 5220 943 5266 sunt
963 5212 1125 5268 verba
1143 5212 1370 5269 Romani
1400 5210 1617 5280 Leonis,
1648 5215 1725 5269 sic
1744 5216 2162 5283 apostolicorum

580 5303 899 5373 scriptorum
929 5306 1189 5375 exemplis
1218 5306 1511 5362 asserenda
1540 5315 1662 5361 sunt
1682 5305 1827 5362 sedis
1856 5308 2167 5377 apostolicae

666 5494 692 5524 ⁸
714 5485 773 5541 ln
799 5486 930 5543 edit.
961 5489 1126 5543 sancti
1158 5488 1351 5544 Leonis
1376 5488 1471 5541 hoc
1499 5487 1773 5543 inseritur.

654 5657 675 5691 ⁸
695 5654 830 5712 Cod.
883 5657 1102 5740 vernn"
1137 5659 1529 5740 Epaphroditus
1550 5678 1651 5740 non
1683 5663 1803 5731 fuit,
1833 5680 1981 5734 quem
2014 5666 2164 5721 mini-

584 5736 744 5785 smtm
769 5732 1077 5786 necessitatis
1105 5748 1211 5787 sua:
1233 5734 1391 5803 fuisse
1418 5734 1664 5804 perhibet,
1688 5750 1811 5805 quo,
1841 5732 1946 5791 etc.
2133 5741 2144 5750 ’

2264 4576 2443 4629 clesiae
2473 4575 2569 4629 ﬁlii
2617 4590 2736 4644 quae
2760 4585 2903 4629 recta
2935 4581 2991 4629 et
3020 4588 3147 4627 sana
3180 4584 3305 4628 sunt
3346 4573 3577 4642 sapiant,
3624 4578 3710 4617 non
3733 4568 3792 4610 ta-

2267 4684 2388 4723 men
2415 4667 2827 4736 permittendum
2860 4675 2944 4722 cst
2970 4676 3029 4720 ut
3054 4667 3334 4737 quisquam
3366 4673 3513 4721 extra
3544 4652 3793 4715 sacerdota'

2266 4761 2370 4816 lem
2403 4761 2647 4815 ordinent
2693 4758 3039 4825 constitutus,
3083 4758 3305 4828 gradum
3337 4757 3438 4811 sibi
3487 4738 3791 4824 praedicam“

2268 4863 2542 4909 assumat:
2575 4869 2699 4909 cum
2749 4856 2802 4907 in
2852 4852 3091 4907 Ecclesia
3124 4852 3218 4906 Dei
3249 4851 3427 4905 omnia
3455 4845 3677 4903 ordinata
3701 4842 3790 4887 esse

2265 4945 2566 5008 conveniat,
2600 4954 2658 4999 ut
2688 4946 2739 4998 in
2771 4959 2875 4997 uno
2903 4943 3099 4997 Christi
3132 4958 3379 5012 corpore,
3417 4949 3471 4997 et
3495 4924 3788 4993 excellentia.

2267 5052 2327 5092 ra
2354 5037 2593 5093 membra
2617 5052 2773 5091 suum
2803 5035 3035 5089 officium
3066 5036 3345 5105 impleant,
3387 5041 3441 5089 et
3466 5024 3688 5084 inferiora
3722 5026 3787 5067 su:

2269 5128 2568 5198 perioribus
2615 5142 2721 5181 non
2751 5127 3032 5183 resultent.
3073 5144 3091 5178 ι
3125 5124 3397 5181 Manifesta
3421 5128 3558 5186 sunt,
3583 5113 3784 5185 quantum

2271 5228 2422 5291 puto,
2469 5234 2569 5273 nec
2596 5219 2703 5272 ullo
2741 5234 2859 5288 qua:
2906 5220 3321 5274 memoravimus
3351 5222 3505 5287 egent
3531 5203 3781 5291 interprete:

2271 5322 2329 5366 ut
2356 5309 2583 5384 intelligi
2610 5320 2771 5381 queat
2796 5310 2936 5379 quod
2965 5326 3026 5365 ea
3049 5321 3235 5366 contra
3274 5293 3781 5369 Constantinopolitam

2345 5668 2365 5698 ³
2400 5664 2541 5721 Idem
2578 5664 2723 5727 cod.,
2776 5672 2823 5718 et
2854 5672 2907 5718 ut
2936 5661 3274 5715 cohibentiam
3303 5659 3432 5729 Heg.
3463 5630 3777 5714 conniventi“)

2271 5754 2415 5793 suam
2442 5737 2534 5792 tibi
2561 5737 2737 5796 dedat.
2764 5733 3018 5806 impellits,
3042 5759 3054 5784 ε
3157 5734 3161 5739 “
3325 5731 3353 5742 ”

3970 234 3981 359 l
