  <div class='ocr_page' id='page_1' title='image "/cluster/home/n/w/nwhite01/storage/ocr_20150623/67/hvd.32044015547185/330.png"; bbox 0 0 4070 6352; ppageno 0'>
   <div class='ocr_carea' id='block_1_1' title="bbox 250 311 360 368">
    <p class='ocr_par' dir='ltr' id='par_1_1' title="bbox 250 311 360 368">
     <span class='ocr_line' id='line_1_1' title="bbox 250 311 360 368; baseline 0.018 -2"><span class='ocrx_word' id='word_1_1' title='bbox 250 311 360 368; x_wconf 68' lang='grc' dir='ltr'><strong>ως)</strong></span> 
     </span>
    </p>
   </div>
   <div class='ocr_carea' id='block_1_2' title="bbox 1093 296 2575 366">
    <p class='ocr_par' dir='ltr' id='par_1_2' title="bbox 1093 296 2575 366">
     <span class='ocr_line' id='line_1_2' title="bbox 1093 296 2575 366; baseline -0.005 -2"><span class='ocrx_word' id='word_1_2' title='bbox 1093 306 1227 366; x_wconf 83' lang='lat' dir='ltr'><strong>PRO</strong></span> <span class='ocrx_word' id='word_1_3' title='bbox 1267 300 1700 364; x_wconf 75' lang='lat' dir='ltr'><strong>DEFENSIONE</strong></span> <span class='ocrx_word' id='word_1_4' title='bbox 1737 297 1955 358; x_wconf 78' lang='lat' dir='ltr'><strong>TRIUM</strong></span> <span class='ocrx_word' id='word_1_5' title='bbox 1993 296 2310 357; x_wconf 82' lang='lat' dir='ltr'><strong>CAPITUL.</strong></span> <span class='ocrx_word' id='word_1_6' title='bbox 2352 298 2479 355; x_wconf 85' lang='lat' dir='ltr'><strong>LIB.</strong></span> <span class='ocrx_word' id='word_1_7' title='bbox 2512 300 2575 356; x_wconf 77' lang='grc' dir='ltr'><strong>ν.</strong></span> 
     </span>
    </p>
   </div>
   <div class='ocr_carea' id='block_1_3' title="bbox 3431 301 3542 362">
    <p class='ocr_par' dir='ltr' id='par_1_3' title="bbox 3431 301 3542 362">
     <span class='ocr_line' id='line_1_3' title="bbox 3431 301 3542 362; baseline 0.018 -2"><span class='ocrx_word' id='word_1_8' title='bbox 3431 301 3542 362; x_wconf 79' lang='grc'><strong>650</strong></span> 
     </span>
    </p>
   </div>
   <div class='ocr_carea' id='block_1_4' title="bbox 241 418 3540 499">
    <p class='ocr_par' dir='ltr' id='par_1_4' title="bbox 241 418 3540 499">
     <span class='ocr_line' id='line_1_4' title="bbox 241 418 3540 499; baseline 0.001 -15"><span class='ocrx_word' id='word_1_9' title='bbox 241 425 494 497; x_wconf 72' lang='lat' dir='ltr'><strong>episcopi</strong></span> <span class='ocrx_word' id='word_1_10' title='bbox 527 424 897 490; x_wconf 86' lang='lat' dir='ltr'><strong>ambitionem,</strong></span> <span class='ocrx_word' id='word_1_11' title='bbox 948 440 1053 480; x_wconf 90' lang='lat' dir='ltr'><strong>non</strong></span> <span class='ocrx_word' id='word_1_12' title='bbox 1102 433 1290 481; x_wconf 89' lang='lat' dir='ltr'><strong>contra</strong></span> <span class='ocrx_word' id='word_1_13' title='bbox 1318 425 1637 481; x_wconf 88' lang='lat' dir='ltr'><strong>sententiam</strong></span> <span class='ocrx_word' id='word_1_14' title='bbox 1681 434 1844 491; x_wconf 84' lang='lat' dir='ltr'><strong>super</strong></span> <span class='ocrx_word' id='word_1_15' title='bbox 1876 420 1923 478; x_wconf 84' lang='grc' dir='ltr'><strong>Δ</strong></span> <span class='ocrx_word' id='word_1_16' title='bbox 1950 418 2022 485; x_wconf 78' lang='lat' dir='ltr'><strong>la,</strong></span> <span class='ocrx_word' id='word_1_17' title='bbox 2053 434 2148 488; x_wconf 86' lang='lat' dir='ltr'><strong>per</strong></span> <span class='ocrx_word' id='word_1_18' title='bbox 2173 435 2330 489; x_wconf 89' lang='lat' dir='ltr'><strong>quam</strong></span> <span class='ocrx_word' id='word_1_19' title='bbox 2354 422 2598 479; x_wconf 92' lang='lat' dir='ltr'><strong>similiter</strong></span> <span class='ocrx_word' id='word_1_20' title='bbox 2618 425 2757 480; x_wconf 82' lang='lat' dir='ltr'><strong>devii</strong></span> <span class='ocrx_word' id='word_1_21' title='bbox 2782 426 2968 480; x_wconf 81' lang='lat' dir='ltr'><strong>hOrum</strong></span> <span class='ocrx_word' id='word_1_22' title='bbox 2996 425 3317 499; x_wconf 87' lang='lat' dir='ltr'><strong>scriptorum</strong></span> <span class='ocrx_word' id='word_1_23' title='bbox 3343 429 3540 487; x_wconf 82' lang='lat' dir='ltr'><strong>Leonis</strong></span> 
     </span>
    </p>
   </div>
   <div class='ocr_carea' id='block_1_5' title="bbox 251 516 1847 591">
    <p class='ocr_par' dir='ltr' id='par_1_5' title="bbox 251 516 1847 591">
     <span class='ocr_line' id='line_1_5' title="bbox 251 516 1847 591; baseline -0.003 -18"><span class='ocrx_word' id='word_1_24' title='bbox 251 522 543 588; x_wconf 82' lang='lat' dir='ltr'><strong>epistolam</strong></span> <span class='ocrx_word' id='word_1_25' title='bbox 575 521 682 575; x_wconf 73' lang='lat' dir='ltr'><strong>Iba:</strong></span> <span class='ocrx_word' id='word_1_26' title='bbox 712 520 995 591; x_wconf 75' lang='lat' dir='ltr'><strong>prolatam.</strong></span> <span class='ocrx_word' id='word_1_27' title='bbox 1030 519 1220 576; x_wconf 88' lang='lat' dir='ltr'><strong>beatus</strong></span> <span class='ocrx_word' id='word_1_28' title='bbox 1236 521 1345 575; x_wconf 86' lang='lat' dir='ltr'><strong>Leo</strong></span> <span class='ocrx_word' id='word_1_29' title='bbox 1366 520 1587 576; x_wconf 75' lang='lat' dir='ltr'><strong>dixerit.</strong></span> <span class='ocrx_word' id='word_1_30' title='bbox 1616 516 1746 572; x_wconf 87' lang='lat' dir='ltr'><strong>Nam</strong></span> <span class='ocrx_word' id='word_1_31' title='bbox 1775 517 1847 570; x_wconf 90' lang='lat' dir='ltr'><strong>si-</strong></span> 
     </span>
    </p>
   </div>
   <div class='ocr_carea' id='block_1_6' title="bbox 253 606 1849 682">
    <p class='ocr_par' dir='ltr' id='par_1_6' title="bbox 253 606 1849 682">
     <span class='ocr_line' id='line_1_6' title="bbox 253 606 1849 682; baseline -0.004 -14"><span class='ocrx_word' id='word_1_32' title='bbox 253 629 310 668; x_wconf 84' lang='lat' dir='ltr'><strong>nt</strong></span> <span class='ocrx_word' id='word_1_33' title='bbox 335 614 456 668; x_wconf 86' lang='lat' dir='ltr'><strong>liter</strong></span> <span class='ocrx_word' id='word_1_34' title='bbox 488 612 727 668; x_wconf 89' lang='lat' dir='ltr'><strong>scribens</strong></span> <span class='ocrx_word' id='word_1_35' title='bbox 752 612 914 667; x_wconf 83' lang='lat' dir='ltr'><strong>etiam</strong></span> <span class='ocrx_word' id='word_1_36' title='bbox 938 612 1204 668; x_wconf 77' lang='lat' dir='ltr'><strong>Marciano</strong></span> <span class='ocrx_word' id='word_1_37' title='bbox 1232 610 1454 682; x_wconf 84' lang='lat' dir='ltr'><strong>principi</strong></span> <span class='ocrx_word' id='word_1_38' title='bbox 1482 619 1537 665; x_wconf 91' lang='lat' dir='ltr'><strong>et</strong></span> <span class='ocrx_word' id='word_1_39' title='bbox 1553 606 1849 664; x_wconf 78' lang='lat' dir='ltr'><strong>Pulcheriae</strong></span> 
     </span>
    </p>
   </div>
   <div class='ocr_carea' id='block_1_7' title="bbox 257 701 1849 775">
    <p class='ocr_par' dir='ltr' id='par_1_7' title="bbox 257 701 1849 775">
     <span class='ocr_line' id='line_1_7' title="bbox 257 701 1849 775; baseline -0.006 -15"><span class='ocrx_word' id='word_1_40' title='bbox 257 709 518 775; x_wconf 58' lang='lat' dir='ltr'><strong>Augusta</strong></span> <span class='ocrx_word' id='word_1_41' title='bbox 548 702 741 775; x_wconf 81' lang='lat' dir='ltr'><strong>(Epist.</strong></span> <span class='ocrx_word' id='word_1_42' title='bbox 776 704 844 758; x_wconf 76' lang='grc'><strong>’14</strong></span> <span class='ocrx_word' id='word_1_43' title='bbox 869 712 918 757; x_wconf 79' lang='lat' dir='ltr'><strong>et</strong></span> <span class='ocrx_word' id='word_1_44' title='bbox 959 702 1078 774; x_wconf 73' lang='grc' dir='ltr'><strong>τὸ),</strong></span> <span class='ocrx_word' id='word_1_45' title='bbox 1115 717 1247 772; x_wconf 87' lang='lat' dir='ltr'><strong>quas</strong></span> <span class='ocrx_word' id='word_1_46' title='bbox 1270 701 1525 771; x_wconf 82' lang='lat' dir='ltr'><strong>epistolas</strong></span> <span class='ocrx_word' id='word_1_47' title='bbox 1550 711 1849 754; x_wconf 86' lang='lat' dir='ltr'><strong>memorare</strong></span> 
     </span>
    </p>
   </div>
   <div class='ocr_carea' id='block_1_8' title="bbox 258 788 1850 866">
    <p class='ocr_par' dir='ltr' id='par_1_8' title="bbox 258 788 1850 866">
     <span class='ocr_line' id='line_1_8' title="bbox 258 788 1850 866; baseline -0.005 -14"><span class='ocrx_word' id='word_1_48' title='bbox 258 796 576 866; x_wconf 75' lang='lat' dir='ltr'><strong>perlongum</strong></span> <span class='ocrx_word' id='word_1_49' title='bbox 605 803 713 863; x_wconf 88' lang='lat' dir='ltr'><strong>est,</strong></span> <span class='ocrx_word' id='word_1_50' title='bbox 764 809 871 849; x_wconf 93' lang='lat' dir='ltr'><strong>non</strong></span> <span class='ocrx_word' id='word_1_51' title='bbox 901 794 968 849; x_wconf 86' lang='lat' dir='ltr'><strong>de</strong></span> <span class='ocrx_word' id='word_1_52' title='bbox 998 794 1102 849; x_wconf 89' lang='lat' dir='ltr'><strong>alia</strong></span> <span class='ocrx_word' id='word_1_53' title='bbox 1144 809 1305 850; x_wconf 89' lang='lat' dir='ltr'><strong>causa</strong></span> <span class='ocrx_word' id='word_1_54' title='bbox 1333 794 1700 863; x_wconf 84' lang='lat' dir='ltr'><strong>conqueritur.</strong></span> <span class='ocrx_word' id='word_1_55' title='bbox 1745 788 1850 844; x_wconf 81' lang='lat' dir='ltr'><strong>Ve-</strong></span> 
     </span>
    </p>
   </div>
   <div class='ocr_carea' id='block_1_9' title="bbox 257 882 1848 959">
    <p class='ocr_par' dir='ltr' id='par_1_9' title="bbox 257 882 1848 959">
     <span class='ocr_line' id='line_1_9' title="bbox 257 882 1848 959; baseline -0.006 -16"><span class='ocrx_word' id='word_1_56' title='bbox 257 905 377 943; x_wconf 90' lang='lat' dir='ltr'><strong>rum</strong></span> <span class='ocrx_word' id='word_1_57' title='bbox 404 888 544 959; x_wconf 89' lang='lat' dir='ltr'><strong>quod</strong></span> <span class='ocrx_word' id='word_1_58' title='bbox 576 888 728 957; x_wconf 89' lang='lat' dir='ltr'><strong>pejus</strong></span> <span class='ocrx_word' id='word_1_59' title='bbox 748 895 851 951; x_wconf 89' lang='lat' dir='ltr'><strong>est,</strong></span> <span class='ocrx_word' id='word_1_60' title='bbox 880 896 935 943; x_wconf 91' lang='lat' dir='ltr'><strong>et</strong></span> <span class='ocrx_word' id='word_1_61' title='bbox 958 886 1048 941; x_wconf 88' lang='lat' dir='ltr'><strong>illa</strong></span> <span class='ocrx_word' id='word_1_62' title='bbox 1072 901 1169 956; x_wconf 90' lang='lat' dir='ltr'><strong>pro</strong></span> <span class='ocrx_word' id='word_1_63' title='bbox 1193 886 1386 957; x_wconf 79' lang='lat' dir='ltr'><strong>quibus</strong></span> <span class='ocrx_word' id='word_1_64' title='bbox 1413 886 1552 940; x_wconf 84' lang='lat' dir='ltr'><strong>dicta</strong></span> <span class='ocrx_word' id='word_1_65' title='bbox 1583 890 1710 937; x_wconf 88' lang='lat' dir='ltr'><strong>sunt</strong></span> <span class='ocrx_word' id='word_1_66' title='bbox 1734 882 1848 936; x_wconf 83' lang='lat' dir='ltr'><strong>nul-</strong></span> 
     </span>
    </p>
   </div>
   <div class='ocr_carea' id='block_1_10' title="bbox 261 974 1852 1048">
    <p class='ocr_par' dir='ltr' id='par_1_10' title="bbox 261 974 1852 1048">
     <span class='ocr_line' id='line_1_10' title="bbox 261 974 1852 1048; baseline -0.004 -15"><span class='ocrx_word' id='word_1_67' title='bbox 261 980 349 1035; x_wconf 89' lang='lat' dir='ltr'><strong>Ius</strong></span> <span class='ocrx_word' id='word_1_68' title='bbox 372 981 660 1035; x_wconf 89' lang='lat' dir='ltr'><strong>observare</strong></span> <span class='ocrx_word' id='word_1_69' title='bbox 686 978 962 1046; x_wconf 77' lang='lat' dir='ltr'><strong>dignatur,</strong></span> <span class='ocrx_word' id='word_1_70' title='bbox 993 990 1049 1034; x_wconf 91' lang='lat' dir='ltr'><strong>et</strong></span> <span class='ocrx_word' id='word_1_71' title='bbox 1068 979 1287 1047; x_wconf 88' lang='lat' dir='ltr'><strong>insuper</strong></span> <span class='ocrx_word' id='word_1_72' title='bbox 1313 992 1433 1048; x_wconf 59' lang='lat' dir='ltr'><strong>qua:</strong></span> <span class='ocrx_word' id='word_1_73' title='bbox 1457 975 1558 1030; x_wconf 88' lang='lat' dir='ltr'><strong>alia</strong></span> <span class='ocrx_word' id='word_1_74' title='bbox 1597 980 1723 1029; x_wconf 85' lang='lat' dir='ltr'><strong>sunt</strong></span> <span class='ocrx_word' id='word_1_75' title='bbox 1770 974 1852 1027; x_wconf 89' lang='lat' dir='ltr'><strong>in-</strong></span> 
     </span>
    </p>
   </div>
   <div class='ocr_carea' id='block_1_11' title="bbox 263 1066 1852 1140">
    <p class='ocr_par' dir='ltr' id='par_1_11' title="bbox 263 1066 1852 1140">
     <span class='ocr_line' id='line_1_11' title="bbox 263 1066 1852 1140; baseline -0.006 -13"><span class='ocrx_word' id='word_1_76' title='bbox 263 1073 503 1127; x_wconf 83' lang='lat' dir='ltr'><strong>tentione</strong></span> <span class='ocrx_word' id='word_1_77' title='bbox 523 1071 849 1138; x_wconf 85' lang='lat' dir='ltr'><strong>conscripta,</strong></span> <span class='ocrx_word' id='word_1_78' title='bbox 876 1071 927 1125; x_wconf 95' lang='lat' dir='ltr'><strong>in</strong></span> <span class='ocrx_word' id='word_1_79' title='bbox 964 1069 1330 1140; x_wconf 63' lang='lat' dir='ltr'><strong>praajudicium</strong></span> <span class='ocrx_word' id='word_1_80' title='bbox 1360 1067 1485 1123; x_wconf 82' lang='lat' dir='ltr'><strong>ﬁdei</strong></span> <span class='ocrx_word' id='word_1_81' title='bbox 1513 1080 1659 1123; x_wconf 67' lang='lat' dir='ltr'><strong>steva</strong></span> <span class='ocrx_word' id='word_1_82' title='bbox 1685 1066 1852 1121; x_wconf 88' lang='lat' dir='ltr'><strong>inter-</strong></span> 
     </span>
    </p>
   </div>
   <div class='ocr_carea' id='block_1_12' title="bbox 262 1156 1849 1236">
    <p class='ocr_par' dir='ltr' id='par_1_12' title="bbox 262 1156 1849 1236">
     <span class='ocr_line' id='line_1_12' title="bbox 262 1156 1849 1236; baseline -0.006 -16"><span class='ocrx_word' id='word_1_83' title='bbox 262 1165 563 1236; x_wconf 88' lang='lat' dir='ltr'><strong>pretatione</strong></span> <span class='ocrx_word' id='word_1_84' title='bbox 611 1172 911 1218; x_wconf 88' lang='lat' dir='ltr'><strong>vertuntur.</strong></span> <span class='ocrx_word' id='word_1_85' title='bbox 964 1161 1299 1217; x_wconf 83' lang='lat' dir='ltr'><strong>Contradicit</strong></span> <span class='ocrx_word' id='word_1_86' title='bbox 1342 1168 1521 1215; x_wconf 89' lang='lat' dir='ltr'><strong>autem</strong></span> <span class='ocrx_word' id='word_1_87' title='bbox 1572 1156 1849 1214; x_wconf 89' lang='lat' dir='ltr'><strong>nobiscum</strong></span> 
     </span>
    </p>
   </div>
   <div class='ocr_carea' id='block_1_13' title="bbox 264 1248 1850 1328">
    <p class='ocr_par' dir='ltr' id='par_1_13' title="bbox 264 1248 1850 1328">
     <span class='ocr_line' id='line_1_13' title="bbox 264 1248 1850 1328; baseline -0.006 -16"><span class='ocrx_word' id='word_1_88' title='bbox 264 1273 400 1328; x_wconf 87' lang='lat' dir='ltr'><strong>papa</strong></span> <span class='ocrx_word' id='word_1_89' title='bbox 453 1256 721 1321; x_wconf 82' lang='lat' dir='ltr'><strong>Gelasius,</strong></span> <span class='ocrx_word' id='word_1_90' title='bbox 757 1255 945 1310; x_wconf 90' lang='lat' dir='ltr'><strong>melior</strong></span> <span class='ocrx_word' id='word_1_91' title='bbox 982 1264 1039 1311; x_wconf 87' lang='lat' dir='ltr'><strong>et</strong></span> <span class='ocrx_word' id='word_1_92' title='bbox 1067 1252 1449 1323; x_wconf 88' lang='lat' dir='ltr'><strong>acceptabilior</strong></span> <span class='ocrx_word' id='word_1_93' title='bbox 1474 1251 1743 1306; x_wconf 90' lang='lat' dir='ltr'><strong>dictorum</strong></span> <span class='ocrx_word' id='word_1_94' title='bbox 1768 1248 1850 1303; x_wconf 89' lang='lat' dir='ltr'><strong>sui</strong></span> 
     </span>
    </p>
   </div>
   <div class='ocr_carea' id='block_1_14' title="bbox 264 1342 1851 1419">
    <p class='ocr_par' dir='ltr' id='par_1_14' title="bbox 264 1342 1851 1419">
     <span class='ocr_line' id='line_1_14' title="bbox 264 1342 1851 1419; baseline -0.006 -14"><span class='ocrx_word' id='word_1_95' title='bbox 264 1349 992 1419; x_wconf 71' lang='lat' dir='ltr'><strong>prmdecessorisinterpres,</strong></span> <span class='ocrx_word' id='word_1_96' title='bbox 1025 1349 1114 1419; x_wconf 88' lang='lat' dir='ltr'><strong>qui</strong></span> <span class='ocrx_word' id='word_1_97' title='bbox 1157 1348 1400 1403; x_wconf 87' lang='lat' dir='ltr'><strong>scribens</strong></span> <span class='ocrx_word' id='word_1_98' title='bbox 1426 1344 1690 1401; x_wconf 76' lang='lat' dir='ltr'><strong>universis</strong></span> <span class='ocrx_word' id='word_1_99' title='bbox 1731 1342 1851 1412; x_wconf 67' lang='lat' dir='ltr'><strong>epio</strong></span> 
     </span>
    </p>
   </div>
   <div class='ocr_carea' id='block_1_15' title="bbox 262 1435 1854 1511">
    <p class='ocr_par' dir='ltr' id='par_1_15' title="bbox 262 1435 1854 1511">
     <span class='ocr_line' id='line_1_15' title="bbox 262 1435 1854 1511; baseline -0.006 -15"><span class='ocrx_word' id='word_1_100' title='bbox 262 1442 443 1511; x_wconf 82' lang='lat' dir='ltr'><strong>scopis</strong></span> <span class='ocrx_word' id='word_1_101' title='bbox 476 1456 572 1511; x_wconf 91' lang='lat' dir='ltr'><strong>per</strong></span> <span class='ocrx_word' id='word_1_102' title='bbox 597 1441 926 1495; x_wconf 70' lang='lat' dir='ltr'><strong>Dardaniam</strong></span> <span class='ocrx_word' id='word_1_103' title='bbox 950 1438 1277 1503; x_wconf 76' lang='lat' dir='ltr'><strong>conStitntis,</strong></span> <span class='ocrx_word' id='word_1_104' title='bbox 1305 1453 1367 1492; x_wconf 87' lang='lat' dir='ltr'><strong>ea</strong></span> <span class='ocrx_word' id='word_1_105' title='bbox 1394 1452 1512 1509; x_wconf 66' lang='lat' dir='ltr'><strong>qum</strong></span> <span class='ocrx_word' id='word_1_106' title='bbox 1532 1435 1854 1492; x_wconf 86' lang='lat' dir='ltr'><strong>memoravi-</strong></span> 
     </span>
    </p>
   </div>
   <div class='ocr_carea' id='block_1_16' title="bbox 265 1525 1853 1599">
    <p class='ocr_par' dir='ltr' id='par_1_16' title="bbox 265 1525 1853 1599">
     <span class='ocr_line' id='line_1_16' title="bbox 265 1525 1853 1599; baseline -0.004 -12"><span class='ocrx_word' id='word_1_107' title='bbox 265 1548 409 1599; x_wconf 87' lang='lat' dir='ltr'><strong>mus,</strong></span> <span class='ocrx_word' id='word_1_108' title='bbox 444 1546 549 1588; x_wconf 90' lang='lat' dir='ltr'><strong>non</strong></span> <span class='ocrx_word' id='word_1_109' title='bbox 579 1532 645 1586; x_wconf 87' lang='lat' dir='ltr'><strong>ad</strong></span> <span class='ocrx_word' id='word_1_110' title='bbox 678 1532 1096 1586; x_wconf 78' lang='lat' dir='ltr'><strong>destructionem</strong></span> <span class='ocrx_word' id='word_1_111' title='bbox 1124 1530 1406 1585; x_wconf 68' lang='lat' dir='ltr'><strong>sententia:</strong></span> <span class='ocrx_word' id='word_1_112' title='bbox 1431 1541 1596 1597; x_wconf 88' lang='lat' dir='ltr'><strong>super</strong></span> <span class='ocrx_word' id='word_1_113' title='bbox 1626 1525 1853 1596; x_wconf 85' lang='lat' dir='ltr'><strong>epistola</strong></span> 
     </span>
    </p>
   </div>
   <div class='ocr_carea' id='block_1_17' title="bbox 265 1618 1853 1692">
    <p class='ocr_par' dir='ltr' id='par_1_17' title="bbox 265 1618 1853 1692">
     <span class='ocr_line' id='line_1_17' title="bbox 265 1618 1853 1692; baseline -0.006 -12"><span class='ocrx_word' id='word_1_114' title='bbox 265 1625 371 1680; x_wconf 67' lang='lat' dir='ltr'><strong>line</strong></span> <span class='ocrx_word' id='word_1_115' title='bbox 395 1626 651 1692; x_wconf 71' lang='lat' dir='ltr'><strong>profane,</strong></span> <span class='ocrx_word' id='word_1_116' title='bbox 681 1624 773 1678; x_wconf 90' lang='lat' dir='ltr'><strong>sed</strong></span> <span class='ocrx_word' id='word_1_117' title='bbox 804 1623 868 1678; x_wconf 91' lang='lat' dir='ltr'><strong>ad</strong></span> <span class='ocrx_word' id='word_1_118' title='bbox 892 1623 1246 1678; x_wconf 79' lang='lat' dir='ltr'><strong>coercendam</strong></span> <span class='ocrx_word' id='word_1_119' title='bbox 1276 1618 1853 1688; x_wconf 64' lang='lat' dir='ltr'><strong>Constantinopolitini</strong></span> 
     </span>
    </p>
   </div>
   <div class='ocr_carea' id='block_1_18' title="bbox 262 1710 1855 1786">
    <p class='ocr_par' dir='ltr' id='par_1_18' title="bbox 262 1710 1855 1786">
     <span class='ocr_line' id='line_1_18' title="bbox 262 1710 1855 1786; baseline -0.006 -17"><span class='ocrx_word' id='word_1_120' title='bbox 262 1715 499 1785; x_wconf 82' lang='lat' dir='ltr'><strong>episcOpi</strong></span> <span class='ocrx_word' id='word_1_121' title='bbox 523 1718 1017 1786; x_wconf 58' lang='lat' dir='ltr'><strong>praesumptionem,</strong></span> <span class='ocrx_word' id='word_1_122' title='bbox 1044 1728 1075 1768; x_wconf 89' lang='lat' dir='ltr'><strong>a</strong></span> <span class='ocrx_word' id='word_1_123' title='bbox 1099 1712 1257 1768; x_wconf 90' lang='lat' dir='ltr'><strong>beato</strong></span> <span class='ocrx_word' id='word_1_124' title='bbox 1287 1712 1467 1765; x_wconf 87' lang='lat' dir='ltr'><strong>Leone</strong></span> <span class='ocrx_word' id='word_1_125' title='bbox 1506 1710 1703 1778; x_wconf 87' lang='lat' dir='ltr'><strong>scripta</strong></span> <span class='ocrx_word' id='word_1_126' title='bbox 1735 1720 1855 1761; x_wconf 84' lang='lat' dir='ltr'><strong>esse</strong></span> 
     </span>
    </p>
   </div>
   <div class='ocr_carea' id='block_1_19' title="bbox 1954 514 3539 588">
    <p class='ocr_par' dir='ltr' id='par_1_19' title="bbox 1954 514 3539 588">
     <span class='ocr_line' id='line_1_19' title="bbox 1954 514 3539 588; baseline 0.011 -24"><span class='ocrx_word' id='word_1_127' title='bbox 1954 514 2273 581; x_wconf 87' lang='lat' dir='ltr'><strong>interpretes</strong></span> <span class='ocrx_word' id='word_1_128' title='bbox 2298 514 2642 583; x_wconf 87' lang='lat' dir='ltr'><strong>refellantur;</strong></span> <span class='ocrx_word' id='word_1_129' title='bbox 2673 518 2766 572; x_wconf 89' lang='lat' dir='ltr'><strong>sed</strong></span> <span class='ocrx_word' id='word_1_130' title='bbox 2786 518 3138 588; x_wconf 73' lang='lat' dir='ltr'><strong>indicavimus</strong></span> <span class='ocrx_word' id='word_1_131' title='bbox 3166 521 3303 579; x_wconf 87' lang='lat' dir='ltr'><strong>hanc</strong></span> <span class='ocrx_word' id='word_1_132' title='bbox 3330 540 3494 581; x_wconf 86' lang='lat' dir='ltr'><strong>unam</strong></span> <span class='ocrx_word' id='word_1_133' title='bbox 3512 526 3539 559; x_wconf 76' lang='grc'>⁸</span> 
     </span>
    </p>
   </div>
   <div class='ocr_carea' id='block_1_20' title="bbox 1950 603 3538 677">
    <p class='ocr_par' dir='ltr' id='par_1_20' title="bbox 1950 603 3538 677">
     <span class='ocr_line' id='line_1_20' title="bbox 1950 603 3538 677; baseline 0.009 -20"><span class='ocrx_word' id='word_1_134' title='bbox 1950 603 2118 657; x_wconf 87' lang='lat' dir='ltr'><strong>solam</strong></span> <span class='ocrx_word' id='word_1_135' title='bbox 2147 618 2325 661; x_wconf 54' lang='lat' dir='ltr'><strong>causa)</strong></span> <span class='ocrx_word' id='word_1_136' title='bbox 2350 605 2618 662; x_wconf 83' lang='lat' dir='ltr'><strong>sufficere.</strong></span> <span class='ocrx_word' id='word_1_137' title='bbox 2672 608 2865 664; x_wconf 74' lang='lat' dir='ltr'><strong>Verum</strong></span> <span class='ocrx_word' id='word_1_138' title='bbox 2892 622 3029 677; x_wconf 84' lang='lat' dir='ltr'><strong>esto,</strong></span> <span class='ocrx_word' id='word_1_139' title='bbox 3059 615 3282 671; x_wconf 89' lang='lat' dir='ltr'><strong>semotis</strong></span> <span class='ocrx_word' id='word_1_140' title='bbox 3309 614 3394 671; x_wconf 88' lang='lat' dir='ltr'><strong>bis</strong></span> <span class='ocrx_word' id='word_1_141' title='bbox 3418 630 3538 671; x_wconf 88' lang='lat' dir='ltr'><strong>om-</strong></span> 
     </span>
    </p>
   </div>
   <div class='ocr_carea' id='block_1_21' title="bbox 1952 698 3540 781">
    <p class='ocr_par' dir='ltr' id='par_1_21' title="bbox 1952 698 3540 781">
     <span class='ocr_line' id='line_1_21' title="bbox 1952 698 3540 781; baseline 0.008 -30"><span class='ocrx_word' id='word_1_142' title='bbox 1952 698 2129 765; x_wconf 89' lang='lat' dir='ltr'><strong>nibus,</strong></span> <span class='ocrx_word' id='word_1_143' title='bbox 2156 707 2373 769; x_wconf 90' lang='lat' dir='ltr'><strong>putetur</strong></span> <span class='ocrx_word' id='word_1_144' title='bbox 2392 699 2503 757; x_wconf 89' lang='lat' dir='ltr'><strong>Leo</strong></span> <span class='ocrx_word' id='word_1_145' title='bbox 2528 700 2805 770; x_wconf 82' lang='lat' dir='ltr'><strong>Romanis,</strong></span> <span class='ocrx_word' id='word_1_146' title='bbox 2845 705 2911 760; x_wconf 91' lang='lat' dir='ltr'><strong>ad</strong></span> <span class='ocrx_word' id='word_1_147' title='bbox 2940 706 3320 765; x_wconf 82' lang='lat' dir='ltr'><strong>destruendam</strong></span> <span class='ocrx_word' id='word_1_148' title='bbox 3350 711 3540 781; x_wconf 82' lang='lat' dir='ltr'><strong>synodi</strong></span> 
     </span>
    </p>
   </div>
   <div class='ocr_carea' id='block_1_22' title="bbox 1950 789 3539 870">
    <p class='ocr_par' dir='ltr' id='par_1_22' title="bbox 1950 789 3539 870">
     <span class='ocr_line' id='line_1_22' title="bbox 1950 789 3539 870; baseline 0.009 -27"><span class='ocrx_word' id='word_1_149' title='bbox 1950 805 2113 858; x_wconf 89' lang='lat' dir='ltr'><strong>super</strong></span> <span class='ocrx_word' id='word_1_150' title='bbox 2148 789 2373 857; x_wconf 85' lang='lat' dir='ltr'><strong>epistola</strong></span> <span class='ocrx_word' id='word_1_151' title='bbox 2401 791 2508 847; x_wconf 75' lang='lat' dir='ltr'><strong>lbze</strong></span> <span class='ocrx_word' id='word_1_152' title='bbox 2536 795 2856 851; x_wconf 69' lang='lat' dir='ltr'><strong>sententiam</strong></span> <span class='ocrx_word' id='word_1_153' title='bbox 2884 797 2973 852; x_wconf 83' lang='lat' dir='ltr'><strong>illa</strong></span> <span class='ocrx_word' id='word_1_154' title='bbox 3003 800 3224 857; x_wconf 76' lang='lat' dir='ltr'><strong>dixisse.</strong></span> <span class='ocrx_word' id='word_1_155' title='bbox 3263 802 3539 870; x_wconf 87' lang='lat' dir='ltr'><strong>Quomodo</strong></span> 
     </span>
    </p>
   </div>
   <div class='ocr_carea' id='block_1_23' title="bbox 1951 882 3536 967">
    <p class='ocr_par' dir='ltr' id='par_1_23' title="bbox 1951 882 3536 967">
     <span class='ocr_line' id='line_1_23' title="bbox 1951 882 3536 967; baseline 0.011 -32"><span class='ocrx_word' id='word_1_156' title='bbox 1951 896 2082 951; x_wconf 76' lang='lat' dir='ltr'><strong>ergo</strong></span> <span class='ocrx_word' id='word_1_157' title='bbox 2125 882 2249 939; x_wconf 89' lang='lat' dir='ltr'><strong>hinc</strong></span> <span class='ocrx_word' id='word_1_158' title='bbox 2274 885 2512 955; x_wconf 84' lang='lat' dir='ltr'><strong>synodus</strong></span> <span class='ocrx_word' id='word_1_159' title='bbox 2560 890 2928 959; x_wconf 81' lang='lat' dir='ltr'><strong>excusabitur,</strong></span> <span class='ocrx_word' id='word_1_160' title='bbox 2960 910 3081 963; x_wconf 60' lang='lat' dir='ltr'><strong>quae</strong></span> <span class='ocrx_word' id='word_1_161' title='bbox 3105 907 3160 950; x_wconf 90' lang='lat' dir='ltr'><strong>et</strong></span> <span class='ocrx_word' id='word_1_162' title='bbox 3187 898 3456 967; x_wconf 86' lang='lat' dir='ltr'><strong>recepisse</strong></span> <span class='ocrx_word' id='word_1_163' title='bbox 3482 897 3536 953; x_wconf 80' lang='lat' dir='ltr'><strong>il-</strong></span> 
     </span>
    </p>
   </div>
   <div class='ocr_carea' id='block_1_24' title="bbox 1954 974 3540 1053">
    <p class='ocr_par' dir='ltr' id='par_1_24' title="bbox 1954 974 3540 1053">
     <span class='ocr_line' id='line_1_24' title="bbox 1954 974 3540 1053; baseline 0.012 -27"><span class='ocrx_word' id='word_1_164' title='bbox 1954 974 2057 1028; x_wconf 87' lang='lat' dir='ltr'><strong>lam</strong></span> <span class='ocrx_word' id='word_1_165' title='bbox 2088 977 2395 1043; x_wconf 82' lang='lat' dir='ltr'><strong>epistolam,</strong></span> <span class='ocrx_word' id='word_1_166' title='bbox 2445 977 2588 1047; x_wconf 90' lang='lat' dir='ltr'><strong>quod</strong></span> <span class='ocrx_word' id='word_1_167' title='bbox 2639 980 2775 1036; x_wconf 81' lang='lat' dir='ltr'><strong>false</strong></span> <span class='ocrx_word' id='word_1_168' title='bbox 2804 992 3051 1053; x_wconf 77' lang='lat' dir='ltr'><strong>negatum</strong></span> <span class='ocrx_word' id='word_1_169' title='bbox 3097 997 3199 1052; x_wconf 86' lang='lat' dir='ltr'><strong>est,</strong></span> <span class='ocrx_word' id='word_1_170' title='bbox 3232 998 3285 1042; x_wconf 90' lang='lat' dir='ltr'><strong>et</strong></span> <span class='ocrx_word' id='word_1_171' title='bbox 3326 1005 3430 1044; x_wconf 90' lang='lat' dir='ltr'><strong>non</strong></span> <span class='ocrx_word' id='word_1_172' title='bbox 3458 988 3540 1045; x_wconf 71' lang='lat' dir='ltr'><strong>de</strong></span> 
     </span>
    </p>
   </div>
   <div class='ocr_carea' id='block_1_25' title="bbox 1953 1062 3545 1141">
    <p class='ocr_par' dir='ltr' id='par_1_25' title="bbox 1953 1062 3545 1141">
     <span class='ocr_line' id='line_1_25' title="bbox 1953 1062 3545 1141; baseline 0.012 -25"><span class='ocrx_word' id='word_1_173' title='bbox 1953 1062 2139 1120; x_wconf 88' lang='lat' dir='ltr'><strong>buisse</strong></span> <span class='ocrx_word' id='word_1_174' title='bbox 2186 1066 2426 1136; x_wconf 87' lang='lat' dir='ltr'><strong>recipere</strong></span> <span class='ocrx_word' id='word_1_175' title='bbox 2465 1068 2645 1124; x_wconf 86' lang='lat' dir='ltr'><strong>Leone</strong></span> <span class='ocrx_word' id='word_1_176' title='bbox 2691 1072 3120 1141; x_wconf 83' lang='lat' dir='ltr'><strong>reprehendente</strong></span> <span class='ocrx_word' id='word_1_177' title='bbox 3167 1078 3545 1135; x_wconf 78' lang='lat' dir='ltr'><strong>convincituri</strong></span> 
     </span>
    </p>
   </div>
   <div class='ocr_carea' id='block_1_26' title="bbox 1952 1155 3544 1241">
    <p class='ocr_par' dir='ltr' id='par_1_26' title="bbox 1952 1155 3544 1241">
     <span class='ocr_line' id='line_1_26' title="bbox 1952 1155 3544 1241; baseline 0.012 -33"><span class='ocrx_word' id='word_1_178' title='bbox 1952 1155 2216 1221; x_wconf 85' lang='lat' dir='ltr'><strong>Quocirca</strong></span> <span class='ocrx_word' id='word_1_179' title='bbox 2245 1157 2291 1213; x_wconf 89' lang='lat' dir='ltr'><strong>si</strong></span> <span class='ocrx_word' id='word_1_180' title='bbox 2311 1157 2387 1213; x_wconf 89' lang='lat' dir='ltr'><strong>ita</strong></span> <span class='ocrx_word' id='word_1_181' title='bbox 2408 1159 2739 1230; x_wconf 89' lang='lat' dir='ltr'><strong>accipiantur</strong></span> <span class='ocrx_word' id='word_1_182' title='bbox 2765 1162 3071 1232; x_wconf 92' lang='lat' dir='ltr'><strong>bujusmodi</strong></span> <span class='ocrx_word' id='word_1_183' title='bbox 3093 1169 3253 1223; x_wconf 86' lang='lat' dir='ltr'><strong>verba</strong></span> <span class='ocrx_word' id='word_1_184' title='bbox 3272 1185 3391 1240; x_wconf 80' lang='lat' dir='ltr'><strong>quae</strong></span> <span class='ocrx_word' id='word_1_185' title='bbox 3418 1185 3544 1241; x_wconf 90' lang='lat' dir='ltr'><strong>pro-</strong></span> 
     </span>
    </p>
   </div>
   <div class='ocr_carea' id='block_1_27' title="bbox 1954 1246 3547 1332">
    <p class='ocr_par' dir='ltr' id='par_1_27' title="bbox 1954 1246 3547 1332">
     <span class='ocr_line' id='line_1_27' title="bbox 1954 1246 3547 1332; baseline 0.011 -31"><span class='ocrx_word' id='word_1_186' title='bbox 1954 1246 2206 1305; x_wconf 90' lang='lat' dir='ltr'><strong>feruntur</strong></span> <span class='ocrx_word' id='word_1_187' title='bbox 2233 1249 2375 1307; x_wconf 89' lang='lat' dir='ltr'><strong>beati</strong></span> <span class='ocrx_word' id='word_1_188' title='bbox 2423 1251 2636 1320; x_wconf 88' lang='lat' dir='ltr'><strong>Leonis,</strong></span> <span class='ocrx_word' id='word_1_189' title='bbox 2666 1258 2850 1326; x_wconf 90' lang='lat' dir='ltr'><strong>procul</strong></span> <span class='ocrx_word' id='word_1_190' title='bbox 2878 1257 3040 1314; x_wconf 90' lang='lat' dir='ltr'><strong>dubio</strong></span> <span class='ocrx_word' id='word_1_191' title='bbox 3091 1275 3194 1315; x_wconf 93' lang='lat' dir='ltr'><strong>non</strong></span> <span class='ocrx_word' id='word_1_192' title='bbox 3221 1264 3547 1332; x_wconf 72' lang='lat' dir='ltr'><strong>repellenda:</strong></span> 
     </span>
    </p>
   </div>
   <div class='ocr_carea' id='block_1_28' title="bbox 1955 1341 3547 1422">
    <p class='ocr_par' dir='ltr' id='par_1_28' title="bbox 1955 1341 3547 1422">
     <span class='ocr_line' id='line_1_28' title="bbox 1955 1341 3547 1422; baseline 0.012 -30"><span class='ocrx_word' id='word_1_193' title='bbox 1955 1341 2285 1397; x_wconf 88' lang='lat' dir='ltr'><strong>accusationi</strong></span> <span class='ocrx_word' id='word_1_194' title='bbox 2305 1345 2517 1414; x_wconf 85' lang='lat' dir='ltr'><strong>synodi,</strong></span> <span class='ocrx_word' id='word_1_195' title='bbox 2544 1347 2637 1401; x_wconf 89' lang='lat' dir='ltr'><strong>sed</strong></span> <span class='ocrx_word' id='word_1_196' title='bbox 2667 1348 3048 1407; x_wconf 68' lang='lat' dir='ltr'><strong>confirmanda:</strong></span> <span class='ocrx_word' id='word_1_197' title='bbox 3077 1355 3358 1421; x_wconf 80' lang='lat' dir='ltr'><strong>proficient</strong></span> <span class='ocrx_word' id='word_1_198' title='bbox 3379 1372 3394 1422; x_wconf 91' lang='lat'><strong>;</strong></span> <span class='ocrx_word' id='word_1_199' title='bbox 3418 1364 3473 1412; x_wconf 92' lang='lat' dir='ltr'><strong>et</strong></span> <span class='ocrx_word' id='word_1_200' title='bbox 3497 1358 3547 1411; x_wconf 92' lang='lat' dir='ltr'><strong>si</strong></span> 
     </span>
    </p>
   </div>
   <div class='ocr_carea' id='block_1_29' title="bbox 1955 1430 3550 1514">
    <p class='ocr_par' dir='ltr' id='par_1_29' title="bbox 1955 1430 3550 1514">
     <span class='ocr_line' id='line_1_29' title="bbox 1955 1430 3550 1514; baseline 0.009 -29"><span class='ocrx_word' id='word_1_201' title='bbox 1955 1430 2270 1487; x_wconf 88' lang='lat' dir='ltr'><strong>Nestoriana</strong></span> <span class='ocrx_word' id='word_1_202' title='bbox 2321 1434 2411 1490; x_wconf 90' lang='lat' dir='ltr'><strong>illa</strong></span> <span class='ocrx_word' id='word_1_203' title='bbox 2458 1435 2654 1491; x_wconf 91' lang='lat' dir='ltr'><strong>dicitur</strong></span> <span class='ocrx_word' id='word_1_204' title='bbox 2695 1439 2941 1506; x_wconf 59' lang='lat' dir='ltr'><strong>epistola,</strong></span> <span class='ocrx_word' id='word_1_205' title='bbox 2985 1441 3168 1498; x_wconf 88' lang='lat' dir='ltr'><strong>beatus</strong></span> <span class='ocrx_word' id='word_1_206' title='bbox 3197 1446 3408 1514; x_wconf 89' lang='lat' dir='ltr'><strong>quidem</strong></span> <span class='ocrx_word' id='word_1_207' title='bbox 3441 1445 3550 1502; x_wconf 91' lang='lat' dir='ltr'><strong>Leo</strong></span> 
     </span>
    </p>
   </div>
   <div class='ocr_carea' id='block_1_30' title="bbox 1958 1522 3551 1595">
    <p class='ocr_par' dir='ltr' id='par_1_30' title="bbox 1958 1522 3551 1595">
     <span class='ocr_line' id='line_1_30' title="bbox 1958 1522 3551 1595; baseline 0.01 -18"><span class='ocrx_word' id='word_1_208' title='bbox 1958 1522 2224 1593; x_wconf 88' lang='lat' dir='ltr'><strong>fortassis,</strong></span> <span class='ocrx_word' id='word_1_209' title='bbox 2258 1527 2330 1581; x_wconf 89' lang='lat' dir='ltr'><strong>uti</strong></span> <span class='ocrx_word' id='word_1_210' title='bbox 2358 1527 2466 1595; x_wconf 86' lang='lat' dir='ltr'><strong>jam</strong></span> <span class='ocrx_word' id='word_1_211' title='bbox 2517 1529 2715 1585; x_wconf 90' lang='lat' dir='ltr'><strong>dictum</strong></span> <span class='ocrx_word' id='word_1_212' title='bbox 2745 1541 2845 1595; x_wconf 84' lang='lat' dir='ltr'><strong>eSt,</strong></span> <span class='ocrx_word' id='word_1_213' title='bbox 2896 1547 2927 1587; x_wconf 87' lang='lat' dir='ltr'><strong>a</strong></span> <span class='ocrx_word' id='word_1_214' title='bbox 2976 1533 3291 1591; x_wconf 88' lang='lat' dir='ltr'><strong>Nestoriano</strong></span> <span class='ocrx_word' id='word_1_215' title='bbox 3320 1538 3551 1593; x_wconf 81' lang='lat' dir='ltr'><strong>crimine</strong></span> 
     </span>
    </p>
   </div>
   <div class='ocr_carea' id='block_1_31' title="bbox 1959 1616 3551 1698">
    <p class='ocr_par' dir='ltr' id='par_1_31' title="bbox 1959 1616 3551 1698">
     <span class='ocr_line' id='line_1_31' title="bbox 1959 1616 3551 1698; baseline 0.008 -27"><span class='ocrx_word' id='word_1_216' title='bbox 1959 1616 2315 1683; x_wconf 86' lang='lat' dir='ltr'><strong>defendetur;</strong></span> <span class='ocrx_word' id='word_1_217' title='bbox 2346 1621 2440 1675; x_wconf 92' lang='lat' dir='ltr'><strong>sed</strong></span> <span class='ocrx_word' id='word_1_218' title='bbox 2491 1621 2648 1690; x_wconf 89' lang='lat' dir='ltr'><strong>plane</strong></span> <span class='ocrx_word' id='word_1_219' title='bbox 2686 1624 2922 1694; x_wconf 84' lang='lat' dir='ltr'><strong>synodus</strong></span> <span class='ocrx_word' id='word_1_220' title='bbox 2952 1625 3404 1683; x_wconf 87' lang='lat' dir='ltr'><strong>Chalcedonensis</strong></span> <span class='ocrx_word' id='word_1_221' title='bbox 3434 1630 3551 1698; x_wconf 91' lang='lat' dir='ltr'><strong>ipso</strong></span> 
     </span>
    </p>
   </div>
   <div class='ocr_carea' id='block_1_32' title="bbox 1969 1711 3550 1792">
    <p class='ocr_par' dir='ltr' id='par_1_32' title="bbox 1969 1711 3550 1792">
     <span class='ocr_line' id='line_1_32' title="bbox 1969 1711 3550 1792; baseline 0.008 -30"><span class='ocrx_word' id='word_1_222' title='bbox 1969 1719 2105 1765; x_wconf 90' lang='lat' dir='ltr'><strong>teste</strong></span> <span class='ocrx_word' id='word_1_223' title='bbox 2134 1711 2473 1766; x_wconf 87' lang='lat' dir='ltr'><strong>damnabitur</strong></span> <span class='ocrx_word' id='word_1_224' title='bbox 2500 1730 2513 1778; x_wconf 94' lang='lat'>;</span> <span class='ocrx_word' id='word_1_225' title='bbox 2546 1724 2703 1783; x_wconf 86' lang='lat' dir='ltr'><strong>atque</strong></span> <span class='ocrx_word' id='word_1_226' title='bbox 2726 1715 2745 1745; x_wconf 87' lang='grc'>³</span> <span class='ocrx_word' id='word_1_227' title='bbox 2776 1716 3097 1772; x_wconf 86' lang='lat' dir='ltr'><strong>videbuntur</strong></span> <span class='ocrx_word' id='word_1_228' title='bbox 3122 1720 3356 1775; x_wconf 65' lang='lat' dir='ltr'><strong>haeretici</strong></span> <span class='ocrx_word' id='word_1_229' title='bbox 3380 1720 3550 1792; x_wconf 85' lang='lat' dir='ltr'><strong>Euty-</strong></span> 
     </span>
    </p>
   </div>
   <div class='ocr_carea' id='block_1_33' title="bbox 261 1798 3550 1873">
    <p class='ocr_par' dir='ltr' id='par_1_33' title="bbox 261 1798 3550 1873">
     <span class='ocr_line' id='line_1_33' title="bbox 261 1798 3550 1873; baseline 0.001 -8"><span class='ocrx_word' id='word_1_230' title='bbox 261 1809 565 1865; x_wconf 84' lang='lat' dir='ltr'><strong>confirmat.</strong></span> <span class='ocrx_word' id='word_1_231' title='bbox 597 1806 688 1862; x_wconf 90' lang='lat' dir='ltr'><strong>Sic</strong></span> <span class='ocrx_word' id='word_1_232' title='bbox 707 1810 849 1862; x_wconf 90' lang='lat' dir='ltr'><strong>enim</strong></span> <span class='ocrx_word' id='word_1_233' title='bbox 880 1806 1009 1861; x_wconf 83' lang='lat' dir='ltr'><strong>dicit</strong></span> <span class='ocrx_word' id='word_1_234' title='bbox 1040 1823 1053 1859; x_wconf 86' lang='lat'>:</span> <span class='ocrx_word' id='word_1_235' title='bbox 1083 1824 1103 1859; x_wconf 80' lang='grc' dir='ltr'><strong>ι</strong></span> <span class='ocrx_word' id='word_1_236' title='bbox 1138 1806 1290 1861; x_wconf 85' lang='lat' dir='ltr'><strong>Sicut</strong></span> <span class='ocrx_word' id='word_1_237' title='bbox 1316 1804 1564 1873; x_wconf 83' lang='lat' dir='ltr'><strong>quamvis</strong></span> <span class='ocrx_word' id='word_1_238' title='bbox 1590 1816 1748 1870; x_wconf 80' lang='lat' dir='ltr'><strong>parva</strong></span> <span class='ocrx_word' id='word_1_239' title='bbox 1776 1798 1855 1855; x_wconf 84' lang='lat' dir='ltr'><strong>ci-</strong></span> <span class='ocrx_word' id='word_1_240' title='bbox 1885 1802 1936 1863; x_wconf 88' lang='grc' dir='ltr'><strong>Β</strong></span> <span class='ocrx_word' id='word_1_241' title='bbox 1962 1801 2139 1855; x_wconf 90' lang='lat' dir='ltr'><strong>chiani</strong></span> <span class='ocrx_word' id='word_1_242' title='bbox 2171 1818 2275 1858; x_wconf 94' lang='lat' dir='ltr'><strong>non</strong></span> <span class='ocrx_word' id='word_1_243' title='bbox 2309 1803 2576 1861; x_wconf 90' lang='lat' dir='ltr'><strong>inunerito</strong></span> <span class='ocrx_word' id='word_1_244' title='bbox 2625 1821 2683 1861; x_wconf 88' lang='lat' dir='ltr'><strong>se</strong></span> <span class='ocrx_word' id='word_1_245' title='bbox 2705 1822 2733 1860; x_wconf 90' lang='lat' dir='ltr'><strong>a</strong></span> <span class='ocrx_word' id='word_1_246' title='bbox 2766 1816 2945 1863; x_wconf 80' lang='lat' dir='ltr'><strong>nostra</strong></span> <span class='ocrx_word' id='word_1_247' title='bbox 2996 1812 3374 1868; x_wconf 85' lang='lat' dir='ltr'><strong>communione</strong></span> <span class='ocrx_word' id='word_1_248' title='bbox 3418 1814 3550 1869; x_wconf 88' lang='lat' dir='ltr'><strong>sub-</strong></span> 
     </span>
    </p>
   </div>
   <div class='ocr_carea' id='block_1_34' title="bbox 264 1894 1852 1972">
    <p class='ocr_par' dir='ltr' id='par_1_34' title="bbox 264 1894 1852 1972">
     <span class='ocr_line' id='line_1_34' title="bbox 264 1894 1852 1972; baseline -0.003 -18"><span class='ocrx_word' id='word_1_249' title='bbox 264 1903 401 1957; x_wconf 84' lang='lat' dir='ltr'><strong>vitas</strong></span> <span class='ocrx_word' id='word_1_250' title='bbox 430 1902 833 1972; x_wconf 69' lang='lat' dir='ltr'><strong>prmmgativam</strong></span> <span class='ocrx_word' id='word_1_251' title='bbox 868 1900 1152 1971; x_wconf 45' lang='lat' dir='ltr'><strong>praisentis</strong></span> <span class='ocrx_word' id='word_1_252' title='bbox 1198 1899 1347 1967; x_wconf 75' lang='lat' dir='ltr'><strong>regni</strong></span> <span class='ocrx_word' id='word_1_253' title='bbox 1380 1913 1485 1951; x_wconf 91' lang='lat' dir='ltr'><strong>non</strong></span> <span class='ocrx_word' id='word_1_254' title='bbox 1518 1894 1727 1958; x_wconf 86' lang='lat' dir='ltr'><strong>minuit,</strong></span> <span class='ocrx_word' id='word_1_255' title='bbox 1773 1895 1852 1949; x_wconf 90' lang='lat' dir='ltr'><strong>sic</strong></span> 
     </span>
    </p>
   </div>
   <div class='ocr_carea' id='block_1_35' title="bbox 262 1984 1851 2064">
    <p class='ocr_par' dir='ltr' id='par_1_35' title="bbox 262 1984 1851 2064">
     <span class='ocr_line' id='line_1_35' title="bbox 262 1984 1851 2064; baseline -0.008 -14"><span class='ocrx_word' id='word_1_256' title='bbox 262 1994 559 2064; x_wconf 81' lang='lat' dir='ltr'><strong>itnpcrialis</strong></span> <span class='ocrx_word' id='word_1_257' title='bbox 613 1994 895 2063; x_wconf 67' lang='lat' dir='ltr'><strong>praesentia</strong></span> <span class='ocrx_word' id='word_1_258' title='bbox 928 2006 1234 2047; x_wconf 88' lang='lat' dir='ltr'><strong>mensuram</strong></span> <span class='ocrx_word' id='word_1_259' title='bbox 1286 1989 1557 2058; x_wconf 88' lang='lat' dir='ltr'><strong>dispensat</strong></span> <span class='ocrx_word' id='word_1_260' title='bbox 1582 1987 1702 2041; x_wconf 90' lang='lat' dir='ltr'><strong>onis</strong></span> <span class='ocrx_word' id='word_1_261' title='bbox 1730 1984 1851 2039; x_wconf 86' lang='lat' dir='ltr'><strong>reli-</strong></span> 
     </span>
    </p>
   </div>
   <div class='ocr_carea' id='block_1_36' title="bbox 263 2080 1855 2157">
    <p class='ocr_par' dir='ltr' id='par_1_36' title="bbox 263 2080 1855 2157">
     <span class='ocr_line' id='line_1_36' title="bbox 263 2080 1855 2157; baseline -0.006 -18"><span class='ocrx_word' id='word_1_262' title='bbox 263 2086 429 2157; x_wconf 61' lang='lat' dir='ltr'><strong>giosae</strong></span> <span class='ocrx_word' id='word_1_263' title='bbox 461 2100 563 2139; x_wconf 92' lang='lat' dir='ltr'><strong>non</strong></span> <span class='ocrx_word' id='word_1_264' title='bbox 595 2093 784 2139; x_wconf 89' lang='lat' dir='ltr'><strong>mutat.</strong></span> <span class='ocrx_word' id='word_1_265' title='bbox 813 2084 901 2139; x_wconf 89' lang='lat' dir='ltr'><strong>Sic</strong></span> <span class='ocrx_word' id='word_1_266' title='bbox 950 2085 1091 2138; x_wconf 88' lang='lat' dir='ltr'><strong>clara</strong></span> <span class='ocrx_word' id='word_1_267' title='bbox 1123 2083 1252 2137; x_wconf 90' lang='lat' dir='ltr'><strong>urbs</strong></span> <span class='ocrx_word' id='word_1_268' title='bbox 1298 2080 1387 2134; x_wconf 89' lang='lat' dir='ltr'><strong>illa</strong></span> <span class='ocrx_word' id='word_1_269' title='bbox 1427 2086 1691 2148; x_wconf 87' lang='lat' dir='ltr'><strong>potestate</strong></span> <span class='ocrx_word' id='word_1_270' title='bbox 1720 2090 1855 2146; x_wconf 83' lang='lat' dir='ltr'><strong>prae-</strong></span> 
     </span>
    </p>
   </div>
   <div class='ocr_carea' id='block_1_37' title="bbox 263 2171 1855 2244">
    <p class='ocr_par' dir='ltr' id='par_1_37' title="bbox 263 2171 1855 2244">
     <span class='ocr_line' id='line_1_37' title="bbox 263 2171 1855 2244; baseline -0.006 -12"><span class='ocrx_word' id='word_1_271' title='bbox 263 2178 433 2232; x_wconf 89' lang='lat' dir='ltr'><strong>sentis</strong></span> <span class='ocrx_word' id='word_1_272' title='bbox 480 2177 709 2241; x_wconf 59' lang='lat' dir='ltr'><strong>impersi,</strong></span> <span class='ocrx_word' id='word_1_273' title='bbox 738 2176 924 2244; x_wconf 78' lang='lat' dir='ltr'><strong>religio</strong></span> <span class='ocrx_word' id='word_1_274' title='bbox 953 2175 1055 2230; x_wconf 90' lang='lat' dir='ltr'><strong>sub</strong></span> <span class='ocrx_word' id='word_1_275' title='bbox 1092 2172 1280 2229; x_wconf 89' lang='lat' dir='ltr'><strong>eadem</strong></span> <span class='ocrx_word' id='word_1_276' title='bbox 1309 2180 1333 2210; x_wconf 75' lang='grc'><strong><em>⁸</em></strong></span> <span class='ocrx_word' id='word_1_277' title='bbox 1364 2182 1491 2227; x_wconf 90' lang='lat' dir='ltr'><strong>tunc</strong></span> <span class='ocrx_word' id='word_1_278' title='bbox 1522 2171 1698 2234; x_wconf 86' lang='lat' dir='ltr'><strong>firma,</strong></span> <span class='ocrx_word' id='word_1_279' title='bbox 1731 2178 1855 2223; x_wconf 91' lang='lat' dir='ltr'><strong>tunc</strong></span> 
     </span>
    </p>
   </div>
   <div class='ocr_carea' id='block_1_38' title="bbox 264 2260 1854 2335">
    <p class='ocr_par' dir='ltr' id='par_1_38' title="bbox 264 2260 1854 2335">
     <span class='ocr_line' id='line_1_38' title="bbox 264 2260 1854 2335; baseline -0.004 -15"><span class='ocrx_word' id='word_1_280' title='bbox 264 2266 456 2333; x_wconf 87' lang='lat' dir='ltr'><strong>libera,</strong></span> <span class='ocrx_word' id='word_1_281' title='bbox 490 2274 616 2321; x_wconf 88' lang='lat' dir='ltr'><strong>tunc</strong></span> <span class='ocrx_word' id='word_1_282' title='bbox 641 2276 893 2335; x_wconf 86' lang='lat' dir='ltr'><strong>provectu</strong></span> <span class='ocrx_word' id='word_1_283' title='bbox 922 2265 1187 2332; x_wconf 88' lang='lat' dir='ltr'><strong>consistit,</strong></span> <span class='ocrx_word' id='word_1_284' title='bbox 1212 2264 1259 2320; x_wconf 89' lang='lat' dir='ltr'><strong>si</strong></span> <span class='ocrx_word' id='word_1_285' title='bbox 1290 2263 1466 2333; x_wconf 86' lang='lat' dir='ltr'><strong>potius</strong></span> <span class='ocrx_word' id='word_1_286' title='bbox 1488 2260 1592 2316; x_wconf 82' lang='lat' dir='ltr'><strong>hoc</strong></span> <span class='ocrx_word' id='word_1_287' title='bbox 1619 2275 1854 2330; x_wconf 73' lang='lat' dir='ltr'><strong>prmsen-</strong></span> 
     </span>
    </p>
   </div>
   <div class='ocr_carea' id='block_1_39' title="bbox 265 2354 1850 2430">
    <p class='ocr_par' dir='ltr' id='par_1_39' title="bbox 265 2354 1850 2430">
     <span class='ocr_line' id='line_1_39' title="bbox 265 2354 1850 2430; baseline -0.006 -16"><span class='ocrx_word' id='word_1_288' title='bbox 265 2369 319 2416; x_wconf 91' lang='lat' dir='ltr'><strong>te</strong></span> <span class='ocrx_word' id='word_1_289' title='bbox 373 2359 643 2430; x_wconf 78' lang='lat' dir='ltr'><strong>propriam</strong></span> <span class='ocrx_word' id='word_1_290' title='bbox 678 2366 861 2413; x_wconf 90' lang='lat' dir='ltr'><strong>teneat</strong></span> <span class='ocrx_word' id='word_1_291' title='bbox 889 2358 1005 2411; x_wconf 90' lang='lat' dir='ltr'><strong>sine</strong></span> <span class='ocrx_word' id='word_1_292' title='bbox 1030 2357 1137 2411; x_wconf 88' lang='lat' dir='ltr'><strong>ulla</strong></span> <span class='ocrx_word' id='word_1_293' title='bbox 1186 2354 1587 2426; x_wconf 80' lang='lat' dir='ltr'><strong>perturbatione</strong></span> <span class='ocrx_word' id='word_1_294' title='bbox 1633 2365 1850 2407; x_wconf 89' lang='lat' dir='ltr'><strong>mensu-</strong></span> 
     </span>
    </p>
   </div>
   <div class='ocr_carea' id='block_1_40' title="bbox 265 2445 1853 2517">
    <p class='ocr_par' dir='ltr' id='par_1_40' title="bbox 265 2445 1853 2517">
     <span class='ocr_line' id='line_1_40' title="bbox 265 2445 1853 2517; baseline -0.004 -11"><span class='ocrx_word' id='word_1_295' title='bbox 265 2464 404 2506; x_wconf 82' lang='lat' dir='ltr'><strong>ram.</strong></span> <span class='ocrx_word' id='word_1_296' title='bbox 440 2450 717 2504; x_wconf 85' lang='lat' dir='ltr'><strong>Postremo</strong></span> <span class='ocrx_word' id='word_1_297' title='bbox 743 2450 789 2503; x_wconf 92' lang='lat' dir='ltr'><strong>si</strong></span> <span class='ocrx_word' id='word_1_298' title='bbox 811 2448 911 2503; x_wconf 87' lang='lat' dir='ltr'><strong>sibi</strong></span> <span class='ocrx_word' id='word_1_299' title='bbox 933 2448 1001 2504; x_wconf 89' lang='lat' dir='ltr'><strong>de</strong></span> <span class='ocrx_word' id='word_1_300' title='bbox 1033 2446 1371 2517; x_wconf 85' lang='lat' dir='ltr'><strong>imperatoris</strong></span> <span class='ocrx_word' id='word_1_301' title='bbox 1391 2446 1671 2517; x_wconf 71' lang='lat' dir='ltr'><strong>praesentia</strong></span> <span class='ocrx_word' id='word_1_302' title='bbox 1703 2445 1853 2499; x_wconf 87' lang='lat' dir='ltr'><strong>blan-</strong></span> 
     </span>
    </p>
   </div>
   <div class='ocr_carea' id='block_1_41' title="bbox 266 2538 1854 2609">
    <p class='ocr_par' dir='ltr' id='par_1_41' title="bbox 266 2538 1854 2609">
     <span class='ocr_line' id='line_1_41' title="bbox 266 2538 1854 2609; baseline -0.002 -13"><span class='ocrx_word' id='word_1_303' title='bbox 266 2542 508 2606; x_wconf 71' lang='lat' dir='ltr'><strong>diuntur,</strong></span> <span class='ocrx_word' id='word_1_304' title='bbox 539 2550 593 2595; x_wconf 89' lang='lat' dir='ltr'><strong>et</strong></span> <span class='ocrx_word' id='word_1_305' title='bbox 619 2540 743 2595; x_wconf 85' lang='lat' dir='ltr'><strong>inde</strong></span> <span class='ocrx_word' id='word_1_306' title='bbox 774 2548 961 2609; x_wconf 80' lang='lat' dir='ltr'><strong>putant</strong></span> <span class='ocrx_word' id='word_1_307' title='bbox 990 2538 1595 2608; x_wconf 78' lang='lat' dir='ltr'><strong>Constantinopolitana:</strong></span> <span class='ocrx_word' id='word_1_308' title='bbox 1624 2538 1854 2593; x_wconf 83' lang='lat' dir='ltr'><strong>civitatis</strong></span> 
     </span>
    </p>
   </div>
   <div class='ocr_carea' id='block_1_42' title="bbox 266 2627 1857 2700">
    <p class='ocr_par' dir='ltr' id='par_1_42' title="bbox 266 2627 1857 2700">
     <span class='ocr_line' id='line_1_42' title="bbox 266 2627 1857 2700; baseline -0.002 -16"><span class='ocrx_word' id='word_1_309' title='bbox 266 2632 502 2700; x_wconf 84' lang='lat' dir='ltr'><strong>episcopi</strong></span> <span class='ocrx_word' id='word_1_310' title='bbox 527 2630 791 2698; x_wconf 80' lang='lat' dir='ltr'><strong>potiorem</strong></span> <span class='ocrx_word' id='word_1_311' title='bbox 823 2631 936 2685; x_wconf 83' lang='lat' dir='ltr'><strong>fieri</strong></span> <span class='ocrx_word' id='word_1_312' title='bbox 966 2644 1121 2700; x_wconf 91' lang='lat' dir='ltr'><strong>posse</strong></span> <span class='ocrx_word' id='word_1_313' title='bbox 1144 2642 1451 2699; x_wconf 87' lang='lat' dir='ltr'><strong>personam,</strong></span> <span class='ocrx_word' id='word_1_314' title='bbox 1477 2627 1693 2682; x_wconf 85' lang='lat' dir='ltr'><strong>audiant</strong></span> <span class='ocrx_word' id='word_1_315' title='bbox 1717 2628 1857 2682; x_wconf 79' lang='lat' dir='ltr'><strong>Mar-</strong></span> 
     </span>
    </p>
   </div>
   <div class='ocr_carea' id='block_1_43' title="bbox 264 2719 1856 2790">
    <p class='ocr_par' dir='ltr' id='par_1_43' title="bbox 264 2719 1856 2790">
     <span class='ocr_line' id='line_1_43' title="bbox 264 2719 1856 2790; baseline 0 -16"><span class='ocrx_word' id='word_1_316' title='bbox 264 2722 477 2775; x_wconf 86' lang='lat' dir='ltr'><strong>cianum</strong></span> <span class='ocrx_word' id='word_1_317' title='bbox 508 2721 747 2790; x_wconf 81' lang='lat' dir='ltr'><strong>ejusdem</strong></span> <span class='ocrx_word' id='word_1_318' title='bbox 773 2719 1069 2790; x_wconf 86' lang='lat' dir='ltr'><strong>principem</strong></span> <span class='ocrx_word' id='word_1_319' title='bbox 1096 2719 1349 2786; x_wconf 85' lang='lat' dir='ltr'><strong>civitatis,</strong></span> <span class='ocrx_word' id='word_1_320' title='bbox 1382 2728 1727 2790; x_wconf 82' lang='lat' dir='ltr'><strong>posteaquam</strong></span> <span class='ocrx_word' id='word_1_321' title='bbox 1760 2734 1856 2788; x_wconf 90' lang='lat' dir='ltr'><strong>pro</strong></span> 
     </span>
    </p>
   </div>
   <div class='ocr_carea' id='block_1_44' title="bbox 266 2807 1856 2882">
    <p class='ocr_par' dir='ltr' id='par_1_44' title="bbox 266 2807 1856 2882">
     <span class='ocr_line' id='line_1_44' title="bbox 266 2807 1856 2882; baseline -0.002 -16"><span class='ocrx_word' id='word_1_322' title='bbox 266 2821 555 2881; x_wconf 78' lang='lat' dir='ltr'><strong>augmento</strong></span> <span class='ocrx_word' id='word_1_323' title='bbox 570 2807 715 2867; x_wconf 87' lang='lat' dir='ltr'><strong>urbis</strong></span> <span class='ocrx_word' id='word_1_324' title='bbox 736 2811 903 2882; x_wconf 91' lang='lat' dir='ltr'><strong>ipsius</strong></span> <span class='ocrx_word' id='word_1_325' title='bbox 922 2811 1219 2867; x_wconf 85' lang='lat' dir='ltr'><strong>sacerdotis</strong></span> <span class='ocrx_word' id='word_1_326' title='bbox 1232 2811 1558 2867; x_wconf 88' lang='lat' dir='ltr'><strong>intercessor</strong></span> <span class='ocrx_word' id='word_1_327' title='bbox 1571 2812 1856 2877; x_wconf 79' lang='lat' dir='ltr'><strong>accedens,</strong></span> 
     </span>
    </p>
   </div>
   <div class='ocr_carea' id='block_1_45' title="bbox 268 2904 1857 2974">
    <p class='ocr_par' dir='ltr' id='par_1_45' title="bbox 268 2904 1857 2974">
     <span class='ocr_line' id='line_1_45' title="bbox 268 2904 1857 2974; baseline 0.001 -17"><span class='ocrx_word' id='word_1_328' title='bbox 268 2912 457 2958; x_wconf 87' lang='lat' dir='ltr'><strong>contra</strong></span> <span class='ocrx_word' id='word_1_329' title='bbox 482 2905 692 2974; x_wconf 82' lang='lat' dir='ltr'><strong>regulas</strong></span> <span class='ocrx_word' id='word_1_330' title='bbox 714 2904 958 2959; x_wconf 88' lang='lat' dir='ltr'><strong>obtinere</strong></span> <span class='ocrx_word' id='word_1_331' title='bbox 984 2904 1112 2958; x_wconf 88' lang='lat' dir='ltr'><strong>nihil</strong></span> <span class='ocrx_word' id='word_1_332' title='bbox 1136 2904 1330 2972; x_wconf 90' lang='lat' dir='ltr'><strong>potuit,</strong></span> <span class='ocrx_word' id='word_1_333' title='bbox 1352 2912 1552 2958; x_wconf 74' lang='lat' dir='ltr'><strong>sancta:</strong></span> <span class='ocrx_word' id='word_1_334' title='bbox 1580 2904 1857 2959; x_wconf 79' lang='lat' dir='ltr'><strong>memoria:</strong></span> 
     </span>
    </p>
   </div>
   <div class='ocr_carea' id='block_1_46' title="bbox 270 2994 1857 3064">
    <p class='ocr_par' dir='ltr' id='par_1_46' title="bbox 270 2994 1857 3064">
     <span class='ocr_line' id='line_1_46' title="bbox 270 2994 1857 3064; baseline 0.001 -17"><span class='ocrx_word' id='word_1_335' title='bbox 270 3008 461 3064; x_wconf 83' lang='lat' dir='ltr'><strong>papam</strong></span> <span class='ocrx_word' id='word_1_336' title='bbox 483 2994 719 3051; x_wconf 89' lang='lat' dir='ltr'><strong>Leonem</strong></span> <span class='ocrx_word' id='word_1_337' title='bbox 748 2996 973 3049; x_wconf 82' lang='lat' dir='ltr'><strong>summis</strong></span> <span class='ocrx_word' id='word_1_338' title='bbox 1004 2995 1253 3050; x_wconf 87' lang='lat' dir='ltr'><strong>laudibus</strong></span> <span class='ocrx_word' id='word_1_339' title='bbox 1299 3004 1668 3064; x_wconf 89' lang='lat' dir='ltr'><strong>prosecutum,</strong></span> <span class='ocrx_word' id='word_1_340' title='bbox 1714 2995 1857 3064; x_wconf 88' lang='lat' dir='ltr'><strong>quod</strong></span> 
     </span>
    </p>
   </div>
   <div class='ocr_carea' id='block_1_47' title="bbox 269 3088 1855 3160">
    <p class='ocr_par' dir='ltr' id='par_1_47' title="bbox 269 3088 1855 3160">
     <span class='ocr_line' id='line_1_47' title="bbox 269 3088 1855 3160; baseline 0 -17"><span class='ocrx_word' id='word_1_341' title='bbox 269 3102 538 3143; x_wconf 86' lang='lat' dir='ltr'><strong>canonum</strong></span> <span class='ocrx_word' id='word_1_342' title='bbox 567 3088 778 3160; x_wconf 84' lang='lat' dir='ltr'><strong>regulas</strong></span> <span class='ocrx_word' id='word_1_343' title='bbox 797 3088 986 3144; x_wconf 87' lang='lat' dir='ltr'><strong>violari</strong></span> <span class='ocrx_word' id='word_1_344' title='bbox 1026 3088 1169 3144; x_wconf 89' lang='lat' dir='ltr'><strong>nulla</strong></span> <span class='ocrx_word' id='word_1_345' title='bbox 1202 3088 1361 3143; x_wconf 88' lang='lat' dir='ltr'><strong>fuerit</strong></span> <span class='ocrx_word' id='word_1_346' title='bbox 1386 3089 1592 3143; x_wconf 87' lang='lat' dir='ltr'><strong>ratione</strong></span> <span class='ocrx_word' id='word_1_347' title='bbox 1631 3103 1855 3157; x_wconf 87' lang='lat' dir='ltr'><strong>perpes-</strong></span> 
     </span>
    </p>
   </div>
   <div class='ocr_carea' id='block_1_48' title="bbox 1959 1892 3550 1974">
    <p class='ocr_par' dir='ltr' id='par_1_48' title="bbox 1959 1892 3550 1974">
     <span class='ocr_line' id='line_1_48' title="bbox 1959 1892 3550 1974; baseline 0.009 -31"><span class='ocrx_word' id='word_1_348' title='bbox 1959 1892 2227 1946; x_wconf 83' lang='lat' dir='ltr'><strong>traxisse:</strong></span> <span class='ocrx_word' id='word_1_349' title='bbox 2259 1892 2304 1946; x_wconf 89' lang='lat' dir='ltr'><strong>si</strong></span> <span class='ocrx_word' id='word_1_350' title='bbox 2347 1902 2524 1949; x_wconf 86' lang='lat' dir='ltr'><strong>tamen</strong></span> <span class='ocrx_word' id='word_1_351' title='bbox 2572 1896 2669 1965; x_wconf 91' lang='lat' dir='ltr'><strong>ipsi</strong></span> <span class='ocrx_word' id='word_1_352' title='bbox 2719 1897 2827 1965; x_wconf 84' lang='lat' dir='ltr'><strong>jam</strong></span> <span class='ocrx_word' id='word_1_353' title='bbox 2871 1898 3117 1954; x_wconf 87' lang='lat' dir='ltr'><strong>dicentur</strong></span> <span class='ocrx_word' id='word_1_354' title='bbox 3146 1900 3406 1970; x_wconf 73' lang='lat' dir='ltr'><strong>hzeretici,</strong></span> <span class='ocrx_word' id='word_1_355' title='bbox 3455 1906 3550 1974; x_wconf 90' lang='lat' dir='ltr'><strong>qui</strong></span> 
     </span>
    </p>
   </div>
   <div class='ocr_carea' id='block_1_49' title="bbox 1933 1981 3544 2057">
    <p class='ocr_par' dir='ltr' id='par_1_49' title="bbox 1933 1981 3544 2057">
     <span class='ocr_line' id='line_1_49' title="bbox 1933 1981 3544 2057; baseline 0.008 -22"><span class='ocrx_word' id='word_1_356' title='bbox 1933 1981 2114 2037; x_wconf 86' lang='lat' dir='ltr'><strong>.ctiam</strong></span> <span class='ocrx_word' id='word_1_357' title='bbox 2145 1982 2324 2039; x_wconf 89' lang='lat' dir='ltr'><strong>Leone</strong></span> <span class='ocrx_word' id='word_1_358' title='bbox 2352 1995 2484 2041; x_wconf 89' lang='lat' dir='ltr'><strong>teste</strong></span> <span class='ocrx_word' id='word_1_359' title='bbox 2509 1988 2936 2055; x_wconf 88' lang='lat' dir='ltr'><strong>comprobahunt</strong></span> <span class='ocrx_word' id='word_1_360' title='bbox 2971 1990 3111 2057; x_wconf 92' lang='lat' dir='ltr'><strong>quod</strong></span> <span class='ocrx_word' id='word_1_361' title='bbox 3134 1991 3445 2048; x_wconf 90' lang='lat' dir='ltr'><strong>Nestoriana</strong></span> <span class='ocrx_word' id='word_1_362' title='bbox 3470 1995 3544 2048; x_wconf 88' lang='lat' dir='ltr'><strong>sit</strong></span> 
     </span>
    </p>
   </div>
   <div class='ocr_carea' id='block_1_50' title="bbox 1953 2073 3549 2145">
    <p class='ocr_par' dir='ltr' id='par_1_50' title="bbox 1953 2073 3549 2145">
     <span class='ocr_line' id='line_1_50' title="bbox 1953 2073 3549 2145; baseline 0.011 -19"><span class='ocrx_word' id='word_1_363' title='bbox 1953 2073 2191 2143; x_wconf 89' lang='lat' dir='ltr'><strong>synodus</strong></span> <span class='ocrx_word' id='word_1_364' title='bbox 2220 2075 2239 2105; x_wconf 60' lang='grc'><strong>³</strong></span> <span class='ocrx_word' id='word_1_365' title='bbox 2270 2090 2389 2145; x_wconf 65' lang='grc' dir='ltr'><strong>(μω</strong></span> <span class='ocrx_word' id='word_1_366' title='bbox 2439 2077 2490 2131; x_wconf 92' lang='lat' dir='ltr'><strong>in</strong></span> <span class='ocrx_word' id='word_1_367' title='bbox 2539 2078 2876 2134; x_wconf 88' lang='lat' dir='ltr'><strong>confessione</strong></span> <span class='ocrx_word' id='word_1_368' title='bbox 2914 2081 3163 2137; x_wconf 78' lang='lat' dir='ltr'><strong>Sacriﬁcii</strong></span> <span class='ocrx_word' id='word_1_369' title='bbox 3217 2086 3549 2145; x_wconf 89' lang='lat' dir='ltr'><strong>nominatur.</strong></span> 
     </span>
    </p>
   </div>
   <div class='ocr_carea' id='block_1_51' title="bbox 1959 2163 3547 2245">
    <p class='ocr_par' dir='ltr' id='par_1_51' title="bbox 1959 2163 3547 2245">
     <span class='ocr_line' id='line_1_51' title="bbox 1959 2163 3547 2245; baseline 0.011 -29"><span class='ocrx_word' id='word_1_370' title='bbox 1959 2163 2244 2220; x_wconf 86' lang='lat' dir='ltr'><strong>Videamus</strong></span> <span class='ocrx_word' id='word_1_371' title='bbox 2275 2175 2451 2220; x_wconf 89' lang='lat' dir='ltr'><strong>tamen</strong></span> <span class='ocrx_word' id='word_1_372' title='bbox 2481 2168 2751 2235; x_wconf 88' lang='lat' dir='ltr'><strong>quomodo</strong></span> <span class='ocrx_word' id='word_1_373' title='bbox 2782 2171 2859 2223; x_wconf 84' lang='lat' dir='ltr'><strong>vel</strong></span> <span class='ocrx_word' id='word_1_374' title='bbox 2894 2172 3007 2239; x_wconf 88' lang='lat' dir='ltr'><strong>ipse</strong></span> <span class='ocrx_word' id='word_1_375' title='bbox 3039 2173 3225 2228; x_wconf 88' lang='lat' dir='ltr'><strong>beatus</strong></span> <span class='ocrx_word' id='word_1_376' title='bbox 3257 2175 3363 2231; x_wconf 89' lang='lat' dir='ltr'><strong>Leo</strong></span> <span class='ocrx_word' id='word_1_377' title='bbox 3393 2186 3547 2245; x_wconf 84' lang='lat' dir='ltr'><strong>pote-</strong></span> 
     </span>
    </p>
   </div>
   <div class='ocr_carea' id='block_1_52' title="bbox 1957 2253 3550 2337">
    <p class='ocr_par' dir='ltr' id='par_1_52' title="bbox 1957 2253 3550 2337">
     <span class='ocr_line' id='line_1_52' title="bbox 1957 2253 3550 2337; baseline 0.011 -30"><span class='ocrx_word' id='word_1_378' title='bbox 1957 2253 2025 2307; x_wconf 92' lang='lat' dir='ltr'><strong>rit</strong></span> <span class='ocrx_word' id='word_1_379' title='bbox 2052 2257 2452 2322; x_wconf 85' lang='lat' dir='ltr'><strong>excusari,cunt</strong></span> <span class='ocrx_word' id='word_1_380' title='bbox 2479 2258 2549 2313; x_wconf 90' lang='lat' dir='ltr'><strong>de</strong></span> <span class='ocrx_word' id='word_1_381' title='bbox 2571 2262 2687 2328; x_wconf 89' lang='lat' dir='ltr'><strong>ipso</strong></span> <span class='ocrx_word' id='word_1_382' title='bbox 2717 2276 2930 2331; x_wconf 76' lang='lat' dir='ltr'><strong>quoque</strong></span> <span class='ocrx_word' id='word_1_383' title='bbox 2961 2265 3113 2319; x_wconf 90' lang='lat' dir='ltr'><strong>nobis</strong></span> <span class='ocrx_word' id='word_1_384' title='bbox 3142 2266 3299 2322; x_wconf 82' lang='lat' dir='ltr'><strong>fuerit</strong></span> <span class='ocrx_word' id='word_1_385' title='bbox 3322 2268 3550 2337; x_wconf 85' lang='lat' dir='ltr'><strong>dictum,</strong></span> 
     </span>
    </p>
   </div>
   <div class='ocr_carea' id='block_1_53' title="bbox 1957 2344 3553 2417">
    <p class='ocr_par' dir='ltr' id='par_1_53' title="bbox 1957 2344 3553 2417">
     <span class='ocr_line' id='line_1_53' title="bbox 1957 2344 3553 2417; baseline 0.011 -18"><span class='ocrx_word' id='word_1_386' title='bbox 1957 2344 2064 2400; x_wconf 90' lang='lat' dir='ltr'><strong>Cur</strong></span> <span class='ocrx_word' id='word_1_387' title='bbox 2092 2360 2197 2401; x_wconf 85' lang='lat' dir='ltr'><strong>non</strong></span> <span class='ocrx_word' id='word_1_388' title='bbox 2228 2352 2487 2417; x_wconf 91' lang='lat' dir='ltr'><strong>promptis</strong></span> <span class='ocrx_word' id='word_1_389' title='bbox 2516 2359 2571 2405; x_wconf 89' lang='lat' dir='ltr'><strong>et</strong></span> <span class='ocrx_word' id='word_1_390' title='bbox 2600 2351 2934 2408; x_wconf 85' lang='lat' dir='ltr'><strong>evidentibus</strong></span> <span class='ocrx_word' id='word_1_391' title='bbox 2975 2358 3150 2411; x_wconf 67' lang='lat' dir='ltr'><strong>ve-bis</strong></span> <span class='ocrx_word' id='word_1_392' title='bbox 3197 2369 3400 2416; x_wconf 86' lang='lat' dir='ltr'><strong>tantum</strong></span> <span class='ocrx_word' id='word_1_393' title='bbox 3442 2364 3553 2417; x_wconf 88' lang='lat' dir='ltr'><strong>cri-</strong></span> 
     </span>
    </p>
   </div>
   <div class='ocr_carea' id='block_1_54' title="bbox 1956 2438 3551 2509">
    <p class='ocr_par' dir='ltr' id='par_1_54' title="bbox 1956 2438 3551 2509">
     <span class='ocr_line' id='line_1_54' title="bbox 1956 2438 3551 2509; baseline 0.01 -18"><span class='ocrx_word' id='word_1_394' title='bbox 1956 2451 2084 2493; x_wconf 90' lang='lat' dir='ltr'><strong>men</strong></span> <span class='ocrx_word' id='word_1_395' title='bbox 2109 2438 2317 2507; x_wconf 81' lang='lat' dir='ltr'><strong>arguit?</strong></span> <span class='ocrx_word' id='word_1_396' title='bbox 2346 2453 2441 2493; x_wconf 90' lang='lat' dir='ltr'><strong>cur</strong></span> <span class='ocrx_word' id='word_1_397' title='bbox 2470 2456 2575 2495; x_wconf 93' lang='lat' dir='ltr'><strong>non</strong></span> <span class='ocrx_word' id='word_1_398' title='bbox 2608 2451 2791 2509; x_wconf 89' lang='lat' dir='ltr'><strong>aperte</strong></span> <span class='ocrx_word' id='word_1_399' title='bbox 2820 2458 2883 2498; x_wconf 92' lang='lat' dir='ltr'><strong>ac</strong></span> <span class='ocrx_word' id='word_1_400' title='bbox 2912 2446 3190 2503; x_wconf 81' lang='lat' dir='ltr'><strong>manifeste</strong></span> <span class='ocrx_word' id='word_1_401' title='bbox 3226 2452 3551 2507; x_wconf 83' lang='lat' dir='ltr'><strong>sententiam</strong></span> 
     </span>
    </p>
   </div>
   <div class='ocr_carea' id='block_1_55' title="bbox 1958 2528 3552 2613">
    <p class='ocr_par' dir='ltr' id='par_1_55' title="bbox 1958 2528 3552 2613">
     <span class='ocr_line' id='line_1_55' title="bbox 1958 2528 3552 2613; baseline 0.01 -31"><span class='ocrx_word' id='word_1_402' title='bbox 1958 2528 2149 2599; x_wconf 84' lang='lat' dir='ltr'><strong>synodi</strong></span> <span class='ocrx_word' id='word_1_403' title='bbox 2188 2528 2559 2586; x_wconf 87' lang='lat' dir='ltr'><strong>Nestorianam</strong></span> <span class='ocrx_word' id='word_1_404' title='bbox 2605 2533 2884 2602; x_wconf 80' lang='lat' dir='ltr'><strong>epistolam</strong></span> <span class='ocrx_word' id='word_1_405' title='bbox 2930 2537 3278 2606; x_wconf 88' lang='lat' dir='ltr'><strong>approbantis</strong></span> <span class='ocrx_word' id='word_1_406' title='bbox 3309 2542 3552 2613; x_wconf 78' lang='lat' dir='ltr'><strong>infregit!</strong></span> 
     </span>
    </p>
   </div>
   <div class='ocr_carea' id='block_1_56' title="bbox 1959 2618 3554 2695">
    <p class='ocr_par' dir='ltr' id='par_1_56' title="bbox 1959 2618 3554 2695">
     <span class='ocr_line' id='line_1_56' title="bbox 1959 2618 3554 2695; baseline 0.011 -21"><span class='ocrx_word' id='word_1_407' title='bbox 1959 2618 2069 2675; x_wconf 87' lang='lat' dir='ltr'><strong>Cur</strong></span> <span class='ocrx_word' id='word_1_408' title='bbox 2096 2621 2237 2691; x_wconf 90' lang='lat' dir='ltr'><strong>quod</strong></span> <span class='ocrx_word' id='word_1_409' title='bbox 2270 2622 2337 2677; x_wconf 88' lang='lat' dir='ltr'><strong>ab</strong></span> <span class='ocrx_word' id='word_1_410' title='bbox 2367 2622 2484 2690; x_wconf 86' lang='lat' dir='ltr'><strong>ejus</strong></span> <span class='ocrx_word' id='word_1_411' title='bbox 2520 2624 2761 2693; x_wconf 83' lang='lat' dir='ltr'><strong>primum</strong></span> <span class='ocrx_word' id='word_1_412' title='bbox 2813 2626 3001 2695; x_wconf 82' lang='lat' dir='ltr'><strong>legatis</strong></span> <span class='ocrx_word' id='word_1_413' title='bbox 3035 2632 3329 2687; x_wconf 82' lang='lat' dir='ltr'><strong>nuntiatum</strong></span> <span class='ocrx_word' id='word_1_414' title='bbox 3378 2646 3463 2690; x_wconf 90' lang='lat' dir='ltr'><strong>est</strong></span> <span class='ocrx_word' id='word_1_415' title='bbox 3501 2637 3554 2692; x_wconf 91' lang='lat' dir='ltr'><strong>in</strong></span> 
     </span>
    </p>
   </div>
   <div class='ocr_carea' id='block_1_57' title="bbox 1962 2712 3560 2795">
    <p class='ocr_par' dir='ltr' id='par_1_57' title="bbox 1962 2712 3560 2795">
     <span class='ocr_line' id='line_1_57' title="bbox 1962 2712 3560 2795; baseline 0.01 -30"><span class='ocrx_word' id='word_1_416' title='bbox 1962 2727 2053 2781; x_wconf 71' lang='lat' dir='ltr'><strong>pra</strong></span> <span class='ocrx_word' id='word_1_417' title='bbox 2069 2712 2331 2783; x_wconf 91' lang='lat' dir='ltr'><strong>judicium</strong></span> <span class='ocrx_word' id='word_1_418' title='bbox 2361 2713 2508 2795; x_wconf 79' lang='lat' dir='ltr'><strong>fidei,</strong></span> <span class='ocrx_word' id='word_1_419' title='bbox 2533 2730 2639 2770; x_wconf 92' lang='lat' dir='ltr'><strong>non</strong></span> <span class='ocrx_word' id='word_1_420' title='bbox 2672 2715 2737 2769; x_wconf 84' lang='lat' dir='ltr'><strong>ita</strong></span> <span class='ocrx_word' id='word_1_421' title='bbox 2770 2718 2929 2772; x_wconf 85' lang='lat' dir='ltr'><strong>sedes</strong></span> <span class='ocrx_word' id='word_1_422' title='bbox 2957 2723 3248 2789; x_wconf 81' lang='lat' dir='ltr'><strong>apostolica</strong></span> <span class='ocrx_word' id='word_1_423' title='bbox 3274 2725 3295 2755; x_wconf 79' lang='grc'>⁸</span> <span class='ocrx_word' id='word_1_424' title='bbox 3322 2727 3560 2781; x_wconf 56' lang='lat' dir='ltr'><strong>auctori.</strong></span> 
     </span>
    </p>
   </div>
   <div class='ocr_carea' id='block_1_58' title="bbox 1964 2805 3561 2885">
    <p class='ocr_par' dir='ltr' id='par_1_58' title="bbox 1964 2805 3561 2885">
     <span class='ocr_line' id='line_1_58' title="bbox 1964 2805 3561 2885; baseline 0.007 -27"><span class='ocrx_word' id='word_1_425' title='bbox 1964 2811 2071 2858; x_wconf 85' lang='lat' dir='ltr'><strong>tate</strong></span> <span class='ocrx_word' id='word_1_426' title='bbox 2099 2818 2163 2859; x_wconf 87' lang='lat' dir='ltr'><strong>ac</strong></span> <span class='ocrx_word' id='word_1_427' title='bbox 2191 2805 2477 2860; x_wconf 91' lang='lat' dir='ltr'><strong>severitate</strong></span> <span class='ocrx_word' id='word_1_428' title='bbox 2519 2807 2811 2873; x_wconf 80' lang='lat' dir='ltr'><strong>damnavit,</strong></span> <span class='ocrx_word' id='word_1_429' title='bbox 2843 2818 2901 2863; x_wconf 87' lang='lat' dir='ltr'><strong>ut</strong></span> <span class='ocrx_word' id='word_1_430' title='bbox 2948 2810 3069 2865; x_wconf 85' lang='lat' dir='ltr'><strong>hinc</strong></span> <span class='ocrx_word' id='word_1_431' title='bbox 3120 2811 3361 2869; x_wconf 83' lang='lat' dir='ltr'><strong>Ecclesia</strong></span> <span class='ocrx_word' id='word_1_432' title='bbox 3412 2826 3561 2885; x_wconf 46' lang='lat' dir='ltr'><strong>post</strong></span> 
     </span>
    </p>
   </div>
   <div class='ocr_carea' id='block_1_59' title="bbox 1962 2896 3555 2972">
    <p class='ocr_par' dir='ltr' id='par_1_59' title="bbox 1962 2896 3555 2972">
     <span class='ocr_line' id='line_1_59' title="bbox 1962 2896 3555 2972; baseline 0.008 -22"><span class='ocrx_word' id='word_1_433' title='bbox 1962 2896 2179 2951; x_wconf 89' lang='lat' dir='ltr'><strong>modum</strong></span> <span class='ocrx_word' id='word_1_434' title='bbox 2213 2912 2317 2952; x_wconf 92' lang='lat' dir='ltr'><strong>non</strong></span> <span class='ocrx_word' id='word_1_435' title='bbox 2347 2899 2518 2967; x_wconf 89' lang='lat' dir='ltr'><strong>possit</strong></span> <span class='ocrx_word' id='word_1_436' title='bbox 2543 2899 2835 2971; x_wconf 79' lang='lat' dir='ltr'><strong>ambigere,</strong></span> <span class='ocrx_word' id='word_1_437' title='bbox 2866 2902 2964 2955; x_wconf 92' lang='lat' dir='ltr'><strong>nisi</strong></span> <span class='ocrx_word' id='word_1_438' title='bbox 2996 2904 3115 2972; x_wconf 84' lang='lat' dir='ltr'><strong>quia</strong></span> <span class='ocrx_word' id='word_1_439' title='bbox 3143 2919 3250 2960; x_wconf 91' lang='lat' dir='ltr'><strong>non</strong></span> <span class='ocrx_word' id='word_1_440' title='bbox 3279 2920 3403 2960; x_wconf 88' lang='lat' dir='ltr'><strong>vera</strong></span> <span class='ocrx_word' id='word_1_441' title='bbox 3428 2923 3555 2962; x_wconf 84' lang='lat' dir='ltr'><strong>con-</strong></span> 
     </span>
    </p>
   </div>
   <div class='ocr_carea' id='block_1_60' title="bbox 1962 2989 3569 3055">
    <p class='ocr_par' dir='ltr' id='par_1_60' title="bbox 1962 2989 3569 3055">
     <span class='ocr_line' id='line_1_60' title="bbox 1962 2989 3569 3055; baseline 0.004 -11"><span class='ocrx_word' id='word_1_442' title='bbox 1962 2989 2212 3054; x_wconf 70' lang='lat' dir='ltr'><strong>screntia,</strong></span> <span class='ocrx_word' id='word_1_443' title='bbox 2239 2990 2335 3045; x_wconf 89' lang='lat' dir='ltr'><strong>sed</strong></span> <span class='ocrx_word' id='word_1_444' title='bbox 2391 2989 2655 3046; x_wconf 84' lang='lat' dir='ltr'><strong>fallaciter</strong></span> <span class='ocrx_word' id='word_1_445' title='bbox 2707 3001 2763 3046; x_wconf 90' lang='lat' dir='ltr'><strong>et</strong></span> <span class='ocrx_word' id='word_1_446' title='bbox 2820 2994 3035 3049; x_wconf 89' lang='lat' dir='ltr'><strong>nomine</strong></span> <span class='ocrx_word' id='word_1_447' title='bbox 3086 3006 3242 3051; x_wconf 90' lang='lat' dir='ltr'><strong>tenus</strong></span> <span class='ocrx_word' id='word_1_448' title='bbox 3288 2997 3569 3055; x_wconf 86' lang='lat' dir='ltr'><strong>abdicavit.</strong></span> 
     </span>
    </p>
   </div>
   <div class='ocr_carea' id='block_1_61' title="bbox 1962 3080 3555 3159">
    <p class='ocr_par' dir='ltr' id='par_1_61' title="bbox 1962 3080 3555 3159">
     <span class='ocr_line' id='line_1_61' title="bbox 1962 3080 3555 3159; baseline 0.007 -24"><span class='ocrx_word' id='word_1_449' title='bbox 1962 3080 2291 3147; x_wconf 87' lang='lat' dir='ltr'><strong>Nestorium,</strong></span> <span class='ocrx_word' id='word_1_450' title='bbox 2308 3080 2617 3152; x_wconf 67' lang='lat' dir='ltr'><strong>prrejudicio</strong></span> <span class='ocrx_word' id='word_1_451' title='bbox 2628 3082 3305 3143; x_wconf 68' lang='lat' dir='ltr'><strong>leestinideccswrissui</strong></span> <span class='ocrx_word' id='word_1_452' title='bbox 3319 3103 3555 3159; x_wconf 63' lang='lat' dir='ltr'><strong>praeven</strong></span> 
     </span>
    </p>
   </div>
   <div class='ocr_carea' id='block_1_62' title="bbox 271 3174 3564 3251">
    <p class='ocr_par' dir='ltr' id='par_1_62' title="bbox 271 3174 3564 3251">
     <span class='ocr_line' id='line_1_62' title="bbox 271 3174 3564 3251; baseline -0.001 -15"><span class='ocrx_word' id='word_1_453' title='bbox 271 3192 382 3236; x_wconf 82' lang='lat' dir='ltr'><strong>sus.</strong></span> <span class='ocrx_word' id='word_1_454' title='bbox 438 3180 670 3236; x_wconf 70' lang='lat' dir='ltr'><strong>Audisint</strong></span> <span class='ocrx_word' id='word_1_455' title='bbox 714 3181 1016 3236; x_wconf 82' lang='lat' dir='ltr'><strong>Anatolium</strong></span> <span class='ocrx_word' id='word_1_456' title='bbox 1047 3179 1075 3229; x_wconf 72' lang='grc' dir='ltr'><strong>ιι</strong></span> <span class='ocrx_word' id='word_1_457' title='bbox 1099 3180 1337 3249; x_wconf 84' lang='lat' dir='ltr'><strong>ejusdem</strong></span> <span class='ocrx_word' id='word_1_458' title='bbox 1366 3179 1511 3236; x_wconf 87' lang='lat' dir='ltr'><strong>sedis</strong></span> <span class='ocrx_word' id='word_1_459' title='bbox 1537 3178 1854 3245; x_wconf 88' lang='lat' dir='ltr'><strong>antistitem,</strong></span> <span class='ocrx_word' id='word_1_460' title='bbox 1884 3183 1931 3242; x_wconf 73' lang='grc' dir='ltr'>ο</span> <span class='ocrx_word' id='word_1_461' title='bbox 1966 3174 2084 3229; x_wconf 80' lang='lat' dir='ltr'><strong>tus?</strong></span> <span class='ocrx_word' id='word_1_462' title='bbox 2104 3175 2355 3245; x_wconf 86' lang='lat' dir='ltr'><strong>Alioquin</strong></span> <span class='ocrx_word' id='word_1_463' title='bbox 2387 3176 2503 3245; x_wconf 89' lang='lat' dir='ltr'><strong>ejus</strong></span> <span class='ocrx_word' id='word_1_464' title='bbox 2531 3176 2724 3247; x_wconf 82' lang='lat' dir='ltr'><strong>dogma</strong></span> <span class='ocrx_word' id='word_1_465' title='bbox 2752 3178 2914 3233; x_wconf 88' lang='lat' dir='ltr'><strong>etiam</strong></span> <span class='ocrx_word' id='word_1_466' title='bbox 2944 3180 2996 3234; x_wconf 93' lang='lat' dir='ltr'><strong>in</strong></span> <span class='ocrx_word' id='word_1_467' title='bbox 3026 3179 3131 3235; x_wconf 81' lang='lat' dir='ltr'><strong>lbac</strong></span> <span class='ocrx_word' id='word_1_468' title='bbox 3157 3182 3380 3251; x_wconf 91' lang='lat' dir='ltr'><strong>epistola</strong></span> <span class='ocrx_word' id='word_1_469' title='bbox 3411 3184 3564 3239; x_wconf 82' lang='lat' dir='ltr'><strong>refu.</strong></span> 
     </span>
    </p>
   </div>
   <div class='ocr_carea' id='block_1_63' title="bbox 272 3271 1863 3342">
    <p class='ocr_par' dir='ltr' id='par_1_63' title="bbox 272 3271 1863 3342">
     <span class='ocr_line' id='line_1_63' title="bbox 272 3271 1863 3342; baseline -0.002 -15"><span class='ocrx_word' id='word_1_470' title='bbox 272 3271 473 3327; x_wconf 87' lang='lat' dir='ltr'><strong>clerum</strong></span> <span class='ocrx_word' id='word_1_471' title='bbox 507 3273 683 3341; x_wconf 90' lang='lat' dir='ltr'><strong>potius</strong></span> <span class='ocrx_word' id='word_1_472' title='bbox 723 3272 1394 3342; x_wconf 82' lang='lat' dir='ltr'><strong>Const-=ntiuopolitanum,</strong></span> <span class='ocrx_word' id='word_1_473' title='bbox 1445 3286 1605 3341; x_wconf 89' lang='lat' dir='ltr'><strong>quam</strong></span> <span class='ocrx_word' id='word_1_474' title='bbox 1636 3285 1715 3339; x_wconf 87' lang='lat' dir='ltr'><strong>se,</strong></span> <span class='ocrx_word' id='word_1_475' title='bbox 1746 3279 1863 3326; x_wconf 86' lang='lat' dir='ltr'><strong>ten-</strong></span> 
     </span>
    </p>
   </div>
   <div class='ocr_carea' id='block_1_64' title="bbox 272 3363 1863 3435">
    <p class='ocr_par' dir='ltr' id='par_1_64' title="bbox 272 3363 1863 3435">
     <span class='ocr_line' id='line_1_64' title="bbox 272 3363 1863 3435; baseline 0 -16"><span class='ocrx_word' id='word_1_476' title='bbox 272 3372 420 3421; x_wconf 86' lang='lat' dir='ltr'><strong>tasse</strong></span> <span class='ocrx_word' id='word_1_477' title='bbox 449 3364 623 3433; x_wconf 85' lang='lat' dir='ltr'><strong>qualia</strong></span> <span class='ocrx_word' id='word_1_478' title='bbox 651 3364 1014 3431; x_wconf 75' lang='lat' dir='ltr'><strong>confitentem,</strong></span> <span class='ocrx_word' id='word_1_479' title='bbox 1046 3365 1276 3435; x_wconf 87' lang='lat' dir='ltr'><strong>atquein</strong></span> <span class='ocrx_word' id='word_1_480' title='bbox 1304 3364 1588 3435; x_wconf 88' lang='lat' dir='ltr'><strong>apostolici</strong></span> <span class='ocrx_word' id='word_1_481' title='bbox 1618 3363 1863 3433; x_wconf 66' lang='lat' dir='ltr'><strong>praesulis</strong></span> 
     </span>
    </p>
   </div>
   <div class='ocr_carea' id='block_1_65' title="bbox 273 3457 1863 3528">
    <p class='ocr_par' dir='ltr' id='par_1_65' title="bbox 273 3457 1863 3528">
     <span class='ocr_line' id='line_1_65' title="bbox 273 3457 1863 3528; baseline 0 -17"><span class='ocrx_word' id='word_1_482' title='bbox 273 3464 443 3512; x_wconf 88' lang='lat' dir='ltr'><strong>totum</strong></span> <span class='ocrx_word' id='word_1_483' title='bbox 469 3457 739 3513; x_wconf 88' lang='lat' dir='ltr'><strong>dicentem</strong></span> <span class='ocrx_word' id='word_1_484' title='bbox 773 3458 1001 3528; x_wconf 90' lang='lat' dir='ltr'><strong>positum</strong></span> <span class='ocrx_word' id='word_1_485' title='bbox 1021 3468 1313 3527; x_wconf 88' lang='lat' dir='ltr'><strong>potestate:</strong></span> <span class='ocrx_word' id='word_1_486' title='bbox 1346 3457 1629 3528; x_wconf 89' lang='lat' dir='ltr'><strong>ipsumque</strong></span> <span class='ocrx_word' id='word_1_487' title='bbox 1651 3459 1863 3513; x_wconf 87' lang='lat' dir='ltr'><strong>beatum</strong></span> 
     </span>
    </p>
   </div>
   <div class='ocr_carea' id='block_1_66' title="bbox 272 3548 1861 3621">
    <p class='ocr_par' dir='ltr' id='par_1_66' title="bbox 272 3548 1861 3621">
     <span class='ocr_line' id='line_1_66' title="bbox 272 3548 1861 3621; baseline 0.002 -20"><span class='ocrx_word' id='word_1_488' title='bbox 272 3562 466 3619; x_wconf 82' lang='lat' dir='ltr'><strong>papam</strong></span> <span class='ocrx_word' id='word_1_489' title='bbox 484 3548 741 3614; x_wconf 85' lang='lat' dir='ltr'><strong>Leonem,</strong></span> <span class='ocrx_word' id='word_1_490' title='bbox 763 3550 911 3606; x_wconf 89' lang='lat' dir='ltr'><strong>sedis</strong></span> <span class='ocrx_word' id='word_1_491' title='bbox 931 3550 1239 3621; x_wconf 71' lang='lat' dir='ltr'><strong>apostolica:</strong></span> <span class='ocrx_word' id='word_1_492' title='bbox 1268 3549 1574 3621; x_wconf 55' lang='lat' dir='ltr'><strong>praesulem,</strong></span> <span class='ocrx_word' id='word_1_493' title='bbox 1594 3548 1747 3621; x_wconf 90' lang='lat' dir='ltr'><strong>cujus</strong></span> <span class='ocrx_word' id='word_1_494' title='bbox 1767 3565 1861 3621; x_wconf 83' lang='lat' dir='ltr'><strong>sy-</strong></span> 
     </span>
    </p>
   </div>
   <div class='ocr_carea' id='block_1_67' title="bbox 274 3640 1867 3710">
    <p class='ocr_par' dir='ltr' id='par_1_67' title="bbox 274 3640 1867 3710">
     <span class='ocr_line' id='line_1_67' title="bbox 274 3640 1867 3710; baseline 0 -16"><span class='ocrx_word' id='word_1_495' title='bbox 274 3640 449 3695; x_wconf 84' lang='lat' dir='ltr'><strong>nodus</strong></span> <span class='ocrx_word' id='word_1_496' title='bbox 478 3640 933 3697; x_wconf 88' lang='lat' dir='ltr'><strong>Chalcedonensis</strong></span> <span class='ocrx_word' id='word_1_497' title='bbox 972 3642 1294 3699; x_wconf 88' lang='lat' dir='ltr'><strong>auctoritate</strong></span> <span class='ocrx_word' id='word_1_498' title='bbox 1332 3641 1538 3696; x_wconf 85' lang='lat' dir='ltr'><strong>firmata</strong></span> <span class='ocrx_word' id='word_1_499' title='bbox 1564 3648 1670 3709; x_wconf 87' lang='lat' dir='ltr'><strong>est,</strong></span> <span class='ocrx_word' id='word_1_500' title='bbox 1713 3640 1867 3710; x_wconf 87' lang='lat' dir='ltr'><strong>quid-</strong></span> 
     </span>
    </p>
   </div>
   <div class='ocr_carea' id='block_1_68' title="bbox 276 3731 1868 3805">
    <p class='ocr_par' dir='ltr' id='par_1_68' title="bbox 276 3731 1868 3805">
     <span class='ocr_line' id='line_1_68' title="bbox 276 3731 1868 3805; baseline 0.001 -19"><span class='ocrx_word' id='word_1_501' title='bbox 276 3732 403 3801; x_wconf 86' lang='lat' dir='ltr'><strong>quid</strong></span> <span class='ocrx_word' id='word_1_502' title='bbox 438 3731 576 3787; x_wconf 89' lang='lat' dir='ltr'><strong>ultra</strong></span> <span class='ocrx_word' id='word_1_503' title='bbox 605 3740 763 3802; x_wconf 84' lang='lat' dir='ltr'><strong>quam</strong></span> <span class='ocrx_word' id='word_1_504' title='bbox 791 3733 860 3787; x_wconf 91' lang='lat' dir='ltr'><strong>ab</strong></span> <span class='ocrx_word' id='word_1_505' title='bbox 904 3734 1095 3789; x_wconf 85' lang='lat' dir='ltr'><strong>eodem</strong></span> <span class='ocrx_word' id='word_1_506' title='bbox 1126 3748 1226 3805; x_wconf 91' lang='lat' dir='ltr'><strong>pro</strong></span> <span class='ocrx_word' id='word_1_507' title='bbox 1256 3731 1361 3788; x_wconf 82' lang='lat' dir='ltr'><strong>fide</strong></span> <span class='ocrx_word' id='word_1_508' title='bbox 1386 3742 1442 3787; x_wconf 91' lang='lat' dir='ltr'><strong>et</strong></span> <span class='ocrx_word' id='word_1_509' title='bbox 1488 3731 1868 3788; x_wconf 88' lang='lat' dir='ltr'><strong>communione</strong></span> 
     </span>
    </p>
   </div>
   <div class='ocr_carea' id='block_1_69' title="bbox 276 3824 1871 3896">
    <p class='ocr_par' dir='ltr' id='par_1_69' title="bbox 276 3824 1871 3896">
     <span class='ocr_line' id='line_1_69' title="bbox 276 3824 1871 3896; baseline -0.001 -16"><span class='ocrx_word' id='word_1_510' title='bbox 276 3825 539 3880; x_wconf 81' lang='lat' dir='ltr'><strong>catholica</strong></span> <span class='ocrx_word' id='word_1_511' title='bbox 580 3835 739 3895; x_wconf 87' lang='lat' dir='ltr'><strong>atque</strong></span> <span class='ocrx_word' id='word_1_512' title='bbox 779 3825 1074 3895; x_wconf 79' lang='lat' dir='ltr'><strong>apostolica</strong></span> <span class='ocrx_word' id='word_1_513' title='bbox 1122 3824 1236 3880; x_wconf 93' lang='lat' dir='ltr'><strong>illic</strong></span> <span class='ocrx_word' id='word_1_514' title='bbox 1276 3824 1541 3896; x_wconf 78' lang='lat' dir='ltr'><strong>agendum</strong></span> <span class='ocrx_word' id='word_1_515' title='bbox 1598 3833 1871 3880; x_wconf 89' lang='lat' dir='ltr'><strong>constaret</strong></span> 
     </span>
    </p>
   </div>
   <div class='ocr_carea' id='block_1_70' title="bbox 279 3915 1866 3988">
    <p class='ocr_par' dir='ltr' id='par_1_70' title="bbox 279 3915 1866 3988">
     <span class='ocr_line' id='line_1_70' title="bbox 279 3915 1866 3988; baseline 0.001 -16"><span class='ocrx_word' id='word_1_516' title='bbox 279 3931 405 3972; x_wconf 86' lang='lat' dir='ltr'><strong>esse</strong></span> <span class='ocrx_word' id='word_1_517' title='bbox 426 3916 750 3988; x_wconf 72' lang='lat' dir='ltr'><strong>delegatum,</strong></span> <span class='ocrx_word' id='word_1_518' title='bbox 768 3931 861 3986; x_wconf 87' lang='lat' dir='ltr'><strong>per</strong></span> <span class='ocrx_word' id='word_1_519' title='bbox 888 3915 1224 3972; x_wconf 87' lang='lat' dir='ltr'><strong>occasionem</strong></span> <span class='ocrx_word' id='word_1_520' title='bbox 1247 3915 1675 3987; x_wconf 75' lang='lat' dir='ltr'><strong>congregationis</strong></span> <span class='ocrx_word' id='word_1_521' title='bbox 1698 3916 1866 3987; x_wconf 89' lang='lat' dir='ltr'><strong>illius,</strong></span> 
     </span>
    </p>
   </div>
   <div class='ocr_carea' id='block_1_71' title="bbox 280 4008 1872 4078">
    <p class='ocr_par' dir='ltr' id='par_1_71' title="bbox 280 4008 1872 4078">
     <span class='ocr_line' id='line_1_71' title="bbox 280 4008 1872 4078; baseline 0.001 -15"><span class='ocrx_word' id='word_1_522' title='bbox 280 4018 480 4078; x_wconf 71' lang='lat' dir='ltr'><strong>przeter</strong></span> <span class='ocrx_word' id='word_1_523' title='bbox 506 4009 753 4064; x_wconf 68' lang='lat' dir='ltr'><strong>Nicaenos</strong></span> <span class='ocrx_word' id='word_1_524' title='bbox 781 4023 1016 4065; x_wconf 88' lang='lat' dir='ltr'><strong>canones</strong></span> <span class='ocrx_word' id='word_1_525' title='bbox 1045 4013 1182 4064; x_wconf 81' lang='lat' dir='ltr'><strong>ndva</strong></span> <span class='ocrx_word' id='word_1_526' title='bbox 1211 4008 1483 4064; x_wconf 89' lang='lat' dir='ltr'><strong>videretur</strong></span> <span class='ocrx_word' id='word_1_527' title='bbox 1510 4009 1726 4064; x_wconf 86' lang='lat' dir='ltr'><strong>actione</strong></span> <span class='ocrx_word' id='word_1_528' title='bbox 1755 4018 1872 4066; x_wconf 91' lang='lat' dir='ltr'><strong>ten-</strong></span> 
     </span>
    </p>
   </div>
   <div class='ocr_carea' id='block_1_72' title="bbox 280 4100 1871 4171">
    <p class='ocr_par' dir='ltr' id='par_1_72' title="bbox 280 4100 1871 4171">
     <span class='ocr_line' id='line_1_72' title="bbox 280 4100 1871 4171; baseline 0.001 -16"><span class='ocrx_word' id='word_1_529' title='bbox 280 4109 471 4165; x_wconf 88' lang='lat' dir='ltr'><strong>tatum,</strong></span> <span class='ocrx_word' id='word_1_530' title='bbox 514 4100 835 4170; x_wconf 84' lang='lat' dir='ltr'><strong>competenti</strong></span> <span class='ocrx_word' id='word_1_531' title='bbox 880 4100 1202 4158; x_wconf 81' lang='lat' dir='ltr'><strong>refutatione</strong></span> <span class='ocrx_word' id='word_1_532' title='bbox 1246 4115 1524 4155; x_wconf 85' lang='lat' dir='ltr'><strong>vacuasse.</strong></span> <span class='ocrx_word' id='word_1_533' title='bbox 1568 4120 1587 4154; x_wconf 80' lang='grc' dir='ltr'><strong>ι</strong></span> <span class='ocrx_word' id='word_1_534' title='bbox 1622 4100 1871 4171; x_wconf 87' lang='lat' dir='ltr'><strong>Nunquid</strong></span> 
     </span>
    </p>
   </div>
   <div class='ocr_carea' id='block_1_73' title="bbox 280 4190 1872 4261">
    <p class='ocr_par' dir='ltr' id='par_1_73' title="bbox 280 4190 1872 4261">
     <span class='ocr_line' id='line_1_73' title="bbox 280 4190 1872 4261; baseline -0.001 -13"><span class='ocrx_word' id='word_1_535' title='bbox 280 4192 496 4261; x_wconf 84' lang='lat' dir='ltr'><strong>sapiens</strong></span> <span class='ocrx_word' id='word_1_536' title='bbox 522 4190 766 4248; x_wconf 88' lang='lat' dir='ltr'><strong>Gelasius</strong></span> <span class='ocrx_word' id='word_1_537' title='bbox 810 4192 1154 4247; x_wconf 86' lang='lat' dir='ltr'><strong>decessorem</strong></span> <span class='ocrx_word' id='word_1_538' title='bbox 1181 4206 1337 4246; x_wconf 89' lang='lat' dir='ltr'><strong>suum</strong></span> <span class='ocrx_word' id='word_1_539' title='bbox 1366 4191 1579 4246; x_wconf 90' lang='lat' dir='ltr'><strong>beatum</strong></span> <span class='ocrx_word' id='word_1_540' title='bbox 1634 4190 1872 4248; x_wconf 89' lang='lat' dir='ltr'><strong>Leonem</strong></span> 
     </span>
    </p>
   </div>
   <div class='ocr_carea' id='block_1_74' title="bbox 281 4281 1871 4362">
    <p class='ocr_par' dir='ltr' id='par_1_74' title="bbox 281 4281 1871 4362">
     <span class='ocr_line' id='line_1_74' title="bbox 281 4281 1871 4362; baseline 0.001 -24"><span class='ocrx_word' id='word_1_541' title='bbox 281 4298 384 4353; x_wconf 90' lang='lat' dir='ltr'><strong>pro</strong></span> <span class='ocrx_word' id='word_1_542' title='bbox 409 4284 677 4338; x_wconf 87' lang='lat' dir='ltr'><strong>sententia</strong></span> <span class='ocrx_word' id='word_1_543' title='bbox 705 4284 895 4354; x_wconf 83' lang='lat' dir='ltr'><strong>synodi</strong></span> <span class='ocrx_word' id='word_1_544' title='bbox 926 4296 1090 4352; x_wconf 87' lang='lat' dir='ltr'><strong>super</strong></span> <span class='ocrx_word' id='word_1_545' title='bbox 1138 4281 1365 4353; x_wconf 79' lang='lat' dir='ltr'><strong>epistola</strong></span> <span class='ocrx_word' id='word_1_546' title='bbox 1394 4282 1717 4362; x_wconf 73' lang='lat' dir='ltr'><strong>venerabilis</strong></span> <span class='ocrx_word' id='word_1_547' title='bbox 1742 4283 1871 4355; x_wconf 72' lang='lat' dir='ltr'><strong>lbaa,</strong></span> 
     </span>
    </p>
   </div>
   <div class='ocr_carea' id='block_1_75' title="bbox 282 4364 1875 4443">
    <p class='ocr_par' dir='ltr' id='par_1_75' title="bbox 282 4364 1875 4443">
     <span class='ocr_line' id='line_1_75' title="bbox 282 4364 1875 4443; baseline 0.003 -17"><span class='ocrx_word' id='word_1_548' title='bbox 282 4387 349 4428; x_wconf 90' lang='lat' dir='ltr'><strong>ac</strong></span> <span class='ocrx_word' id='word_1_549' title='bbox 378 4388 486 4427; x_wconf 89' lang='lat' dir='ltr'><strong>non</strong></span> <span class='ocrx_word' id='word_1_550' title='bbox 511 4373 706 4442; x_wconf 90' lang='lat' dir='ltr'><strong>potius,</strong></span> <span class='ocrx_word' id='word_1_551' title='bbox 740 4383 794 4427; x_wconf 91' lang='lat' dir='ltr'><strong>ut</strong></span> <span class='ocrx_word' id='word_1_552' title='bbox 823 4371 1078 4440; x_wconf 77' lang='lat' dir='ltr'><strong>diximus,</strong></span> <span class='ocrx_word' id='word_1_553' title='bbox 1121 4385 1219 4443; x_wconf 88' lang='lat' dir='ltr'><strong>pro</strong></span> <span class='ocrx_word' id='word_1_554' title='bbox 1246 4364 1544 4428; x_wconf 86' lang='lat' dir='ltr'><strong>ambitione</strong></span> <span class='ocrx_word' id='word_1_555' title='bbox 1565 4372 1875 4430; x_wconf 83' lang='lat' dir='ltr'><strong>Constanti-</strong></span> 
     </span>
    </p>
   </div>
   <div class='ocr_carea' id='block_1_76' title="bbox 285 4463 1875 4534">
    <p class='ocr_par' dir='ltr' id='par_1_76' title="bbox 285 4463 1875 4534">
     <span class='ocr_line' id='line_1_76' title="bbox 285 4463 1875 4534; baseline 0.001 -15"><span class='ocrx_word' id='word_1_556' title='bbox 285 4464 583 4534; x_wconf 82' lang='lat' dir='ltr'><strong>nopolitani</strong></span> <span class='ocrx_word' id='word_1_557' title='bbox 603 4463 842 4534; x_wconf 86' lang='lat' dir='ltr'><strong>episcopi</strong></span> <span class='ocrx_word' id='word_1_558' title='bbox 867 4464 1066 4518; x_wconf 78' lang='lat' dir='ltr'><strong>dixisse</strong></span> <span class='ocrx_word' id='word_1_559' title='bbox 1108 4477 1227 4533; x_wconf 71' lang='lat' dir='ltr'><strong>quin</strong></span> <span class='ocrx_word' id='word_1_560' title='bbox 1267 4464 1685 4520; x_wconf 87' lang='lat' dir='ltr'><strong>memoravimus</strong></span> <span class='ocrx_word' id='word_1_561' title='bbox 1712 4466 1875 4522; x_wconf 84' lang='lat' dir='ltr'><strong>intel-</strong></span> 
     </span>
    </p>
   </div>
   <div class='ocr_carea' id='block_1_77' title="bbox 1966 3267 3567 3339">
    <p class='ocr_par' dir='ltr' id='par_1_77' title="bbox 1966 3267 3567 3339">
     <span class='ocr_line' id='line_1_77' title="bbox 1966 3267 3567 3339; baseline 0.006 -18"><span class='ocrx_word' id='word_1_562' title='bbox 1966 3276 2125 3322; x_wconf 90' lang='lat' dir='ltr'><strong>taret.</strong></span> <span class='ocrx_word' id='word_1_563' title='bbox 2153 3268 2393 3338; x_wconf 87' lang='lat' dir='ltr'><strong>Increpat</strong></span> <span class='ocrx_word' id='word_1_564' title='bbox 2414 3267 2694 3325; x_wconf 87' lang='lat' dir='ltr'><strong>evidenter</strong></span> <span class='ocrx_word' id='word_1_565' title='bbox 2717 3279 2879 3339; x_wconf 88' lang='lat' dir='ltr'><strong>atque</strong></span> <span class='ocrx_word' id='word_1_566' title='bbox 2901 3270 3247 3339; x_wconf 88' lang='lat' dir='ltr'><strong>condemnat,</strong></span> <span class='ocrx_word' id='word_1_567' title='bbox 3267 3282 3375 3327; x_wconf 91' lang='lat' dir='ltr'><strong>tam</strong></span> <span class='ocrx_word' id='word_1_568' title='bbox 3399 3273 3567 3330; x_wconf 44' lang='lat' dir='ltr'><strong>vehes</strong></span> 
     </span>
    </p>
   </div>
   <div class='ocr_carea' id='block_1_78' title="bbox 1964 3360 3566 3434">
    <p class='ocr_par' dir='ltr' id='par_1_78' title="bbox 1964 3360 3566 3434">
     <span class='ocr_line' id='line_1_78' title="bbox 1964 3360 3566 3434; baseline 0.001 -18"><span class='ocrx_word' id='word_1_569' title='bbox 1964 3360 2233 3416; x_wconf 89' lang='lat' dir='ltr'><strong>mentibus</strong></span> <span class='ocrx_word' id='word_1_570' title='bbox 2261 3375 2418 3430; x_wconf 86' lang='lat' dir='ltr'><strong>quam</strong></span> <span class='ocrx_word' id='word_1_571' title='bbox 2440 3361 2683 3433; x_wconf 76' lang='lat' dir='ltr'><strong>prolixis,</strong></span> <span class='ocrx_word' id='word_1_572' title='bbox 2707 3362 2806 3417; x_wconf 84' lang='lat' dir='ltr'><strong>sed</strong></span> <span class='ocrx_word' id='word_1_573' title='bbox 2829 3362 2849 3394; x_wconf 77' lang='grc'><strong><em>⁸</em></strong></span> <span class='ocrx_word' id='word_1_574' title='bbox 2878 3373 2933 3418; x_wconf 89' lang='lat' dir='ltr'><strong>et</strong></span> <span class='ocrx_word' id='word_1_575' title='bbox 2962 3364 3141 3419; x_wconf 88' lang='lat' dir='ltr'><strong>multis</strong></span> <span class='ocrx_word' id='word_1_576' title='bbox 3171 3364 3434 3434; x_wconf 86' lang='lat' dir='ltr'><strong>epistolis,</strong></span> <span class='ocrx_word' id='word_1_577' title='bbox 3456 3381 3566 3427; x_wconf 74' lang='lat' dir='ltr'><strong>non</strong></span> 
     </span>
    </p>
   </div>
   <div class='ocr_carea' id='block_1_79' title="bbox 1965 3452 3563 3522">
    <p class='ocr_par' dir='ltr' id='par_1_79' title="bbox 1965 3452 3563 3522">
     <span class='ocr_line' id='line_1_79' title="bbox 1965 3452 3563 3522; baseline 0.004 -14"><span class='ocrx_word' id='word_1_578' title='bbox 1965 3452 2143 3508; x_wconf 85' lang='lat' dir='ltr'><strong>solum</strong></span> <span class='ocrx_word' id='word_1_579' title='bbox 2171 3453 2430 3522; x_wconf 70' lang='lat' dir='ltr'><strong>praedicto</strong></span> <span class='ocrx_word' id='word_1_580' title='bbox 2459 3454 2709 3510; x_wconf 83' lang='lat' dir='ltr'><strong>Anatolio</strong></span> <span class='ocrx_word' id='word_1_581' title='bbox 2734 3455 2994 3521; x_wconf 87' lang='lat' dir='ltr'><strong>scribens,</strong></span> <span class='ocrx_word' id='word_1_582' title='bbox 3024 3473 3208 3513; x_wconf 90' lang='lat' dir='ltr'><strong>verum</strong></span> <span class='ocrx_word' id='word_1_583' title='bbox 3245 3461 3408 3515; x_wconf 87' lang='lat' dir='ltr'><strong>etiam</strong></span> <span class='ocrx_word' id='word_1_584' title='bbox 3442 3462 3563 3515; x_wconf 83' lang='lat' dir='ltr'><strong>uni-</strong></span> 
     </span>
    </p>
   </div>
   <div class='ocr_carea' id='block_1_80' title="bbox 1968 3548 3573 3623">
    <p class='ocr_par' dir='ltr' id='par_1_80' title="bbox 1968 3548 3573 3623">
     <span class='ocr_line' id='line_1_80' title="bbox 1968 3548 3573 3623; baseline 0.005 -21"><span class='ocrx_word' id='word_1_585' title='bbox 1968 3562 2141 3604; x_wconf 71' lang='lat' dir='ltr'><strong>versa:</strong></span> <span class='ocrx_word' id='word_1_586' title='bbox 2170 3548 2400 3620; x_wconf 87' lang='lat' dir='ltr'><strong>synodo,</strong></span> <span class='ocrx_word' id='word_1_587' title='bbox 2428 3558 2483 3604; x_wconf 91' lang='lat' dir='ltr'><strong>et</strong></span> <span class='ocrx_word' id='word_1_588' title='bbox 2511 3549 2743 3605; x_wconf 82' lang='lat' dir='ltr'><strong>Maximo</strong></span> <span class='ocrx_word' id='word_1_589' title='bbox 2770 3550 3126 3617; x_wconf 80' lang='lat' dir='ltr'><strong>Antiocheno,</strong></span> <span class='ocrx_word' id='word_1_590' title='bbox 3157 3553 3392 3623; x_wconf 85' lang='lat' dir='ltr'><strong>ipsisque</strong></span> <span class='ocrx_word' id='word_1_591' title='bbox 3421 3555 3538 3623; x_wconf 90' lang='lat' dir='ltr'><strong>prin</strong></span> <span class='ocrx_word' id='word_1_592' title='bbox 3560 3586 3573 3598; x_wconf 87' lang='lat'><strong>-</strong></span> 
     </span>
    </p>
   </div>
   <div class='ocr_carea' id='block_1_81' title="bbox 1969 3641 3564 3714">
    <p class='ocr_par' dir='ltr' id='par_1_81' title="bbox 1969 3641 3564 3714">
     <span class='ocr_line' id='line_1_81' title="bbox 1969 3641 3564 3714; baseline 0.004 -20"><span class='ocrx_word' id='word_1_593' title='bbox 1969 3641 2198 3710; x_wconf 85' lang='lat' dir='ltr'><strong>cipibus,</strong></span> <span class='ocrx_word' id='word_1_594' title='bbox 2221 3641 2362 3711; x_wconf 89' lang='lat' dir='ltr'><strong>quod</strong></span> <span class='ocrx_word' id='word_1_595' title='bbox 2391 3641 2446 3696; x_wconf 90' lang='lat' dir='ltr'><strong>in</strong></span> <span class='ocrx_word' id='word_1_596' title='bbox 2474 3641 2566 3696; x_wconf 92' lang='lat' dir='ltr'><strong>illo</strong></span> <span class='ocrx_word' id='word_1_597' title='bbox 2595 3643 2824 3697; x_wconf 91' lang='lat' dir='ltr'><strong>concilio</strong></span> <span class='ocrx_word' id='word_1_598' title='bbox 2848 3658 2985 3697; x_wconf 89' lang='lat' dir='ltr'><strong>unus</strong></span> <span class='ocrx_word' id='word_1_599' title='bbox 3014 3644 3301 3714; x_wconf 88' lang='lat' dir='ltr'><strong>cpiscopus</strong></span> <span class='ocrx_word' id='word_1_600' title='bbox 3331 3661 3438 3701; x_wconf 92' lang='lat' dir='ltr'><strong>non</strong></span> <span class='ocrx_word' id='word_1_601' title='bbox 3469 3661 3564 3701; x_wconf 71' lang='lat' dir='ltr'><strong>sus</strong></span> 
     </span>
    </p>
   </div>
   <div class='ocr_carea' id='block_1_82' title="bbox 1971 3732 3565 3805">
    <p class='ocr_par' dir='ltr' id='par_1_82' title="bbox 1971 3732 3565 3805">
     <span class='ocr_line' id='line_1_82' title="bbox 1971 3732 3565 3805; baseline 0.006 -19"><span class='ocrx_word' id='word_1_602' title='bbox 1971 3732 2090 3787; x_wconf 82' lang='lat' dir='ltr'><strong>loeo</strong></span> <span class='ocrx_word' id='word_1_603' title='bbox 2138 3732 2327 3789; x_wconf 92' lang='lat' dir='ltr'><strong>sedere</strong></span> <span class='ocrx_word' id='word_1_604' title='bbox 2369 3734 2739 3804; x_wconf 61' lang='lat' dir='ltr'><strong>praesumpsit,</strong></span> <span class='ocrx_word' id='word_1_605' title='bbox 2785 3743 2944 3802; x_wconf 87' lang='lat' dir='ltr'><strong>atque</strong></span> <span class='ocrx_word' id='word_1_606' title='bbox 2992 3735 3091 3790; x_wconf 74' lang='grc' dir='ltr'><strong>εώἱ</strong></span> <span class='ocrx_word' id='word_1_607' title='bbox 3132 3736 3471 3805; x_wconf 87' lang='lat' dir='ltr'><strong>displicuisse</strong></span> <span class='ocrx_word' id='word_1_608' title='bbox 3517 3739 3565 3797; x_wconf 81' lang='lat' dir='ltr'><strong>iu</strong></span> 
     </span>
    </p>
   </div>
   <div class='ocr_carea' id='block_1_83' title="bbox 1973 3823 3568 3893">
    <p class='ocr_par' dir='ltr' id='par_1_83' title="bbox 1973 3823 3568 3893">
     <span class='ocr_line' id='line_1_83' title="bbox 1973 3823 3568 3893; baseline 0.004 -16"><span class='ocrx_word' id='word_1_609' title='bbox 1973 3824 2213 3878; x_wconf 89' lang='lat' dir='ltr'><strong>omnium</strong></span> <span class='ocrx_word' id='word_1_610' title='bbox 2248 3823 2586 3879; x_wconf 88' lang='lat' dir='ltr'><strong>sacerdotum</strong></span> <span class='ocrx_word' id='word_1_611' title='bbox 2618 3826 2862 3878; x_wconf 83' lang='lat' dir='ltr'><strong>notitiam</strong></span> <span class='ocrx_word' id='word_1_612' title='bbox 2896 3828 3118 3893; x_wconf 87' lang='lat' dir='ltr'><strong>perferri</strong></span> <span class='ocrx_word' id='word_1_613' title='bbox 3162 3826 3485 3893; x_wconf 83' lang='lat' dir='ltr'><strong>demandat;</strong></span> <span class='ocrx_word' id='word_1_614' title='bbox 3516 3839 3568 3884; x_wconf 90' lang='lat' dir='ltr'><strong>ct</strong></span> 
     </span>
    </p>
   </div>
   <div class='ocr_carea' id='block_1_84' title="bbox 1974 3912 3569 3986">
    <p class='ocr_par' dir='ltr' id='par_1_84' title="bbox 1974 3912 3569 3986">
     <span class='ocr_line' id='line_1_84' title="bbox 1974 3912 3569 3986; baseline 0.003 -19"><span class='ocrx_word' id='word_1_615' title='bbox 1974 3912 2044 3969; x_wconf 90' lang='lat' dir='ltr'><strong>de</strong></span> <span class='ocrx_word' id='word_1_616' title='bbox 2073 3914 2265 3984; x_wconf 80' lang='lat' dir='ltr'><strong>synodi</strong></span> <span class='ocrx_word' id='word_1_617' title='bbox 2295 3913 2582 3981; x_wconf 90' lang='lat' dir='ltr'><strong>sententia,</strong></span> <span class='ocrx_word' id='word_1_618' title='bbox 2616 3931 2715 3980; x_wconf 84' lang='lat' dir='ltr'><strong>qua</strong></span> <span class='ocrx_word' id='word_1_619' title='bbox 2746 3914 3055 3969; x_wconf 75' lang='lat' dir='ltr'><strong>Nestmiana</strong></span> <span class='ocrx_word' id='word_1_620' title='bbox 3102 3916 3325 3985; x_wconf 77' lang='lat' dir='ltr'><strong>epistola</strong></span> <span class='ocrx_word' id='word_1_621' title='bbox 3368 3931 3569 3986; x_wconf 86' lang='lat' dir='ltr'><strong>appro-</strong></span> 
     </span>
    </p>
   </div>
   <div class='ocr_carea' id='block_1_85' title="bbox 1975 4006 3571 4077">
    <p class='ocr_par' dir='ltr' id='par_1_85' title="bbox 1975 4006 3571 4077">
     <span class='ocr_line' id='line_1_85' title="bbox 1975 4006 3571 4077; baseline 0.003 -16"><span class='ocrx_word' id='word_1_622' title='bbox 1975 4007 2097 4061; x_wconf 89' lang='lat' dir='ltr'><strong>bata</strong></span> <span class='ocrx_word' id='word_1_623' title='bbox 2129 4017 2233 4071; x_wconf 90' lang='lat' dir='ltr'><strong>est,</strong></span> <span class='ocrx_word' id='word_1_624' title='bbox 2266 4016 2405 4062; x_wconf 88' lang='lat' dir='ltr'><strong>tacet</strong></span> <span class='ocrx_word' id='word_1_625' title='bbox 2433 4016 2592 4077; x_wconf 89' lang='lat' dir='ltr'><strong>atque</strong></span> <span class='ocrx_word' id='word_1_626' title='bbox 2632 4006 2962 4073; x_wconf 86' lang='lat' dir='ltr'><strong>dissimulat;</strong></span> <span class='ocrx_word' id='word_1_627' title='bbox 2999 4009 3078 4062; x_wconf 92' lang='lat' dir='ltr'><strong>vel</strong></span> <span class='ocrx_word' id='word_1_628' title='bbox 3111 4013 3156 4062; x_wconf 88' lang='lat' dir='ltr'><strong>si</strong></span> <span class='ocrx_word' id='word_1_629' title='bbox 3189 4024 3294 4063; x_wconf 90' lang='lat' dir='ltr'><strong>non</strong></span> <span class='ocrx_word' id='word_1_630' title='bbox 3328 4017 3486 4075; x_wconf 88' lang='lat' dir='ltr'><strong>tacet,</strong></span> <span class='ocrx_word' id='word_1_631' title='bbox 3516 4020 3571 4065; x_wconf 89' lang='lat' dir='ltr'><strong>ut</strong></span> 
     </span>
    </p>
   </div>
   <div class='ocr_carea' id='block_1_86' title="bbox 1976 4098 3572 4169">
    <p class='ocr_par' dir='ltr' id='par_1_86' title="bbox 1976 4098 3572 4169">
     <span class='ocr_line' id='line_1_86' title="bbox 1976 4098 3572 4169; baseline 0.003 -17"><span class='ocrx_word' id='word_1_632' title='bbox 1976 4098 2174 4169; x_wconf 86' lang='lat' dir='ltr'><strong>dicitis,</strong></span> <span class='ocrx_word' id='word_1_633' title='bbox 2206 4099 2334 4154; x_wconf 87' lang='lat' dir='ltr'><strong>nihil</strong></span> <span class='ocrx_word' id='word_1_634' title='bbox 2383 4109 2559 4154; x_wconf 89' lang='lat' dir='ltr'><strong>tamen</strong></span> <span class='ocrx_word' id='word_1_635' title='bbox 2591 4107 2796 4169; x_wconf 91' lang='lat' dir='ltr'><strong>aperte,</strong></span> <span class='ocrx_word' id='word_1_636' title='bbox 2830 4099 2958 4153; x_wconf 85' lang='lat' dir='ltr'><strong>nihil</strong></span> <span class='ocrx_word' id='word_1_637' title='bbox 2993 4101 3228 4169; x_wconf 90' lang='lat' dir='ltr'><strong>loquitur</strong></span> <span class='ocrx_word' id='word_1_638' title='bbox 3270 4100 3572 4157; x_wconf 86' lang='lat' dir='ltr'><strong>evidenter.</strong></span> 
     </span>
    </p>
   </div>
   <div class='ocr_carea' id='block_1_87' title="bbox 1976 4189 3574 4262">
    <p class='ocr_par' dir='ltr' id='par_1_87' title="bbox 1976 4189 3574 4262">
     <span class='ocr_line' id='line_1_87' title="bbox 1976 4189 3574 4262; baseline -0.001 -15"><span class='ocrx_word' id='word_1_639' title='bbox 1976 4191 2181 4261; x_wconf 82' lang='lat' dir='ltr'><strong>Nempe</strong></span> <span class='ocrx_word' id='word_1_640' title='bbox 2210 4189 2313 4245; x_wconf 87' lang='lat' dir='ltr'><strong>hoc</strong></span> <span class='ocrx_word' id='word_1_641' title='bbox 2339 4198 2422 4246; x_wconf 87' lang='lat' dir='ltr'><strong>est</strong></span> <span class='ocrx_word' id='word_1_642' title='bbox 2450 4190 2594 4259; x_wconf 87' lang='lat' dir='ltr'><strong>quod</strong></span> <span class='ocrx_word' id='word_1_643' title='bbox 2623 4190 2675 4244; x_wconf 92' lang='lat' dir='ltr'><strong>in</strong></span> <span class='ocrx_word' id='word_1_644' title='bbox 2702 4190 2895 4244; x_wconf 90' lang='lat' dir='ltr'><strong>scribis</strong></span> <span class='ocrx_word' id='word_1_645' title='bbox 2922 4199 2979 4244; x_wconf 91' lang='lat' dir='ltr'><strong>et</strong></span> <span class='ocrx_word' id='word_1_646' title='bbox 3009 4190 3293 4245; x_wconf 73' lang='lat' dir='ltr'><strong>Pharisaeis</strong></span> <span class='ocrx_word' id='word_1_647' title='bbox 3326 4191 3574 4262; x_wconf 72' lang='lat' dir='ltr'><strong>hypocri-</strong></span> 
     </span>
    </p>
   </div>
   <div class='ocr_carea' id='block_1_88' title="bbox 1981 4281 3574 4355">
    <p class='ocr_par' dir='ltr' id='par_1_88' title="bbox 1981 4281 3574 4355">
     <span class='ocr_line' id='line_1_88' title="bbox 1981 4281 3574 4355; baseline 0.001 -17"><span class='ocrx_word' id='word_1_648' title='bbox 1981 4285 2051 4341; x_wconf 90' lang='lat' dir='ltr'><strong>tis</strong></span> <span class='ocrx_word' id='word_1_649' title='bbox 2079 4285 2334 4341; x_wconf 89' lang='lat' dir='ltr'><strong>Dominus</strong></span> <span class='ocrx_word' id='word_1_650' title='bbox 2361 4283 2536 4355; x_wconf 81' lang='lat' dir='ltr'><strong>arguit</strong></span> <span class='ocrx_word' id='word_1_651' title='bbox 2565 4281 2779 4355; x_wconf 79' lang='lat' dir='ltr'><strong>(Matth.</strong></span> <span class='ocrx_word' id='word_1_652' title='bbox 2807 4298 2957 4351; x_wconf 71' lang='grc' dir='ltr'>χχιιι,</span> <span class='ocrx_word' id='word_1_653' title='bbox 2980 4281 3072 4352; x_wconf 75' lang='grc'>25)</span> <span class='ocrx_word' id='word_1_654' title='bbox 3101 4292 3336 4341; x_wconf 89' lang='lat' dir='ltr'><strong>mentam</strong></span> <span class='ocrx_word' id='word_1_655' title='bbox 3366 4294 3421 4339; x_wconf 90' lang='lat' dir='ltr'><strong>et</strong></span> <span class='ocrx_word' id='word_1_656' title='bbox 3447 4299 3574 4339; x_wconf 84' lang='lat' dir='ltr'><strong>ane-</strong></span> 
     </span>
    </p>
   </div>
   <div class='ocr_carea' id='block_1_89' title="bbox 1980 4373 3577 4446">
    <p class='ocr_par' dir='ltr' id='par_1_89' title="bbox 1980 4373 3577 4446">
     <span class='ocr_line' id='line_1_89' title="bbox 1980 4373 3577 4446; baseline -0.001 -14"><span class='ocrx_word' id='word_1_657' title='bbox 1980 4377 2134 4432; x_wconf 89' lang='lat' dir='ltr'><strong>thum</strong></span> <span class='ocrx_word' id='word_1_658' title='bbox 2158 4385 2211 4431; x_wconf 91' lang='lat' dir='ltr'><strong>et</strong></span> <span class='ocrx_word' id='word_1_659' title='bbox 2239 4375 2510 4446; x_wconf 90' lang='lat' dir='ltr'><strong>cyminum</strong></span> <span class='ocrx_word' id='word_1_660' title='bbox 2541 4374 2833 4439; x_wconf 81' lang='lat' dir='ltr'><strong>decimare,</strong></span> <span class='ocrx_word' id='word_1_661' title='bbox 2859 4385 2913 4429; x_wconf 91' lang='lat' dir='ltr'><strong>et</strong></span> <span class='ocrx_word' id='word_1_662' title='bbox 2938 4389 3056 4444; x_wconf 68' lang='lat' dir='ltr'><strong>quae</strong></span> <span class='ocrx_word' id='word_1_663' title='bbox 3084 4384 3207 4429; x_wconf 90' lang='lat' dir='ltr'><strong>sunt</strong></span> <span class='ocrx_word' id='word_1_664' title='bbox 3231 4373 3475 4446; x_wconf 70' lang='lat' dir='ltr'><strong>graviora</strong></span> <span class='ocrx_word' id='word_1_665' title='bbox 3502 4373 3577 4430; x_wconf 85' lang='lat' dir='ltr'><strong>le-</strong></span> 
     </span>
    </p>
   </div>
   <div class='ocr_carea' id='block_1_90' title="bbox 1981 4452 3578 4541">
    <p class='ocr_par' dir='ltr' id='par_1_90' title="bbox 1981 4452 3578 4541">
     <span class='ocr_line' id='line_1_90' title="bbox 1981 4452 3578 4541; baseline -0.004 -16"><span class='ocrx_word' id='word_1_666' title='bbox 1981 4470 2063 4541; x_wconf 76' lang='lat' dir='ltr'><strong>gis</strong></span> <span class='ocrx_word' id='word_1_667' title='bbox 2091 4477 2150 4524; x_wconf 91' lang='lat' dir='ltr'><strong>et.</strong></span> <span class='ocrx_word' id='word_1_668' title='bbox 2178 4468 2335 4524; x_wconf 85' lang='lat' dir='ltr'><strong>fidem</strong></span> <span class='ocrx_word' id='word_1_669' title='bbox 2368 4465 2701 4537; x_wconf 64' lang='lat' dir='ltr'><strong>relinquere.</strong></span> <span class='ocrx_word' id='word_1_670' title='bbox 2719 4465 2921 4536; x_wconf 88' lang='lat' dir='ltr'><strong>Nempe</strong></span> <span class='ocrx_word' id='word_1_671' title='bbox 2953 4467 3054 4521; x_wconf 84' lang='lat' dir='ltr'><strong>hoc</strong></span> <span class='ocrx_word' id='word_1_672' title='bbox 3080 4475 3162 4521; x_wconf 87' lang='lat' dir='ltr'><strong>est</strong></span> <span class='ocrx_word' id='word_1_673' title='bbox 3189 4466 3333 4535; x_wconf 89' lang='lat' dir='ltr'><strong>quod</strong></span> <span class='ocrx_word' id='word_1_674' title='bbox 3362 4467 3415 4518; x_wconf 91' lang='lat' dir='ltr'><strong>in</strong></span> <span class='ocrx_word' id='word_1_675' title='bbox 3447 4452 3578 4535; x_wconf 72' lang='lat' dir='ltr'><strong>ipsis</strong></span> 
     </span>
    </p>
   </div>
   <div class='ocr_carea' id='block_1_91' title="bbox 282 4555 3580 4638">
    <p class='ocr_par' dir='ltr' id='par_1_91' title="bbox 282 4555 3580 4638">
     <span class='ocr_line' id='line_1_91' title="bbox 282 4555 3580 4638; baseline 0.002 -29"><span class='ocrx_word' id='word_1_676' title='bbox 282 4556 455 4612; x_wconf 82' lang='lat' dir='ltr'><strong>lexit?</strong></span> <span class='ocrx_word' id='word_1_677' title='bbox 478 4556 608 4611; x_wconf 89' lang='lat' dir='ltr'><strong>Nam</strong></span> <span class='ocrx_word' id='word_1_678' title='bbox 633 4571 799 4625; x_wconf 87' lang='lat' dir='ltr'><strong>quare</strong></span> <span class='ocrx_word' id='word_1_679' title='bbox 828 4571 924 4625; x_wconf 93' lang='lat' dir='ltr'><strong>pro</strong></span> <span class='ocrx_word' id='word_1_680' title='bbox 951 4555 1058 4610; x_wconf 80' lang='lat' dir='ltr'><strong>Ibze</strong></span> <span class='ocrx_word' id='word_1_681' title='bbox 1082 4556 1309 4625; x_wconf 89' lang='lat' dir='ltr'><strong>epistola</strong></span> <span class='ocrx_word' id='word_1_682' title='bbox 1338 4556 1409 4611; x_wconf 90' lang='lat' dir='ltr'><strong>ibi</strong></span> <span class='ocrx_word' id='word_1_683' title='bbox 1432 4557 1779 4628; x_wconf 76' lang='lat' dir='ltr'><strong>subjungeret</strong></span> <span class='ocrx_word' id='word_1_684' title='bbox 1798 4559 1879 4614; x_wconf 88' lang='lat' dir='ltr'><strong>di—</strong></span> <span class='ocrx_word' id='word_1_685' title='bbox 1908 4577 1962 4638; x_wconf 76' lang='lat' dir='ltr'><strong>D</strong></span> <span class='ocrx_word' id='word_1_686' title='bbox 1988 4562 2213 4619; x_wconf 89' lang='lat' dir='ltr'><strong>ducibus</strong></span> <span class='ocrx_word' id='word_1_687' title='bbox 2244 4562 2403 4617; x_wconf 79' lang='lat' dir='ltr'><strong>caecis</strong></span> <span class='ocrx_word' id='word_1_688' title='bbox 2447 4559 2698 4616; x_wconf 90' lang='lat' dir='ltr'><strong>similiter</strong></span> <span class='ocrx_word' id='word_1_689' title='bbox 2728 4558 2998 4627; x_wconf 82' lang='lat' dir='ltr'><strong>objurgat,</strong></span> <span class='ocrx_word' id='word_1_690' title='bbox 3026 4558 3257 4614; x_wconf 87' lang='lat' dir='ltr'><strong>culicem</strong></span> <span class='ocrx_word' id='word_1_691' title='bbox 3305 4557 3485 4612; x_wconf 88' lang='lat' dir='ltr'><strong>colare</strong></span> <span class='ocrx_word' id='word_1_692' title='bbox 3526 4567 3580 4614; x_wconf 88' lang='lat' dir='ltr'><strong>et</strong></span> 
     </span>
    </p>
   </div>
   <div class='ocr_carea' id='block_1_92' title="bbox 282 4646 1881 4718">
    <p class='ocr_par' dir='ltr' id='par_1_92' title="bbox 282 4646 1881 4718">
     <span class='ocr_line' id='line_1_92' title="bbox 282 4646 1881 4718; baseline 0.001 -14"><span class='ocrx_word' id='word_1_693' title='bbox 282 4660 416 4704; x_wconf 86' lang='lat' dir='ltr'><strong>cens</strong></span> <span class='ocrx_word' id='word_1_694' title='bbox 446 4665 459 4702; x_wconf 88' lang='lat'><strong>:</strong></span> <span class='ocrx_word' id='word_1_695' title='bbox 492 4646 594 4702; x_wconf 84' lang='lat' dir='ltr'><strong>Per</strong></span> <span class='ocrx_word' id='word_1_696' title='bbox 635 4649 970 4703; x_wconf 83' lang='lat' dir='ltr'><strong>occasionem</strong></span> <span class='ocrx_word' id='word_1_697' title='bbox 1014 4647 1442 4717; x_wconf 73' lang='lat' dir='ltr'><strong>congregationis</strong></span> <span class='ocrx_word' id='word_1_698' title='bbox 1470 4647 1634 4714; x_wconf 87' lang='lat' dir='ltr'><strong>illius,</strong></span> <span class='ocrx_word' id='word_1_699' title='bbox 1681 4660 1881 4718; x_wconf 67' lang='lat' dir='ltr'><strong>praeter</strong></span> 
     </span>
    </p>
   </div>
   <div class='ocr_carea' id='block_1_93' title="bbox 285 4738 1877 4798">
    <p class='ocr_par' dir='ltr' id='par_1_93' title="bbox 285 4738 1877 4798">
     <span class='ocr_line' id='line_1_93' title="bbox 285 4738 1877 4798; baseline 0.003 -4"><span class='ocrx_word' id='word_1_700' title='bbox 285 4739 537 4795; x_wconf 69' lang='lat' dir='ltr'><strong>Nicaenos</strong></span> <span class='ocrx_word' id='word_1_701' title='bbox 580 4753 814 4794; x_wconf 87' lang='lat' dir='ltr'><strong>canones</strong></span> <span class='ocrx_word' id='word_1_702' title='bbox 858 4752 993 4793; x_wconf 89' lang='lat' dir='ltr'><strong>nova</strong></span> <span class='ocrx_word' id='word_1_703' title='bbox 1048 4738 1258 4794; x_wconf 89' lang='lat' dir='ltr'><strong>videtur</strong></span> <span class='ocrx_word' id='word_1_704' title='bbox 1305 4740 1516 4795; x_wconf 87' lang='lat' dir='ltr'><strong>actione</strong></span> <span class='ocrx_word' id='word_1_705' title='bbox 1565 4742 1877 4798; x_wconf 72' lang='lat' dir='ltr'><strong>tentatum?</strong></span> 
     </span>
    </p>
   </div>
   <div class='ocr_carea' id='block_1_94' title="bbox 289 4828 1877 4902">
    <p class='ocr_par' dir='ltr' id='par_1_94' title="bbox 289 4828 1877 4902">
     <span class='ocr_line' id='line_1_94' title="bbox 289 4828 1877 4902; baseline 0.002 -17"><span class='ocrx_word' id='word_1_706' title='bbox 289 4831 480 4885; x_wconf 88' lang='lat' dir='ltr'><strong>Nullus</strong></span> <span class='ocrx_word' id='word_1_707' title='bbox 502 4829 660 4898; x_wconf 78' lang='lat' dir='ltr'><strong>igitur</strong></span> <span class='ocrx_word' id='word_1_708' title='bbox 685 4839 907 4885; x_wconf 89' lang='lat' dir='ltr'><strong>conetur</strong></span> <span class='ocrx_word' id='word_1_709' title='bbox 932 4830 949 4860; x_wconf 83' lang='grc'>¹</span> <span class='ocrx_word' id='word_1_710' title='bbox 971 4828 1090 4899; x_wconf 85' lang='lat' dir='ltr'><strong>ejus</strong></span> <span class='ocrx_word' id='word_1_711' title='bbox 1114 4829 1280 4886; x_wconf 86' lang='lat' dir='ltr'><strong>verba</strong></span> <span class='ocrx_word' id='word_1_712' title='bbox 1322 4830 1375 4884; x_wconf 92' lang='lat' dir='ltr'><strong>in</strong></span> <span class='ocrx_word' id='word_1_713' title='bbox 1403 4830 1561 4884; x_wconf 84' lang='lat' dir='ltr'><strong>aliam</strong></span> <span class='ocrx_word' id='word_1_714' title='bbox 1587 4830 1877 4902; x_wconf 86' lang='lat' dir='ltr'><strong>detorque-</strong></span> 
     </span>
    </p>
   </div>
   <div class='ocr_carea' id='block_1_95' title="bbox 292 4919 1880 4990">
    <p class='ocr_par' dir='ltr' id='par_1_95' title="bbox 292 4919 1880 4990">
     <span class='ocr_line' id='line_1_95' title="bbox 292 4919 1880 4990; baseline 0.003 -14"><span class='ocrx_word' id='word_1_715' title='bbox 292 4935 356 4976; x_wconf 89' lang='lat' dir='ltr'><strong>re</strong></span> <span class='ocrx_word' id='word_1_716' title='bbox 377 4920 695 4973; x_wconf 88' lang='lat' dir='ltr'><strong>sententiam</strong></span> <span class='ocrx_word' id='word_1_717' title='bbox 728 4919 1018 4989; x_wconf 87' lang='lat' dir='ltr'><strong>:quoniam</strong></span> <span class='ocrx_word' id='word_1_718' title='bbox 1047 4921 1147 4975; x_wconf 91' lang='lat' dir='ltr'><strong>hoc</strong></span> <span class='ocrx_word' id='word_1_719' title='bbox 1187 4934 1286 4976; x_wconf 88' lang='lat' dir='ltr'><strong>nec</strong></span> <span class='ocrx_word' id='word_1_720' title='bbox 1314 4919 1427 4990; x_wconf 89' lang='lat' dir='ltr'><strong>ipsa</strong></span> <span class='ocrx_word' id='word_1_721' title='bbox 1460 4937 1640 4977; x_wconf 89' lang='lat' dir='ltr'><strong>rerum</strong></span> <span class='ocrx_word' id='word_1_722' title='bbox 1663 4924 1880 4980; x_wconf 88' lang='lat' dir='ltr'><strong>eviden-</strong></span> 
     </span>
    </p>
   </div>
   <div class='ocr_carea' id='block_1_96' title="bbox 292 5010 1880 5087">
    <p class='ocr_par' dir='ltr' id='par_1_96' title="bbox 292 5010 1880 5087">
     <span class='ocr_line' id='line_1_96' title="bbox 292 5010 1880 5087; baseline 0.003 -18"><span class='ocrx_word' id='word_1_723' title='bbox 292 5015 389 5080; x_wconf 88' lang='lat' dir='ltr'><strong>tia,</strong></span> <span class='ocrx_word' id='word_1_724' title='bbox 415 5027 515 5067; x_wconf 88' lang='lat' dir='ltr'><strong>nec</strong></span> <span class='ocrx_word' id='word_1_725' title='bbox 556 5010 802 5067; x_wconf 86' lang='lat' dir='ltr'><strong>Gelasius</strong></span> <span class='ocrx_word' id='word_1_726' title='bbox 827 5027 990 5068; x_wconf 87' lang='lat' dir='ltr'><strong>verax</strong></span> <span class='ocrx_word' id='word_1_727' title='bbox 1036 5014 1296 5083; x_wconf 89' lang='lat' dir='ltr'><strong>permittit</strong></span> <span class='ocrx_word' id='word_1_728' title='bbox 1345 5016 1731 5087; x_wconf 85' lang='lat' dir='ltr'><strong>interpres;et</strong></span> <span class='ocrx_word' id='word_1_729' title='bbox 1758 5018 1880 5074; x_wconf 89' lang='lat' dir='ltr'><strong>ideo</strong></span> 
     </span>
    </p>
   </div>
   <div class='ocr_carea' id='block_1_97' title="bbox 290 5103 1878 5180">
    <p class='ocr_par' dir='ltr' id='par_1_97' title="bbox 290 5103 1878 5180">
     <span class='ocr_line' id='line_1_97' title="bbox 290 5103 1878 5180; baseline 0.005 -21"><span class='ocrx_word' id='word_1_730' title='bbox 290 5104 533 5159; x_wconf 87' lang='lat' dir='ltr'><strong>sinamus</strong></span> <span class='ocrx_word' id='word_1_731' title='bbox 555 5103 903 5174; x_wconf 86' lang='lat' dir='ltr'><strong>apostolicam</strong></span> <span class='ocrx_word' id='word_1_732' title='bbox 925 5104 1107 5159; x_wconf 90' lang='lat' dir='ltr'><strong>sedem</strong></span> <span class='ocrx_word' id='word_1_733' title='bbox 1143 5107 1479 5178; x_wconf 89' lang='lat' dir='ltr'><strong>interpretari</strong></span> <span class='ocrx_word' id='word_1_734' title='bbox 1510 5110 1878 5180; x_wconf 87' lang='lat' dir='ltr'><strong>semetipsam,</strong></span> 
     </span>
    </p>
   </div>
   <div class='ocr_carea' id='block_1_98' title="bbox 292 5194 1877 5269">
    <p class='ocr_par' dir='ltr' id='par_1_98' title="bbox 292 5194 1877 5269">
     <span class='ocr_line' id='line_1_98' title="bbox 292 5194 1877 5269; baseline 0.005 -18"><span class='ocrx_word' id='word_1_735' title='bbox 292 5208 350 5251; x_wconf 85' lang='lat' dir='ltr'><strong>et</strong></span> <span class='ocrx_word' id='word_1_736' title='bbox 380 5210 547 5265; x_wconf 85' lang='lat' dir='ltr'><strong>quare</strong></span> <span class='ocrx_word' id='word_1_737' title='bbox 591 5194 681 5250; x_wconf 89' lang='lat' dir='ltr'><strong>illa</strong></span> <span class='ocrx_word' id='word_1_738' title='bbox 705 5197 980 5266; x_wconf 89' lang='lat' dir='ltr'><strong>superiora</strong></span> <span class='ocrx_word' id='word_1_739' title='bbox 1010 5210 1104 5265; x_wconf 87' lang='lat' dir='ltr'><strong>per</strong></span> <span class='ocrx_word' id='word_1_740' title='bbox 1132 5196 1366 5253; x_wconf 88' lang='lat' dir='ltr'><strong>Leonem</strong></span> <span class='ocrx_word' id='word_1_741' title='bbox 1391 5199 1536 5269; x_wconf 90' lang='lat' dir='ltr'><strong>prius</strong></span> <span class='ocrx_word' id='word_1_742' title='bbox 1566 5200 1782 5269; x_wconf 84' lang='lat' dir='ltr'><strong>dixerit,</strong></span> <span class='ocrx_word' id='word_1_743' title='bbox 1808 5219 1877 5260; x_wconf 80' lang='lat' dir='ltr'><strong>ex</strong></span> 
     </span>
    </p>
   </div>
   <div class='ocr_carea' id='block_1_99' title="bbox 295 5286 1883 5365">
    <p class='ocr_par' dir='ltr' id='par_1_99' title="bbox 295 5286 1883 5365">
     <span class='ocr_line' id='line_1_99' title="bbox 295 5286 1883 5365; baseline 0.009 -23"><span class='ocrx_word' id='word_1_744' title='bbox 295 5288 380 5342; x_wconf 84' lang='lat' dir='ltr'><strong>bis</strong></span> <span class='ocrx_word' id='word_1_745' title='bbox 407 5303 527 5356; x_wconf 70' lang='lat' dir='ltr'><strong>qute</strong></span> <span class='ocrx_word' id='word_1_746' title='bbox 553 5297 733 5357; x_wconf 88' lang='lat' dir='ltr'><strong>postea</strong></span> <span class='ocrx_word' id='word_1_747' title='bbox 765 5304 860 5358; x_wconf 89' lang='lat' dir='ltr'><strong>per</strong></span> <span class='ocrx_word' id='word_1_748' title='bbox 900 5286 1171 5343; x_wconf 88' lang='lat' dir='ltr'><strong>Gelasium</strong></span> <span class='ocrx_word' id='word_1_749' title='bbox 1216 5291 1390 5347; x_wconf 77' lang='lat' dir='ltr'><strong>locuta</strong></span> <span class='ocrx_word' id='word_1_750' title='bbox 1433 5303 1536 5361; x_wconf 92' lang='lat' dir='ltr'><strong>est,</strong></span> <span class='ocrx_word' id='word_1_751' title='bbox 1567 5297 1883 5365; x_wconf 89' lang='lat' dir='ltr'><strong>prudentius</strong></span> 
     </span>
    </p>
   </div>
   <div class='ocr_carea' id='block_1_100' title="bbox 296 5381 1879 5462">
    <p class='ocr_par' dir='ltr' id='par_1_100' title="bbox 296 5381 1879 5462">
     <span class='ocr_line' id='line_1_100' title="bbox 296 5381 1879 5462; baseline 0.008 -25"><span class='ocrx_word' id='word_1_752' title='bbox 296 5382 659 5438; x_wconf 80' lang='lat' dir='ltr'><strong>advertamus.</strong></span> <span class='ocrx_word' id='word_1_753' title='bbox 681 5382 779 5439; x_wconf 81' lang='lat' dir='ltr'><strong>Est</strong></span> <span class='ocrx_word' id='word_1_754' title='bbox 798 5390 855 5439; x_wconf 88' lang='lat' dir='ltr'><strong>et</strong></span> <span class='ocrx_word' id='word_1_755' title='bbox 878 5381 983 5437; x_wconf 88' lang='lat' dir='ltr'><strong>alia</strong></span> <span class='ocrx_word' id='word_1_756' title='bbox 1009 5382 1251 5454; x_wconf 88' lang='lat' dir='ltr'><strong>ejusdem</strong></span> <span class='ocrx_word' id='word_1_757' title='bbox 1274 5383 1417 5442; x_wconf 86' lang='lat' dir='ltr'><strong>beati</strong></span> <span class='ocrx_word' id='word_1_758' title='bbox 1442 5385 1642 5445; x_wconf 87' lang='lat' dir='ltr'><strong>Gelasii</strong></span> <span class='ocrx_word' id='word_1_759' title='bbox 1673 5391 1879 5462; x_wconf 89' lang='lat' dir='ltr'><strong>cpisto-</strong></span> 
     </span>
    </p>
   </div>
   <div class='ocr_carea' id='block_1_101' title="bbox 369 5538 802 5596">
    <p class='ocr_par' dir='ltr' id='par_1_101' title="bbox 369 5538 802 5596">
     <span class='ocr_line' id='line_1_101' title="bbox 369 5538 802 5596; baseline 0.005 -3"><span class='ocrx_word' id='word_1_760' title='bbox 369 5545 401 5577; x_wconf 70' lang='grc' dir='ltr'><strong>ι</strong></span> <span class='ocrx_word' id='word_1_761' title='bbox 423 5538 584 5596; x_wconf 87' lang='lat' dir='ltr'><strong>Forte</strong></span> <span class='ocrx_word' id='word_1_762' title='bbox 605 5541 802 5595; x_wconf 80' lang='lat' dir='ltr'><strong>eodem.</strong></span> 
     </span>
    </p>
   </div>
   <div class='ocr_carea' id='block_1_102' title="bbox 376 5676 1281 5749">
    <p class='ocr_par' dir='ltr' id='par_1_102' title="bbox 376 5676 1281 5749">
     <span class='ocr_line' id='line_1_102' title="bbox 376 5676 1281 5749; baseline 0.014 -24"><span class='ocrx_word' id='word_1_763' title='bbox 376 5677 393 5709; x_wconf 78' lang='grc' dir='ltr'><strong>ι</strong></span> <span class='ocrx_word' id='word_1_764' title='bbox 424 5676 556 5749; x_wconf 62' lang='lat' dir='ltr'><strong>Cod.</strong></span> <span class='ocrx_word' id='word_1_765' title='bbox 586 5676 805 5747; x_wconf 79' lang='lat' dir='ltr'><strong>Veron.,</strong></span> <span class='ocrx_word' id='word_1_766' title='bbox 837 5683 1028 5749; x_wconf 79' lang='lat' dir='ltr'><strong>frustra</strong></span> <span class='ocrx_word' id='word_1_767' title='bbox 1052 5693 1281 5740; x_wconf 80' lang='lat' dir='ltr'><strong>conetur.</strong></span> 
     </span>
    </p>
   </div>
   <div class='ocr_carea' id='block_1_103' title="bbox 373 5747 951 5817">
    <p class='ocr_par' dir='ltr' id='par_1_103' title="bbox 373 5747 951 5817">
     <span class='ocr_line' id='line_1_103' title="bbox 373 5747 951 5817; baseline 0.005 -16"><span class='ocrx_word' id='word_1_768' title='bbox 373 5750 395 5781; x_wconf 83' lang='lat'><strong>’</strong></span> <span class='ocrx_word' id='word_1_769' title='bbox 423 5747 566 5801; x_wconf 82' lang='lat' dir='ltr'><strong>ltletn</strong></span> <span class='ocrx_word' id='word_1_770' title='bbox 602 5749 748 5817; x_wconf 87' lang='lat' dir='ltr'><strong>cod.,</strong></span> <span class='ocrx_word' id='word_1_771' title='bbox 778 5747 951 5804; x_wconf 73' lang='lat' dir='ltr'><strong>etiam.</strong></span> 
     </span>
    </p>
   </div>
   <div class='ocr_carea' id='block_1_104' title="bbox 377 5818 1047 5890">
    <p class='ocr_par' dir='ltr' id='par_1_104' title="bbox 377 5818 1047 5890">
     <span class='ocr_line' id='line_1_104' title="bbox 377 5818 1047 5890; baseline 0.006 -18"><span class='ocrx_word' id='word_1_772' title='bbox 377 5818 398 5848; x_wconf 88' lang='grc'><strong><em>³</em></strong></span> <span class='ocrx_word' id='word_1_773' title='bbox 428 5818 571 5873; x_wconf 83' lang='lat' dir='ltr'><strong>Idem</strong></span> <span class='ocrx_word' id='word_1_774' title='bbox 598 5818 745 5883; x_wconf 83' lang='lat' dir='ltr'><strong>cod.,</strong></span> <span class='ocrx_word' id='word_1_775' title='bbox 777 5831 925 5890; x_wconf 74' lang='lat' dir='ltr'><strong>atque</strong></span> <span class='ocrx_word' id='word_1_776' title='bbox 956 5824 1047 5877; x_wconf 81' lang='lat' dir='ltr'><strong>ita.</strong></span> 
     </span>
    </p>
   </div>
   <div class='ocr_carea' id='block_1_105' title="bbox 512 5908 1072 5973">
    <p class='ocr_par' dir='ltr' id='par_1_105' title="bbox 512 5908 1072 5973">
     <span class='ocr_line' id='line_1_105' title="bbox 512 5908 1072 5973; baseline 0.009 -5"><span class='ocrx_word' id='word_1_777' title='bbox 512 5908 781 5970; x_wconf 58' lang='lat' dir='ltr'><strong>I‘nnoc.</strong></span> <span class='ocrx_word' id='word_1_778' title='bbox 817 5909 1072 5973; x_wconf 78' lang='lat' dir='ltr'><strong>LXVlI.</strong></span> 
     </span>
    </p>
   </div>
   <div class='ocr_carea' id='block_1_106' title="bbox 1983 4647 3579 4722">
    <p class='ocr_par' dir='ltr' id='par_1_106' title="bbox 1983 4647 3579 4722">
     <span class='ocr_line' id='line_1_106' title="bbox 1983 4647 3579 4722; baseline -0.006 -11"><span class='ocrx_word' id='word_1_779' title='bbox 1983 4654 2246 4711; x_wconf 83' lang='lat' dir='ltr'><strong>camelum</strong></span> <span class='ocrx_word' id='word_1_780' title='bbox 2269 4652 2484 4722; x_wconf 78' lang='lat' dir='ltr'><strong>g-lutire.</strong></span> <span class='ocrx_word' id='word_1_781' title='bbox 2512 4650 2577 4705; x_wconf 85' lang='lat' dir='ltr'><strong>Et</strong></span> <span class='ocrx_word' id='word_1_782' title='bbox 2600 4648 2727 4721; x_wconf 89' lang='lat' dir='ltr'><strong>quid</strong></span> <span class='ocrx_word' id='word_1_783' title='bbox 2757 4659 2942 4704; x_wconf 90' lang='lat' dir='ltr'><strong>contra</strong></span> <span class='ocrx_word' id='word_1_784' title='bbox 2968 4649 3193 4715; x_wconf 89' lang='lat' dir='ltr'><strong>referre,</strong></span> <span class='ocrx_word' id='word_1_785' title='bbox 3218 4648 3345 4718; x_wconf 87' lang='lat' dir='ltr'><strong>quid</strong></span> <span class='ocrx_word' id='word_1_786' title='bbox 3369 4647 3436 4702; x_wconf 85' lang='lat' dir='ltr'><strong>ad</strong></span> <span class='ocrx_word' id='word_1_787' title='bbox 3460 4649 3579 4718; x_wconf 70' lang='lat' dir='ltr'><strong>lucc</strong></span> 
     </span>
    </p>
   </div>
   <div class='ocr_carea' id='block_1_107' title="bbox 1983 4740 3581 4815">
    <p class='ocr_par' dir='ltr' id='par_1_107' title="bbox 1983 4740 3581 4815">
     <span class='ocr_line' id='line_1_107' title="bbox 1983 4740 3581 4815; baseline -0.003 -18"><span class='ocrx_word' id='word_1_788' title='bbox 1983 4746 2067 4801; x_wconf 88' lang='lat' dir='ltr'><strong>vel</strong></span> <span class='ocrx_word' id='word_1_789' title='bbox 2092 4759 2191 4815; x_wconf 92' lang='lat' dir='ltr'><strong>pro</strong></span> <span class='ocrx_word' id='word_1_790' title='bbox 2216 4744 2376 4800; x_wconf 90' lang='lat' dir='ltr'><strong>beato</strong></span> <span class='ocrx_word' id='word_1_791' title='bbox 2392 4742 2571 4798; x_wconf 89' lang='lat' dir='ltr'><strong>Leone</strong></span> <span class='ocrx_word' id='word_1_792' title='bbox 2601 4740 2925 4811; x_wconf 86' lang='lat' dir='ltr'><strong>respondere</strong></span> <span class='ocrx_word' id='word_1_793' title='bbox 2959 4742 3276 4806; x_wconf 73' lang='lat' dir='ltr'><strong>valebimus,</strong></span> <span class='ocrx_word' id='word_1_794' title='bbox 3299 4740 3452 4810; x_wconf 88' lang='lat' dir='ltr'><strong>cujus</strong></span> <span class='ocrx_word' id='word_1_795' title='bbox 3483 4757 3581 4806; x_wconf 88' lang='lat' dir='ltr'><strong>pro</strong></span> 
     </span>
    </p>
   </div>
   <div class='ocr_carea' id='block_1_108' title="bbox 1983 4831 3583 4901">
    <p class='ocr_par' dir='ltr' id='par_1_108' title="bbox 1983 4831 3583 4901">
     <span class='ocr_line' id='line_1_108' title="bbox 1983 4831 3583 4901; baseline -0.006 -9"><span class='ocrx_word' id='word_1_796' title='bbox 1983 4836 2243 4893; x_wconf 84' lang='lat' dir='ltr'><strong>catholica</strong></span> <span class='ocrx_word' id='word_1_797' title='bbox 2278 4835 2383 4890; x_wconf 86' lang='lat' dir='ltr'><strong>lide</strong></span> <span class='ocrx_word' id='word_1_798' title='bbox 2409 4833 2827 4889; x_wconf 86' lang='lat' dir='ltr'><strong>sollicitudinem</strong></span> <span class='ocrx_word' id='word_1_799' title='bbox 2859 4847 2922 4887; x_wconf 89' lang='lat' dir='ltr'><strong>ac</strong></span> <span class='ocrx_word' id='word_1_800' title='bbox 2947 4831 3302 4901; x_wconf 65' lang='lat' dir='ltr'><strong>diligentiam,</strong></span> <span class='ocrx_word' id='word_1_801' title='bbox 3329 4832 3481 4900; x_wconf 88' lang='lat' dir='ltr'><strong>cujus</strong></span> <span class='ocrx_word' id='word_1_802' title='bbox 3506 4832 3583 4884; x_wconf 84' lang='lat' dir='ltr'><strong>la-</strong></span> 
     </span>
    </p>
   </div>
   <div class='ocr_carea' id='block_1_109' title="bbox 1984 4924 3583 4993">
    <p class='ocr_par' dir='ltr' id='par_1_109' title="bbox 1984 4924 3583 4993">
     <span class='ocr_line' id='line_1_109' title="bbox 1984 4924 3583 4993; baseline -0.005 -11"><span class='ocrx_word' id='word_1_803' title='bbox 1984 4928 2170 4984; x_wconf 91' lang='lat' dir='ltr'><strong>borem</strong></span> <span class='ocrx_word' id='word_1_804' title='bbox 2197 4936 2247 4981; x_wconf 89' lang='lat' dir='ltr'><strong>et</strong></span> <span class='ocrx_word' id='word_1_805' title='bbox 2278 4926 2615 4990; x_wconf 90' lang='lat' dir='ltr'><strong>industriam,</strong></span> <span class='ocrx_word' id='word_1_806' title='bbox 2641 4924 2793 4993; x_wconf 89' lang='lat' dir='ltr'><strong>cujus</strong></span> <span class='ocrx_word' id='word_1_807' title='bbox 2820 4925 3120 4979; x_wconf 86' lang='lat' dir='ltr'><strong>libertatem</strong></span> <span class='ocrx_word' id='word_1_808' title='bbox 3150 4930 3308 4992; x_wconf 88' lang='lat' dir='ltr'><strong>atque</strong></span> <span class='ocrx_word' id='word_1_809' title='bbox 3334 4929 3583 4976; x_wconf 83' lang='lat' dir='ltr'><strong>constan-</strong></span> 
     </span>
    </p>
   </div>
   <div class='ocr_carea' id='block_1_110' title="bbox 1984 5012 3583 5088">
    <p class='ocr_par' dir='ltr' id='par_1_110' title="bbox 1984 5012 3583 5088">
     <span class='ocr_line' id='line_1_110' title="bbox 1984 5012 3583 5088; baseline -0.005 -13"><span class='ocrx_word' id='word_1_810' title='bbox 1984 5021 2135 5088; x_wconf 83' lang='lat' dir='ltr'><strong>tiam,</strong></span> <span class='ocrx_word' id='word_1_811' title='bbox 2165 5029 2340 5075; x_wconf 87' lang='lat' dir='ltr'><strong>vestra</strong></span> <span class='ocrx_word' id='word_1_812' title='bbox 2388 5018 2560 5088; x_wconf 88' lang='lat' dir='ltr'><strong>pietas</strong></span> <span class='ocrx_word' id='word_1_813' title='bbox 2604 5016 2807 5087; x_wconf 89' lang='lat' dir='ltr'><strong>optimc</strong></span> <span class='ocrx_word' id='word_1_814' title='bbox 2851 5013 2998 5068; x_wconf 91' lang='lat' dir='ltr'><strong>novit</strong></span> <span class='ocrx_word' id='word_1_815' title='bbox 3042 5023 3095 5068; x_wconf 90' lang='lat' dir='ltr'><strong>et</strong></span> <span class='ocrx_word' id='word_1_816' title='bbox 3136 5012 3311 5068; x_wconf 88' lang='lat' dir='ltr'><strong>omnis</strong></span> <span class='ocrx_word' id='word_1_817' title='bbox 3344 5012 3583 5068; x_wconf 80' lang='lat' dir='ltr'><strong>Ecclesia</strong></span> 
     </span>
    </p>
   </div>
   <div class='ocr_carea' id='block_1_111' title="bbox 1985 5106 3584 5184">
    <p class='ocr_par' dir='ltr' id='par_1_111' title="bbox 1985 5106 3584 5184">
     <span class='ocr_line' id='line_1_111' title="bbox 1985 5106 3584 5184; baseline -0.004 -17"><span class='ocrx_word' id='word_1_818' title='bbox 1985 5112 2283 5184; x_wconf 68' lang='lat' dir='ltr'><strong>praedicare</strong></span> <span class='ocrx_word' id='word_1_819' title='bbox 2325 5126 2431 5167; x_wconf 84' lang='lat' dir='ltr'><strong>non</strong></span> <span class='ocrx_word' id='word_1_820' title='bbox 2474 5109 2682 5166; x_wconf 85' lang='lat' dir='ltr'><strong>cessat?</strong></span> <span class='ocrx_word' id='word_1_821' title='bbox 2712 5109 2819 5165; x_wconf 85' lang='lat' dir='ltr'><strong>Sed</strong></span> <span class='ocrx_word' id='word_1_822' title='bbox 2862 5107 3177 5163; x_wconf 78' lang='lat' dir='ltr'><strong>Nestoriana</strong></span> <span class='ocrx_word' id='word_1_823' title='bbox 3221 5106 3312 5159; x_wconf 90' lang='lat' dir='ltr'><strong>illa</strong></span> <span class='ocrx_word' id='word_1_824' title='bbox 3354 5120 3459 5159; x_wconf 89' lang='lat' dir='ltr'><strong>non</strong></span> <span class='ocrx_word' id='word_1_825' title='bbox 3500 5115 3584 5161; x_wconf 88' lang='lat' dir='ltr'><strong>est</strong></span> 
     </span>
    </p>
   </div>
   <div class='ocr_carea' id='block_1_112' title="bbox 1985 5202 3584 5282">
    <p class='ocr_par' dir='ltr' id='par_1_112' title="bbox 1985 5202 3584 5282">
     <span class='ocr_line' id='line_1_112' title="bbox 1985 5202 3584 5282; baseline -0.007 -14"><span class='ocrx_word' id='word_1_826' title='bbox 1985 5210 2233 5282; x_wconf 74' lang='lat' dir='ltr'><strong>epistola.</strong></span> <span class='ocrx_word' id='word_1_827' title='bbox 2260 5208 2394 5264; x_wconf 88' lang='lat' dir='ltr'><strong>Nam</strong></span> <span class='ocrx_word' id='word_1_828' title='bbox 2424 5208 2667 5279; x_wconf 89' lang='lat' dir='ltr'><strong>profecto</strong></span> <span class='ocrx_word' id='word_1_829' title='bbox 2710 5224 2816 5261; x_wconf 85' lang='lat' dir='ltr'><strong>non</strong></span> <span class='ocrx_word' id='word_1_830' title='bbox 2860 5221 2978 5261; x_wconf 91' lang='lat' dir='ltr'><strong>eam</strong></span> <span class='ocrx_word' id='word_1_831' title='bbox 3027 5205 3211 5260; x_wconf 87' lang='lat' dir='ltr'><strong>nescio</strong></span> <span class='ocrx_word' id='word_1_832' title='bbox 3255 5218 3377 5273; x_wconf 68' lang='lat' dir='ltr'><strong>qua:</strong></span> <span class='ocrx_word' id='word_1_833' title='bbox 3420 5202 3584 5257; x_wconf 89' lang='lat' dir='ltr'><strong>modo</strong></span> 
     </span>
    </p>
   </div>
   <div class='ocr_carea' id='block_1_113' title="bbox 1986 5293 3583 5373">
    <p class='ocr_par' dir='ltr' id='par_1_113' title="bbox 1986 5293 3583 5373">
     <span class='ocr_line' id='line_1_113' title="bbox 1986 5293 3583 5373; baseline -0.007 -16"><span class='ocrx_word' id='word_1_834' title='bbox 1986 5302 2267 5373; x_wconf 88' lang='lat' dir='ltr'><strong>vulpecula</strong></span> <span class='ocrx_word' id='word_1_835' title='bbox 2300 5299 2682 5362; x_wconf 85' lang='lat' dir='ltr'><strong>etnordicaret,</strong></span> <span class='ocrx_word' id='word_1_836' title='bbox 2712 5298 2805 5353; x_wconf 89' lang='lat' dir='ltr'><strong>sed</strong></span> <span class='ocrx_word' id='word_1_837' title='bbox 2837 5305 2963 5351; x_wconf 75' lang='lat' dir='ltr'><strong>tunc</strong></span> <span class='ocrx_word' id='word_1_838' title='bbox 3002 5294 3111 5351; x_wconf 88' lang='lat' dir='ltr'><strong>Leo</strong></span> <span class='ocrx_word' id='word_1_839' title='bbox 3146 5293 3467 5349; x_wconf 88' lang='lat' dir='ltr'><strong>fortissimus</strong></span> <span class='ocrx_word' id='word_1_840' title='bbox 3496 5293 3583 5348; x_wconf 80' lang='lat' dir='ltr'><strong>in-</strong></span> 
     </span>
    </p>
   </div>
   <div class='ocr_carea' id='block_1_114' title="bbox 1987 5387 3583 5463">
    <p class='ocr_par' dir='ltr' id='par_1_114' title="bbox 1987 5387 3583 5463">
     <span class='ocr_line' id='line_1_114' title="bbox 1987 5387 3583 5463; baseline -0.004 -13"><span class='ocrx_word' id='word_1_841' title='bbox 1987 5395 2233 5451; x_wconf 84' lang='lat' dir='ltr'><strong>vasisset.</strong></span> <span class='ocrx_word' id='word_1_842' title='bbox 2247 5392 2527 5463; x_wconf 77' lang='lat' dir='ltr'><strong>Quomodo</strong></span> <span class='ocrx_word' id='word_1_843' title='bbox 2553 5401 2731 5447; x_wconf 87' lang='lat' dir='ltr'><strong>autem</strong></span> <span class='ocrx_word' id='word_1_844' title='bbox 2752 5390 2934 5446; x_wconf 90' lang='lat' dir='ltr'><strong>dicunt</strong></span> <span class='ocrx_word' id='word_1_845' title='bbox 2956 5387 3151 5462; x_wconf 82' lang='lat' dir='ltr'><strong>synodi</strong></span> <span class='ocrx_word' id='word_1_846' title='bbox 3176 5403 3339 5459; x_wconf 78' lang='lat' dir='ltr'><strong>super</strong></span> <span class='ocrx_word' id='word_1_847' title='bbox 3358 5387 3583 5460; x_wconf 77' lang='lat' dir='ltr'><strong>epistola</strong></span> 
     </span>
    </p>
   </div>
   <div class='ocr_carea' id='block_1_115' title="bbox 1992 5547 3333 5607">
    <p class='ocr_par' dir='ltr' id='par_1_115' title="bbox 1992 5547 3333 5607">
     <span class='ocr_line' id='line_1_115' title="bbox 1992 5547 3333 5607; baseline -0.003 1"><span class='ocrx_word' id='word_1_848' title='bbox 1992 5580 1995 5585; x_wconf 64' lang='grc' dir='ltr'><strong>ε</strong></span> <span class='ocrx_word' id='word_1_849' title='bbox 2073 5550 2100 5590; x_wconf 73' lang='grc' dir='ltr'>δ</span> <span class='ocrx_word' id='word_1_850' title='bbox 2130 5552 2186 5607; x_wconf 91' lang='lat' dir='ltr'><strong>In</strong></span> <span class='ocrx_word' id='word_1_851' title='bbox 2218 5548 2411 5606; x_wconf 76' lang='lat' dir='ltr'><strong>conc-il.</strong></span> <span class='ocrx_word' id='word_1_852' title='bbox 2442 5552 2599 5602; x_wconf 75' lang='lat' dir='ltr'><strong>dom.</strong></span> <span class='ocrx_word' id='word_1_853' title='bbox 2631 5563 2731 5605; x_wconf 79' lang='lat' dir='ltr'><strong>suo</strong></span> <span class='ocrx_word' id='word_1_854' title='bbox 2758 5549 3032 5605; x_wconf 72' lang='lat' dir='ltr'><strong>Bonifatio</strong></span> <span class='ocrx_word' id='word_1_855' title='bbox 3049 5562 3173 5604; x_wconf 88' lang='lat' dir='ltr'><strong>ann.</strong></span> <span class='ocrx_word' id='word_1_856' title='bbox 3208 5547 3333 5606; x_wconf 80' lang='lat'><strong>530.</strong></span> 
     </span>
    </p>
   </div>
   <div class='ocr_carea' id='block_1_116' title="bbox 2069 5686 2902 5757">
    <p class='ocr_par' dir='ltr' id='par_1_116' title="bbox 2069 5686 2902 5757">
     <span class='ocr_line' id='line_1_116' title="bbox 2069 5686 2902 5757; baseline -0.001 -15"><span class='ocrx_word' id='word_1_857' title='bbox 2069 5686 2090 5718; x_wconf 74' lang='grc'>⁸</span> <span class='ocrx_word' id='word_1_858' title='bbox 2121 5688 2261 5742; x_wconf 87' lang='lat' dir='ltr'><strong>Idem</strong></span> <span class='ocrx_word' id='word_1_859' title='bbox 2283 5688 2430 5750; x_wconf 85' lang='lat' dir='ltr'><strong>cod.,</strong></span> <span class='ocrx_word' id='word_1_860' title='bbox 2462 5688 2526 5741; x_wconf 87' lang='lat' dir='ltr'><strong>sit</strong></span> <span class='ocrx_word' id='word_1_861' title='bbox 2548 5687 2639 5741; x_wconf 81' lang='lat' dir='ltr'><strong>illa</strong></span> <span class='ocrx_word' id='word_1_862' title='bbox 2654 5688 2902 5757; x_wconf 77' lang='lat' dir='ltr'><strong>synodus.</strong></span> 
     </span>
    </p>
   </div>
   <div class='ocr_carea' id='block_1_117' title="bbox 2071 5758 2925 5828">
    <p class='ocr_par' dir='ltr' id='par_1_117' title="bbox 2071 5758 2925 5828">
     <span class='ocr_line' id='line_1_117' title="bbox 2071 5758 2925 5828; baseline -0.002 -15"><span class='ocrx_word' id='word_1_863' title='bbox 2071 5760 2091 5789; x_wconf 82' lang='grc'><strong><em>⁵</em></strong></span> <span class='ocrx_word' id='word_1_864' title='bbox 2114 5760 2257 5814; x_wconf 88' lang='lat' dir='ltr'><strong>Idem</strong></span> <span class='ocrx_word' id='word_1_865' title='bbox 2283 5759 2429 5824; x_wconf 85' lang='lat' dir='ltr'><strong>cod..</strong></span> <span class='ocrx_word' id='word_1_866' title='bbox 2459 5758 2591 5813; x_wconf 84' lang='lat' dir='ltr'><strong>sedis</strong></span> <span class='ocrx_word' id='word_1_867' title='bbox 2614 5760 2925 5828; x_wconf 73' lang='lat' dir='ltr'><strong>apostolicw.</strong></span> 
     </span>
    </p>
   </div>
   <div class='ocr_carea' id='block_1_118' title="bbox 2071 5828 2868 5888">
    <p class='ocr_par' dir='ltr' id='par_1_118' title="bbox 2071 5828 2868 5888">
     <span class='ocr_line' id='line_1_118' title="bbox 2071 5828 2868 5888; baseline -0.004 -3"><span class='ocrx_word' id='word_1_868' title='bbox 2071 5829 2092 5859; x_wconf 85' lang='grc'><strong>⁸</strong></span> <span class='ocrx_word' id='word_1_869' title='bbox 2119 5830 2175 5885; x_wconf 84' lang='lat' dir='ltr'><strong>in</strong></span> <span class='ocrx_word' id='word_1_870' title='bbox 2207 5828 2326 5887; x_wconf 82' lang='lat' dir='ltr'><strong>cod.</strong></span> <span class='ocrx_word' id='word_1_871' title='bbox 2350 5830 2469 5886; x_wconf 85' lang='lat' dir='ltr'><strong>Cod.</strong></span> <span class='ocrx_word' id='word_1_872' title='bbox 2501 5829 2647 5888; x_wconf 74' lang='lat' dir='ltr'><strong>deos:</strong></span> <span class='ocrx_word' id='word_1_873' title='bbox 2678 5831 2735 5888; x_wconf 76' lang='grc' dir='ltr'>τὸ</span> <span class='ocrx_word' id='word_1_874' title='bbox 2761 5830 2868 5883; x_wconf 73' lang='lat' dir='ltr'><strong>sed.</strong></span> 
     </span>
    </p>
   </div>
   <div class='ocr_carea' id='block_1_119' title="bbox 3058 5921 3135 5981">
    <p class='ocr_par' dir='ltr' id='par_1_119' title="bbox 3058 5921 3135 5981">
     <span class='ocr_line' id='line_1_119' title="bbox 3058 5921 3135 5981; baseline 0.013 -1"><span class='ocrx_word' id='word_1_875' title='bbox 3058 5921 3135 5981; x_wconf 70' lang='lat'><strong>21</strong></span> 
     </span>
    </p>
   </div>
  </div>
