4070 6352
620 308 730 363 Eii!

1710 303 2005 359 FACUNDI
2038 300 2249 357 EHSC.
2296 294 2805 354 IIEBMIANENSIS
3764 291 3842 349 (33g

633 421 738 478 Iba:
768 422 1084 477 sententiam
1136 435 1239 474 non
1285 433 1406 475 esse
1444 434 1471 473 a
1523 417 1675 473 beato
1719 418 1895 473 Leone
1928 418 2209 480 ﬁrmatam,
2244 417 2291 474 Α
2319 426 2445 467 cura
2487 416 2666 465 nostra
2697 405 2855 469 ratio,
2900 416 3018 472 quae
3060 413 3159 455 nos
3190 406 3371 453 tuetur
3404 410 3466 452 ac
3499 395 3665 452 ﬁrmat
3698 400 3843 459 adver-

634 529 790 583 quam
815 516 829 544 ¹
856 513 1088 568 fatentur
1118 529 1178 565 ea
1209 528 1326 580 qua:
1347 510 1415 565 ab
1432 510 1522 564 illa
1546 518 1671 565 sunt
1692 511 1760 566 de
1787 509 1891 563 ﬁde
1910 517 2103 562 statuta
2131 506 2218 559 ﬁr-

636 620 840 670 masse;
868 620 986 659 cum
1015 604 1068 658 in
1097 604 1201 659 alia
1230 613 1380 673 parte
1407 612 1681 673 gestorum
1711 618 1777 656 ex
1807 602 2001 671 quibus
2030 598 2218 653 cadent

634 696 860 763 epistola
901 696 1122 751 recitata
1165 706 1268 761 est,
1306 696 1604 752 inveniatur
1645 695 1789 765 quod
1826 695 2058 762 scriptor
2104 692 2219 760 ejus

634 786 753 841 lbas
782 786 850 842 de
878 788 1188 843 Nestoriana
1222 788 1410 844 lueresi
1442 788 1599 843 fuerit
1626 786 1943 842 accusatus?
1964 785 2053 840 Sic
2074 785 2218 838 enim

635 886 972 933 accusatores
998 877 1115 948 ejus
1136 878 1422 933 dixerunt:
1458 896 1478 930 ι
1506 876 1637 945 Quia
1663 876 2009 933 Nestorianus
2035 884 2140 939 est,
2167 883 2221 929 et

634 968 849 1022 beatum
884 968 1137 1040 Cyrillum
1180 969 1497 1039 episcopum
1538 968 1856 1025 hmreticum
1886 966 2157 1036 appellat:
2194 983 2213 1016 ι

637 1067 689 1113 et
712 1074 899 1114 rursus
930 1060 1124 1114 ibidem
1154 1061 1464 1115 continetur
1498 1078 1512 1115 :
1546 1077 1567 1110 ι
1608 1058 1784 1115 Maras
1812 1058 1986 1114 dixit:
2014 1058 2087 1112 De
2118 1056 2222 1113 ﬁde

638 1162 918 1206 movemus
967 1150 1169 1219 prius,s
1226 1159 1282 1207 et
1334 1149 1439 1205 alia
1491 1151 1724 1219 capitula
1776 1160 1899 1219 post
1944 1164 2216 1204 movemus.

645 1255 664 1288 ι
698 1237 1139 1295 Reverentissimi
1172 1241 1413 1311 episcopi
1443 1240 1729 1297 dixerunt:
1763 1241 1898 1296 Etsi
1939 1240 2220 1311 proposui-

640 1344 760 1382 mus
802 1330 973 1395 vobis,
1028 1340 1087 1384 ut
1135 1331 1325 1387 borum
1378 1332 1539 1387 trium
1580 1332 1934 1402 capitulorum
1980 1332 2221 1399 probatio

641 1418 1023 1493 subsequatur,
1080 1438 1182 1475 non
1226 1437 1289 1476 ex
1336 1422 1438 1477 hoc
1470 1422 1871 1493 inquisitionem
1911 1423 2221 1491 negavimus

640 1508 990 1577 reliquorum.
1024 1528 1044 1562 ι
1082 1512 1255 1565 Maras
1282 1513 1421 1568 dixit
1450 1529 1464 1567 :
1500 1515 1572 1569 De
1601 1513 1708 1571 ﬁde
1738 1529 2016 1571 movemus
2052 1514 2216 1583 prius.

640 1596 735 1650 llis
764 1612 891 1669 ergo
916 1599 1306 1671 ct.hujusmodi
1339 1605 1595 1674 probatur
1624 1607 1767 1678 quod
1797 1608 2076 1676 episcopus
2105 1605 2223 1661 lbas

642 1689 707 1745 de
740 1692 844 1749 ﬁde
874 1709 1041 1765 quam
1093 1698 1325 1752 maxime
1366 1698 1525 1752 fuerit
1572 1709 1874 1754 accusatus.
1926 1697 2057 1753 Nam
2100 1712 2220 1767 pro-

2321 519 2414 558 sus
2457 515 2644 556 omnes
2692 493 3179 555 contradicentium
3232 490 3563 561 quaeStiunes
3592 510 3607 545 :
3638 505 3704 558 ut,
3744 496 3848 554 sicut

2322 594 2609 664 Apostolus
2633 591 2762 646 dicit
2791 588 2871 659 (Η
2913 586 3095 640 Thess.
3127 600 3184 648 ll,
3207 583 3290 653 2),
3325 600 3437 638 non
3467 582 3573 638 cito
3596 602 3847 645 moveantur

2321 702 2351 741 a
2376 698 2566 740 nostro
2596 698 2779 748 sensu,
2815 693 2990 749 neque
3020 687 3340 744 terreamur,
3383 674 3470 730 vel
3502 675 3546 729 si
3575 677 3732 730 minus
3755 680 3847 734 hinc

2323 790 2607 845 possumus
2649 774 2801 839 dare,
2848 774 2964 827 sive
2995 769 3241 838 accipere
3273 768 3570 830 rationem,
3606 783 3689 821 cur
3723 784 3847 841 syno-

2324 869 2425 923 dus
2458 865 2810 923 orthodoxam
2836 862 3115 933 judicavit.
3147 859 3331 930 Neque
3360 858 3509 913 enim
3540 867 3618 912 est
3642 861 3728 912 alia
3754 877 3839 915 ron-

2319 960 2563 1016 ciliorum
2605 958 2969 1013 faciendorum
3015 954 3241 1019 utilitas,
3288 966 3454 1022 quam
3488 952 3698 1019 utquod
3730 953 3849 1008 intel-

2328 1054 2469 1109 lectu
2513 1067 2619 1107 non
2647 1051 2907 1120 capimus,
2942 1063 3009 1103 ex
3036 1045 3356 1101 auctoritate
3383 1045 3683 1110 credamus,
3702 1057 3747 1101 et
3770 1048 3848 1101 sic.

2324 1144 2414 1199 ubi
2469 1144 2605 1198 ratio
2646 1141 2820 1196 minus
2851 1139 3008 1194 nobis
3049 1138 3369 1202 occurrerit,
3418 1136 3552 1190 ﬁdes
3578 1150 3639 1189 ne
3667 1137 3850 1190 labantur

2321 1238 2431 1293 cito
2462 1244 2763 1291 succurrat.
2807 1233 2941 1288 Nam
2986 1232 3030 1286 si
3072 1239 3194 1301 post
3239 1230 3522 1284 decretum
3566 1227 3849 1295 disceptare'

2323 1328 2571 1395 licuerit,
2618 1336 2677 1382 ut
2727 1324 2933 1381 dicatur
2967 1342 2983 1379 :
3012 1323 3166 1377 Prius
3223 1321 3488 1391 probetur
3542 1320 3744 1389 epistola
3784 1322 3848 1374 illa

2322 1422 2465 1493 quod
2501 1433 2646 1478 reeta
2676 1419 2767 1485 sit,
2798 1427 2855 1473 ut
2879 1417 3129 1473 credatur
3161 1416 3325 1470 fuisse
3371 1423 3646 1481 suscepta;
3690 1430 3773 1467 nisi
3794 1427 3849 1469 est

2329 1529 2496 1584 quare
2539 1515 2648 1582 jam
2699 1509 2923 1566 concilia
2972 1516 3543 1579 cungregenturrnee
3594 1505 3847 1569 terminate,

2326 1609 2433 1662 imo
2462 1622 2559 1663 nec
2589 1605 2957 1661 terminahiles
3000 1603 3247 1657 dicantur
3290 1599 3639 1670 quaestiones,
3680 1614 3845 1665 quarunt

2326 1698 2570 1767 probatio
2616 1710 2829 1765 semper
2858 1694 3114 1763 exigitur.
3147 1693 3253 1747 Cur
3286 1692 3433 1746 enim
3466 1705 3571 1743 non
3601 1688 3778 1742 dicatur
3795 1689 3847 1741 si-

642 1794 825 1853 ptcrea
866 1797 1050 1843 contra
1098 1804 1219 1845 eum
1262 1801 1612 1846 memoratam
1654 1792 1934 1862 epistolam
1984 1792 2223 1862 protule-
2256 1796 2302 1854 Β
2328 1790 2525 1845 militer
2564 1807 2577 1843 :
2623 1789 2882 1845 Probetur
2925 1788 3073 1856 prius
3119 1785 3259 1852 quod
3310 1784 3473 1839 unius
3515 1783 3741 1837 essentia:
3774 1782 3846 1835 sint

644 1889 792 1935 runt.
838 1880 942 1934 Sed
994 1890 1049 1935 ct
1093 1882 1209 1949 ipsa
1253 1884 1475 1950 epistola
1529 1884 1663 1938 duas
1706 1892 1923 1939 naturas
1967 1892 2022 1939 et
2064 1898 2221 1937 unam

638 1981 930 2037 personam
967 1971 1121 2026 unius
1153 1972 1271 2026 Filii
1305 1972 1519 2026 Domini
1560 1974 1688 2029 Jesu
1719 1974 1919 2031 Christi
1952 1974 2222 2044 prtedicat,

646 2072 865 2131 propter
908 2066 1047 2135 quod
1091 2074 1147 2120 et
1177 2069 1418 2137 synodus
1459 2084 1578 2123 eam
1625 2070 1988 2138 pronuntiavit
2041 2070 2224 2125 ortho-

647 2153 845 2208 doxam
878 2171 894 2209 :
928 2156 1069 2224 quod
1104 2157 1325 2219 verbum
1378 2175 1484 2214 non
1532 2160 1818 2229 proferret,
1862 2162 1906 2216 si
1948 2177 2054 2216 non
2086 2168 2229 2217 esset

647 2245 762 2312 ejus
793 2244 861 2299 de
893 2245 996 2301 ﬁde
1018 2249 1305 2303 sententia.
1340 2248 1541 2304 Verum
1572 2266 1675 2305 non
1700 2260 1782 2307 est
1806 2266 1974 2321 quare
1998 2251 2085 2307 hic
2116 2266 2229 2305 am-

620 2365 629 2371 η·
648 2336 785 2402 ptius
834 2334 1197 2393 demoremur.
1254 2338 1359 2408 Ipsi
1406 2355 1524 2395 eam
1579 2358 1685 2396 non
1726 2343 1904 2397 dicant
1954 2343 2226 2398 Nestoria-

649 2441 793 2493 nam,
830 2438 883 2482 et
922 2444 1026 2483 non
1063 2438 1280 2499 putetur
1323 2431 1390 2486 ad
1418 2447 1634 2488 causam
1679 2433 1802 2488 ﬁdei
1846 2435 2134 2504 pertinere.
2164 2433 2224 2491 Si

620 2527 825 2572 autem
856 2518 1168 2575 NErltll'ialla
1201 2520 1416 2583 dii-iur.
1467 2522 1534 2579 de
1562 2524 1665 2580 ﬁde
1696 2526 1878 2595 utique
1906 2535 2224 2582 accusatur:

651 2618 703 2663 et
724 2610 843 2681 quia
862 2610 973 2680 jam
1014 2624 1260 2683 suscepta
1290 2614 1482 2669 dicitur
1511 2631 1540 2671 a
1566 2630 1748 2672 sancta
1777 2618 2005 2689 synodo,
2036 2633 2228 2675 conse-

650 2709 875 2769 quenter
904 2713 958 2757 et
982 2722 1008 2754 :t
1040 2704 1196 2760 beato
1230 2703 1414 2761 Leone
1443 2707 1637 2764 dicitur
1667 2724 1784 2765 esse
1813 2712 2039 2773 ﬁrmata.
2070 2727 2229 2781 quens

651 2805 756 2847 non
793 2803 986 2863 negant
1016 2808 1080 2849 ea
1110 2810 1231 2864 qua:
1256 2797 1327 2851 ibi
1359 2796 1427 2852 de
1458 2798 1565 2853 ﬁde
1596 2809 1717 2856 sunt
1745 2808 1938 2856 statuta
1967 2802 2227 2857 ﬁrmasse.

607 2952 611 2955 η
650 2880 785 2938 Nam
827 2884 872 2938 si
918 2893 973 2940 et
1015 2885 1143 2941 illud
1175 2887 1255 2942 eis
1284 2889 1655 2957 concedatur,
1703 2893 1825 2961 quia
1876 2902 2072 2962 praeter
2104 2892 2227 2948 ﬁdei

652 2978 1041 3050 deﬁnitionem,
1077 2990 1274 3038 caetera
1299 2999 1425 3053 qua:
1454 2984 1507 3038 in
1539 2985 1625 3040 illa
1671 2986 1879 3056 synodo
1904 2998 2055 3057 gesta
2083 2995 2228 3052 sunt,

650 3086 751 3128 nec
793 3074 1222 3141 confirmaverit,
1272 3092 1447 3146 neque
1492 3077 1827 3135 damnaverit
1858 3097 1871 3133 :
1905 3082 1984 3135 sic
2018 3094 2233 3149 quoque

2328 1881 2504 1937 Pater.
2528 1894 2591 1934 ac
2636 1878 2822 1943 Filius,
2873 1885 2931 1932 ut
2977 1876 3225 1931 credatur
3272 1874 3376 1928 hoc
3430 1872 3641 1926 Nicaeae
3677 1869 3848 1924 concilio

2328 1974 2702 2037 terminatum;
2753 1981 2808 2027 et
2853 1970 2975 2040 quia
3026 1966 3505 2025 eonsubstantialis
3550 1973 3629 2019 est
3655 1961 3772 2017 Patri
3803 1976 3844 2016 ac

2330 2064 2471 2121 Filio
2500 2063 2730 2133 Spiritus
2762 2072 3001 2125 sanctus,
3052 2058 3175 2131 quia
3208 2074 3314 2113 non
3357 2056 3517 2112 aliter
3545 2056 3681 2110 credi
3722 2063 3845 2123 potest

2328 2158 2471 2228 quod
2518 2160 2620 2212 hoc
2671 2154 2907 2227 synodus
2948 2149 3547 2219 Constantinopolitano
3596 2143 3843 2200 decreverit.

2328 2251 2503 2318 Atque
2555 2249 2627 2302 ita
2678 2244 3063 2315 qumStionibus
3117 2242 3387 2297 universis
3420 2240 3475 2293 in
3520 2238 3719 2306 antiquo
3750 2246 3847 2289 stata

2330 2340 2695 2405 manentibus,
2748 2352 2855 2391 non
2901 2336 3076 2390 solum
3126 2333 3260 2387 nihil
3286 2333 3615 2403 synodorum
3653 2328 3845 2383 constitu-

2330 2433 2565 2489 tionibus
2616 2432 2919 2486 absolutum
2972 2443 3097 2484 esse
3151 2426 3445 2491 videbitur,
3502 2424 3591 2478 sed
3633 2421 3768 2476 etiam
3802 2419 3845 2471 ad

2330 2524 2724 2597 perpetuandas
2775 2523 2897 2577 lites
2928 2521 3280 2591 quaestionum
3333 2518 3388 2572 in
3430 2518 3508 2571 eis
3538 2511 3760 2569 memoria
3789 2523 3847 2565 re-

2330 2626 2563 2673 servata.
2611 2616 2672 2669 Et
2702 2613 2824 2669 ideo
2864 2630 2970 2669 non
3017 2614 3158 2667 idem
3207 2612 3402 2666 modus
3431 2622 3552 2663 esse
3576 2606 3721 2662 debet
3738 2613 3849 2669 atque

2330 2710 2463 2765 ordo
2487 2706 2784 2779 quaerendi,
2829 2717 2948 2776 post
2975 2705 3347 2762 deﬁnitionem
3379 2701 3590 2759 concilii
3619 2698 3755 2753 totius
3778 2694 3849 2748 Ee-

2329 2800 2513 2857 clesite
2554 2799 2915 2854 consensione
2955 2797 3172 2862 ﬁrmati,
3212 2794 3304 2864 qui
3347 2793 3450 2849 fuit
3492 2800 3613 2846 ante
3647 2787 3845 2842 deﬁnitio

2334 2907 2475 2946 nem.
2527 2890 2681 2945 Tunc
2727 2888 2869 2943 enim
2917 2888 3057 2942 ratio
3114 2887 3375 2956 poscebat
3425 2895 3482 2938 ut
3527 2884 3568 2937 si
3614 2877 3846 2934 orthodoxi

2334 2981 2649 3052 probaretur
2692 2980 2783 3033 illa
2838 2978 3087 3047 epistola,
3138 2976 3482 3046 suscipienda
3530 2974 3845 3044 judicaretur:

2335 3073 2589 3146 synodo:
2624 3086 2765 3126 nunc
2809 3082 2988 3125 autem
3039 3071 3176 3124 ratio
3222 3069 3397 3135 poscit
3457 3078 3535 3133 ut,
3580 3068 3621 3120 si
3660 3070 3847 3132 suscepta

654 3182 763 3222 non
804 3171 1145 3238 potuerunt"
1169 3185 1321 3225 nova:
1352 3171 1638 3243 diligentia
1683 3186 1989 3244 repertores
2026 3174 2229 3231 crimen
2248 3169 2305 3230 'C
2341 3167 2604 3236 probetur
2647 3180 2677 3219 ει
2709 3163 2936 3234 synodo,
2978 3161 3249 3230 jndicetur
3290 3158 3606 3215 orthodoxa.
3650 3155 3769 3210 lianc
3786 3152 3849 3206 oh-

653 3260 971 3313 temeritatis
1017 3260 1267 3328 evadere,
1312 3262 1403 3332 qui
1444 3272 1681 3320 statuere
1726 3266 1841 3321 ausi
1890 3273 2016 3320 sunt
2058 3274 2113 3321 et
2150 3266 2233 3321 di-

654 3362 777 3403 cere
811 3365 821 3399 :
858 3349 915 3405 Si
945 3349 1065 3420 quis
1096 3351 1227 3406 dicit
1268 3361 1468 3408 rectam
1496 3369 1619 3411 esse
1665 3356 1732 3411 ad
1776 3356 1960 3411 Marim
1990 3359 2010 3389 ³
2035 3358 2268 3428 episto--

654 3441 781 3505 lam,
831 3450 923 3496 aut
950 3456 1068 3497 eam
1094 3443 1355 3511 defendit,
1399 3453 1454 3500 et
1500 3461 1603 3501 non
1637 3447 2050 3504 anatltematizat
2091 3466 2232 3518 eam,

657 3531 943 3587 anathema
995 3533 1089 3588 sit.
1148 3534 1280 3589 Nam
1328 3550 1445 3590 cam
1494 3536 1952 3595 Chalcedonensis
2003 3542 2238 3612 synodus

658 3628 859 3674 rectam
903 3620 1053 3685 dicit,
1096 3622 1205 3677 Leo
1233 3622 1317 3678 vel
1343 3625 1388 3679 si
1414 3640 1522 3681 non
1548 3628 1847 3693 continuat,
1878 3644 1983 3684 non
2011 3631 2264 3687 atratus--

658 3709 878 3764 tiiatizat
908 3728 1023 3766 eam
1057 3730 1069 3766 :
1105 3712 1405 3770 Anathema
1434 3714 1595 3786 igitur
1624 3717 1692 3772 ab
1725 3719 1839 3775 istis
1880 3736 2001 3776 cum
2032 3722 2240 3794 synodo

634 3803 1084 3861 ‘Chalcedonensi
1109 3806 1283 3861 factus
1309 3818 1390 3863 est
1419 3808 1547 3864 Leo.

1283 3961 1511 4019 CAPUT
1542 3963 1602 4018 ι’.

644 4071 809 4141 fQuod
840 4085 963 4147 post
984 4074 1185 4147 decreta
1229 4075 1567 4147 conciliorum
1621 4078 1880 4145 disputare
1911 4096 2012 4133 non
2066 4079 2239 4147 liceat,

728 4144 1084 4221 nec-audiendi
1112 4147 1211 4198 sint
1238 4145 1570 4221 Eutychiani,
1600 4150 1643 4200 si
1672 4144 1877 4203 cencilii
1899 4151 1963 4203 de
2004 4149 2110 4204 Iba:
2135 4144 2245 4221 epi-

723 4217 859 4270 stola
888 4215 1173 4284 deﬁnitioni
1197 4215 1458 4272 resistant.

730 4347 841 4405 Sed
898 4348 1021 4418 quia
1071 4334 1312 4406 evidenti
1353 4365 1416 4405 ac
1469 4350 1747 4421 multiplici
1804 4353 2245 4408 documentorum

659 4440 1001 4494 convictione
1030 4448 1388 4495 monstratum
1413 4450 1518 4507 est,
1542 4443 1871 4499 mendaciter
1898 4444 2081 4514 negari
2105 4444 2245 4514 quod

2338 3258 2667 3316 servantiam
2707 3254 3035 3319 tenentibus,
3064 3252 3387 3309 nihilnohis
3419 3247 3705 3322 praevalebit
3730 3246 3851 3298 luere-

2341 3355 2568 3410 ticorum
2627 3350 2921 3414 calliditas,
2985 3349 3030 3404 si
3085 3346 3324 3417 judicare
3380 3361 3489 3401 non
3546 3348 3851 3412 prmsutnamas

2343 3446 2485 3516 quod
2540 3444 2836 3513 intelligere
2882 3455 2986 3496 non
3015 3440 3274 3494 valemus.
3324 3440 3631 3506 Quanquam
3671 3424 3851 3486 nonnihil

2342 3536 2709 3594 intelleximus
2731 3536 2788 3590 δε
2818 3534 3182 3590 intelleximus
3210 3531 3353 3588 enim
3384 3528 3729 3587 hmreticorunt
3747 3520 3847 3574 frau-

2349 3629 2471 3694 des,
2501 3641 2822 3696 erroresque
2862 3622 3410 3681 convincimusaNon
3438 3634 3563 3691 ergo
3599 3628 3755 3686 parum
3777 3616 3848 3667 est.

2354 3721 2496 3791 quod
2528 3718 2790 3775 veraciter
2817 3717 3143 3773 deducamus
3171 3729 3439 3783 errorem,
3466 3710 3564 3768 etsi
3591 3711 3765 3779 plenam
3787 3699 3851 3751 d0-

2346 3827 2478 3870 cere
2515 3827 2621 3867 non
2667 3825 2953 3881 possumus
2998 3807 3302 3863 veritatem.
3358 3805 3442 3863 Ad
3496 3799 3748 3859 Jeremiatu
3785 3791 3855 3845 Do-

2346 3906 2526 3961 minus
2570 3901 2742 3958 dicit:
2780 3899 2913 3955 Ecce
2956 3899 3077 3953 dedi
3113 3899 3263 3953 verba
3314 3913 3431 3952 mea
3480 3897 3529 3948 in
3574 3907 3625 3946 os
3666 3898 3795 3945 tum,
3824 3887 3858 3930 et

2349 3995 2587 4049 constitui
2614 4002 2660 4048 te
2690 3991 2844 4045 hodie
2868 4006 3022 4058 super
3049 3999 3245 4061 gentes,
3293 3997 3339 4042 et
3381 4001 3559 4060 regna,
3587 3978 3806 4037 erudirere
3824 3976 3854 4021 et

2346 4084 2595 4151 e/Iodere,
2638 4092 2686 4137 et
2731 4080 3044 4149 disperdere,
3101 4089 3149 4133 et
3190 4077 3509 4145 rewdiﬁcnre
3551 4081 3594 4127 et
3634 4066 3854 4162 replentur!

2350 4173 2483 4245 (Jer.
2515 4187 2554 4237 ι,
2588 4172 2700 4243 ιο).
2730 4171 2955 4227 Jubetur
2982 4170 3161 4238 itaque
3190 4168 3450 4239 propheta
3478 4161 3613 4235 prius
3634 4154 3852 4251 θηάῗωῗθ

2349 4277 2405 4325 et
2430 4266 2688 4332 effudere,
2736 4273 2792 4321 et
2815 4263 3129 4335 disperdere
3168 4277 3385 4318 errores
3426 4270 3583 4330 atque
3621 4246 3853 4309 mendacii.

2350 4371 2407 4416 et
2456 4358 2783 4415 retediﬁrare
2811 4366 2872 4412 et
2910 4356 3154 4425 plantare
3204 4354 3488 4410 scientiam
3531 4359 3583 4405 et
3618 4342 3855 4400 veritatem-

2354 4453 2467 4507 lloc
2500 4450 2796 4522 perfectum
2825 4459 2908 4504 est
2951 4462 3108 4517 Opus,
3136 4456 3194 4502 et
3220 4447 3323 4502 iste
3364 4436 3707 4516 praedicatoris
3730 4438 3793 4485 est
3815 4425 3855 4477 ﬁ-

662 4530 944 4602 epistolam
964 4534 1289 4591 venerabilis
1314 4535 1421 4591 lhte
1446 4537 1686 4608 synodus
1709 4538 1729 4569 ³
1760 4538 2121 4609 pronuntiavit
2158 4554 2245 4594 or-
2276 4563 2328 4623 υ
2355 4548 2440 4603 "is
2470 4565 2483 4600 ;
2509 4562 2669 4617 quem
2699 4546 2745 4600 si
2774 4561 2883 4600 non
2908 4544 3149 4600 valemus
3193 4544 3483 4614 attingere,
3510 4543 3693 4594 certum
3726 4530 3853 4623 est":

666 4624 983 4693 tbodoxam,
1014 4636 1068 4683 et
1104 4626 1261 4684 simul
1297 4628 1547 4700 apparuit
1575 4633 1719 4700 quod
1755 4646 1874 4686 eam
1913 4648 2014 4688 nec
2059 4634 2247 4689 beatus

669 4714 777 4770 Leo
826 4715 1200 4773 Nestorianam
1249 4720 1612 4789 jndicaverit,
1665 4737 1788 4776 nam
1843 4724 2025 4792 procul
2083 4724 2248 4782 dubio

670 4811 828 4864 etiam
858 4809 1137 4866 inanilesta
1163 4813 1431 4867 sententia
1455 4812 1865 4882 vehementique
1887 4813 2208 4871 damnaret"
2236 4835 2249 4870 :

666 4899 863 4956 sufﬁcit
910 4902 1064 4957 nobis
1100 4902 1168 4957 ad
1198 4902 1570 4959 defensionem
1601 4902 1771 4973 ipsius
1812 4905 2074 4977 epistolae,
2113 4908 2254 4977 quod

668 5007 784 5048 cant
814 5001 957 5048 tanta
989 4993 1246 5064 synodus,
1276 5006 1329 5050 et
1358 4993 1530 5065 ipsius
1555 5004 1742 5052 auctor
1770 4997 1983 5068 synodi,
2020 4999 2101 5055 vir
2125 5015 2254 5068 apo-

667 5086 910 5153 stoicus,
955 5094 1009 5140 et
1044 5084 1100 5141 in
1142 5086 1388 5142 doctrina
1428 5085 1670 5143 veritatis
1709 5097 1821 5145 toto
1864 5090 1997 5145 orbe
2029 5092 2248 5147 notissi-

671 5191 811 5243 mus,
837 5178 1167 5247 approbavit.
1199 5178 1324 5233 lltec
1352 5186 1432 5233 est
1462 5179 1630 5248 prima
1663 5189 1717 5236 et
1756 5182 2045 5239 immobilis
2066 5197 2129 5239 ac
2153 5196 2247 5239 se-

745 5337 1001 5410 '_Synodi
1052 5339 1327 5409 cujusque,
1379 5347 1437 5393 ut
1483 5348 1566 5393 est
1610 5340 1746 5410 apud
1786 5341 2131 5397 Athanasium
2180 5344 2234 5398 in

2357 4656 2476 4693 men
2527 4654 2624 4693 nos
2651 4638 2856 4708 aliquid
2908 4637 3200 4707 incepisse.
3247 4634 3380 4689 Nam
3428 4624 3787 4688 eradicavintus,
3819 4617 3852 4708 el

2358 4727 2665 4794 eﬁ'oditnus,
2714 4706 2770 4782 et
2791 4706 3209 4797 disperdidimus
3254 4723 3398 4796 quod
3448 4706 3851 4780 eradicandumﬁ'

2358 4818 2716 4875 eﬂ‘odiendum
2739 4857 2755 4884 ,
2782 4828 2837 4874 et
2864 4817 3281 4887 disperdendum
3309 4816 3439 4882 fuit;
3469 4822 3523 4869 et
3547 4809 3589 4865 si
3614 4804 3851 4887 minus

2314 4952 2317 4955 ι
2358 4925 2544 4966 sumus
2584 4910 2748 4965 etiam
2782 4884 3111 4965 retediﬁcire
3153 4917 3209 4962 et
3254 4908 3571 4975 replantare,
3618 4884 3849 4975 melitlfib‘f'

2359 5002 2461 5056 hoc
2488 5014 2848 5065 reservemus,
2891 5006 2947 5055 et
2983 5000 3151 5053 simus
3199 4998 3404 5052 interea
3450 4997 3646 5050 Patrum
3680 4984 3850 5036 auctori-

2357 5100 2463 5146 tate
2492 5092 2751 5147 contenti.
2799 5089 2908 5145 Sed
2946 5090 3074 5145 dicit
3126 5088 3324 5158 aliquis
3356 5104 3371 5142 :
3401 5087 3463 5142 Et
3497 5073 3706 5147 nunquid
3739 5067 3848 5163 Euty-

2351 5181 2562 5238 chianis
2616 5181 3000 5238 auctoritatem
3045 5180 3239 5253 synodi
3288 5167 3713 5234 Chalcedonensis
3747 5157 3849 5222 oble‘

3650 5334 3657 5346 1
3684 5328 3694 5343 θ
3714 5319 3849 5349 ἀναίνει

2335 5342 2632 5431 ,Ασοξλευτον
2658 5343 2774 5416 ἔχει
2796 5349 2885 5405 τήν
2906 5347 3067 5434 ἰσχύϊ
3091 5344 3277 5433 Ezég'm
3314 5333 3831 5434 ¢ijya?‘g;2,xaiartlj::;:

673 5394 1017 5497 apologis},
1065 5394 1393 5492 inconcussa.
1428 5420 1511 5497 est
1539 5394 1948 5493 aucioritas,et
1987 5394 2231 5495 iniiinii}

2335 5437 2417 5471 ται
2446 5415 2470 5469 ὁ
2501 5394 3165 5497 κρίναςῗέἀηπαρῆἔτέρων
3245 5420 3407 5497 again;
3435 5394 3849 5497 é‘ozégﬂff"ng?d$

674 5480 878 5547 synodo
920 5480 1042 5537 facit
1078 5481 1171 5551 qui
1225 5495 1337 5537 rem
1374 5481 1664 5550 judicataut
1709 5482 1902 5538 iterum
1944 5480 2235 5550 examinat,

750 5618 765 5649 ⁸
795 5619 923 5675 Cod.
964 5622 1179 5689 Veron.,
1210 5638 1378 5688 quem,
1410 5622 1612 5677 scilicet
1643 5622 1894 5680 Leonem.

750 5692 769 5721 ²
798 5691 939 5747 ldem
966 5695 1111 5757 cod.,
1141 5694 1348 5762 impiam
1385 5694 1668 5762 epistolam.

753 5830 768 5849 '
800 5832 877 5884 Att
911 5840 1143 5901 po:erunt
1173 5832 1197 5884 .7

2344 5450 2417 5495 sust.
2446 5450 2470 5469 υ
2503 5450 2691 5496 erit”...
2733 5450 2816 5469 ιυι.
2849 5450 3165 5497 adﬂuere...
3194 5450 3220 5474 ,ι
3246 5450 3403 5490 “tu...
3435 5450 3698 5492 δινσιε-μνη
3740 5450 3765 5456 ~
3812 5450 3847 5502 ε,

2342 5502 2391 5539 ιιι
2419 5497 2739 5541 sententiam
2784 5487 2932 5553 plura
2966 5496 3156 5540 Iterum
3191 5486 3473 5540 Facundus
3498 5481 3581 5536 lib.
3606 5485 3685 5535 ιιι»
3708 5475 3795 5529 (³9*

2443 5624 2463 5654 ³
2496 5623 2638 5678 Idem
2662 5624 2806 5687 cod.,
2832 5621 3254 5678 Chalredonensis
3281 5624 3525 5694 synodus.

2441 5695 2464 5725 λ
2495 5695 2639 5749 Idem
2663 5695 2810 5761 cod.,
2841 5696 3254 5748 intellexerimus.

2444 5840 2481 5859 "
2512 5836 2688 5895 Forte,
2719 5836 3026 5889 dunmasset.
