4070 6352
361 257 472 315 655

1204 255 1337 312 PRO
1379 250 1793 309 DEFENSIONE
1833 250 2045 307 TRIUM
2084 254 2396 311 CAPITUL.
2442 256 2568 312 LIB.
2614 257 2673 311 V.

3530 262 3631 316 (ἲὸὶ

362 382 553 430 ctums
583 385 659 436 es,
690 377 749 426 ut
774 385 840 425 ex
869 384 933 425 eo
963 368 1337 427 Nestorianam
1375 385 1479 424 non
1506 383 1629 425 esse
1655 370 1945 425 convincas
1974 369 2023 431 Α
2051 367 2280 438 Spiritus
2308 380 2527 425 sanctus
2572 384 2665 439 per
2696 369 3006 440 prophetam
3038 371 3223 430 dicens
3256 391 3269 427 :
3300 371 3430 429 Filii
3475 377 3632 431 alieni

358 465 645 537 epistolam
682 464 1007 520 venerabilis
1054 463 1182 529 Ibze,
1237 463 1379 533 quod
1423 478 1540 519 eam
1590 461 1942 519 orthodoxam

366 557 665 629 judicavit:
700 570 821 609 cum
869 554 990 610 inde
1031 556 1210 626 potius
1262 555 1337 609 illi
1395 563 1743 610 memoratam
1790 570 1952 625 syno-

366 652 520 717 dum,
563 649 710 704 velut
756 649 1158 715 Nostorianam,
1201 649 1343 718 quod
1372 663 1489 702 eam
1533 649 1816 717 receperit,
1845 650 1952 702 cri-

367 742 680 801 minentur?
716 740 814 797 Ubi
865 741 1098 805 primum
1146 741 1469 808 reSpondeo,
1500 739 1751 809 quoniam
1785 739 1953 811 Euty-

364 837 576 893 chlanis
606 836 658 888 in
685 833 785 888 hoc
812 833 1025 888 debitor
1058 848 1165 888 non
1198 848 1336 888 sum.
1365 833 1481 888 Non
1508 832 1647 886 enim
1678 847 1763 887 me
1791 835 1955 888 ratio-

370 931 453 986 nis
477 930 609 984 ordo
647 927 907 997 permittit
936 936 995 982 ut
1022 926 1100 982 eis
1125 926 1500 993 reSpondeam,
1530 940 1628 980 cur
1659 926 1726 979 ita
1774 937 1953 996 patres

372 1024 539 1079 nostri
582 1038 744 1092 super
795 1022 1022 1092 epistola
1067 1022 1396 1077 venerabilis
1446 1020 1549 1075 lbte
1594 1020 1951 1075 decreverint.

370 1114 531 1171 Prius
572 1124 654 1170 est
683 1114 826 1169 enim
860 1122 917 1168 ut
954 1115 1220 1168 fateantur
1262 1112 1573 1179 nobiscum,
1607 1112 1747 1183 quod
1792 1111 1953 1166 etiam

371 1205 602 1260 concilio
659 1204 932 1273 Ephesino
986 1203 1251 1258 ﬁrmatum
1308 1204 1609 1272 docuimus,
1670 1203 1953 1257 Dominum

372 1308 614 1353 nostrum
666 1297 847 1352 Jesum
894 1295 1171 1351 Christum
1228 1296 1279 1349 in
1329 1295 1535 1350 duabus
1591 1294 1796 1349 naturis
1838 1306 1956 1348 esse

370 1390 728 1452 credendum,
769 1390 838 1443 de
863 1404 973 1460 quo
1000 1398 1083 1443 est
1123 1388 1262 1443 inter
1290 1401 1389 1442 nos
1419 1399 1577 1457 atque
1609 1386 1729 1441 illos
1761 1385 1959 1456 princi-

373 1481 513 1549 palis
543 1479 843 1545 dissensio;
898 1489 951 1534 et
981 1478 1053 1533 ita
1077 1479 1291 1535 demum
1325 1479 1443 1532 facti
1486 1478 1665 1542 amici,
1698 1476 1959 1532 rationem

370 1572 475 1627 sibi
516 1571 631 1627 dari
666 1572 935 1640 pOstulent
963 1570 1169 1641 paterni
1203 1571 1414 1640 jndicii.
1447 1571 1502 1625 Si
1541 1579 1719 1625 autem
1757 1569 1957 1625 inimici

379 1672 733 1732 permanent,
780 1671 835 1717 et
877 1670 1144 1732 prarcepta
1197 1662 1287 1717 Dei
1332 1669 1706 1725 contemnunt,
1760 1660 1958 1715 sanctis

2053 459 2241 512 mentiti
2265 469 2383 539 sunt
2412 460 2539 512 milii
2569 458 2735 529 (Psal.
2767 477 2893 527 ινιτ,
2922 459 3037 533 46).
3071 463 3171 532 Qui
3200 465 3362 521 etiam
3390 466 3435 521 si
3460 467 3632 521 Evan-

2052 548 2191 618 gelio
2243 565 2347 605 non
2396 551 2730 616 resisterent,
2785 554 2852 607 de
2882 554 2988 609 illis
3019 563 3195 611 tamen
3224 571 3282 611 se
3308 571 3428 612 esse
3474 573 3627 614 mon-

2052 652 2287 696 strarent
2328 642 2393 697 de
2419 644 2610 712 quibus
2642 646 2897 714 scriptum
2940 654 3021 701 est
3056 666 3066 699 :
3103 646 3269 703 Deum
3297 669 3351 705 se
3379 651 3628 719 pro/iteit-

2053 748 2134 793 tur
2162 740 2312 805 scire,
2340 739 2487 807 [actis
2509 748 2675 793 autem
2701 748 2889 809 negant
2914 739 3039 809 (Tit.
3093 756 3131 805 ι,
3181 740 3294 808 16).
3333 759 3353 793 ι
3384 740 3490 795 llac
3531 744 3632 813 igi-

2055 844 2139 886 tur
2169 833 2307 887 beati
2340 832 2538 887 Leonis
2583 834 2905 888 auctoritate
2938 843 3122 889 nostra
3170 837 3307 891 ratio
3342 836 3632 891 conﬁrma-

2057 934 2160 989 tur,
2193 923 2333 993 quod
2359 924 2634 991 disputare
2668 940 2766 978 nos
2795 939 2917 978 cum
2950 925 3298 996 Eutychianis
3319 928 3384 982 de
3405 936 3629 984 senten-

2057 1016 2125 1068 tia
2157 1030 2323 1084 super
2351 1014 2578 1083 epistola
2607 1014 2711 1069 lba:
2737 1016 2941 1085 prolata
2971 1017 3146 1071 nullus
3172 1018 3304 1074 ordo
3335 1020 3632 1089 permittat.

2056 1106 2261 1162 Deinde
2291 1111 2560 1177 quomodo
2606 1107 2689 1163 vel
2735 1108 2837 1175 ipsi
2888 1108 3165 1164 nobiscum
3214 1122 3463 1181 qurcrunt
3506 1128 3639 1168 con-

2058 1200 2298 1266 tendere,
2341 1207 2397 1254 et
2427 1213 2681 1254 accusare
2712 1210 2952 1255 sanctam
2983 1202 3269 1270 synodum.
3326 1203 3468 1271 quod
3512 1218 3632 1259 sus-

2057 1291 2260 1362 ceperit
2289 1293 2568 1361 epistolam
2614 1308 2730 1361 quan
2764 1292 3111 1360 incongruam
3141 1293 3207 1347 de
3239 1294 3395 1349 beato
3433 1295 3634 1365 Cyri’llo

2059 1384 2419 1454 suspicionem
2467 1384 2547 1437 sui
2594 1384 2975 1453 conscriptoris
3025 1383 3282 1448 continet,
3337 1384 3438 1439 nisi
3490 1385 3635 1453 prius

2064 1476 2250 1531 falsam
2296 1490 2415 1531 esse
2444 1477 2796 1530 confiteantur
2826 1477 3066 1532 eamdem
3117 1478 3475 1546 suspicionem
3510 1478 3633 1542 lbze,

2063 1582 2163 1639 qua
2216 1567 2419 1637 putavit
2450 1567 2664 1621 beatum
2712 1566 2968 1638 Cyrillum
3021 1569 3073 1621 in
3119 1568 3325 1623 duabus
3364 1569 3637 1626 Christum

2067 1675 2290 1729 negasse
2323 1658 2572 1713 naturis?
2603 1658 2754 1713 Tunc
2779 1660 2923 1715 enim
2952 1669 3203 1731 poterunt
3231 1661 3297 1717 de
3326 1660 3522 1731 injusta
3555 1680 3643 1719 re-

380 1751 601 1808 Patrum
622 1752 1021 1808 deﬁnitionibus
1050 1754 1383 1819 resistentes,
1416 1752 1743 1820 desiticiendi
1784 1766 1846 1806 ac
1874 1766 1958 1807 re-
1992 1752 2035 1811 Β
2065 1750 2419 1821 prehensione
2446 1749 2588 1806 beati
2618 1748 2801 1820 Cyrilli
2833 1750 2976 1805 illam
3008 1752 3290 1821 epistolam
3334 1754 3635 1821 criminari,

379 1845 609 1915 pellendi
662 1854 823 1914 sunt,
871 1845 1126 1916 quoniam
1175 1846 1482 1915 importune
1528 1853 1777 1917 qumrunt
1819 1844 1961 1899 illius

372 1950 557 1993 causa:
584 1953 681 2008 per
706 1953 805 1993 nos
844 1938 1066 2008 adipisci
1108 1939 1370 2005 netitiam,
1414 1953 1571 2009 quam
1606 1939 1737 1994 solis
1778 1939 1963 1994 amicis

375 2026 565 2083 deberi
618 2028 672 2082 in
728 2028 1020 2099 Evangelio
1072 2027 1333 2083 Dominus
1378 2026 1551 2083 dicit:
1592 2026 1724 2093 Vos,
1766 2028 1959 2096 inquit,

376 2117 532 2171 amici
574 2118 672 2172 mei
712 2118 851 2186 estis,
884 2119 929 2172 si
965 2119 1185 2189 feceritis
1229 2134 1344 2189 quae
1391 2134 1484 2191 ego
1517 2118 1756 2188 praecipio
1802 2116 1961 2171 vobis

376 2206 499 2265 Jam
525 2228 625 2264 non
653 2211 766 2265 dico
794 2228 878 2264 vos
920 2227 1108 2278 servos,
1155 2212 1277 2283 quia
1318 2228 1494 2267 servus
1543 2212 1701 2264 nescit
1732 2210 1858 2282 quid
1885 2210 1965 2281 fu-

376 2300 479 2353 ciat
506 2299 747 2354 dominus
775 2303 907 2373 ejus.
961 2300 1060 2356 Vos
1094 2312 1262 2356 autem
1307 2302 1417 2356 dixi
1452 2302 1663 2366 amicos,
1702 2304 1823 2373 quia
1852 2318 1964 2356 ont-

378 2389 467 2444 tu'a
494 2407 607 2461 qua:
642 2392 814 2445 audivi
852 2409 884 2445 a
924 2390 1078 2446 Patre
1119 2408 1250 2460 meo,
1285 2402 1406 2445 nota
1452 2393 1551 2464 feci
1600 2393 1737 2446 vobis
1784 2391 1963 2462 (Joatt.

381 2498 478 2550 xv,
509 2481 621 2553 M).
674 2483 789 2538 Non
836 2499 965 2554 ergo
994 2484 1219 2540 debetur
1268 2485 1467 2554 peccati
1512 2485 1684 2541 servis
1720 2496 1773 2541 et
1819 2500 1961 2555 prte-

386 2583 546 2644 cepta
588 2574 682 2629 Dei
732 2576 1111 2644 spernentibus
1153 2576 1356 2646 paterni
1385 2576 1592 2632 consilii
1621 2577 1777 2643 ratio,
1808 2578 1893 2633 vel
1924 2578 1967 2631 si

379 2680 411 2721 a
438 2665 593 2720 nobis
618 2680 737 2720 eam
765 2666 1073 2736 importune
1110 2678 1270 2739 atque
1312 2677 1639 2738 prmpostere
1683 2669 1785 2724 sibi
1815 2669 1966 2737 ﬂagi-

381 2764 497 2812 tent
523 2756 663 2813 dari.
693 2758 783 2814 Sic
812 2760 955 2814 en'm
986 2775 1086 2815 nos
1116 2760 1303 2816 Petrus
1354 2762 1631 2831 apostolus
1662 2760 1713 2832 (1
1732 2761 1877 2816 Petr.
1912 2778 1969 2819 ιη

383 2847 474 2917 15)
522 2857 737 2918 paratos
771 2864 894 2905 esse
928 2850 1081 2920 jubet
1118 2852 1184 2905 ad
1223 2852 1659 2921 respondendum
1691 2855 1835 2907 omni
1877 2868 1972 2922 p0-

384 2944 553 2999 scenti
584 2959 682 2999 nos
713 2944 979 3000 rationem
1010 2944 1077 2999 de
1106 2944 1212 3000 ﬁde
1238 2955 1294 3000 et
1324 2960 1418 3014 spe
1446 2961 1565 3014 qua:
1592 2947 1647 2999 in
1678 2946 1833 2999 nobis
1863 2953 1968 3010 est,

384 3048 445 3095 ut
465 3039 533 3094 ad
562 3038 735 3112 ipsum
767 3042 1027 3111 pertineat
1073 3050 1408 3111 apparatum,
1442 3040 1581 3111 quod
1620 3040 1817 3095 Paulus
1847 3056 1971 3096 coa-

385 3132 625 3202 postolus
649 3132 765 3202 ejus
793 3143 973 3189 monet
1000 3131 1223 3205 (Coloss.
1259 3148 1332 3200 tv,
1377 3130 1458 3202 6),
1501 3142 1557 3185 ut
1586 3134 1819 3187 sciamus
1842 3147 1973 3203 quo-
2000 3113 2045 3176 Ο

389 3221 554 3277 modo
583 3234 828 3293 oporteat
874 3236 972 3277 nos
1020 3223 1305 3293 unicuique
1354 3223 1701 3293 respondere.
1733 3222 1975 3278 Scientes

384 3313 554 3387 igitur
581 3316 851 3384 quomodo
880 3325 1128 3385 oporteat
1159 3331 1255 3371 nos
1285 3315 1572 3385 unicuique
1618 3315 1971 3384 respondere,

386 3408 619 3464 dicimus
661 3416 720 3463 ut
760 3410 906 3479 prius
945 3408 1017 3463 illi
1049 3408 1327 3464 nobiscum
1357 3409 1426 3464 de
1471 3407 1813 3463 confessione
1844 3408 1977 3463 dua-

388 3518 510 3559 rum
552 3514 862 3557 naturarum
893 3501 1092 3557 Christi
1143 3500 1490 3567 conveniant,
1541 3517 1661 3570 qua:
1698 3509 1791 3555 aut
1837 3501 1971 3566 sola,

388 3603 482 3646 aut
513 3594 745 3646 maxima
786 3574 1143 3646 dissensionis
1170 3599 1255 3646 est
1282 3604 1440 3646 causa
1460 3608 1475 3657 ;
1499 3599 1553 3644 et
1586 3599 1709 3645 tunc
1740 3588 1972 3653 residua,

388 3691 669 3736 reservato
699 3681 909 3746 ordine,
958 3682 1315 3751 requirentur.
1364 3678 1497 3735 Nam
1544 3690 1795 3735 manente
1838 3679 1977 3733 inter

388 3790 495 3831 nos
541 3777 633 3830 illa
687 3776 1011 3846 quaestione,
1056 3775 1179 3846 quis
1223 3790 1331 3831 non
1371 3781 1463 3828 aut
1511 3772 1836 3844 superﬂuum
1885 3781 1977 3826 aut

392 3864 780 3936 prmposterum
821 3865 1045 3935 jndicet,
1088 3866 1131 3920 si
1181 3880 1304 3921 cum
1352 3866 1455 3920 illis
1499 3864 1568 3919 de
1596 3865 1787 3937 synodi
1817 3879 1977 3933 super

393 3957 616 4027 epistola
648 3957 752 4012 lbae
774 3957 1041 4013 sententia
1070 3956 1445 4024 disputemus?
1474 3955 1611 4010 llinc
1641 3956 1828 4010 beatus
1870 3957 1977 4012 Leo

394 4063 515 4103 cum
546 4048 749 4118 legatos
781 4049 1045 4116 expetitos
1086 4048 1326 4116 Augusto
1371 4047 1532 4101 Leoni
1565 4047 1890 4103 directurum
1918 4063 1978 4104 se

396 4139 752 4209 premitteret,
804 4139 878 4192 ait
907 4137 1099 4209 (Epist.
1123 4137 1216 4207 78)
1249 4157 1260 4191 :
1301 4157 1317 4189 ι
1350 4139 1655 4193 Praenoscat
1683 4139 1841 4208 igitur
1870 4141 1980 4210 pie-

399 4240 480 4284 tas
501 4238 615 4292 tua,
643 4230 969 4284 venerabilis
1000 4231 1309 4299 imperator,
1344 4229 1442 4285 hos
1469 4244 1601 4299 quos
1632 4230 1871 4299 spondeo
1898 4231 1977 4285 di-

398 4320 670 4389 rigendos,
719 4334 826 4375 non
871 4320 938 4374 ad
982 4319 1376 4391 conﬂigendum
1408 4334 1528 4374 cum
1556 4320 1801 4374 hostibus
1833 4321 1974 4387 ﬁdei,

400 4426 501 4467 nec
538 4411 606 4466 ad
654 4411 969 4467 certandum
1019 4420 1204 4466 contra
1250 4410 1386 4465 ullos
1434 4426 1461 4464 a
1506 4410 1635 4466 sede
1687 4412 1975 4480 apostolica

2065 1854 2190 1899 tunc
2238 1845 2431 1899 merito
2457 1843 2524 1899 de
2551 1842 2716 1911 ipsius
2760 1843 2966 1914 injuriis
3016 1844 3190 1915 queri,
3242 1844 3287 1900 si
3318 1860 3422 1900 non
3454 1856 3505 1901 et
3541 1847 3646 1917 ipsi

2063 1951 2181 1991 cum
2211 1934 2471 2004 praedicto
2505 1933 2594 1989 lba
2618 1933 2819 1999 dicant,
2849 1934 2989 2004 quod
3014 1951 3170 1990 unam
3202 1936 3402 1993 Christi
3442 1939 3643 2007 praedi-

2062 2026 2270 2081 caverit
2292 2039 2416 2081 esse
2447 2032 2709 2079 naturam.
2765 2026 3017 2095 Alioquin
3047 2028 3293 2083 eumdem
3321 2033 3648 2088 reverentis-

2064 2123 2257 2175 simum
2289 2121 2429 2174 [bam
2461 2121 2529 2176 de
2562 2120 2982 2191 reprehensione
3012 2122 3148 2178 falsa
3175 2124 3391 2194 culpare
3419 2144 3521 2183 non
3548 2144 3643 2198 po-

2065 2218 2281 2266 terunt:
2313 2209 2417 2266 nisi
2448 2209 2585 2265 forte
2618 2210 2772 2265 nobis
2805 2214 3177 2281 persuadeant,
3212 2226 3265 2272 et
3294 2217 3505 2274 beatum
3538 2221 3643 2293 Cy-

2065 2303 2244 2357 rillum
2301 2317 2460 2357 unam
2514 2301 2713 2357 Christi
2759 2317 2824 2357 ex
2873 2302 3153 2361 divinitate
3212 2318 3266 2363 et
3317 2310 3647 2367 humanitate

2066 2399 2414 2466 compositam
2468 2397 2789 2467 praedicasse
2840 2408 3127 2468 naturam,
3180 2394 3233 2455 et
3286 2402 3646 2460 ortltodoxum

2066 2491 2211 2547 Ibam
2243 2490 2341 2545 hoc
2372 2506 2475 2546 nou
2510 2491 2756 2546 debuisse
2779 2491 3015 2560 culpare,
3064 2492 3207 2562 quod
3239 2494 3415 2548 omnis
3450 2494 3642 2551 Eccle-

2069 2584 2147 2638 sia
2177 2584 2464 2639 conﬁtetnr
2493 2598 2613 2639 esse
2642 2584 2929 2653 culpabile.
2961 2584 3150 2641 Cernis
3181 2588 3359 2657 igitur,
3391 2589 3648 2658 religiose

2071 2678 2340 2746 princeps,
2382 2676 2448 2731 ad
2498 2678 2657 2744 hujus
2702 2677 2942 2747 epistolae
2986 2679 3353 2737 defensionem
3401 2681 3650 2739 sufﬁcere

2072 2770 2227 2824 nobis
2270 2771 2322 2824 in
2358 2771 2612 2839 praesenti
2663 2779 2925 2840 tempore,
2972 2772 3112 2842 quod
3145 2788 3261 2829 eam
3301 2775 3651 2844 probavimus

2071 2862 2429 2916 orthodoxam
2459 2877 2487 2916 a
2511 2862 2716 2934 synodo
2734 2863 3048 2933 iudicatam,
3073 2880 3173 2921 nec
3198 2882 3226 2921 a
3257 2866 3415 2922 beato
3442 2866 3647 2938 Leone,

2072 2951 2211 3006 sicut
2263 2951 2581 3021 ﬁngebatur,
2630 2954 2933 3023 expulsam,
2981 2956 3074 3010 sed
3108 2956 3284 3027 potius
3320 2971 3442 3014 cum
3470 2961 3653 3016 omni-

2074 3043 2174 3097 bus
2205 3058 2323 3113 qum
2353 3043 2424 3097 ibi
2462 3051 2585 3096 sunt
2621 3043 2689 3098 de
2735 3044 2838 3098 ﬁde
2880 3054 3075 3100 statuta
3123 3046 3411 3104 ﬁrmatam.
3445 3051 3652 3120 Quam-

2077 3134 2260 3190 obrem
2294 3134 2486 3189 sufficit
2515 3135 2688 3204 nobis,
2717 3146 2773 3190 ut
2801 3137 2999 3191 dictum
3031 3148 3134 3205 est,
3168 3140 3357 3197 horum
3389 3145 3501 3199 sola
3530 3160 3655 3216 pro-

2078 3224 2240 3279 batio.
2292 3225 2565 3295 Siquidem
2600 3242 2773 3297 neque
2819 3228 3113 3285 catholicus
3147 3234 3430 3304 quisquam
3479 3244 3656 3306 potest

2078 3326 2237 3372 tantzc
2276 3320 2465 3390 synodi
2496 3320 2798 3374 auctoritati
2849 3322 3121 3388 resistere,
3175 3340 3348 3394 neque
3390 3343 3488 3382 nos
3516 3331 3656 3385 ratio

2077 3408 2203 3462 sinit
2231 3424 2349 3463 cmn
2384 3409 2749 3480 Eutyebianis,
2801 3410 2994 3466 nedum
3038 3414 3177 3469 inter
3217 3431 3335 3484 nos,
3374 3418 3655 3489 principali

2078 3499 2373 3568 quastione
2398 3500 2561 3566 ﬁnita,
2592 3501 2659 3556 de
2682 3503 2941 3557 sententia
2970 3518 3133 3574 super
3150 3506 3375 3573 epistola
3406 3508 3508 3563 lbae
3534 3527 3657 3579 pro-

2078 3596 2181 3648 lata
2230 3593 2564 3663 conﬂigere:
2597 3596 2827 3651 maxime
2878 3597 3002 3667 quia
3050 3600 3304 3669 conqueri
3350 3600 3418 3657 de
3462 3601 3655 3673 injuria

2080 3688 2218 3742 beati
2247 3686 2428 3758 Cyrilli
2462 3702 2563 3740 non
2588 3696 2877 3758 potuerttnt
2907 3689 2947 3754 ί,
2978 3704 3137 3759 quam
3163 3691 3228 3745 ad
3257 3691 3508 3749 invidiam
3538 3710 3655 3750 nta-

2078 3790 2197 3843 gna:
2223 3776 2410 3845 synodi
2443 3776 2627 3833 dolere
2656 3792 2714 3832 se
2744 3777 2972 3847 ﬁngunt,
3001 3780 3101 3834 nisi
3128 3782 3277 3848 prius
3299 3798 3422 3838 eum
3454 3784 3658 3842 fatean-

2081 3875 2167 3921 tur
2198 3867 2250 3920 in
2282 3866 2489 3921 duabus
2516 3866 2783 3921 Christum
2827 3868 3152 3937 praedicasse
3188 3873 3413 3927 naturis.
3458 3874 3658 3930 Verum

2081 3957 2164 4012 his
2207 3973 2323 4024 qua:
2375 3957 2598 4013 dicenda
2644 3958 2855 4012 fuerant
2893 3957 3247 4029 sufﬁcienter,
3297 3971 3356 4017 ut
3405 3964 3659 4034 arbitror,

2080 4047 2381 4115 explicatis,
2423 4055 2478 4101 et
2519 4047 2588 4102 ab
2630 4048 2785 4116 hujus
2827 4050 3068 4117 epistola:
3117 4051 3455 4110 discussione
3500 4057 3661 4127 longe

2082 4139 2310 4204 repulsis
2363 4139 2634 4196 haereticis
2676 4158 2688 4192 :
2736 4143 2858 4209 quia
2908 4158 3001 4210 per
3056 4146 3425 4214 subreptiones
3474 4164 3661 4204 eorum

2082 4232 2247 4284 mu‘ta
2278 4230 2401 4284 vitia
2433 4241 2558 4284 sunt
2588 4232 2763 4284 eidem
2789 4234 3025 4299 epistnl.t-
3053 4232 3185 4289 false
3213 4246 3371 4305 atque
3398 4237 3661 4295 fallaciter

2084 4322 2337 4390 imputata
2373 4337 2385 4374 :
2419 4321 2518 4375 hac
2557 4324 2879 4378 necessitate
2926 4324 3259 4393 compulsus,
3321 4326 3662 4385 instructioni

2085 4413 2431 4480 parvulorum
2478 4422 2820 4478 nostrorum,
2872 4429 2939 4469 ne
2988 4416 3418 4472 scandalizentur
3456 4419 3508 4473 in
3539 4420 3663 4475 tali-

401 4506 771 4574 profecturos:
799 4505 922 4574 quia
962 4504 1029 4559 de
1074 4505 1234 4560 rebus
1280 4504 1418 4574 apud
1467 4503 1698 4559 Nicaeam
1752 4512 1807 4559 et
1843 4505 1981 4573 apud
2014 4490 2064 4550 ι)
2089 4504 2208 4567 bus,
2243 4519 2346 4558 non
2379 4503 2529 4574 quasi
2561 4503 2778 4573 grandis
2802 4513 2859 4559 ut
2898 4504 3028 4572 Leo,
3061 4506 3154 4560 sed
3189 4508 3327 4561 inter
3355 4508 3474 4563 illos
3500 4524 3663 4578 grta-

403 4596 822 4662 Chalcedoncm,
863 4597 1005 4653 sicut
1052 4598 1162 4652 Deo
1209 4597 1430 4666 placuit,
1480 4596 1734 4663 deﬁnitis,
1784 4598 1983 4651 nullum

407 4689 666 4744 audemus
694 4690 827 4743 inire
856 4695 1161 4751 tractatum,
1189 4697 1439 4756 tanquam
1477 4686 1635 4742 dubia
1660 4686 1743 4741 vel
1777 4686 1983 4741 inﬁrma

405 4780 514 4833 sint
540 4795 660 4849 quae
703 4790 849 4832 tanta
881 4794 975 4847 per
1017 4778 1276 4849 Spiritum
1322 4788 1563 4833 sanctum
1602 4778 1713 4833 ﬁxit
1750 4781 1986 4833 auctori-

408 4877 511 4923 tas.
556 4871 897 4924 lnstructioni
928 4879 1106 4925 autem
1155 4873 1497 4941 parvulorum
1529 4880 1859 4939 nostrorum,
1897 4874 1988 4942 qui

413 4969 531 5029 post
560 4961 711 5014 lactis
739 4962 1067 5028 alimoniam,
1107 4962 1228 5018 cibo
1268 4963 1580 5019 desiderant
1617 4964 1874 5019 solidiore
1903 4978 1989 5019 sa-

410 5050 557 5113 tiari,
587 5048 875 5104 ministerii
915 5053 1085 5105 nostri
1127 5055 1429 5122 praesidium
1462 5069 1567 5109 non
1609 5070 1901 5125 negamus:
1936 5063 1993 5110 et

410 5142 550 5196 sicut
596 5140 957 5212 simpliciores
988 5159 1093 5197 nou
1134 5146 1461 5214 Spernimus,
1504 5146 1573 5201 ita
1626 5161 1656 5201 a
1697 5145 1989 5201 rebellibus

414 5233 682 5289 hatreticis
733 5230 1090 5301 abstinemus,
1141 5250 1407 5290 memores
1450 5238 1703 5306 praecepti
1735 5237 1988 5292 dominici
2044 5232 2048 5236 Α

411 5328 639 5383 dicentis
671 5345 683 5381 :
717 5324 894 5381 Nolite
922 5338 1153 5381 sanctum
1189 5328 1314 5381 dare
1359 5329 1589 5394 canibus,
1640 5346 1799 5400 neque
1841 5331 1992 5385 mise—

346 5420 347 5423 “
412 5421 524 5474 ritis
570 5421 878 5492 margaritas
924 5431 1114 5475 vestras
1159 5430 1279 5475 ante
1319 5439 1498 5493 porcos
1546 5424 1760 5496 (Matth.
1806 5440 1881 5480 vn
1909 5424 1992 5495 6).

412 5509 585 5565 Nimis
623 5512 818 5581 quippe
848 5510 1148 5581 indignum,
1185 5511 1451 5581 nimisque
1478 5513 1731 5583 injustum
1762 5524 1865 5581 est,
1900 5530 1993 5572 eos

421 5602 491 5657 ad
525 5602 826 5658 libertatem
864 5602 1271 5673 disceptationis
1299 5604 1527 5674 admitti,
1559 5620 1694 5677 quos
1723 5607 1991 5678 signiﬁcat

488 5732 507 5765 ⁸
537 5731 668 5789 Cod.
701 5732 922 5802 Veron.,
955 5747 1206 5807 poterunt.

2089 4597 2382 4662 (liusculus,
2429 4596 2706 4651 ministerii
2735 4597 2777 4663 ',
2808 4600 3057 4666 quoniam
3086 4607 3140 4653 et
3176 4599 3276 4654 hoc
3323 4600 3436 4670 ipse
3483 4603 3667 4657 beatus

2089 4686 2197 4741 Leo
2235 4688 2527 4753 concessit,
2577 4701 2685 4741 non
2730 4702 2867 4757 nego
2911 4690 3439 4762 quantulumcunque
3486 4694 3668 4761 przrsi-

2091 4780 2234 4835 dinm
2267 4797 2279 4832 :
2308 4779 2408 4833 sub
2434 4779 2535 4834 bac
2563 4779 2873 4835 conditione
2908 4782 3189 4847 duntaxat,
3222 4792 3279 4837 ut
3304 4799 3407 4837 non
3441 4783 3493 4838 in
3522 4800 3664 4851 mea,

2090 4887 2248 4942 quam
2292 4870 2599 4926 redditurus
2627 4886 2768 4937 sum,
2800 4872 3010 4926 ratione
3054 4874 3304 4928 meritum
3329 4870 3669 4929 causat'con-

2094 4964 2332 5029 stituam,
2381 4976 2539 5031 quam
2586 4961 2827 5030 profecto
2873 4962 3122 5030 pervides
3160 4966 3523 5033 terminatam,
3575 4969 3671 5023 sed

2095 5054 2271 5121 potius
2296 5053 2349 5107 in
2372 5054 2689 5108 anetoritate
2719 5068 2925 5121 magna:
2955 5053 3167 5123 synodi,
3195 5069 3352 5123 quam
3386 5054 3526 5111 inter
3558 5057 3670 5111 lue-

2095 5145 2382 5201 reticorum
2416 5146 2605 5225 ﬂuctus
2645 5160 2708 5199 ac
2733 5146 2997 5205 turbines.
3047 5146 3189 5201 sicut
3225 5162 3475 5202 ancoram
3509 5150 3669 5205 habe-

2097 5254 2214 5293 mus
2256 5240 2448 5293 animae
2487 5247 2652 5295 tutam
2692 5247 2746 5292 et
2772 5238 2999 5293 ﬁrmam.
3049 5237 3181 5293 lluic
3211 5246 3339 5308 ergo
3380 5254 3477 5296 nos
3506 5239 3672 5297 devo-

2098 5333 2241 5386 tione
2269 5339 2428 5401 atque
2474 5331 2775 5387 obedientia
2826 5331 3136 5400 religtntus,
3184 5332 3393 5399 objecta
3444 5334 3671 5399 primum

2102 5423 2490 5478 oblatrantibus
2535 5422 2676 5477 mole
2709 5423 3271 5493 patet-pssententim,
3322 5440 3480 5493 quant
3511 5439 3673 5492 super

2101 5514 2325 5583 e,:istola
2372 5529 2515 5581 saepe
2555 5513 2699 5567 dicta
2748 5513 3005 5581 prolatam
3035 5514 3338 5582 docuimus,
3366 5517 3417 5571 in
3448 5516 3673 5581 quodam

2104 5606 2462 5673 placidissimo
2503 5604 2624 5660 ﬁdei
2674 5613 2827 5675 portu
2876 5620 3052 5663 causae
3097 5607 3358 5665 rationem
3400 5608 3483 5663 vel
3528 5606 3672 5663 iuve-

2170 5742 2191 5769 ³
2224 5738 2368 5794 Idem
2397 5738 2541 5805 cod.,
2569 5738 2785 5795 ministri
2813 5742 2929 5796 mei.
2959 5736 2969 5745 ’
