4070 6352
531 280 635 337 655

531 403 774 458 niendam
823 412 1148 473 quaeramus,

531 496 669 566 quod
704 496 805 550 [ide
838 492 1092 555 creditur,
1137 488 1296 544 etiam
1330 482 1687 553 intelligentia
1728 482 2103 547 cognoscatur,

532 604 634 639 non
666 600 819 653 posse
840 583 985 653 jnste
1012 576 1330 649 reprehendi
1362 590 1615 646 magnam
1648 570 1856 642 synodu
1883 588 1935 632 n,
1969 578 2102 633 quo-

1618 267 1912 326 FACUNDI
1951 261 2161 319 EPiSC.
2206 252 2707 317 IIERMIANENSIS
3677 249 3761 306 555

1200 395 1277 449 vel
1309 391 1672 447 ostendamus
1704 390 1972 442 inventam
2003 397 2020 435 :
2053 389 2110 434 ut
2144 384 2190 441 Λ
2222 376 2363 430 niam
2389 389 2505 429 eam
2534 367 2793 441 judicavit
2813 363 3162 419 orthodoxam
3198 380 3205 413 :
3240 360 3381 433 quod
3404 362 3461 416 in
3488 360 3641 432 hujus
3658 379 3763 433 upo-

2218 467 2293 523 ris
2341 464 2627 523 divisione,
2680 458 2867 513 ultimo
2914 456 3043 511 loco
3090 467 3186 509 nos
3233 452 3573 523 promisimus
3613 466 3767 511 osten-

2223 570 2399 614 suros.

862 728 865 733 '
1711 727 2059 812 LIBER
2134 713 2626 801 SEXTUS.

1038 902 1264 957 (APUT
1308 898 1591 955 PRIMUM.

526 1014 679 1081 Quod
710 1014 934 1084 synodus
970 1010 1405 1084 Chalcedonensis
1434 1010 1707 1084 epistolam
1756 1004 1866 1084 Ibo:
1893 1018 2115 1084 pronun-

600 1076 1098 1140 tians—orthodoxam
1124 1094 1254 1137 recte
1273 1076 1544 1154 judicarit,
1569 1089 1613 1133 et
1638 1091 1798 1154 sacrm
1830 1076 2113 1142 Scriptura:

598 1171 788 1209 morem
823 1164 995 1209 secuta
1033 1155 1120 1219 sit,
1152 1148 1356 1220 quw'de
1378 1151 1549 1204 multis
1576 1165 1639 1203 ea:
1679 1148 1874 1213 majore
1905 1160 1965 1197 ac
2010 1158 2115 1196 me-

598 1228 724 1279 tiore
747 1235 889 1294 parte
914 1226 1039 1279 solet
1062 1226 1198 1291 ferre
1218 1223 1541 1278 sententiam.

608 1340 723 1408 Age
768 1352 911 1393 nunc
954 1335 1080 1391 illud
1112 1336 1272 1391 etiam
1303 1333 1444 1404 quod
1475 1338 1738 1400 supereSI,
1773 1327 1998 1398 probare
2027 1325 2109 1378 in-

516 1431 758 1500 cipimus
805 1436 859 1482 et
888 1425 1177 1483 ostendere
1200 1438 1360 1493 quam
1385 1420 1601 1492 indigne
1630 1420 1697 1475 de
1728 1416 1989 1472 sententia
2024 1429 2112 1469 su-

512 1538 627 1594 .per
655 1521 879 1592 epistola
904 1518 1225 1576 venerabilis
1272 1516 1377 1572 lbae
1409 1516 1610 1585 prolata
1655 1508 2113 1568 Chalcedonensis

530 1614 767 1686 synodus
822 1619 1122 1668 accusetur.
1166 1608 1407 1679 Namque
1435 1621 1556 1663 cum
1590 1602 1833 1660 eamdem
1863 1614 2111 1672 magnam

531 1706 793 1778 synodum
849 1703 1139 1775 przedictus
1167 1701 1284 1757 lbas
1338 1698 1621 1768 episcopus
1650 1694 1840 1759 adiret,
1876 1704 2112 1760 cunque-

496 1782 655 1857 Qrens
679 1814 743 1855 ac
781 1798 1069 1868 deplorans
1092 1793 1404 1863 iniustitiam
1454 1805 1514 1846 se
1534 1788 1603 1844 ab
1634 1786 1874 1857 Eutyche
1900 1793 1954 1840 et
1983 1784 2112 1837 falsa

530 1892 756 1949 erimina
788 1891 1099 1961 pertulisse,
1124 1898 1283 1957 atque
1307 1886 1361 1939 in
1392 1881 1661 1954 Ephesina
1690 1878 1921 1935 secunda
1951 1891 2113 1947 syno-

526 1987 600 2041 do
628 1995 653 2023 ι
695 2000 802 2040 non
842 1981 1068 2038 dicenda
1112 1980 1386 2036 absentem
1414 1986 1469 2032 et
1499 1974 1795 2035 innoxium,
1826 1973 1965 2027 sicut
1995 1969 2110 2024 ido-

532 2094 755 2134 neorum
806 2077 1249 2131 documentorum
1308 2069 1615 2126 teStilieatio
1680 2064 2108 2130 demonstrabat,

2215 890 2269 933 ut
2301 880 2482 942 etiam,
2533 874 2676 946 quod
2725 873 3072 929 Nestorianos
3103 871 3405 941 impugnat,
3450 880 3605 920 unam
3633 866 3773 921 contio

2216 983 2391 1027 teatur
2414 969 2434 1001 ⁸
2455 984 2576 1025 esse
2604 982 2909 1039 personam,
2924 964 3064 1035 quod
3088 973 3172 1020 est
3192 977 3327 1017 unus
3346 960 3516 1015 Filius
3542 957 3775 1014 Dominus

2213 1064 2369 1119 .lesus
2395 1058 2660 1116 Christus.
2689 1059 2857 1115 Porro
2902 1054 3243 1128 Eutychiani,
3274 1053 3522 1109 volentes
3564 1050 3773 1119 ejusdem

2215 1165 2416 1211 sancta:
2444 1153 2632 1225 synodi
2660 1152 3033 1208 auctoritatem
3079 1148 3393 1219 infringere,
3429 1144 3673 1201 simulant
3710 1143 3773 1199 in-

2211 1246 2410 1314 juriam
2441 1260 2501 1301 se
2535 1245 2721 1300 dolere
2748 1244 2888 1299 beati
2914 1241 3122 1313 Cyrilli,
3166 1252 3222 1297 et
3270 1240 3397 1295 hinc
3428 1253 3547 1295 eam
3569 1236 3773 1305 culpabi-

2219 1337 2327 1392 lem
2357 1335 2562 1400 dicunt,
2590 1333 2730 1405 quod
2772 1333 3077 1403 prardietain
3109 1330 3392 1401 epistolam
3446 1327 3775 1399 pronuntiavi

2215 1428 2601 1484 orthodoxam.
2632 1425 2849 1481 Addunt
2878 1434 2932 1480 et
2978 1425 3081 1478 alia
3131 1425 3183 1476 in
3212 1420 3680 1489 reprehensionem
3711 1418 3776 1485 ip-

2219 1522 2333 1577 sius
2359 1519 2624 1590 epistolae,
2654 1534 2772 1589 qua:
2801 1532 2900 1573 nec
2923 1516 3021 1585 ipsi
3050 1523 3393 1570 accusatores
3420 1512 3547 1575 lbae,
3568 1509 3777 1579 quamvis

2213 1611 2535 1668 calumniosi
2579 1623 2644 1666 ac
2668 1609 2984 1679 pertinaces,
3031 1610 3082 1660 in
3116 1606 3279 1659 tantis
3306 1619 3431 1672 qua:
3455 1608 3577 1656 sunt
3598 1599 3777 1669 experti

2211 1703 2450 1774 judiciis,
2474 1701 2761 1773 aliquando
2791 1708 2883 1754 aut
2907 1698 3109 1753 alicubi
3136 1696 3404 1765 obiecisse
3428 1701 3777 1755 monstrantur,

2216 1809 2316 1851 nec
2342 1793 2667 1850 erubescunt
2709 1790 3131 1861 impudentiorcs
3180 1788 3339 1842 toties
3364 1783 3607 1840 refutatis
3642 1796 3775 1837 accu-

2215 1883 2484 1941 satoribus
2513 1882 2764 1939 inveniri.
2802 1882 2933 1936 Nam
2964 1879 3040 1934 illi
3075 1878 3177 1933 hoc
3205 1878 3381 1932 solum
3423 1875 3669 1945 praedicto
3694 1872 3777 1927 Iba

2214 1982 2468 2053 episeopo
2497 1994 2565 2034 ex
2599 1985 2896 2033 memorata
2926 1972 3045 2044 ejus
3076 1970 3305 2041 epistola
3352 1967 3681 2038 obiecerunt,
3706 1978 3777 2018 vo-
3854 2024 3857 2029 ι

2215 2070 2385 2126 lentes
2428 2082 2551 2125 eum
2602 2065 2979 2122 Nestorianum
3031 2061 3223 2127 videri,
3256 2057 3402 2130 quod
3453 2058 3506 2112 in
3536 2071 3594 2111 ea
3644 2056 3775 2110 beato

530 2169 633 2225 sub
663 2169 937 2233 Dioscoro,
968 2163 1225 2236 Eutychis
1271 2170 1433 2231 atque
1480 2158 1799 2229 Eutycbiani
1848 2154 2112 2223 dogmatis
2146 2177 2188 2235 Β
2216 2158 2419 2232 Cyrillo
2440 2158 2671 2215 Nestorii
2692 2152 3097 2213 condemnatori
3119 2150 3462 2207 detraxerit:
3491 2156 3774 2204 ceterorum

534 2259 835 2323 defensore,
866 2256 1033 2311 fuisse
1062 2255 1395 2317 damnatum,
1425 2260 1479 2306 et
1504 2251 1559 2305 in
1592 2248 1937 2320 quadraginta
1966 2263 2115 2300 man-

533 2355 715 2409 siones
739 2367 834 2423 per
863 2351 1107 2407 diversas
1144 2349 1459 2404 distractum
1494 2345 1820 2416 provincias,
1846 2342 2032 2414 viginti
2063 2350 2118 2396 et

534 2446 762 2515 amplius
791 2458 1038 2499 carceres
1078 2451 1332 2498 mutasse.
1372 2440 1495 2496 Haec
1523 2441 1536 2470 ¹
1562 2436 1979 2493 acclamantibus
2005 2435 2117 2504 cpio

534 2536 737 2604 scopis,
766 2544 819 2589 et
846 2533 1151 2589 dicentibus
1176 2548 1190 2587 :
1223 2532 1512 2588 Absentem
1575 2543 1731 2583 nemo
1761 2527 2114 2589 condemnat;

512 2609 673 2683 male
726 2627 972 2683 fecerunt
1027 2627 1118 2696 qui
1172 2641 1293 2682 eum
1325 2633 1520 2697 praeter
1552 2636 1784 2677 canones
1823 2620 2115 2674 damnave-

534 2727 678 2786 runt;
705 2733 824 2789 quae
852 2718 1113 2773 adversus
1141 2717 1414 2772 absentem
1449 2715 1581 2769 facta
1606 2721 1730 2766 sunt
1760 2720 2111 2765 evacuentur:

533 2813 647 2867 haec
691 2826 881 2867 omnes
910 2810 1170 2875 dicimus,
1217 2825 1376 2865 nemo
1434 2807 1757 2863 condemnat
1814 2805 2113 2858 absentem.

496 2900 725 2958 ‘l’ostea
756 2900 1089 2971 Theophilus
1119 2900 1399 2964 diaconus,
1456 2899 1543 2969 qui
1578 2898 1716 2951 inter
1762 2895 1898 2948 alios
1950 2892 2118 2963 ipsius

532 2994 849 3055 venerabilis
881 2995 997 3050 lbse.
1010 2993 1353 3049 adversarius
1380 2992 1665 3061 existebat,
1689 2999 1876 3044 contra
1900 2986 2121 3059 protulit

532 3096 703 3154 gesta,
738 3085 934 3156 quibus
963 3101 1084 3141 cum
1115 3099 1181 3141 eo
1224 3084 1437 3140 fuerant
1488 3082 1625 3153 apud
1662 3080 1905 3137 Pbotinm
1933 3088 1988 3136 et
2016 3080 2117 3134 Eu-

510 3175 797 3232 stachium
827 3179 847 3207 ¹
875 3184 1036 3247 atque
1060 3174 1063 3175 ⁷
1089 3175 1351 3232 Uranium
1397 3174 1709 3243 episcopos,
1767 3187 1830 3226 ex
1870 3170 2119 3239 delegato

531 3269 819 3326 Theodosii
850 3268 1103 3339 principis
1124 3267 1605 3323 altercati:enrum
1637 3281 1696 3320 se
1733 3264 1853 3321 lecti
1880 3279 1962 3318 ne
1993 3276 2118 3331 pro-

533 3365 753 3419 mittens
793 3361 1103 3428 ostendere,
1138 3360 1279 3427 quod
1331 3374 1437 3413 non
1484 3357 1678 3429 injuria
1734 3355 2120 3411 condemnatus

533 3455 716 3511 fuerit.
752 3452 809 3508 ln
852 3467 959 3522 quo
991 3452 1165 3507 Photii
1191 3460 1243 3506 et
1276 3450 1551 3505 Eustachii
1578 3457 1735 3517 atque
1770 3446 1949 3501 Uranii
1977 3445 2120 3513 judi-

2222 2268 2370 2319 vero,
2402 2267 2520 2323 qua:
2568 2249 2655 2306 isti
2699 2262 2839 2303 nunc
2890 2245 3179 2317 adjiciunt,
3237 2257 3337 2298 nec
3390 2241 3776 2313 qualemcunque

2221 2341 2546 2397 mentionem
2590 2337 2766 2393 facere
2806 2343 3262 2406 praesumpserunt
3295 2351 3306 2384 :
3367 2345 3489 2400 quae
3527 2325 3777 2394 nos,onmi

2223 2442 2410 2488 tenore
2447 2429 2726 2500 proposito
2776 2427 2942 2497 ipsius
2988 2424 3249 2495 epistolae,
3284 2439 3350 2478 ex
3381 2422 3573 2476 ordine
3600 2417 3775 2474 refelle-

2223 2538 2362 2577 mus.
2396 2519 2503 2576 Sed
2533 2519 2743 2574 videtur
2774 2516 2927 2571 nobis
2956 2516 3092 2586 quod
3128 2516 3275 2583 prius
3302 2512 3543 2567 breviter
3564 2509 3775 2580 quaedam

2222 2613 2404 2668 dicere
2429 2610 2723 2665 debeamus
2749 2608 2817 2663 de
2845 2607 2945 2661 hoc
2975 2621 3080 2676 quo
3099 2605 3333 2674 jactatur
3366 2601 3774 2672 vituperationem

2215 2703 2361 2759 beati
2403 2700 2593 2773 Cyrilli
2650 2699 2887 2770 synodus
2935 2696 3283 2766 approbasse,
3315 2702 3372 2749 et
3421 2693 3489 2748 de
3532 2707 3632 2762 quo
3658 2690 3775 2744 illam

2226 2793 2459 2848 maxime
2509 2804 2572 2846 ac
2625 2786 2990 2860 principaliter
3028 2784 3317 2840 adversarii
3349 2782 3685 2837 criminantes
3709 2774 3774 2833 vel

2226 2884 2615 2949 scandalizaut,
2642 2882 2724 2936 vel
2751 2884 2794 2934 si
2816 2881 2920 2934 hoc
2941 2893 3044 2933 neu
3072 2882 3313 2947 possunt,
3336 2874 3605 2943 exagitant
3631 2870 3775 2924 minus

2227 2976 2561 3030 instructos:
2614 2986 2841 3042 quorum
2899 2966 3253 3038 aliqui,lieet
3280 2965 3527 3021 eamdem
3570 2970 3773 3016 sanctam

2222 3069 2487 3140 synodum
2539 3079 2636 3135 pro
2684 3079 2794 3119 suae
2822 3062 2955 3135 ‘lidei
2984 3061 3185 3131 pietate
3214 3074 3277 3114 ac
3315 3057 3600 3113 devotione
3624 3054 3771 3109 delen-

2222 3162 2373 3227 dant,
2404 3169 2583 3213 tamen
2608 3156 2731 3227 quia
2754 3155 2881 3209 dare
2909 3169 3011 3209 non
3034 3161 3251 3223 possunt
3272 3151 3477 3207 exitum
3506 3147 3770 3221 qumstioni.

2223 3250 2669 3322 persuadentibus
2694 3246 3066 3301 haereticorum
3094 3244 3416 3310 fautoribus,
3440 3250 3673 3297 asserunt
3690 3252 3773 3292 non

2224 3342 2292 3399 ab
2320 3357 2380 3399 ea
2414 3341 2580 3397 fuisse
2603 3348 2929 3407 susceptam.
2959 3338 3065 3391 Nos
3088 3344 3266 3391 autem
3299 3336 3567 3392 evidentis
3592 3332 3771 3388 menda-

2222 3435 2295 3491 cii
2343 3444 2399 3489 et
2446 3435 2514 3490 ab
2558 3432 2879 3488 adversariis
2939 3429 3226 3485 min'strari
3258 3428 3565 3500 suffragium
3606 3423 3771 3496 pudet.

530 3553 614 3605 cio
639 3548 976 3617 jactaverant
1011 3555 1370 3609 accusatores,
1421 3550 1775 3597 memoratum
1802 3540 2111 3609 episc0pum
2144 3552 2189 3615 ρ
2226 3526 2366 3597 quod
2421 3527 2468 3582 εἰ
2518 3524 2739 3580 evidens
2781 3538 2887 3577 non
2930 3521 3138 3584 fuisset,
3174 3520 3455 3593 indignum
3485 3534 3601 3575 esse
3622 3517 3771 3572 debuit

500 3641 675 3696 'lbam
703 3653 764 3695 se
802 3636 1125 3709 probaturos
1163 3635 1582 3692 Nestorianurn:
1642 3633 1799 3701 idque
1851 3632 2115 3686 conﬁcere

533 3732 846 3787 nitebantur
872 3744 939 3786 ex
968 3730 1195 3800 epistola
1226 3743 1386 3798 quam
1414 3726 1699 3797 antiquando
1731 3726 2018 3789 scripserat
2046 3723 2115 3778 ad

528 3821 715 3877 Marim
740 3821 971 3892 aliquem
1000 3820 1216 3876 Persam
1246 3838 1256 3871 :
1303 3835 1369 3873 eo
1391 3817 1532 3889 quod
1555 3819 1605 3872 in
1636 3818 1721 3872 illa
1755 3817 2027 3871 videretur
2048 3816 2115 3872 de

528 3913 687 3966 beato
732 3911 955 3983 Cyrillo,
1003 3910 1232 3966 Nestorii
1266 3911 1602 3975 damnatire,
1644 3906 1799 3962 aliter
1826 3920 1987 3974 quam
2028 3921 2113 3962 res

524 4002 706 4058 habuit
730 4019 826 4073 pro
856 4003 1165 4071 suspicione
1195 4017 1287 4054 sua
1312 4002 1538 4065 locatus,
1567 4015 1685 4070 qua:
1714 3998 1813 4066 illi,
1840 3996 1976 4051 sicut
1997 3997 2106 4066 pri-

510 4110 614 4149 vmo
644 4094 783 4148 libro
810 4094 1109 4161 docuimus,
1137 4091 1436 4148 communis
1463 4098 1723 4145 eratcum
1745 4086 2106 4143 Orientalibus

508 4187 853 4257 aliarumque
900 4186 1295 4256 provinciarum
1325 4183 1612 4253 episcOpis.
1645 4177 2104 4247 Quemadmodum

517 4292 648 4332 vero
684 4279 735 4331 in
786 4278 900 4347 ipso
932 4277 1107 4333 Photii
1138 4285 1193 4332 et
1223 4276 1514 4339 Eustachii,
1544 4272 1837 4341 Uraniique
1872 4268 2101 4340 judicio,

519 4383 616 4436 pro
645 4370 832 4424 eadem
862 4383 958 4423 sua
989 4368 1220 4437 epistola
1253 4366 1601 4420 Nestorianus
1620 4362 1845 4432 judicari
1879 4374 1984 4414 non
2010 4374 2106 4429 po-

522 4459 643 4524 tuit,
673 4460 919 4529 quoniam
951 4459 1064 4512 hare
1104 4457 1219 4512 ﬁeri
1249 4470 1353 4510 non
1385 4454 1592 4510 sinebat
1639 4452 1763 4507 fidei
1796 4460 1939 4506 recta
1978 4466 2109 4504 con-

520 4547 707 4616 fessio,
738 4564 855 4618 qua:
878 4547 1076 4603 ibidem
1103 4547 1442 4602 continetur:
1466 4544 1536 4598 ita
1566 4558 1664 4599 nec
1691 4541 1830 4611 apud
1860 4554 2105 4609 magnam

520 4639 785 4710 synodum
808 4638 1198 4693 condemnatus
1225 4647 1328 4703 est,
1358 4650 1477 4691 curn
1500 4633 1573 4689 ibi
1598 4648 1662 4688 ex
1686 4632 1889 4688 eisdem
1919 4632 2105 4699 gestis,

520 4731 588 4785 ab
628 4730 743 4799 ejus
787 4728 1095 4784 adversario
1151 4729 1389 4798 prolatis,
1421 4725 1729 4797 supradicta
1778 4725 2109 4794 relegeretur

518 4821 766 4889 epistola,
799 4820 894 4875 sed
918 4834 983 4874 ex
1006 4818 1123 4889 ejus
1153 4829 1236 4875 est
1262 4819 1427 4889 magis
1451 4828 1636 4875 tenore
1674 4826 1946 4889 purgatus.
1972 4815 2102 4871 Nam

2223 3617 2545 3674 Christianae
2568 3614 2913 3673 conscientia:
2942 3611 3276 3667 mendaciter
3297 3610 3587 3666 defendere
3609 3608 3770 3662 verita-

2220 3720 2352 3768 tem.
2397 3709 2571 3764 llabet
2624 3708 2766 3763 enim
2823 3719 2948 3761 suas
2996 3704 3323 3760 assertiones
3354 3705 3585 3768 veritas,
3637 3711 3771 3754 nona

2222 3804 2502 3861 mendacio
2535 3811 2820 3866 nmtnatas,
2871 3800 3065 3869 quibus
3106 3799 3417 3854 testimonio
3466 3794 3770 3853 conscientia:

2224 3912 2329 3951 non
2363 3901 2643 3963 repugnet,
2677 3900 2732 3947 et
2783 3890 2978 3945 invicta
3011 3902 3333 3956 permanens
3380 3886 3768 3943 adversariorum

2224 3983 2520 4039 calumnias
2544 3984 2751 4052 frangat
2776 3996 2789 4033 :
2821 3993 2954 4048 quas
2983 3978 3028 4032 si
3057 3979 3177 4047 quis
3204 3978 3447 4034 invenire
3478 3993 3578 4033 non
3604 3982 3769 4045 potest,

2220 4087 2398 4132 tacere
2427 4075 2601 4145 potius
2633 4073 2798 4143 eligat
2825 4085 2985 4140 qnam
3018 4069 3254 4135 mentiri,
3280 4077 3335 4124 et
3367 4070 3482 4123 sola
3506 4069 3574 4123 sit
3609 4067 3768 4121 decre-

2218 4179 2391 4224 torum
2449 4164 2767 4220 auetoritate
2809 4168 3113 4215 contentus.
3146 4159 3281 4214 Nam
3332 4160 3377 4215 si
3428 4175 3523 4215 nos
3565 4149 3769 4212 bazretic'

2216 4259 2451 4315 viderint
2479 4259 2531 4312 in
2564 4258 2723 4311 rebus
2754 4255 3049 4325 perspicuis
3078 4269 3175 4308 suo
3196 4254 3272 4308 uti
3300 4253 3595 4315 mendacio,
3615 4250 3767 4321 quales

2213 4364 2310 4405 nos
2337 4349 2389 4403 in
2413 4348 2535 4402 aliis
2565 4346 2843 4416 putabunt,
2875 4359 2992 4413 quae
3024 4343 3270 4397 videntur
3299 4343 3565 4400 obscura?
3588 4341 3647 4395 Et
3670 4339 3765 4393 ideo

2206 4444 2340 4515 jam,
2369 4443 2623 4512 religiose
2680 4440 2990 4510 imperator,
3026 4436 3244 4491 attende
3270 4452 3430 4506 quam
3482 4434 3673 4491 fortiter
3697 4444 3766 4485 ca-

2213 4535 2441 4591 lumnias
2481 4533 2858 4588 bmreticorum
2908 4537 2962 4585 et
2990 4529 3107 4585 sine
3138 4529 3244 4584 ulla
3274 4528 3581 4584 difficultate
3606 4521 3764 4581 dissol-

2212 4642 2356 4690 vam,
2387 4623 2631 4693 exempla
2666 4619 2945 4690 proferens
2975 4619 3172 4673 divina:
3199 4618 3512 4688 Scripturze,
3535 4610 3764 4687 quomodo

2212 4732 2243 4772 a
2274 4716 2479 4786 majore
2509 4723 2560 4769 et
2583 4712 2805 4767 meliore
2836 4720 2987 4780 parte
3015 4709 3081 4764 de
3102 4709 3285 4764 multis
3313 4710 3483 4764 soleat
3511 4706 3642 4762 ferre
3665 4716 3763 4756 sen-

2216 4809 2469 4863 tentiam:
2497 4802 2651 4874 cujus
2683 4803 2905 4856 formam
2955 4799 3111 4854 sicuti
3152 4799 3205 4853 in
3230 4797 3476 4852 omnibus
3496 4802 3665 4853 sancta
3690 4804 3763 4860 sy-

508 4914 594 4968 ‘sic
616 4912 749 4968 duas
779 4921 993 4967 naturas
1036 4884 1092 4967 in
1115 4927 1176 4968 ea
1211 4884 1485 4967 confessus
1508 4918 1611 4979 est,
1646 4884 2094 4981 q-ttod'Eutychia-
2134 4884 2187 4945 Β
2212 4898 2383 4956 nodus
2404 4895 2859 4952 Chalcedonensis
2890 4901 3069 4947 secuta
3101 4901 3205 4956 est,
3243 4898 3300 4944 ut
3329 4890 3600 4960 epistolam
3623 4898 3761 4940 vene-

519 5021 617 5060 nos
641 5005 881 5069 offendit,
910 5004 1052 5060 unde
1106 5014 1160 5060 et
1206 5004 1550 5059 condemnari
1598 5019 1718 5060 eam
1746 5004 2093 5074 quaesierunt,

546 5170 547 5177 η
591 5116 927 5183 -De,b:eresi
951 5116 1264 5172 Nestoriana
1291 5116 1628 5172 insimulatus
1646 5129 1675 5171 a
1704 5116 1916 5173 clericis
1946 5114 2105 5170 Edes-

522 5189 666 5241 senis
689 5188 805 5240 lbas
828 5188 1055 5258 primum
1083 5185 1183 5241 fuit
1208 5187 1345 5252 apud
1368 5187 1617 5242 Proclum
1646 5187 2101 5258 ConstantinOpo-

522 5260 763 5321 lilannm,
791 5255 943 5326 cujus
974 5266 1193 5313 exstant
1238 5259 1449 5323 litterae,
1477 5258 1670 5327 quibus
1714 5259 1999 5312 certiorem
2037 5255 2104 5310 de

522 5338 715 5408 redata
748 5328 867 5408 facit
897 5329 1169 5408 Joannem
1194 5329 1607 5408 Antiochenum.
1638 5329 1848 5408 Mortuo
1873 5327 2099 5407 Joanne,

520 5398 724 5452 delatus
753 5398 943 5451 iterum
968 5408 1052 5454 est
1070 5415 1099 5453 a
1126 5400 1336 5454 clericis
1358 5398 1425 5453 ad
1441 5398 1703 5453 Domnum
1725 5396 1946 5451 Joannis
1976 5411 2100 5451 suc-

519 5480 811 5548 cessorem,
844 5476 1039 5548 et_euni
1071 5471 1138 5548 a_b
1166 5485 1233 5526 eo
1251 5469 1487 5548 suscepti
1531 5484 1637 5524 non
1663 5466 2102 5548 essentnadli‘la-

521 5538 760 5618 viamnn,
775 5539 863 5618 qui
890 5538 1077 5593 Proclo
1102 5542 1154 5594 in
1186 5541 1473 5618 urberegia
1502 5546 1854 5618 successerat.
1877 5538 2100 5618 Datique

520 5608 586 5661 de
618 5606 851 5661 Flaviani
888 5623 1153 5664 consensu
1184 5626 1214 5665 a
1260 5606 1564 5665 Theodosio
1592 5608 1698 5663 Iba:
1729 5607 1939 5679 iudices
1982 5610 2098 5679 epi-

593 5703 605 5730 ¹
639 5700 771 5754 (Ζοιι.
795 5698 1013 5763 \’eron.,
1043 5702 1125 5752 Ad
1155 5700 1284 5755 hwc.

590 5770 610 5801 ³
638 5770 781 5827 idem
811 5772 957 5839 co-L,
986 5779 1032 5825 et
1057 5768 1411 5843 Eustachium,
1440 5772 1521 5830 vel
1548 5770 1891 5829 Eustathium.

2204 4992 2387 5047 rabilis
2413 4990 2538 5055 line,
2563 4986 2804 5058 quamvis
2830 4984 2896 5039 de
2940 4983 3097 5038 beato
3128 4980 3329 5054 Cyrillo
3357 4981 3509 5035 aliter
3528 4990 3672 5049 quam
3693 4983 3762 5027 res

2215 5104 2362 5171 scopi
2393 5102 2612 5157 Photius
2631 5109 2685 5153 et
2718 5096 3025 5154 Eustathius
3046 5109 3168 5171 cum
3203 5088 3621 5171 Uranio,d_upl_ici
3644 5082 3760 5171 apud

2210 5160 2410 5244 Tyrum
2433 5183 2492 5244 et
2512 5171 2915 5244 apudBerytum
2940 5166 3246 5244 cognitione
3272 5162 3417 5244 Ibam
3426 5160 3756 5244 absolverunt.

2209 5224 2461 5298 [animi
2482 5224 2790 5295 in'nefaria'
2811 5224 3035 5308 synodo“
3049 5236 3313 5305 Ephesina
3339 5248 3374 5289 ιι
3403 5229 3643 5308 Eutychis
3662 5224 3756 5308 lac-

2210 5316 2355 5368 tione
2377 5313 2661 5367 damnatus
2688 5301 2883 5364 absens
2907 5318 3065 5376 atque
3091 5301 3398 5373 episcopatu
3418 5301 3648 5372 dejectus
3669 5301 3755 5350 est.

2208 5386 2323 5451 Qua
2372 5384 2437 5438 de
2467 5398 2526 5437 re
2551 5398 2672 5436 cum
2705 5380 2841 5448 apud
2877 5375 3137 5451 synodum
3174 5375 3645 5451 Chalcedonensetlt
3677 5379 3757 5451 cf:

2206 5434 2801 5525 p‘ows—tul'a'ss—e‘tmynodiis
2820 5434 3147 5525 approbatis,
3167 5456 3224 5525 ut
3245 5454 3368 5500 ante
3382 5434 3753 5525 dictumﬂ'yﬂjs

2209 5513 2271 5579 ac
2305 5513 2678 5595 Beryteusibns
2704 5513 2905 5595 gestis,
2929 5518 3315 5595 Ephesinisque
3342 5513 3638 5595 repudiatis.
3664 5518 3754 5577 Ρη·

2205 5587 2482 5651 ειὶηιιιηόἰ
2507 5587 2730 5664 gradum
2761 5592 2992 5646 restituit
3022 5590 3075 5644 in
3103 5588 3313 5646 actione
3344 5587 3431 5642 10.

2278 5711 2297 5743 ³
2323 5711 2462 5768 idem
2487 5709 2633 5778 eod.,
2661 5706 3011 5776 conﬁteretur.
