4070 6352
308 342 409 399 657

1158 336 1293 395 PRO
1334 337 1755 395 DEFENSIONE
1795 334 2008 391 TRIUM
2035 334 2353 393 CAPITUL.
2396 337 2522 396 LIB.
2559 341 2645 398 \'I.

3487 343 3591 403 658

311 460 496 519 habuit
520 457 865 529 suspieantis,
894 464 1069 512 tamen
1102 470 1197 527 pro
1227 472 1352 513 vera
1392 454 1511 510 ﬁdei
1555 453 1895 511 confessione
1922 450 1971 509 A
1999 448 2125 518 stio,
2156 454 2488 521 superﬂuum
2528 454 2776 511 ducens?
2827 456 2966 511 sicut
3008 456 3121 525 ipse
3147 461 3357 526 quoque
3401 457 3591 514 beatus

311 569 472 626 quam
501 552 567 608 de
601 549 812 608 Christo
840 559 987 605 tenet
1034 549 1074 615 ⁸,
1105 547 1457 602 orthodoxam
1493 545 1780 616 judicaret.
1811 545 1898 600 Sic

311 662 494 719 regem
524 644 657 700 Juda
704 646 833 713 Asa,
876 658 1036 713 quem
1065 642 1264 697 scimus
1293 656 1396 694 non
1422 640 1476 695 in
1510 641 1685 709 parvis
1716 653 1814 693 nec
1844 638 1897 692 in

310 738 497 809 paucis
525 735 691 791 fuisse
728 733 1021 804 culpatum,
1081 732 1267 787 eadem
1300 731 1581 799 Scriptura
1631 729 1894 784 laudavit:

312 828 466 899 cujus
494 842 613 897 qua:
654 825 850 879 fuerint
887 823 1059 893 culpae
1088 822 1235 892 prius
1265 836 1567 876 memorare
1597 822 1855 874 debemus
1884 860 1897 884 ,

312 936 375 975 ac
402 918 594 975 deinde
636 914 903 987 quomodo
929 914 995 969 ab
1018 928 1079 967 ea
1107 913 1267 968 fuerit
1296 912 1634 981 praedicatus.
1663 909 1898 964 Primum

311 1014 488 1082 itaque
516 1009 728 1069 dicitur.
762 1007 884 1077 quia
906 1005 984 1060 illi
1015 1018 1302 1059 commune
1330 1017 1450 1056 cum
1483 1002 1662 1057 multis
1690 1000 1902 1069 regibus

311 1103 433 1170 fuit,
465 1103 586 1174 quia
612 1116 717 1157 non
748 1100 1014 1156 destruxit
1039 1099 1249 1153 excelsa
1275 1095 1397 1167 (111
1424 1096 1551 1167 Reg.
1580 1110 1669 1160 xv,
1700 1092 1815 1161 14):
1849 1093 1900 1147 in

312 1195 505 1266 quibus
536 1194 657 1249 licet
688 1192 910 1247 Domino
937 1190 1553 1256 sacriﬁcaretur,contra
1582 1188 1697 1256 ejus
1727 1196 1902 1241 tamen

313 1294 639 1356 prmceptum
670 1282 990 1351 liebat,quia
1023 1282 1076 1335 in
1102 1280 1299 1349 templo
1321 1279 1420 1334 sibi
1454 1278 1741 1333 sacriﬁcari
1769 1292 1903 1346 prm-

313 1386 548 1447 ceperat.
598 1375 798 1431 Deinde
825 1375 949 1444 quia
975 1373 1103 1429 dato
1153 1382 1379 1444 argento
1410 1380 1463 1427 et
1493 1386 1624 1426 auro
1652 1370 1790 1440 quod
1824 1370 1903 1423 in-

313 1482 530 1528 ventum
562 1480 650 1528 est
676 1473 727 1526 in
763 1472 1026 1526 thesauris
1045 1471 1235 1525 domus
1260 1469 1421 1540 regis,
1450 1476 1636 1523 contra
1659 1467 1790 1520 Basa
1820 1482 1904 1521 re-

314 1583 434 1637 gem
460 1566 623 1621 Israel
646 1566 783 1635 regis
807 1565 977 1635 Syriae
1008 1563 1146 1619 male
1176 1561 1420 1633 quaesivit
1440 1560 1691 1615 auxilium
1718 1559 1901 1627 (Ibid,

316 1660 406 1727 l8)
429 1678 440 1711 :
466 1659 607 1714 unde
629 1674 750 1713 eum
781 1669 835 1713 et
862 1655 1156 1726 increpavit
1181 1654 1385 1710 Aaania
1417 1653 1697 1723 propheta,
1719 1651 1903 1706 dicens

313 1750 453 1819 quod
490 1750 804 1820 insipienter
834 1749 1001 1817 egerit
1042 1747 1276 1802 conﬁsus
1314 1746 1365 1799 in
1404 1760 1582 1816 regem
1626 1740 1819 1814 Syriae,
1851 1752 1904 1795 et

2001 538 2234 611 Cyrillus
2258 544 2584 611 superfluum
2612 546 2780 615 duxit,
2810 562 2931 602 cum
2965 548 3227 605 scriberet
3257 550 3277 581 ³
3307 549 3594 607 Orientali-

2001 634 2098 689 bus
2122 648 2216 703 per
2241 635 2457 691 Paulum
2486 637 2804 694 Emesenum
2823 641 3377 711 episcopum,diceus:
3404 661 3424 693 ι
3448 642 3593 709 Quo-

2004 728 2142 783 niam
2168 745 2292 785 vero
2322 746 2381 785 su
2393 732 2589 799 perﬁua
2609 741 2664 786 et
2685 732 2987 803 importuna
3009 736 3367 790 Ecclesiarum
3397 735 3591 791 divisio

2004 820 2141 877 facta
2168 832 2270 890 est,
2313 839 2454 878 nunc
2481 825 2710 880 maxime
2737 826 3063 882 satisfactum
3094 838 3175 882 est
3205 829 3379 893 nobis,
3409 828 3587 883 domi—

2004 927 2075 968 no
2122 929 2243 969 meo
2300 916 2740 972 reverentissimo
2769 917 2933 973 Paulo
2975 919 3213 974 chartim
3259 920 3588 990 proferente,

2007 1004 2290 1061 habentem
2339 1008 2862 1078 irreprebensibilem
2930 1010 3049 1065 ﬁdei
3105 1011 3523 1067 confessionem.
3566 1030 3585 1063 ι

2005 1097 2137 1153 Cum
2162 1099 2322 1169 igitur
2349 1108 2404 1154 et
2429 1100 2545 1169 ipse
2574 1101 2761 1156 beatus
2791 1101 3042 1171 Cyrillus,
3074 1111 3272 1157 rectam
3306 1103 3471 1158 fuisse
3500 1117 3594 1158 co-

2006 1204 2270 1260 gnoscens
2314 1192 2661 1247 Orientalium
2720 1193 2912 1257 ﬁdem,
2964 1210 3059 1262 pro
3111 1193 3240 1249 falsa
3290 1194 3593 1261 suspicione

2007 1296 2164 1352 quam
2191 1282 2258 1338 de
2286 1283 2380 1338 illo
2407 1283 2723 1347 habuerunt,
2754 1301 2857 1340 non
2885 1301 2977 1341 eos
3002 1285 3263 1355 judicavit
3285 1285 3592 1353 hmreticos,

2007 1376 2130 1446 quia
2180 1390 2278 1430 nec
2327 1376 2506 1432 debuit
2545 1395 2556 1429 ε
2600 1377 2869 1447 quomodo
2910 1387 3092 1430 sancta
3133 1376 3592 1432 Chalcedonensis

2008 1468 2245 1540 synodus
2271 1484 2377 1523 non
2408 1470 2579 1524 eidem
2610 1470 2765 1524 beato
2788 1468 2986 1541 Cyrillo
3012 1470 3279 1525 contraria
3294 1469 3587 1531 videretur.

2008 1559 2053 1614 si
2085 1575 2180 1629 pro
2205 1561 2313 1630 ipsa
2346 1561 2647 1629 suSpicione
2673 1561 2803 1615 falsa
2833 1569 2994 1631 atque
3015 1560 3504 1629 superﬂua,veram
3537 1568 3593 1615 et

2010 1653 2367 1708 necessariam
2413 1654 2481 1709 de
2526 1652 2743 1709 Christo
2787 1651 2940 1707 ﬁdem
2988 1668 3106 1721 qua:
3154 1653 3205 1706 in
3239 1652 3328 1707 illa
3366 1651 3591 1721 epistola

2009 1746 2331 1811 continetur,
2367 1761 2472 1800 non
2523 1746 2895 1816 pronuntiaret
2938 1744 3335 1800 orthodoxam?
3366 1742 3593 1801 I’utave-

314 1864 421 1902 non
452 1847 503 1901 in
536 1847 820 1900 Dominum
853 1845 1017 1899 Deum
1049 1858 1202 1913 suum
1233 1840 1318 1914 (11
1354 1839 1534 1894 Paral.
1566 1855 1676 1905 xvr,
1704 1838 1781 1908 7).
1812 1835 1898 1890 ln-
1937 1828 1977 1886 Β
2007 1845 2089 1891 rat
2115 1847 2290 1892 autem
2314 1837 2777 1894 reverentissimus
2802 1837 2916 1892 lbas
2945 1837 3251 1906 episeOpus,
3274 1836 3416 1907 quod
3448 1836 3588 1893 idem

314 1953 476 2007 super
514 1938 639 2007 quia
676 1947 730 1992 et
779 1938 949 2005 ipsum
1003 1934 1265 1989 Ananiam
1310 1932 1650 2004 prophetam,
1686 1938 1902 2000 propter

316 2030 457 2099 quod
488 2044 607 2085 eum
636 2036 907 2097 arguerat,
939 2026 1242 2097 indignatus
1274 2024 1489 2080 tradidit
1518 2024 1571 2078 in
1599 2021 1901 2078 custodiam

316 2121 483 2174 nervi.
512 2120 790 2175 Postremo
806 2119 875 2176 de
904 2119 993 2174 illo
1016 2118 1294 2187 Scriptura
1324 2115 1482 2171 dicit:
1517 2114 1581 2168 Et
1611 2113 1903 2181 inﬁrmatus

316 2224 390 2269 est
419 2216 518 2268 Asa
548 2214 600 2267 in
631 2228 766 2267 anno
799 2211 1057 2283 trigesimo
1087 2218 1133 2263 et
1160 2226 1294 2264 nono
1327 2207 1470 2279 regni
1496 2207 1577 2261 sui
1609 2207 1782 2259 dolore
1812 2222 1900 2275 pe-

316 2307 438 2359 dum
467 2305 776 2368 vehementi;
804 2319 974 2357 verum
1017 2318 1182 2371 neque
1208 2303 1261 2355 in
1287 2300 1617 2370 tegi-oratione
1642 2313 1736 2351 sua
1763 2312 1901 2367 qua:-

316 2397 431 2449 sivit
471 2395 766 2457 Dominum,
813 2395 901 2447 sed
930 2392 1150 2446 medicos
1184 2389 1370 2461 (lbid.,
1404 2387 1517 2459 12).
1564 2386 1622 2442 In
1662 2401 1768 2455 quo
1798 2400 1903 2439 non

316 2497 609 2558 propterea
640 2486 908 2542 credimus
938 2499 1058 2541 esse
1086 2484 1379 2554 culpatum,
1430 2480 1570 2553 quod
1600 2479 1903 2535 ordinatum

316 2593 345 2632 a
372 2580 480 2632 Deo
506 2577 834 2633 medicorum
862 2577 1113 2632 solatium
1145 2573 1446 2644 requisivit,
1478 2571 1573 2629 sed
1597 2571 1717 2641 quia
1751 2570 1902 2625 sicin

317 2669 533 2723 illorum
584 2678 698 2723 arte
748 2668 982 2723 conﬁsus
1028 2676 1132 2733 est,
1163 2666 1219 2721 tit
1243 2667 1479 2735 ipsorum
1512 2665 1689 2733 potius
1741 2676 1901 2732 quam

320 2762 411 2817 Dei
444 2777 538 2830 per
592 2761 739 2830 ipsos
786 2770 1121 2830 exspectaret
1166 2759 1443 2814 auxilium.
1490 2758 1626 2814 Cum
1664 2757 1822 2828 igitur
1852 2759 1907 2809 in

318 2852 402 2906 his
432 2852 730 2906 inveniatur
757 2865 879 2907 esse
905 2849 1204 2920 culpabilis,
1229 2850 1480 2919 quoniam
1513 2858 1686 2904 tamen
1717 2864 1748 2902 a
1788 2848 1904 2903 cul-

316 2954 438 3000 tura
462 2945 670 3000 Domini
702 2959 808 3000 non
854 2946 1100 3011 recessit,
1128 2959 1302 3015 neque
1329 2943 1490 2998 idolis
1530 2943 1766 3015 gentium
1811 2941 1907 2997 de-

316 3038 561 3105 sert-ivit,
619 3040 788 3109 magis
842 3048 1041 3106 autem,
1070 3038 1207 3093 sicut
1250 3039 1503 3105 scriptum
1556 3045 1659 3104 est,
1686 3035 1907 3091 abstulit

315 3145 508 3186 omnes
537 3131 942 3189 adinventiones
992 3146 1126 3201 quas
1179 3130 1418 3187 fecerant
1475 3139 1651 3200 patres
1683 3128 1822 3200 ejus,
1854 3138 1908 3184 et

317 3222 592 3278 hlaacham
615 3225 635 3254 ⁸
658 3232 882 3279 matrem
913 3197 1061 3279 suam
1092 3239 1123 3279 a
1161 3224 1366 3279 cultura
1394 3197 1496 3278 luci
1527 3197 1778 3289 removit,
1818 3222 1903 3293 ip-
1934 3197 1980 3261 Ο

318 3329 545 3385 sumque
573 3315 805 3371 succidit
832 3316 1033 3380 lucum,
1064 3326 1224 3387 atque
1257 3315 1533 3371 succendit
1582 3316 1635 3371 in
1669 3323 1906 3371 torrente

317 3404 549 3473 Cedi‘on,
598 3407 676 3462 sic
711 3422 831 3462 eum
880 3406 1154 3477 Scriptura
1182 3406 1362 3463 divina
1392 3406 1647 3474 laudavit,
1680 3416 1733 3461 ut
1764 3406 1908 3462 diee-

316 3510 440 3557 ret:
481 3499 625 3555 Fecit
649 3504 754 3555 Asa
793 3502 930 3571 quod
974 3511 1167 3555 rectum
1194 3511 1265 3557 est
1295 3503 1346 3555 in
1376 3511 1648 3571 conspectu
1678 3499 1903 3568 Domini,

316 3596 447 3648 sicut
476 3593 641 3647 David
670 3606 810 3665 pater
835 3598 947 3668 ejus
986 3593 1107 3666 (III
1134 3596 1256 3665 Reg.
1286 3612 1375 3662 xv,
1412 3596 1523 3666 Η).
1556 3597 1633 3651 Ac
1657 3610 1725 3651 ne
1769 3594 1907 3650 forte

316 3685 526 3741 dicatur
556 3686 696 3756 quod
727 3687 844 3757 ejus
877 3687 1054 3757 priora
1098 3687 1417 3753 laudaverit,
1447 3698 1497 3744 et
1533 3697 1717 3758 postea
1750 3687 1909 3743 fuerit

318 3777 662 3847 depravatus,
688 3779 871 3848 accipe
917 3780 1044 3850 quid
1073 3780 1127 3835 in
1156 3781 1246 3836 illo
1269 3781 1462 3837 iterum
1492 3781 1681 3838 eadem
1726 3781 1909 3850 Scrip-

320 3877 438 3922 tura
488 3868 835 3938 pronuntiet:
884 3868 1260 3935 Verumtamen,
1309 3869 1503 3940 inquit,
1546 3888 1634 3925 cor
1668 3869 1771 3924 Aea
1800 3879 1908 3925 erat

320 3965 601 4032 perfectum
653 3979 767 4016 cum
808 3962 1029 4016 Domino
1069 3963 1301 4017 omnibus
1352 3963 1530 4017 diebus
1578 3965 1685 4017 suis
1716 3962 1905 4031 (Ibid.,

322 4053 437 4125 14).
466 4054 532 4110 Et
555 4055 739 4125 utique
768 4055 1015 4111 omnibus
1038 4054 1230 4111 diebus
1267 4056 1379 4110 suis
1409 4070 1516 4110 non
1543 4054 1828 4120 diceretur,
1863 4056 1907 4110 si

320 4146 389 4201 ah
419 4160 484 4201 eo
513 4146 566 4200 in
614 4161 718 4213 quo
764 4146 940 4201 fuerat
979 4144 1224 4201 laudatus
1275 4145 1563 4216 aliquando
1612 4145 1906 4202 recederet.

321 4239 554 4295 Proinde
581 4255 700 4295 cum
732 4240 824 4295 Dei
854 4239 1128 4309 Scriptura
1156 4254 1337 4309 regem
1367 4238 1495 4303 Asa,
1524 4239 1576 4293 in
1603 4238 1766 4294 tantis
1786 4237 1907 4292 cul-

323 4330 577 4399 pabilem,
618 4331 695 4387 sic
734 4339 951 4401 propter
988 4330 1250 4386 culturam
1282 4331 1441 4385 unius
1467 4331 1579 4387 veri
1612 4330 1701 4384 Dei
1726 4329 1909 4386 lauda-

321 4421 480 4487 verit,
508 4427 565 4474 ut
592 4436 714 4475 eum
752 4429 1092 4491 compararet
1117 4428 1275 4491 atque
1297 4421 1563 4476 conferret
1584 4428 1771 4475 sancto
1796 4422 1906 4491 regi

322 4509 510 4576 Daxid,
538 4524 602 4565 ac
646 4512 1012 4579 prommtiaret
1059 4511 1199 4581 quod
1246 4521 1390 4567 esset
1419 4527 1511 4565 cor
1540 4510 1655 4581 ejus
1696 4509 1905 4580 perfec-

2009 1928 2195 1983 beatus
2242 1929 2475 1998 Cyrillus
2512 1929 2716 1984 directa
2764 1929 2861 1985 sibi
2893 1929 2961 1984 ab
2991 1930 3351 1986 Orientalibus
3380 1928 3593 1986 confes-

2006 2021 2176 2090 sione,
2212 2038 2318 2077 non
2347 2036 2687 2077 communem
2726 2021 2883 2077 ﬁdem
2928 2022 2979 2077 in
3023 2037 3085 2077 ea
3116 2024 3450 2092 cognoverit,
3494 2023 3589 2077 sed

2009 2115 2276 2182 proprium
2308 2129 2546 2170 errorem
2588 2114 2842 2170 correxit.
2887 2114 3037 2181 Quod
3071 2128 3243 2183 neque
3271 2129 3390 2180 nos,
3418 2128 3591 2183 neque

2005 2216 2185 2262 saneta
2217 2207 2671 2263 Chalcedonensis
2716 2208 2952 2279 synodus
2982 2208 3319 2277 approbavit,
3351 2206 3439 2262 ubi
3482 2207 3592 2261 dic-

2006 2306 2116 2352 tum
2146 2306 2229 2353 est
2264 2317 2274 2350 :
2335 2317 2352 2351 ι
2394 2299 2600 2354 Dudum
2631 2300 2843 2369 quidem
2881 2314 2947 2354 ex
2988 2300 3199 2355 reiectis
3232 2300 3479 2355 innoxius
3501 2297 3593 2353 de-

2008 2397 2333 2444 monstratus
2364 2400 2445 2444 est
2489 2391 2956 2447 rererentissimus
3007 2391 3144 2445 lbas.
3180 2393 3232 2445 In
3276 2390 3466 2461 quibus
3513 2399 3594 2444 et-

2006 2481 2149 2535 enim
2174 2482 2317 2536 visus
2341 2492 2423 2537 est
2446 2482 2660 2551 culpare
2686 2483 2824 2539 male
2853 2483 3074 2553 loquens
3098 2483 3463 2538 beatissimum
3489 2480 3593 2553 Cy-

2008 2575 2205 2641 rillum,
2240 2576 2292 2630 in
2327 2577 2710 2647 posterioribus
2760 2588 2905 2633 recte
2951 2578 3229 2634 confessus
3272 2580 3476 2648 respuit
3505 2578 3593 2636 illa

2009 2666 2202 2734 quibus
2228 2668 2587 2737 culpaverat.»
2620 2667 2815 2723 Verum
2843 2685 2946 2726 non
2976 2685 3071 2739 pro
3095 2671 3192 2725 isra
3216 2670 3283 2726 de
3309 2671 3465 2727 beato
3492 2670 3593 2741 Cy-

2010 2758 2130 2812 rillo
2158 2758 2462 2828 suspicione
2500 2760 2589 2814 illa
2641 2760 2862 2830 cpistola
2894 2761 3042 2830 quasi
3078 2760 3394 2816 Nestoriana
3424 2763 3594 2816 fuerat

2011 2851 2305 2906 abdicanda
2320 2867 2333 2916 ;
2350 2853 2602 2923 quoniam
2629 2853 2785 2924 longe
2807 2855 3025 2908 alterius
3052 2855 3270 2919 erroris,
3291 2863 3346 2908 et
3369 2869 3594 2909 summa:

2011 2943 2064 2997 in
2096 2943 2364 2999 Christum
2395 2944 2706 3013 impietatis,
2754 2948 2855 3000 hoc
2895 2959 3089 2999 nomen
3116 2953 3217 3000 est.
3250 2942 3593 3013 Conscriptor

2011 3043 2187 3090 autem
2234 3036 2398 3104 ipsius
2442 3036 2685 3106 epistola:
2728 3053 2833 3092 non
2871 3038 3187 3092 catholicam
3230 3036 3387 3093 ﬁdem
3432 3052 3592 3108 quam

2012 3144 2141 3184 vere
2171 3129 2356 3184 habuit
2390 3128 2643 3201 Cyrillus,
2673 3145 2897 3201 qumque
2944 3131 3207 3201 culpanda
3236 3146 3344 3186 non
3375 3139 3477 3198 est,
3501 3132 3594 3187 sed

2012 3222 2187 3294 ipsum
2216 3223 2470 3293 Cyrillum
2495 3224 2744 3294 culpavit,
2792 3226 3064 3282 testimans
3093 3242 3214 3281 eum
3244 3226 3596 3283 immoderate

2011 3316 2313 3372 resistendo
2339 3315 2571 3373 Nestorii
2600 3316 2869 3387 dogmati,
2912 3318 2962 3371 in
2986 3319 3313 3373 contrarium
3342 3317 3595 3387 Apolina-

2011 3407 2085 3461 ris
2115 3406 2306 3476 dogma
2336 3422 2431 3475 per
2459 3408 2811 3477 ignorantiam
2856 3409 3083 3478 lapsum.
3118 3409 3242 3464 Haec
3268 3409 3374 3464 duo
3405 3408 3450 3464 si
3482 3408 3594 3465 dis-

2010 3498 2378 3565 crimiuemus,
2423 3496 2796 3554 Nestorianarn
2854 3514 2959 3552 non
3013 3498 3239 3554 dicimus
3290 3498 3591 3567 epistolam,

2011 3606 2168 3662 quam
2215 3590 2451 3662 synodus
2492 3590 2807 3647 catholicam
2839 3590 2973 3645 dixit
3002 3606 3015 3644 :
3055 3593 3308 3661 quoniam
3340 3592 3481 3647 aliud
3512 3601 3596 3648 est

2011 3697 2131 3738 cum
2175 3683 2241 3739 de
2296 3682 2602 3752 hujusmodi
2652 3697 2884 3752 persona
2926 3683 3055 3738 false
3092 3684 3286 3754 aliquid
3326 3683 3595 3749 creditur;

2009 3776 2154 3832 aliud
2187 3791 2313 3833 vero
2342 3792 2463 3832 cum
2492 3775 2559 3833 de
2596 3777 2713 3846 ipso
2741 3776 3059 3832 Christianae
3093 3777 3209 3831 ﬁdei
3247 3778 3595 3832 fundamento

2013 3870 2152 3927 male
2174 3869 2422 3924 sentitur.
2449 3867 2557 3922 Nisi
2588 3867 2727 3923 forte
2749 3868 2868 3938 quis
2897 3868 3055 3932 dicat,
3091 3868 3228 3937 qttotI
3261 3883 3356 3935 pro
3400 3867 3593 3937 injuria

2012 3962 2153 4015 beati
2185 3960 2373 4031 Cyrilli
2422 3958 2681 4017 damnare
2709 3961 2948 4031 synodus
2977 3960 3151 4014 debuit
3186 3969 3382 4015 rectam
3438 3958 3597 4015 ﬁdem

2013 4054 2180 4123 ipsius
2201 4053 2382 4125 Cyrilli
2407 4068 2565 4124 quam
2588 4053 2811 4124 epistola
2842 4054 2929 4108 illa
2971 4053 3221 4109 confessa
3246 4061 3350 4117 est,
3368 4061 3458 4108 aut
3479 4067 3596 4109 eam

2014 4165 2118 4205 nou
2146 4149 2469 4220 approbire,
2491 4163 2613 4205 cum
2644 4149 2819 4203 divina
2849 4147 3146 4216 Scriptura,
3184 4148 3323 4202 sicut
3361 4147 3597 4202 ostendi-

2014 4254 2155 4305 mus,
2186 4242 2289 4295 Asa
2315 4253 2495 4307 regem
2528 4237 2663 4294 Juda
2710 4253 2832 4293 cum
2878 4246 3021 4290 tanta
3062 4237 3219 4290 laude
3272 4235 3598 4305 prtetulerit;

2011 4330 2161 4399 quasi
2183 4329 2458 4397 amplioris
2484 4329 2556 4385 sit
2579 4328 2818 4385 criminis
2844 4327 3052 4397 lapsum
3084 4337 3299 4396 puta<se
3338 4323 3597 4397 Cyrillum

2011 4422 2320 4491 episcopum
2360 4435 2517 4490 quam
2568 4419 2920 4491 prephetain;
2973 4430 3031 4476 ut
3073 4419 3173 4473 alia
3218 4417 3488 4484 omittam,
3529 4419 3597 4472 de

2015 4523 2232 4583 peccato
2272 4496 2609 4583 arguentem,
2657 4513 2708 4566 in
2758 4512 2904 4567 nervi
2954 4511 3254 4575 custodiant
3292 4510 3598 4565 tradidisse.

322 4608 434 4655 tum
467 4617 586 4655 cum
610 4578 839 4656 Domino
863 4578 1109 4657 omnibus
1136 4602 1322 4656 diebus
1351 4602 1502 4671 ejus;
1534 4578 1801 4672 quomodo
1822 4616 1908 4656 re-
1937 4578 1990 4636 D
2016 4578 2216 4675 -Aeeipe
2262 4578 2439 4660 autem
2488 4605 2599 4674 jam
2643 4614 2695 4660 et
2738 4604 2879 4659 aliud
2911 4605 3245 4675 exemplum,
3288 4606 3434 4675 quod
3484 4604 3601 4659 sine

322 4692 544 4762 ligiosus
591 4692 874 4762 quisquam
947 4693 1345 4762 reprehendere
1392 4692 1586 4746 aud-at
1638 4692 1907 4763 synodum

322 4781 861 4847 Chalcedonensem,
912 4784 1053 4854 quod
1118 4784 1559 4840 consuetudinum
1617 4782 1909 4853 Scriptura:

325 4871 522 4924 divinm
550 4871 879 4941 formamque
925 4877 1253 4944 custodiens,
1286 4875 1606 4932 venerabilis
1647 4876 1751 4931 Iba:
1796 4877 1909 4946 epi-

323 4963 542 5027 stolam,
561 4966 899 5021 conﬁtentem
932 4967 1064 5022 duas
1088 4979 1302 5024 naturas
1322 4980 1375 5024 et
1406 4985 1564 5024 unam
1581 4969 1777 5025 Christi
1790 4984 1910 5026 esse

326 5069 632 5125 personam,
658 5056 799 5125 quod
831 5059 1065 5113 maxime
1092 5059 1159 5113 ad
1200 5061 1459 5115 culturam
1510 5061 1605 5116 Dei
1639 5063 1909 5132 pertinet,

328 5148 690 5218 pronuntiavit
738 5148 1093 5205 orthodoxam
1134 5169 1147 5204 :
1215 5164 1564 5208 contemnens
1614 5154 1754 5221 quod
1796 5156 1914 5223 ejus

328 5243 664 5310 conseriptor
690 5243 758 5297 de
790 5243 946 5297 beato
984 5243 1184 5314 Cyrillo
1217 5247 1371 5301 aliter
1418 5262 1576 5315 quam
1608 5263 1695 5303 res
1726 5247 1915 5303 habuit

328 5333 504 5390 fuerat
529 5334 851 5405 suspicatus,
876 5343 930 5391 et
958 5335 1068 5390 haec
1092 5338 1369 5393 attendere
1393 5379 1409 5406 ,
1438 5339 1523 5394 vel
1546 5339 1912 5410 cujuscunque

329 5426 584 5482 momenti
616 5426 871 5497 pendere.
903 5442 1023 5482 cum
1046 5427 1112 5483 de
1156 5427 1259 5485 ﬁde
1287 5427 1589 5485 Christiana
1638 5439 1723 5487 est
1765 5448 1915 5501 qua-

442 5632 575 5689 Coo.
601 5631 823 5704 Veron.,
852 5642 1092 5689 continet.

403 5707 423 5739 ⁸
454 5704 595 5760 Idem
642 5704 790 5772 cod.,
834 5715 881 5759 et
927 5707 1039 5761 Ana
1076 5715 1290 5761 matrem
1330 5721 1497 5771 suam,
1522 5715 1627 5762 etc.
1656 5707 1778 5761 Asa':
1801 5722 1912 5762 ma-

332 5787 416 5834 ter
457 5776 754 5847 appellatur
798 5778 911 5831 Ana
961 5779 1011 5833 in
1057 5777 1241 5834 Graeca
1290 5778 1537 5835 versione
1585 5784 1682 5833 τῶν
1732 5776 1908 5844 LXX,

2019 4697 2297 4754 mendacio
2326 4696 2663 4754 defendimus
2684 4697 2877 4768 synodi
2907 4711 3067 4766 super
3097 4697 3321 4766 epistola
3348 4695 3453 4751 Iba:
3479 4711 3600 4750 seu-

2022 4792 2259 4846 temiam.
2280 4790 2414 4847 Nam
2438 4791 2693 4860 .losaphat
2724 4805 2901 4861 regem
2930 4806 3143 4861 quoque
3171 4790 3418 4846 similiter
3442 4788 3602 4854 Iuda,

2021 4885 2184 4938 ﬁlium
2226 4883 2464 4954 praedicti
2511 4886 2638 4950 Asa,
2684 4884 3028 4939 meminimus
3056 4882 3078 4913 ⁸
3108 4886 3245 4938 inter
3272 4882 3423 4937 alios
3451 4891 3603 4949 reges

2018 4974 2235 5029 excelsa
2264 4990 2371 5029 non
2399 4975 2677 5029 sustulisse
2700 4973 2787 5038 (11
2816 4973 2996 5028 Paral.
3027 4991 3117 5037 xx,
3142 4974 3256 5043 55),
3282 4974 3422 5027 sicut
3441 4971 3601 5026 etiam

2021 5080 2223 5138 patrem
2256 5067 2394 5139 ejus.
2444 5067 2649 5124 Deinde
2678 5068 2937 5123 affinitate
2979 5066 3224 5137 junctum
3253 5064 3443 5122 Achab
3494 5067 3601 5134 regi

2020 5163 2243 5234 profano
2298 5163 2499 5228 Israel,
2575 5164 2661 5234 qui
2718 5165 2876 5218 etiam
2935 5165 2985 5217 in
3040 5163 3300 5216 auxiliqu
3359 5160 3604 5231 ejusdem

2016 5259 2225 5325 Achab,
2260 5258 2563 5327 posthabito
2598 5257 2691 5312 Dei
2733 5271 2981 5312 scrmOne
3006 5271 3162 5325 quem
3206 5263 3332 5311 ante
3370 5270 3465 5324 per
3507 5253 3603 5310 III-

2017 5350 2222 5404 clrteam
2255 5350 2566 5419 prophetam
2608 5351 2657 5405 ei
2706 5348 3149 5413 animatiaverat,
3192 5358 3377 5403 contra
3421 5362 3602 5425 regem

2020 5440 2190 5509 Syriae
2237 5440 2432 5495 frustra
2488 5440 2755 5510 prmliatus
2805 5449 2885 5495 est
2931 5438 3042 5512 (11
3091 5440 3271 5495 Ιιαιεαι.
3315 5454 3466 5509 xvm,
3524 5438 3602 5512 I).

2024 5641 2246 5713 Maacha
2271 5649 2448 5713 autem
2473 5638 2525 5692 in
2550 5648 2696 5713 textu
2727 5638 2950 5697 Hebraeo
2974 5652 3037 5697 et
3059 5642 3279 5713 Vulgata
3297 5640 3551 5700 editione.

2092 5713 2112 5743 ³
2138 5712 2280 5765 Idem
2304 5710 2448 5774 cod.,
2478 5709 2788 5763 rescriberet.

2091 5782 2111 5813 ⁸
2134 5782 2277 5841 Idem
2300 5780 2445 5849 cod.,
2474 5781 2785 5836 invenimus.
