4070 6352
229 294 341 352 σα
386 313 393 318 .

1062 282 1197 339 PRO
1228 276 1659 338 DEFENSIONE
1690 274 1902 331 'i'RlU.“
1943 269 2255 329 CAPITUL.
2298 270 2424 327 LIB.
2469 270 2556 327 Vl.

3418 263 3520 322 (‘62

232 401 583 474 nuncupavit,
615 396 912 454 ostendens
961 393 1086 449 ﬁdei
1124 407 1189 449 se
1234 389 1631 448 confessionem
1657 388 1709 443 in
1742 386 1832 441 illa
1864 389 1906 444 Α
1937 387 2244 443 custodisse
2271 386 2520 441 mandata
2561 385 2699 454 ejus,
2740 396 3073 454 qumcunqne
3108 380 3383 438 mandavit
3411 381 3518 438 Do-

233 498 515 570 probasse.
546 490 661 548 Non
682 490 828 546 enim
860 488 977 543 laus
1006 486 1146 543 beati
1172 484 1385 557 Cyrilli,
1416 482 1512 539 sed
1540 497 1661 537 vera
1708 480 1829 536 ﬁdei

237 590 559 651 Christianae
580 585 869 650 coulessio,
894 590 1195 639 mereretur
1216 581 1317 636 hoc
1338 594 1557 635 nomen.
1580 578 1828 645 Alioquin

238 681 602 756 Eutychianos
624 677 857 732 dicimus
884 673 1026 744 quod
1066 674 1175 729 sint
1218 670 1534 737 orthodoxi,
1567 669 1657 739 qui
1705 670 1833 722 bea-

236 784 350 830 tum
374 769 632 843 Cyrillum
656 764 1020 836 magniﬁcam,
1048 772 1299 832 putantes
1325 763 1427 816 hoc
1447 774 1568 817 eum
1599 758 1835 814 sensisse

237 865 380 938 quod
402 864 640 919 sentiunt
669 858 847 929 :quod
876 855 1346 913 reverentissimus
1390 853 1537 919 Ibas,
1581 852 1707 906 licet
1728 865 1835 905 non

237 962 294 1017 in
316 960 476 1016 beato
500 954 702 1028 Cyrillo
724 951 994 1016 debuerit,
1027 964 1156 1006 vere
1196 957 1374 1004 tamen
1403 945 1674 1015 culpabile
1696 944 1839 1013 judi-

236 1053 402 1112 cavit.
437 1050 569 1106 Atsi
623 1046 755 1103 nihil
788 1044 1151 1115 Eutycbianos
1188 1038 1539 1110 adjuvatlaus
1569 1035 1712 1092 beati
1735 1033 1838 1105 Cy-

238 1145 366 1211 rilli,
397 1153 456 1199 ut
478 1156 573 1212 pro
598 1141 687 1196 illa
710 1138 1022 1209 judicentur
1059 1133 1370 1198 orthodoxi,
1408 1130 1504 1187 sed
1536 1129 1710 1200 potius
1741 1143 1839 1198 pro

241 1234 594 1307 denegatione
610 1231 835 1287 duarum
858 1228 1056 1285 Christi
1081 1237 1391 1282 naturarum
1418 1224 1835 1295 pronuntiantur

243 1325 515 1390 haeretici,
542 1322 677 1378 nihil
703 1334 926 1391 gravare
968 1317 1152 1373 debuit
1195 1316 1264 1372 de
1309 1316 1466 1371 beato
1503 1314 1702 1385 Cyrillo
1751 1330 1843 1368 su-

244 1419 415 1489 spicio
441 1420 485 1483 ¹,
515 1425 572 1471 ut
604 1430 702 1485 pro
745 1413 831 1467 illa
865 1411 1196 1482 judicaretur
1238 1408 1513 1473 ltmretica,
1544 1405 1639 1462 sed
1669 1403 1845 1473 potius

246 1527 347 1584 pro
371 1508 712 1567 confessione
742 1506 966 1560 duarum
997 1503 1196 1559 Christi
1217 1511 1527 1557 naturarum
1549 1500 1603 1554 in
1630 1499 1836 1554 unitate

247 1620 497 1675 persona:
513 1599 907 1673 pronuntianda
938 1599 1036 1653 fuit
1063 1597 1383 1653 orthodoxa.
1408 1596 1691 1663 Quocirca,
1727 1594 1838 1648 sic-

248 1710 308 1757 ut
349 1712 690 1769 consrquens
735 1709 841 1749 non
862 1701 1025 1749 estut
1060 1691 1182 1763 quia
1229 1689 1514 1761 praedictos
1562 1686 1847 1759 Eutychia-

1932 478 2109 533 minus
2140 478 2326 549 Moysi.
2357 478 2616 547 Quamvis
2640 486 2695 532 et
2745 477 2917 547 ipsum
2950 490 3167 539 nomen,
3225 474 3365 529 sicut
3406 472 3521 545 jam

1932 570 2190 635 diximus,
2214 570 2365 641 quod
2388 568 2683 624 orthodoxa
2712 577 2902 623 vocata
2927 578 3032 633 est,
3080 565 3401 623 confessioni
3463 565 3525 620 ﬁ-

1934 665 2019 720 dei
2050 663 2375 719 Christiana:
2405 664 2573 719 soleat
2600 678 2629 716 a
2662 662 2868 733 synodo
2923 660 3195 720 distribui.
3223 658 3524 715 Mirandum

1935 766 2115 812 tamen
2142 766 2225 813 est
2251 756 2392 827 quod
2415 756 2491 811 illi
2520 756 2721 819 dicant,
2753 770 2850 823 pro
2887 754 3192 811 transitoria
3217 762 3272 810 et
3320 752 3528 808 levissi-

1938 867 2024 907 ma
2045 850 2353 922 suspicione
2374 864 2536 919 quam
2568 847 2830 913 continet,
2872 862 2978 902 non
3011 847 3265 903 debuisse
3310 854 3404 901 aut
3434 858 3530 913 po-

1940 944 2108 999 tuisse
2136 941 2493 998 orthodoxam
2522 939 2747 1010 jndicari
2774 954 2804 993 a
2836 939 3042 1011 synodo
3067 938 3351 1008 epistolam
3384 943 3531 991 recte

1939 1038 2007 1093 de
2031 1038 2419 1093 incarnationis
2447 1034 2650 1091 Christi
2700 1034 2960 1103 mysterio
3008 1032 3381 1097 conﬁtentem,
3438 1028 3529 1097 qui

1942 1128 2177 1183 dixerint
2207 1145 2219 1180 :
2252 1127 2481 1195 Oportet
2518 1132 2707 1192 aperte
2730 1123 2998 1193 inspicere
3023 1121 3088 1176 ad
3119 1120 3306 1175 Marim
3329 1119 3533 1188 epist"-

1944 1223 2071 1287 lam,
2097 1222 2274 1277 omnia
2296 1219 2513 1290 quidem
2538 1218 2657 1273 sine
2678 1217 2788 1272 Deo
2815 1223 2869 1271 et
2890 1216 3054 1284 impie
3082 1213 3370 1268 dicen'em.
3398 1210 3530 1265 Nam

1947 1315 1990 1370 si
2022 1314 2101 1369 eis
2126 1312 2487 1382 iustissimum
2521 1312 2689 1365 visum
2719 1318 2803 1365 est
2830 1308 3054 1363 deﬁnire
3086 1303 3228 1375 quod
3273 1304 3390 1358 sine
3422 1302 3534 1356 Deo

1950 1415 2004 1461 et
2028 1407 2191 1474 impie
2219 1404 2365 1460 dicat
2392 1402 2483 1458 illa
2514 1400 2766 1471 epistola,
2792 1414 2912 1469 qua:
2932 1398 3066 1453 duas
3088 1394 3288 1450 Christi
3316 1400 3537 1447 naturus

1950 1499 2004 1553 in
2037 1499 2238 1552 unitate
2266 1509 2512 1565 personre
2568 1492 2822 1547 confessa
2857 1501 2969 1554 est;
3027 1486 3299 1558 quomodo
3334 1494 3536 1540 sancta:

1951 1589 2158 1659 synodo
2186 1587 2458 1643 videretur
2481 1585 2737 1655 injustam
2759 1582 3113 1639 orthodoxam
3159 1593 3277 1635 eam
3312 1590 3411 1646 pro
3441 1589 3536 1630 ea-

1952 1682 2074 1738 dem
2106 1690 2256 1736 recta
2278 1678 2618 1734 confessione
2636 1676 2757 1731 ﬁdei
2787 1689 2947 1746 quam
2978 1670 3241 1736 continet,
3301 1680 3537 1737 pronun-

249 1805 351 1847 nos
377 1790 780 1859 pronuntiamus
829 1784 1135 1847 haereticos,
1189 1791 1470 1852 propterea
1502 1780 1792 1836 debeamus
1816 1781 1838 1811 ⁸
1876 1784 1916 1840 Β
1946 1777 2238 1837 tiare,cum
2263 1788 2503 1830 eatnnon
2528 1766 2895 1824 inveniaturin
2913 1765 3162 1821 omnibus
3178 1754 3546 1831 approbasse?

253 1882 469 1951 laudern
496 1880 554 1936 in
584 1881 662 1934 eis
694 1877 831 1933 beati
856 1875 1043 1946 Cyrilli
1091 1875 1312 1943 culpare
1344 1891 1356 1925 :
1392 1873 1464 1926 ita
1511 1882 1846 1939 consequens

251 1990 359 2031 non
386 1981 469 2030 est
497 1981 553 2025 ut
582 1970 704 2041 quia
736 1978 919 2024 sancta
942 1965 1180 2038 synodus
1204 1962 1489 2035 epistolam
1522 1959 1845 2017 venerabilis

252 2068 361 2123 Iba:
388 2062 749 2132 pronuntiavit
775 2060 1156 2125 orthodoxam,
1182 2064 1468 2127 propterea
1496 2052 1737 2108 videatur
1762 2052 1842 2105 in-

252 2161 446 2232 iuriam
468 2160 521 2213 in
546 2172 607 2214 ea
635 2155 773 2211 beati
793 2152 981 2226 Cyrilli
1000 2150 1276 2223 probasse.
1307 2148 1378 2204 At
1411 2148 1581 2213 enim,
1604 2145 1734 2199 dicit
1752 2144 1852 2198 ali-

254 2252 396 2323 quis,
418 2251 465 2306 si
494 2264 623 2320 ergo
645 2264 752 2302 non
777 2247 967 2315 recipit
994 2259 1052 2315 sy
1066 2242 1240 2298 nodus
1286 2236 1745 2297 Chalcedonensis
1770 2236 1851 2289 in-

255 2342 449 2415 iuriam
481 2340 621 2397 beati
647 2337 859 2409 Cyrilli,
903 2352 999 2393 cur
1025 2333 1310 2404 epistolam
1341 2330 1482 2387 male
1516 2329 1583 2384 de
1627 2329 1745 2397 ipso
1768 2326 1851 2381 lo-

257 2442 513 2507 quentem
537 2431 784 2488 absolute
807 2427 1147 2499 approbavit,
1175 2434 1231 2481 et
1272 2439 1389 2479 eam
1417 2422 1537 2478 sine
1563 2419 1670 2475 ulla
1696 2431 1854 2474 exce-

258 2529 444 2600 ptione
464 2524 834 2596 pronuntiavit
865 2520 1218 2577 orthodoxam
1241 2518 1268 2572 ?
1296 2516 1489 2573 Debuit
1506 2514 1650 2570 enim
1678 2513 1856 2568 dicere

259 2619 403 2690 quod
452 2618 506 2673 in
543 2614 860 2686 quibusdam
906 2612 1192 2669 erraverit.
1247 2607 1563 2666 Ostenditur
1605 2604 1856 2676 equidem

260 2728 325 2766 ex
358 2710 603 2778 superius
631 2706 961 2770 memoratis,
985 2703 1128 2774 quod
1146 2703 1216 2757 ob
1246 2702 1350 2756 hoc
1380 2708 1660 2755 auctorem
1692 2697 1861 2763 ipsius

264 2801 513 2871 epistola:
535 2801 603 2855 de
636 2801 737 2855 isto
764 2812 951 2853 errore
994 2811 1101 2850 non
1146 2792 1342 2864 arguit,
1375 2791 1631 2861 quoniam
1664 2790 1719 2843 in
1745 2788 1865 2857 qui-

265 2896 366 2951 bus
395 2903 512 2949 erat
566 2894 714 2948 visus
770 2891 990 2959 culpare
1041 2887 1180 2942 male
1221 2888 1447 2953 loquens
1498 2882 1864 2938 beatissimum

267 2986 548 3059 Cyrillum,
581 2986 634 3039 in
677 2982 1066 3055 posterioribus
1094 2988 1242 3034 recte
1271 2976 1552 3031 confessus
1599 2974 1713 3040 ipse
1755 2971 1865 3040 jam

269 3091 549 3147 respuerat
576 3076 665 3130 illa
692 3075 883 3144 quibus
918 3072 1255 3141 culpaverat.
1306 3066 1716 3129 Verumtamen,
1771 3061 1872 3118 etsi

1952 1867 2012 1921 Et
2042 1866 2162 1920 ideo
2190 1864 2241 1918 si
2267 1862 2499 1933 epistola
2532 1859 2857 1915 venerabilis
2886 1857 3013 1922 lbra,
3042 1863 3098 1912 et
3142 1855 3195 1907 in
3241 1850 3538 1907 confessio-

1952 1974 2019 2012 ne
2047 1957 2167 2011 fidei
2195 1971 2354 2025 quam
2380 1954 2446 2009 de
2466 1953 2683 2010 Christo
2718 1950 2982 2014 continet,
3036 1943 3384 2015 approbando
3432 1952 3541 2004 est,

1950 2059 2005 2105 et
2052 2051 2103 2103 in
2135 2047 2438 2116 suspicione
2466 2059 2626 2115 quam
2675 2042 2742 2098 de
2791 2040 2948 2096 beato
2968 2037 3168 2109 Cyrillo
3210 2034 3544 2101 conscriptor

1952 2142 2071 2212 ejus
2124 2140 2332 2206 habuit,
2381 2135 2770 2207 improbanda:
2794 2132 2999 2204 judico,
3029 2143 3235 2201 quaeso,
3287 2124 3540 2195 religiose

1955 2235 2266 2302 imperator,
2293 2242 2471 2286 utrum
2500 2228 2738 2301 synodus
2754 2225 3019 2295 culpanda
3043 2224 3134 2289 sit,
3165 2221 3218 2276 in
3247 2219 3405 2289 cujus
3430 2233 3545 2273 scn-

1958 2326 2120 2382 tentia
2146 2340 2252 2379 non
2274 2323 2577 2379 ostenditur
2603 2322 2745 2390 quod
2776 2322 2828 2374 in
2850 2318 3103 2375 omnibus
3130 2330 3248 2371 eam
3281 2311 3547 2382 probave-

1956 2422 2045 2487 rit,
2079 2436 2145 2473 an
2176 2420 2251 2474 illi
2287 2419 2376 2489 qui
2417 2418 2762 2487 prenuntiare
2817 2413 2933 2470 ausi
3013 2418 3140 2467 sunt
3199 2407 3342 2478 quod
3372 2405 3549 2461 omnia

1959 2513 2080 2567 sine
2111 2513 2224 2566 Deo
2255 2521 2309 2565 et
2334 2510 2498 2579 impie
2526 2509 2689 2564 dicat.
2722 2508 2922 2563 Sancta
2970 2502 3432 2560 Chalcedonensis
3457 2514 3548 2569 sy-

1963 2604 2161 2669 nodus,
2194 2602 2440 2669 quamvis
2472 2602 2524 2656 in
2548 2598 2989 2656 reverentissimo
3017 2597 3103 2652 [ba
3128 2590 3555 2660 notaveritquod

1963 2698 2033 2753 de
2056 2698 2213 2752 beato
2233 2693 2436 2765 Cyrillo
2466 2694 2597 2749 falsa
2625 2693 2785 2748 fuerit
2828 2689 3164 2758 suspicatus;
3199 2696 3375 2741 tamen
3415 2692 3470 2738 et
3510 2685 3558 2737 si

1968 2805 2078 2845 non
2108 2789 2336 2854 faceret,
2378 2788 2779 2850 ostenderetur,
2831 2784 2971 2838 sicut
3007 2781 3262 2842 diximus,
3311 2781 3419 2847 jam
3454 2774 3555 2829 for-

1972 2897 2114 2937 mam
2137 2881 2333 2935 divina:
2356 2877 2646 2948 Scriptura:
2678 2886 2883 2940 secuta,
2916 2881 2975 2928 ut
2998 2873 3115 2941 ejus
3144 2867 3427 2939 epistolam
3460 2879 3557 2934 pro

1974 2985 2122 3032 recta
2151 2974 2494 3030 confessione
2552 2968 2938 3025 incarnationis
2982 2965 3202 3031 Christi,
3240 2976 3359 3033 quin
3394 2960 3560 3015 maxi-

1980 3085 2067 3125 nte
2083 3069 2148 3123 ad
2180 3068 2421 3123 divinum
2443 3066 2647 3120 cultum
2680 3063 2934 3134 pertinet,
2963 3058 3334 3130 pronuntiaret
3375 3055 3560 3110 ortho-

271 3172 377 3227 hoc
405 3169 665 3225 sententia
690 3166 883 3239 synodi
938 3164 1163 3219 minime
1213 3160 1541 3221 contineret,
1594 3170 1768 3224 neque
1793 3154 1861 3209 sic

1981 3162 2198 3215 doxam.
2233 3161 2323 3215 Isti
2348 3174 2479 3214 vero
2509 3157 2661 3227 cujus
2709 3156 2935 3211 formam
2980 3153 3063 3206 vel
3111 3150 3347 3219 regulam
3388 3146 3575 3202 secuti.

271 3271 416 3319 esset
440 3260 698 3318 credibile
722 3257 867 3329 quod
899 3258 951 3312 in
982 3255 1208 3326 epistola
1236 3249 1561 3307 venerabilis
1606 3247 1709 3302 lbre
1732 3244 1870 3312 inju-

272 3356 407 3413 riam
429 3353 569 3410 beati
608 3351 796 3425 Cyrilli
842 3346 1244 3420 approbaverit,
1292 3343 1447 3413 cujus
1482 3340 1641 3395 ﬁdem
1692 3335 1872 3391 multis

272 3460 329 3505 et
350 3448 604 3504 consonis
658 3445 879 3500 vocibus
926 3442 1180 3497 laudasse
1231 3434 1545 3493 testimonio
1596 3440 1872 3502 gesturum

275 3532 445 3611 ipsius
471 3537 663 3610 synodi
695 3543 1107 3592 monstraretur.
1135 3529 1289 3598 Quod
1315 3530 1359 3582 si
1388 3526 1542 3582 nobis
1564 3533 1618 3579 et
1650 3524 1750 3579 hoc
1780 3520 1874 3576 de-

276 3633 487 3698 fuisset,
517 3632 694 3687 nullus
717 3628 1004 3685 ostendere
1024 3634 1203 3695 posset
1234 3624 1286 3678 in
1315 3621 1433 3691 ejus
1447 3618 1712 3674 sententia
1733 3613 1873 3685 quod

276 3725 654 3796 approbaverit
682 3722 861 3778 omnia
887 3735 1009 3791 quae
1038 3719 1091 3773 in
1126 3718 1212 3771 illa
1252 3714 1478 3784 epistola
1510 3710 1873 3766 continentur.

282 3817 435 3874 Unde
464 3817 509 3872 si
533 3817 723 3871 liceret
742 3812 899 3869 alteri
931 3812 1054 3866 hinc
1076 3822 1336 3864 accusare
1365 3805 1630 3875 synodum
1676 3801 1796 3870 quia
1822 3800 1874 3853 in

277 3890 398 3979 ejus
426 3908 692 3963 sententia
724 3919 831 3961 non
863 3903 1196 3958 inveniretur
1217 3898 1358 3969 quod
1406 3911 1525 3952 eam
1572 3895 1624 3948 in
1655 3891 1877 3961 quibus-

278 3999 402 4054 dam
431 3997 809 4067 approbaverit
840 4036 856 4062 ,
905 3991 1145 4063 profecto
1178 3989 1367 4044 liceret
1395 3988 1558 4041 etiam
1590 3983 1721 4037 mihi
1754 3982 1878 4035 hinc

279 4088 525 4145 eamdem
551 4085 817 4160 synodum
867 4097 1154 4145 excusare,
1186 4080 1309 4151 quia
1361 4079 1416 4133 in
1447 4076 1567 4146 ejus
1608 4075 1875 4129 sententia

280 4196 387 4237 non
417 4179 749 4236 inveniretur
780 4175 923 4247 quod
948 4176 1002 4228 in
1028 4174 1283 4228 omnibus
1310 4167 1714 4239 approbaverit.
1747 4165 1877 4217 Nam

280 4272 417 4327 sicut
444 4286 563 4325 eam
595 4283 701 4323 non
744 4268 794 4321 in
827 4264 1144 4336 quibusdam
1170 4262 1307 4317 dixit
1360 4274 1483 4315 esse
1531 4265 1757 4320 rectam,
1808 4256 1879 4309 ita

281 4377 384 4418 nec
415 4364 467 4433 in
489 4359 737 4415 omnibus
766 4357 922 4413 dixit.
976 4354 1128 4423 Quod
1156 4354 1203 4407 si
1244 4360 1298 4407 et
1344 4350 1397 4404 in
1439 4346 1690 4404 omnibus
1728 4345 1878 4400 dice-

282 4463 388 4516 ret,
422 4468 540 4524 qute
559 4453 625 4506 ad
657 4449 1049 4505 confessionem
1075 4444 1197 4500 fidei
1222 4458 1378 4514 quam
1403 4442 1459 4496 in
1478 4438 1750 4495 Christum
1782 4436 1881 4491 ha-

290 4549 500 4611 bemus,
534 4544 833 4613 acciperem
855 4559 869 4607 ;
885 4541 1024 4596 sicut
1036 4537 1327 4606 accipimus
1344 4534 1596 4604 quoniam
1612 4544 1707 4601 pro
1723 4528 1881 4583 unius

283 4640 397 4694 veri
430 4637 525 4692 Dei
554 4637 760 4691 cultura
790 4633 1048 4703 scriptum
1073 4638 1177 4695 est,
1208 4627 1348 4697 quod
1391 4639 1486 4681 eor
1538 4625 1644 4677 Asa
1701 4620 1880 4690 perfe-

285 4742 430 4788 ctum
454 4741 570 4785 erat
600 4744 721 4783 cum
748 4727 975 4782 Domino
997 4724 1250 4779 omnibus
1271 4721 1461 4776 diebus
1489 4718 1631 4782 suis;
1657 4726 1711 4771 et
1740 4716 1880 4769 sicut

288 4823 579 4890 accipimus
607 4820 728 4888 quia
753 4827 1037 4887 propterea
1063 4817 1131 4871 de
1185 4814 1445 4883 Josaphat
1492 4811 1695 4867 dictum
1750 4815 1833 4863 est
1862 4822 1878 4862 :

293 4916 574 4982 ingressus
596 4923 676 4965 cst
704 4911 757 4964 in
790 4912 872 4964 via
905 4910 1069 4978 patris
1100 4909 1179 4963 sui
1210 4908 1343 4975 Asa,
1372 4916 1427 4961 et
1456 4919 1562 4959 non
1584 4898 1880 4957 declinavit

288 5010 361 5066 ab
381 5023 467 5075 ea,
500 5006 744 5062 faciendo
772 5006 913 5074 quod
946 5015 1150 5059 rectum
1180 5012 1263 5057 est
1290 5003 1343 5056 in
1371 5007 1665 5069 conspectu
1696 4996 1879 5051 Domi—

294 5104 451 5167 ni;et
479 5101 615 5154 sicut
641 5098 930 5165 accipimus
975 5097 1101 5166 quia
1123 5096 1195 5149 ob
1248 5095 1349 5148 hoc
1392 5090 1656 5146 Ezechias
1703 5088 1881 5142 dictus

292 5206 374 5252 est
402 5190 693 5248 adhzesissc
724 5187 972 5254 Domino,
1019 5200 1122 5242 nec
1174 5184 1465 5240 recessisse
1515 5181 1584 5235 ab
1631 5180 1772 5249 ipso,
1831 5184 1885 5232 ct

368 5378 396 5406 η
426 5366 664 5423 Habetur
683 5365 872 5419 Greece
897 5370 951 5416 et
979 5360 1168 5416 Latine
1212 5357 1264 5410 in
1295 5356 1509 5410 actione
1538 5354 1606 5408 10
1652 5352 1877 5408 Chalce-

296 5441 636 5505 donensi,ex
689 5435 857 5505 gestis
904 5431 1094 5502 synodi
1150 5428 1477 5505 Berytensis,
1525 5426 1614 5477 ubi
1672 5424 1882 5503 prolata

299 5494 815 5581 prinmm'fuera‘tah
839 5494 1309 5581 lh.e'_ad_versariis.
1345 5498 1576 5581 llabetur
1605 5502 1661 5548 et
1696 5494 1882 5581 ⁸ἱιιιεγ-

280 5564 485 5639 'hodov
510 5579 764 5649 generali,
792 5584 889 5630 sed
906 5576 1012 5629 alio
1030 5574 1342 5641 interprete.
1370 5568 1441 5622 Ita
1466 5580 1552 5634 me
1590 5566 1741 5619 tertia
1767 5564 1881 5616 lucc

378 5745 394 5774 ¹
418 5724 550 5795 Cod.
574 5740 798 5797 Verum,
831 5734 962 5788 nihil
982 5747 1192 5804 gravare
1206 5728 1375 5804 debuit
1394 5722 1660 5804 epistolam
1679 5735 1891 5777 venera-

305 5814 418 5870 bilis
454 5810 556 5866 Iba:
581 5810 706 5882 [nisi
735 5809 795 5862 de
827 5797 1196 5875 ’uoto'Cyrilfo
1222 5797 1472 5867 suspicio,
1496 5805 1611 5851 etc.

1976 3256 2248 3319 dicentur,
2279 3254 2395 3322 qui,
2421 3269 2519 3320 pro
2543 3251 2777 3305 hominis
2803 3249 2870 3303 de
2896 3247 3111 3301 homine
3146 3242 3563 3313 suspicionibus.

1975 3350 2136 3404 etiam
2163 3361 2362 3403 rectam
2390 3348 2461 3401 de
2482 3346 2700 3400 Christo
2722 3343 3119 3398 confessionem
3154 3339 3314 3393 nimls
3343 3335 3570 3392 inconsia

1977 3441 2161 3497 derate
2203 3441 2361 3496 simul
2390 3441 2607 3510 impiam
2626 3446 2952 3493 vocaverunt
2975 3436 3000 3488 ἲ

2598 3553 2823 3609 CAPUT
2868 3552 2954 3606 Ill.

1985 3666 2136 3736 Quod
2182 3667 2411 3738 synodus
2460 3668 2728 3738 epistolam
2779 3666 2886 3719 Iba:
2935 3666 3183 3738 damnare
3228 3675 3328 3714 non
3380 3654 3601 3738 potuit,

2052 3739 2173 3809 quin
2201 3729 2454 3809 Cyrillum
2489 3729 2670 3791 itidem
2712 3739 2961 3791 Itwreseos
2984 3735 3261 3809 damnaret
3280 3746 3310 3809 ,ε
3339 3729 3572 3809 qitodque

2052 3800 2279 3879 Cyrillu's
2321 3809 2566 3863 Nestorio
2595 3811 2907 3877 respondens
2960 3803 3326 3879 deimlustrio
3368 3800 3609 3869 parcius.

2052 3873 2115 3934 de
2137 3886 2359 3934 duorum
2384 3873 2689 3933 καίηται*αηὶ
2712 3880 3015 3932 discretione
3039 3876 3239 3929 locutus
3268 3873 3355 3925 sit.

2056 3997 2149 4052 lEs
2175 4006 2355 4051 autem
2383 3995 2703 4064 praemissis,
2745 4010 2863 4065 quae
2902 4002 3088 4047 contra
3136 3985 3434 4045 calumnias
3465 3983 3576 4038 ha:-

1983 4089 2275 4145 reticorum
2302 4090 2481 4155 magni
2534 4087 2749 4143 concilii
2796 4086 3119 4141 sententiam
3175 4079 3511 4135 sufﬁcienter
3546 4090 3607 4129 ad

1984 4191 2220 4250 recepta,
2249 4182 2381 4236 sicut
2409 4181 2638 4251 jactaut,
2668 4180 2805 4234 beati
2835 4177 3020 4248 Cyrilli
3056 4171 3453 4242 vituperatione
3481 4169 3577 4222 de-

1987 4274 2212 4329 fendunt
2244 4292 2256 4326 :
2285 4274 2524 4341 profecto
2551 4272 2661 4342 jam
2693 4269 2905 4338 colligis
2944 4267 3146 4331 animo,
3186 4263 3270 4332 pie
3299 4259 3576 4328 princeps,

1987 4370 2155 4423 multo
2193 4367 2400 4422 facilius
2432 4381 2535 4422 nos
2588 4366 2676 4420 illa
2722 4377 2884 4434 posse
2926 4358 3177 4415 refellere
3225 4372 3345 4426 qua:
3394 4353 3603 4408 nccalt.

1969 4460 2118 4529 ipsis
2147 4459 2475 4515 venerabilis
2508 4459 2613 4513 lhie
2658 4454 3062 4513 accusatoribus
3118 4449 3329 4522 objecta
3366 4448 3423 4503 in
3460 4446 3583 4515 ejus

1913 4579 1963 4639 Ι)
1987 4552 2215 4620 epistola
2239 4552 2590 4605 criminantur
2622 4566 2637 4604 :
2668 4550 2826 4619 cujus
2875 4548 3138 4613 integrum
3166 4552 3410 4596 tenorem
3439 4545 3485 4574 ιλ
3512 4554 3575 4591 ex

1987 4642 2175 4712 synodi
2200 4642 2387 4712 gestis,
2410 4642 2551 4697 sicut
2580 4637 3014 4709 promisimuuin
3042 4636 3189 4689 hunc
3206 4630 3579 4688 transierimus

1987 4735 2204 4789 librum.
2230 4735 2359 4789 Post
2409 4734 2817 4803 prommiaergo
2851 4731 2928 4784 sic
2957 4728 3117 4785 habet
3140 4724 3367 4793 (Com-il.
3399 4720 3578 4776 Clmlc.

1987 4834 2091 4879 act.
2117 4825 2210 4895 ιθ)
2238 4842 2251 4878 :
2275 4843 2294 4876 ι
2326 4825 2380 4877 In
2405 4824 2551 4891 brevi
2597 4835 2775 4879 autem
2800 4822 3078 4875 luminosae
3109 4828 3217 4873 tua:
3258 4807 3578 4886 prudentizc,

1989 4932 2111 4986 qua:
2138 4917 2189 4970 in
2217 4917 2405 4985 paucis
2421 4917 2587 4971 multa
2616 4911 3107 4986 cognoscit,qualia
3127 4908 3332 4979 pridem
3363 4914 3418 4959 et
3441 4919 3581 4957 nunc

1993 5011 2081 5065 hic
2107 5018 2229 5064 acta
2259 5019 2406 5072 sunt,
2432 5009 2803 5064 festinavimus
2846 5005 3090 5060 indicare
3136 5000 3408 5055 :scientcs
3450 5008 3580 5062 quo.

1997 5104 2140 5157 niam
2170 5117 2290 5172 quae
2318 5111 2512 5156 vesmn
2541 5099 2812 5156 sanctitati
2867 5095 3173 5158 scribimus,
3206 5098 3262 5146 et
3317 5101 3436 5157 quae
3491 5083 3580 5137 hie

1997 5202 2247 5265 aguntur,
2279 5193 2536 5249 omnibus
2556 5194 2625 5249 ibi
2649 5191 2838 5262 positis
2864 5204 2958 5259 per
3002 5196 3238 5240 vestram
3268 5173 3595 5235 sollicitudi-.

1982 5352 2161 5405 verslo
2191 5366 2292 5421 qua
2320 5354 2486 5411 utitur
2511 5350 2815 5418 Facundos,
2848 5358 3109 5421 nusquam
3119 5342 3360 5421 integra.
3383 5344 3583 5421 «ἔμω.

1984 5423 2081 5475 sed
2105 5407 2298 5496 ubique
2319 5407 2557 5498 ;aipalo;
2590 5407 3091 5498 et_si.e_promin.iu.
3113 5407 3289 5498 Quare
3318 5410 3371 5498 in
3394 5407 3584 5498 Crasso

1987 5477 2924 5567 exemp‘lari‘sicv'liabetinscriptio
2963 5504 2977 5541 :
3008 5477 3150 5567 ‘A‘n’b;
3174 5492 3266 5567 τῆς
3312 5477 3607 5565 iniecitini-

1986 5552 2264 5645 ’γραφεῖα-ης
2294 5569 2439 5644 παρὰ
2459 5573 2552 5621 τοῦ
2576 5562 2682 5618 Ἰϐα
2702 5552 3009 5624 ἐπιέκόπου,
3032 5557 3161 5629 μετὰ
3179 5556 3246 5611 τὰ
3268 5552 3549 5628 προοίμιᾳιν

2068 5722 2086 5747 ³
2122 5715 2262 5771 ldctn
2293 5711 2388 5765 cod
2406 5752 2436 5777 ν,
2462 5707 2750 5759 rideamur.
