4070 6352
290 287 395 348 685

1174 300 1312 360 PRO
1354 304 1780 365 DEFENSIONE
1818 306 2037 366 TRIUM
2074 311 2387 376 CAPITUL.
2419 320 2547 378 LIB.
2594 323 2675 381 Vl.

3453 332 3555 388 66fi

291 424 370 469 tes
391 413 517 483 quia
561 430 663 470 una
700 422 892 473 natura
932 425 1016 473 est
1061 418 1276 476 deitatis
1310 432 1365 477 et
1407 424 1771 492 humanitatis,
1814 433 1871 481 ut
1900 425 2190 486 Acidisse.
2223 433 2556 508 Conscripsit
2602 452 2656 497 et
2700 444 2813 512 ipse
2855 442 3103 503 simiiiter
3130 449 3224 518 illi,
3258 451 3380 519 quia
3416 450 3554 508 Dens

288 506 709 561 communicaret
734 509 803 562 ei.
830 507 1014 563 Voluit
1033 521 1209 566 autem
1234 512 1513 580 Dominus,
1537 518 1630 587 qui
1657 532 1873 586 semper

286 612 468 654 curam
513 613 624 653 suae
666 600 804 667 gerit
851 601 1122 671 Ecclesiae,
1166 620 1328 675 quam
1358 609 1623 677 sanguine
1653 613 1871 679 proprio

284 690 535 755 redemit,
581 705 676 745 cor
719 692 951 765 [Egyplii
991 697 1255 761 emollire,
1296 709 1353 754 ut
1400 702 1519 757 sine
1558 701 1869 773 fatigatione

284 780 406 837 ﬁdei
435 783 785 850 consentiret,
835 795 888 839 et
939 785 1081 842 hanc
1122 791 1441 859 susc'peret,
1489 800 1652 861 atque
1680 807 1869 848 omnes

282 874 373 943 qui
401 874 604 944 absque
635 874 1047 957 hacgcrederent
1077 879 1559 937 anathematizaret
1585 899 1600 949 ;
1638 892 1695 938 et
1713 899 1866 939 como

284 966 676 1023 municantibus
704 966 810 1021 illis
843 968 950 1024 sibi
995 968 1246 1033 invicem,
1290 972 1566 1027 contentio
1591 972 1660 1029 de
1687 973 1868 1030 medio

282 1070 364 1114 est
392 1060 587 1127 ablata,
616 1068 672 1116 et
696 1076 797 1130 pax
822 1062 873 1116 in
903 1062 1143 1118 Ecclesia
1171 1064 1308 1119 facta
1337 1074 1420 1120 est
1445 1083 1458 1118 :
1489 1074 1542 1121 et
1573 1080 1678 1122 non
1707 1068 1867 1123 estin

280 1153 622 1219 eascbisma,
671 1155 765 1210 sed
814 1170 916 1225 pax
938 1158 1078 1211 sicut
1122 1158 1331 1227 pridem
1373 1169 1474 1214 est.
1518 1160 1648 1227 Quae
1689 1170 1866 1217 autem

281 1243 445 1297 verba
488 1243 597 1299 sint
624 1260 742 1315 qua:
767 1262 799 1300 a
827 1249 1169 1305 sanctissimo
1208 1258 1263 1305 et
1302 1254 1742 1309 reverentissimo
1782 1271 1867 1308 ar-

280 1333 623 1407 chiepiscopo
666 1338 871 1395 Joanne
918 1341 1118 1411 scripta
1167 1351 1314 1411 sunt,
1370 1352 1425 1399 et
1469 1360 1586 1415 quae
1612 1347 1867 1419 aCyrillo

280 1427 539 1497 rescripta
595 1432 867 1500 suscepit,
919 1432 1061 1501 ipsas
1103 1435 1361 1502 epistolas
1413 1437 1538 1494 huic
1582 1455 1741 1509 quam
1795 1442 1863 1496 ad

280 1527 515 1572 vestram
560 1518 732 1576 direxi
778 1525 1171 1590 reverentiam,
1214 1527 1546 1599 conjungens
1591 1534 1863 1588 transmisi

283 1616 386 1661 tua:
413 1608 705 1676 sanctitati,
742 1620 801 1666 ut
831 1613 1076 1684 relegens
1105 1617 1263 1680 scias,
1296 1627 1350 1674 et
1383 1620 1635 1677 omnibus
1662 1624 1864 1678 nostris

277 1698 532 1757 fratribus
561 1703 862 1760 amantibus
890 1719 1076 1774 pacem
1107 1706 1413 1776 denunties,
1438 1708 1564 1781 quia
1589 1713 1865 1768 contentio

1979 517 2210 576 Verbum
2258 524 2430 582 factus
2479 540 2563 585 est
2612 532 2791 590 homo.
2841 535 2905 591 Et
2946 546 3068 606 post
3105 517 3244 595 alia:
3273 517 3554 609 Quomodo

1968 609 2113 664 enim
2161 622 2339 682 potest
2388 618 2589 689 accipi:
2623 622 2690 676 In
2717 626 2977 693 principio
3015 629 3225 684 Verbum
3251 632 3320 688 de
3351 636 3553 701 templo

1972 710 2097 754 nato
2124 717 2188 757 ev
2220 704 2419 762 Maria?
2446 719 2538 763 aut
2565 712 2731 767 illud:
2769 715 3007 772 Minuisti
3043 736 3157 773 eum
3185 723 3342 790 paulo
3380 726 3549 778 niinus

1970 792 2032 844 ab
2059 793 2272 862 angelis,
2299 797 2367 853 de
2388 797 2589 856 deitate
2612 802 2881 874 Unigeniti
2908 808 3050 865 dici?
3076 812 3282 880 Denuo,
3314 812 3549 884 Cyrillus

1969 895 2126 937 aures
2177 888 2417 943 omnium
2466 891 2741 961 pigmento
2786 897 2929 965 quod
2978 912 3211 956 excaecat
3239 904 3424 959 oculos
3462 918 3548 960 sa-

1968 972 2239 1041 pientum,
2274 984 2697 1051 praeoccupavit,
2725 994 2781 1042 et
2809 986 2875 1043 de
2903 989 3213 1061 episcopatu
3242 994 3547 1051 Nestorium

1968 1063 2353 1135 deposuerunt,
2390 1070 2594 1149 judicio
2624 1085 2677 1130 et
2707 1077 3051 1147 inquisitione
3094 1097 3201 1137 non
3253 1086 3415 1150 facta.
3454 1087 3548 1143 His

1967 1152 2173 1223 adjicit,
2202 1159 2323 1228 quia
2357 1160 2410 1215 in
2438 1161 2783 1221 damnatione
2805 1166 3037 1225 Nestorii
3065 1186 3185 1239 qua:
3214 1174 3353 1229 facta
3377 1186 3460 1231 est
3479 1178 3547 1232 ab

1966 1247 2065 1313 eis,
2100 1247 2168 1301 12
2196 1251 2429 1319 capitula
2457 1268 2576 1324 qua!
2601 1272 2633 1310 a
2662 1257 2867 1328 Cyrillo
2892 1264 3195 1332 conscripta
3225 1275 3370 1331 sunt,
3411 1283 3546 1322 con-

1968 1339 2131 1393 traria
2156 1340 2445 1399 existentia
2494 1361 2638 1401 vera:
2682 1350 2840 1420 fidei,
2890 1350 3181 1422 posuerunt
3208 1365 3262 1411 et
3290 1358 3547 1414 lirmave~

1966 1438 2113 1495 runt,
2157 1442 2211 1487 et
2237 1446 2631 1492 censenserunt
2672 1440 2774 1507 eis,
2822 1452 3071 1513 tanquam
3097 1460 3239 1500 vera:
3268 1446 3394 1502 ﬁdei
3420 1464 3545 1504 con-

1965 1525 2302 1581 sonantibus.
2352 1528 2420 1583 Et
2469 1540 2588 1600 post
2637 1549 2799 1601 pauca
2848 1536 3100 1607 episcopo
3132 1539 3349 1596 Edessa:
3388 1541 3545 1597 dero-

1965 1626 2097 1680 gans
2139 1615 2439 1677 dicitzfiic
2485 1634 2684 1678 nostra:
2733 1625 2973 1683 civitatis
3024 1635 3285 1699 tyrannus
3333 1632 3545 1686 beatum

1968 1704 2335 1777 Theodorum,
2365 1726 2667 1781 praeconem
2702 1716 2947 1771 veritatis
2975 1727 3029 1773 et
3057 1718 3330 1775 doctorem
3362 1722 3544 1777 Eccle-

278 1791 382 1858 jam
430 1793 649 1861 quievit,
700 1801 753 1849 et
784 1795 995 1850 medius
1024 1796 1424 1855 inimicitiarum
1453 1803 1630 1871 paries
1655 1804 1855 1860 ablatus

1970 1796 2087 1863 size,
2115 1805 2453 1871 praesumpsit
2481 1807 2569 1873 qui
2601 1809 2782 1862 omnia
2816 1811 3092 1877 prazsumit
3112 1812 3165 1864 in
3194 1813 3425 1868 ecclesia
3454 1827 3543 1880 pa-

279 1890 387 1949 est,
440 1892 495 1938 ct
536 1885 627 1954 qui
677 1887 941 1944 seditiose
983 1890 1245 1947 adversus
1272 1895 1419 1951 vivos
1446 1906 1502 1950 et
1526 1906 1765 1953 mortuos
1788 1898 1865 1953 ir-

276 1984 514 2039 fuerant,
559 1976 613 2030 in
657 1978 984 2036 confusione
1010 1992 1155 2052 sunt,
1191 2000 1286 2054 pro
1314 1987 1427 2043 suis
1469 1989 1861 2047 satisfacientes

275 2068 603 2137 excessibus,
654 2082 706 2127 et
752 2076 1021 2131 contraria
1063 2077 1259 2133 docent
1289 2079 1451 2133 modo
1481 2080 1564 2135 his
1589 2096 1710 2151 quae
1737 2092 1861 2138 ante

276 2160 588 2218 docuerant.
619 2163 734 2219 Non
770 2166 913 2221 enim
947 2167 1230 2238 quisquam
1270 2169 1434 2225 audet
1476 2170 1657 2226 dicere
1697 2186 1855 2226 unam

272 2268 394 2308 esse
445 2264 687 2311 naturam
738 2258 1031 2315 divinitatis
1056 2270 1111 2315 et
1138 2261 1504 2329 humanitatis,
1554 2264 1649 2319 sed
1689 2264 1858 2319 conﬁ-

276 2354 452 2400 ten;ur
494 2349 544 2401 in
593 2351 845 2416 templum
892 2363 947 2406 et
994 2353 1381 2409 inbabitantcm
1424 2355 1477 2409 in
1524 2370 1610 2421 eo,
1658 2357 1858 2425 quiest

275 2454 411 2493 unus
462 2440 627 2496 Filius
663 2441 821 2497 Jesus
866 2444 1133 2500 Christus.
1186 2445 1309 2500 llzec
1334 2458 1511 2501 autem
1540 2449 1727 2516 scripsi
1753 2460 1856 2504 tua:

274 2532 541 2586 sanctitati
572 2548 636 2586 ex
676 2548 870 2603 magno
913 2533 1106 2590 affectu
1149 2550 1307 2604 quem
1358 2537 1500 2590 circa
1549 2547 1601 2591 te
1650 2538 1850 2605 habeo,

273 2623 453 2677 sciens
480 2625 605 2692 quia
634 2634 722 2677 tua
748 2627 1003 2680 sanctitas
1028 2635 1186 2681 nocte
1209 2635 1265 2679 ct
1293 2627 1380 2681 die
1408 2628 1458 2680 in
1488 2626 1732 2682 doctrina
1758 2628 1854 2685 Dei

274 2716 612 2784 temetipsum
645 2732 889 2780 exerces,
922 2726 981 2771 ut
1008 2716 1195 2773 multis
1240 2718 1318 2772 sis
1367 2719 1533 2775 utilis.
1563 2737 1582 2771 ι
1636 2720 1733 2774 llic
1771 2728 1856 2775 est

275 2809 483 2876 integer
527 2808 671 2861 illius
701 2808 947 2876 epistolae
989 2817 1176 2873 tenor,
1222 2824 1379 2877 quam
1411 2810 1551 2877 apud
1581 2826 1639 2865 se
1664 2812 1856 2866 recita-

270 2911 400 2963 tam,
432 2900 569 2953 sicut
584 2899 696 2967 jam
730 2898 1032 2965 docuimus,
1065 2915 1256 2971 magna
1286 2901 1523 2969 synodus
1552 2903 1853 2957 Chalcedo-

270 2990 454 3044 nensis
480 2989 844 3057 pronuntiavit
865 2989 1242 3044 orthodoxam.
1287 2991 1584 3059 Aggrediar
1614 2992 1777 3062 igitur
1800 2993 1850 3049 in

269 3084 539 3153 adjutorio
590 3084 905 3153 Salvatoris,
935 3102 1041 3140 non
1069 3087 1139 3140 ab
1170 3087 1254 3143 his
1294 3097 1497 3142 tantum
1528 3091 1849 3145 sententiam

1963 1888 2068 1945 lam
2117 1893 2590 1951 anathematizare.
2625 1915 2643 1949 ι
2702 1898 2826 1954 llaec
2880 1903 3059 1955 omnia
3088 1903 3430 1959 manifestum
3462 1912 3545 1961 est

1962 1984 2179 2053 legenti,
2207 1990 2461 2057 quoniam
2503 2006 2608 2046 non
2655 1994 2795 2048 sicut
2834 1994 2889 2049 in
2922 1996 3011 2050 illa
3036 1998 3265 2065 epistola
3297 2000 3541 2055 contine-

1963 2087 2066 2141 tur,
2112 2080 2206 2134 sed
2250 2080 2390 2135 sicut
2428 2081 2528 2150 ipsi
2577 2098 2637 2138 ea
2686 2086 3038 2156 decerpentes
3075 2104 3140 2143 ac
3178 2089 3542 2159 discerpentes

1959 2185 2057 2241 pro
2093 2185 2191 2225 suo
2230 2182 2479 2227 asserunt
2520 2174 2780 2241 arbitrio,
2827 2186 2882 2231 et
2931 2179 2982 2231 in
3035 2195 3197 2232 unum
3245 2190 3527 2237 centonem

1958 2262 2305 2332 redegerunt,
2334 2264 2496 2317 etiam
2527 2279 2626 2319 nos
2654 2267 2951 2335 posuimus.
2982 2268 3052 2324 Ut
3078 2279 3257 2326 autem
3290 2272 3406 2329 luce
3436 2274 3541 2328 cla-

1957 2356 2071 2411 rius
2117 2364 2402 2411 consuetas
2446 2370 2630 2411 eorum
2669 2357 2885 2412 fraudes
2927 2359 3187 2417 serenitas
3217 2370 3303 2415 tua
3336 2377 3539 2434 cogno-

1956 2455 2092 2513 scat,
2125 2457 2180 2502 et
2207 2462 2341 2517 quos
2371 2447 2540 2501 saltus
2563 2448 2614 2501 in
2641 2462 2733 2502 sua
2759 2448 3063 2504 narratione
3115 2451 3369 2517 fecerint,
3429 2468 3535 2506 non

1956 2536 2131 2605 quasi,
2173 2546 2231 2591 ut
2271 2536 2440 2591 videri
2484 2536 2781 2601 voluerunt,
2818 2538 3046 2593 vitanda:
3077 2540 3411 2609 prolixitatis,
3442 2542 3538 2596 sed

1958 2627 2136 2697 potius
2180 2625 2528 2681 obscuranda:
2575 2625 2821 2682 veritatis
2849 2629 3039 2696 gratia,
3072 2644 3138 2683 ne
3166 2629 3349 2700 aliquo
3379 2631 3538 2687 modo

1956 2717 2187 2773 dicentis
2229 2717 2328 2772 Iba:
2371 2725 2654 2786 appareret
2683 2717 2910 2772 intentio
2940 2736 2955 2785 ;
3001 2719 3184 2773 confer
3208 2736 3269 2774 ea
3293 2737 3412 2789 quae
3440 2736 3537 2790 po-

1956 2821 2183 2867 suerunt
2229 2826 2350 2865 cum
2404 2810 2650 2879 epistola:
2680 2818 2868 2867 tenore
2898 2826 3055 2880 quem
3081 2826 3241 2879 supra
3270 2827 3536 2867 memora-

1956 2907 2131 2961 vimus
2157 2921 2169 2958 :
2196 2914 2252 2958 et
2278 2902 2510 2971 eritjam
2538 2902 2833 2972 prudentiae
2856 2912 2958 2955 ture
3000 2903 3316 2972 dignoscere
3358 2896 3539 2958 utrum

1954 3011 2017 3051 ea
2043 3009 2163 3066 qua:
2192 2994 2558 3048 transilierunt
2577 3000 2632 3048 et
2660 2993 2946 3047 noluerunt
2968 2993 3246 3062 attingere,
3275 2993 3534 3062 prolixam

1958 3087 2319 3142 narrationem
2370 3084 2628 3151 facerent,
2676 3100 2743 3138 an
2791 3085 2965 3152 potius
3008 3084 3187 3154 ipsam
3217 3098 3353 3150 rem,
3396 3086 3536 3155 quod

184 3198 187 3201 λ
270 3148 440 3243 ipsius
469 3175 658 3245 synodi
689 3174 1002 3243 defendere,
1048 3191 1172 3245 quae
1213 3179 1413 3245 scripto
1454 3180 1523 3234 ab
1571 3181 1848 3236 literetico~
1879 3148 1926 3211 θ
1960 3178 2270 3243 timuerunt,
2313 3175 2613 3231 evidentius
2657 3174 2949 3244 aperirent.
2976 3174 3051 3228 Ex
3082 3175 3334 3230 omnibus
3358 3186 3536 3231 autem

270 3283 393 3322 rum
434 3266 734 3321 fautoribus
781 3267 834 3321 in
874 3267 1098 3335 epistola
1129 3270 1429 3337 supradicta
1460 3273 1676 3337 culpata
1705 3280 1849 3340 sunt,

268 3368 325 3413 ct
380 3359 431 3411 in
480 3357 959 3426 reprehensionem
1012 3370 1323 3414 memoratae
1367 3362 1651 3417 sententiae
1702 3365 1853 3432 quasi

270 3448 592 3502 Nestoriana
633 3448 926 3514 damnata;
960 3463 1145 3503 verum
1186 3452 1347 3504 etiam
1385 3467 1713 3523 quascunque
1761 3469 1853 3523 pe-

271 3538 566 3593 tulantibus
591 3539 1011 3608 irreligiosorum
1034 3539 1216 3595 verbis
1236 3541 1433 3609 passim
1457 3545 1696 3597 accusari
1729 3558 1854 3613 cog-

269 3632 536 3685 novimus.
589 3631 691 3686 Per
740 3630 897 3699 hujus
944 3641 1122 3685 autem
1162 3632 1491 3689 definitionis
1518 3646 1848 3703 contextum,

267 3725 399 3779 illud
444 3739 680 3795 quoque,
728 3726 815 3780 ubi
862 3738 1221 3795 opportunum
1264 3726 1444 3798 fuerit,
1477 3732 1850 3800 ostendemus,

265 3818 520 3884 quoniam
548 3818 591 3870 si
617 3818 857 3872 eamdem
884 3819 1167 3885 epistolam
1195 3821 1432 3889 synodus
1454 3821 1720 3890 judicarct
1746 3823 1855 3878 bte-

268 3907 521 3971 reticam,
566 3908 693 3963 hinc
731 3909 908 3977 potius
961 3909 1177 3964 beatum
1233 3911 1490 3981 Cyrillum
1542 3914 1854 3970 haereticum

269 4000 435 4055 fuisse
485 4001 753 4065 ﬁrmaret,
785 4011 839 4055 et
867 4014 1152 4056 excusaret
1184 4000 1512 4070 Nestorium,
1545 4014 1703 4074 atque
1727 4022 1856 4061 con-

266 4092 453 4145 cilium
481 4091 900 4160 reprehenderet
927 4090 1278 4161 Ephesinum.
1309 4094 1459 4149 Unde
1485 4110 1548 4150 ea
1572 4111 1716 4151 nunc
1736 4113 1855 4167 qua:

262 4180 468 4248 scrip'o
516 4181 959 4248 reprehendenda
1003 4196 1125 4237 esse
1169 4182 1441 4250 dixerunt,
1470 4199 1569 4256 pro
1620 4198 1807 4245 tenore
1836 4192 1852 4221 ¹

265 4282 431 4338 atque
476 4280 728 4325 contextu
759 4287 867 4340 quo
900 4271 968 4327 ab
1005 4272 1111 4327 illis
1142 4282 1267 4328 sunt
1311 4278 1506 4344 posita,
1555 4294 1619 4334 ex
1667 4295 1854 4338 eurum

264 4361 408 4418 libro
437 4362 823 4418 transferamus
850 4364 902 4418 in
931 4376 1200 4433 nostrum,
1232 4383 1300 4421 ne
1322 4368 1440 4438 quis
1464 4385 1563 4426 nos
1584 4373 1856 4431 existimet

263 4452 471 4523 aliquid
521 4471 709 4510 eorum
755 4472 877 4526 qua:
907 4456 973 4510 ad
1004 4474 1219 4513 causam
1261 4462 1535 4529 pertinent
1581 4466 1848 4525 omisisse.

260 4548 353 4604 Sic
394 4563 523 4619 ergo
559 4548 828 4603 dixerunt.
885 4569 902 4601 ι
931 4549 1160 4622 lngressi
1189 4564 1316 4608 sunt
1346 4566 1689 4614 accusatores
1719 4560 1845 4629 lbae,

263 4641 571 4709 petiverunt
610 4649 665 4695 et
705 4642 804 4710 ipsi
854 4642 1019 4712 relegi
1067 4658 1186 4713 qua:
1216 4644 1267 4699 in
1299 4645 1441 4715 Tyro
1470 4647 1540 4704 de
1572 4648 1658 4705 Iba
1690 4665 1850 4708 accu-

258 4743 377 4785 sata
416 4739 540 4784 sunt
570 4731 710 4799 apud
742 4732 990 4788 Photium
1021 4744 1076 4788 et
1105 4734 1451 4792 Eustachium
1483 4740 1647 4797 Deum
1672 4758 1851 4800 aman-

260 4833 366 4874 tes.
415 4823 481 4873 Et
532 4820 659 4874 dum
709 4822 1075 4893 relegerentur
1102 4834 1243 4895 acta,
1286 4827 1504 4885 inventa
1552 4840 1635 4887 est
1678 4834 1731 4889 in
1771 4837 1851 4892 eis

258 4908 494 4979 epistola
541 4910 787 4987 qumdam
846 4912 1036 4979 posita,
1092 4921 1340 4986 tanquam
1372 4919 1439 4973 ab
1470 4921 1557 4976 Iba
1603 4924 1739 4980 facta
1780 4929 1846 4983 ad

260 5002 448 5055 Marim
497 5001 745 5062 Persam,
785 5001 928 5054 omni
961 5002 1236 5072 impie:ate
1263 5008 1555 5065 cumulata.
1598 5013 1849 5072 Continet

260 5092 408 5148 enim
454 5090 609 5145 lucc:
640 5087 872 5160 Cyrillus
905 5094 1088 5146 volens
1119 5093 1349 5150 Nestorii
1383 5098 1549 5154 libros
1573 5100 1849 5162 destruere

258 5185 447 5253 lapsus
485 5189 592 5248 est,
623 5191 676 5234 et
710 5181 763 5235 in
802 5180 990 5249 dogma
1020 5181 1324 5252 Apolinaris
1376 5190 1625 5249 inventus
1655 5206 1735 5252 est
1761 5198 1846 5255 in-

335 5361 360 5389 ο
393 5350 719 5421 Augustinus
751 5350 818 5406 de
873 5350 1165 5423 hmrcsibus
1191 5368 1205 5407 :
1234 5356 1600 5423 Apolinart'sla:
1636 5377 1845 5420 conten-

260 5423 533 5475 t'osissime
577 5431 864 5476 asseverant
920 5422 1073 5477 Verbi
1118 5425 1316 5495 aliquid
1356 5429 1409 5481 in
1438 5445 1642 5484 carnem
1685 5439 1844 5503 fuisse

254 5508 555 5550 conversum
581 5504 731 5561 atque
758 5504 1007 5547 mutatum
1026 5536 1039 5558 ,
1072 5511 1173 5549 non
1198 5506 1369 5551 autem
1397 5516 1602 5555 carnem
1629 5505 1694 5557 de
1724 5505 1842 5559 Ma-

258 5567 352 5616 riir
379 5578 531 5617 carne
563 5573 869 5631 susceptam.
902 5564 1052 5633 Quod
1089 5566 1310 5622 hazresis
1342 5580 1645 5637 portentum
1678 5579 1844 5629 Atha-

259 5637 468 5696 nasius.
498 5647 619 5688 cum
648 5637 749 5690 sub
776 5660 787 5685 ι
810 5645 894 5691 rtu
919 5653 1017 5690 suo
1046 5637 1110 5690 ad
1143 5638 1258 5706 ejus
1283 5655 1441 5694 aures
1472 5646 1801 5708 pervenisset
1821 5688 1838 5714 ,

336 5771 505 5828 ‘Cod.
532 5770 755 5839 Verum,
779 5774 1029 5829 duxerunt
1053 5776 1162 5842 ipso
1188 5786 1381 5844 leuat'e,
1412 5788 1519 5838 clo,

1957 3286 2075 3340 qua:
2106 3269 2158 3322 in
2191 3270 2289 3323 hac
2320 3268 2545 3337 epistola
2578 3267 3059 3337 reprehenderunt,
3093 3269 3240 3335 prius
3266 3267 3373 3322 duo
3411 3283 3537 3336 pur--

1956 3377 2168 3433 gamus,
2218 3362 2469 3430 quoniam
2504 3374 2745 3415 connexa
2773 3360 2827 3412 in
2857 3373 2963 3413 uno
2986 3359 3219 3427 capitulo
3250 3358 3536 3422 habentur,

1956 3455 2050 3508 sed
2095 3453 2162 3507 ab
2204 3452 2320 3506 istis
2351 3450 2490 3506 male
2540 3450 2707 3505 divisa
2757 3458 2901 3504 sunt.
2959 3451 3132 3504 Unum
3182 3460 3283 3515 est,
3314 3449 3537 3520 quodin

1957 3546 2222 3615 principio
2253 3552 2543 3613 posuerunt
2575 3544 2836 3606 dicentes,
2868 3539 3098 3612 Cyrillns
3126 3542 3309 3597 volens
3350 3542 3513 3596 Nesto

1956 3638 2020 3692 rii
2054 3637 2219 3690 libros
2244 3636 2545 3701 destruere,
2574 3643 2628 3690 et
2654 3642 2865 3688 caetera.
2890 3652 2907 3685 ι
2950 3634 3187 3687 Alterum
3225 3631 3537 3701 vero,,quod

1956 3729 2192 3785 secundo
2244 3730 2363 3781 loco
2414 3734 2729 3797 posuerunt,
2788 3725 2836 3779 id
2887 3735 2990 3789 εδι,
3051 3742 3068 3773 ‹
3098 3722 3376 3789 Quomodo
3397 3724 3537 3776 enim

1957 3829 2134 3891 potest
2155 3820 2327 3890 accipi
2358 3818 2425 3872 In
2460 3818 2714 3888 principio
2748 3814 2965 3869 Verbum
2997 3814 3063 3869 de
3096 3812 3294 3882 templo
3326 3820 3449 3865 nato
3475 3827 3537 3864 ex

1956 3915 2163 3977 Maria,
2214 3920 2270 3966 et
2292 3918 2510 3964 caetera.
2554 3927 2571 3959 ι
2630 3907 2892 3975 Imprimis
2945 3918 3074 3959 sane
3127 3902 3399 3957 fatendum
3456 3909 3537 3956 est

1959 4005 2096 4059 hanc
2167 4000 2448 4072 epistolam
2491 4000 2623 4053 satis
2661 3997 2948 4053 ostendere
2988 3994 3133 4065 quod
3170 3991 3537 4049 reverentissi-

1956 4109 2078 4150 mns
2119 4094 2260 4157 lbas,
2306 4088 2755 4159 quemadmodum
2798 4088 2999 4141 dictum
3046 4093 3149 4151 est,
3200 4099 3322 4139 eum
3352 4081 3538 4138 Orien-

1957 4187 2151 4241 talibus
2196 4184 2529 4251 aliarumque
2561 4177 2953 4248 provinciarum
2976 4174 3263 4245 episcopis,
3288 4172 3538 4227 intentio-

1962 4294 2083 4334 nem
2108 4280 2372 4333 dlctorum
2396 4272 2534 4329 beati
2564 4289 2583 4325 ι
2603 4270 2786 4343 Cyrilli
2816 4270 2993 4324 minus
3022 4267 3344 4337 intelligens,
3369 4274 3426 4321 et
3449 4279 3539 4321 su-

1957 4374 2192 4443 spicatus
2234 4368 2377 4441 quod
2418 4373 2639 4438 negaret
2695 4364 2748 4417 in
2786 4362 3001 4417 Christo
3050 4361 3404 4419 differentiam
3446 4374 3539 4412 ua-

1962 4478 2233 4532 turarum,
2289 4474 2624 4531 consequens
2659 4457 2918 4529 judicavit
2963 4457 3084 4527 quia
3132 4456 3183 4510 in
3236 4452 3539 4523 Apolinaris

1958 4565 2151 4635 dogma
2184 4558 2477 4623 incidisset,
2519 4556 2606 4625 qui
2643 4569 2747 4608 non
2778 4552 3145 4622 assumptione
3178 4550 3421 4603 humanm
3448 4562 3536 4600 na-

1959 4665 2093 4710 tura:
2123 4654 2288 4708 Deum
2328 4648 2566 4705 Verbum
2600 4644 2854 4701 credebat
2881 4640 3153 4696 hominem
3184 4639 3402 4705 factum,
3443 4635 3537 4693 sed

1932 4760 2164 4818 partem
2216 4740 2527 4800 substantia:
2569 4738 2734 4808 ipsius
2778 4736 2869 4789 Dei
2907 4733 3061 4788 Verbi
3090 4731 3311 4802 putabat
3340 4731 3391 4785 in
3417 4744 3539 4784 car-

1959 4856 2079 4895 nem
2121 4852 2240 4893 esse
2283 4846 2597 4891 conversam
2623 4838 2672 4885 ⁸.
2720 4827 2801 4884 0b
2841 4826 2942 4882 hoc
2988 4825 3145 4895 igitur
3174 4823 3246 4878 ibi
3279 4820 3561 4894 subjecit”

1959 4942 2118 4999 atque
2148 4929 2257 4981 ait:
2292 4944 2310 4977 ι
2339 4921 2669 4990 Conseripsit
2694 4918 2834 4976 enim
2861 4926 2914 4973 et
2942 4919 3055 4983 ipse
3082 4915 3328 4969 similiter
3360 4910 3452 4975 illi,
3488 4909 3538 4963 id

1960 5032 2042 5078 est
2088 5018 2385 5092 Apolinari,
2432 5016 2556 5086 quia
2603 5014 2717 5083 ipse
2790 5012 2928 5065 Deus
2977 5008 3207 5063 Verbum
3252 5003 3421 5055 factus
3458 5006 3543 5055 est

1959 5120 2140 5180 homo,
2175 5123 2427 5183 tanquam
2456 5124 2566 5165 non
2601 5107 2673 5163 sit
2696 5102 2996 5162 differentia
3028 5101 3169 5154 inter
3200 5094 3457 5183 templum
3486 5100 3539 5147 et

1955 5182 2340 5267 inbabitantcm
2381 5204 2437 5259 in
2480 5216 2565 5258 eo.
2598 5219 2619 5254 ι
2663 5198 2778 5255 Non
2830 5195 3009 5264 itaque
3055 5185 3381 5246 venerabilis
3425 5182 3539 5239 lbas

1952 5367 2353 5426 accuratissime
2374 5360 2671 5421 confutavit
2693 5358 2745 5413 in
2769 5355 2994 5427 epistola
3018 5353 3081 5427 ad
3102 5346 3406 5427 Epictetum
3429 5342 3536 5427 epi-

1952 5416 2661 5509 ξξδιῖἶιῖιῖωᾶδῖἱῖιιιῖἷριῖιιῆτ-ε
2699 5416 2856 5509 (pain
2890 5424 3114 5509 pro-inde
3136 5426 3407 5509 integram
3426 5416 3535 5509 de:

1951 5498 2173 5580 Scripsit
2236 5506 2566 5578 Epiphanius
2619 5503 2673 5558 in
2729 5499 2924 5555 haeresi
2978 5498 3378 5552 Dimtnritarum
3424 5500 3537 5543 sive

1951 5582 2455 5655 Apolinaristarutn.
