4070 6352
504 260 507 265 λ
591 265 692 321 667

1588 326 1589 329 η
1626 262 1916 319 FACUNDI
1949 260 2162 318 EPlSC.
2206 253 2710 313 llElUlANLNSIS
3717 271 3795 329 663

590 384 757 439 Deum
807 382 1033 437 Verbum
1084 381 1309 437 nescivit
1356 381 1624 437 hominem
1658 382 1899 448 factum;
1941 382 2033 437 sed
2075 382 2170 436 ad-
2196 384 2244 441 A
2279 383 2377 438 nisi
2430 386 2552 438 aliis
2597 384 2792 438 divina:
2849 382 3147 451 Scriptura:
3191 382 3507 438 testimoniis
3544 385 3791 458 doceretur,

593 490 783 529 versus
814 475 1115 544 Apulinaris
1171 473 1493 529 dementiam
1522 476 1944 529 convertibiliter
1973 474 2169 529 factum

589 582 710 623 esse
754 570 1017 624 hominem
1064 569 1365 637 denegavit.
1400 569 1532 622 Nam
1559 581 1610 624 et
1647 568 1761 638 ipse
1792 570 1979 624 beatus
2003 566 2177 637 Cyril-

591 658 674 712 lus
703 660 755 713 in
804 660 941 712 libro
985 659 1071 725 qui
1113 658 1329 713 Scholia
1373 657 1587 723 dicitur,
1625 661 1728 713 sub
1777 658 1929 713 titulo
1971 674 1984 711 :
2034 658 2175 724 Quo-

588 750 741 803 modo
787 766 915 802 unus
962 748 1210 812 Christus,
1270 768 1289 800 ι
1323 750 1482 819 Ergo,
1516 749 1707 819 inquit,
1742 751 1840 803 etsi
1880 750 1971 803 alii
2014 749 2174 804 simili

587 838 945 908 appellatione
973 840 1143 893 vocati
1176 848 1297 892 sunt
1320 838 1538 904 Christi,
1571 854 1707 893 unus
1737 848 1914 893 tamen
1946 849 2047 905 est,
2081 854 2176 908 per

587 945 744 998 quem
774 932 977 996 omnia,
1019 931 1176 987 Jesus
1222 929 1494 996 Christus,
1548 946 1653 985 non
1702 930 1842 999 quod
1894 930 2054 984 homo
2104 930 2176 984 sit

587 1021 761 1077 factus
802 1022 983 1092 opifex
1025 1023 1283 1077 omnium.
1318 1042 1337 1075 ι
1389 1024 1539 1093 Quod
1579 1024 1816 1094 Cyrillus
1844 1038 1951 1077 non
1984 1034 2171 1078 contra

588 1115 903 1184 prophetam
950 1116 1215 1170 dicentem
1248 1109 1465 1169 :‘Mater
1507 1116 1639 1172 Sion
1681 1117 1851 1170 dicit:
1880 1116 2077 1183 Homo,
2124 1125 2174 1171 et

589 1207 741 1260 homo
770 1210 941 1275 factus
969 1218 1041 1261 est
1068 1209 1121 1260 in
1144 1224 1222 1273 ea,
1257 1217 1301 1261 et
1333 1209 1439 1278 ipse
1467 1208 1701 1278 fundavit
1720 1226 1830 1264 eam
1864 1209 2171 1275 Altissimus,

589 1297 867 1366 scripsisse
913 1296 1213 1353 credendus
1260 1307 1382 1363 est;
1428 1298 1523 1353 sed
1549 1313 1610 1354 ea
1639 1300 1814 1369 potius
1854 1299 2170 1366 intentione,

588 1388 730 1457 quod
756 1388 900 1443 Deus
922 1388 1177 1454 Verbum,
1208 1388 1384 1458 opifex
1406 1390 1669 1456 omnium,
1719 1392 2008 1446 secundum
2034 1393 2179 1460 Apoo

590 1480 779 1536 linaris
819 1494 1058 1546 sensum,
1092 1481 1142 1535 id
1169 1491 1251 1536 est
1287 1482 1745 1549 eonvertibiliter,
1778 1499 1882 1537 non
1916 1484 2083 1538 factus
2105 1484 2175 1538 sit

589 1576 769 1627 homo.
814 1576 918 1628 Aut
946 1574 1105 1643 igitur
1133 1576 1421 1644 utrobique
1448 1576 1901 1645 subintelligimus
1929 1587 2175 1646 propter-

588 1681 650 1720 ea
680 1674 927 1735 negatum
953 1681 1072 1721 esse
1107 1666 1268 1721 Deum
1311 1667 1564 1737 Verbum,
1598 1668 1650 1722 id
1680 1678 1762 1723 est
1788 1670 2033 1736 Opificem
2063 1684 2172 1723 om-

2281 475 2561 530 Dominum
2586 475 2771 531 Jesum
2793 475 3064 529 Christum
3087 482 3179 529 aut
3202 474 3398 529 bonum
3428 485 3515 529 aut
3541 476 3683 533 Deum
3704 494 3799 537 esse

2277 568 2556 632 crederet,
2600 569 2824 623 audiens
2868 567 3103 622 Marcum
3145 567 3526 637 evangelistam
3560 570 3624 624 ita
3650 573 3706 628 de
3727 574 3795 629 illo

2278 670 2582 714 narrantem
2613 678 2623 711 :
2658 659 2723 713 Et
2772 676 2885 712 cum
2934 676 3161 729 egressus
3200 670 3325 714 esset
3354 660 3407 713 in
3437 661 3587 727 viam,
3628 681 3796 731 procur-

2277 768 2392 805 rens
2420 754 2628 821 quidam
2658 768 2789 824 genu
2821 755 2952 820 ﬂexo
2981 762 3097 806 ante
3123 769 3254 817 eum,
3279 753 3488 820 rogabat
3509 770 3611 807 eum
3630 757 3796 814 dicens:

2279 843 2522 912 Magister
2536 845 2682 912 boue,
2702 844 2827 912 quid
2848 846 3034 914 faciam
3048 852 3102 897 ut
3121 844 3273 897 vitam
3289 854 3525 923 estquam
3541 847 3798 917 percipiant!

2276 936 2308 990 J
2316 954 2428 991 esus
2448 948 2618 991 autem
2635 938 2765 991 dixit
2784 938 2863 991 ei:
2880 936 3016 1001 Quid
3039 954 3115 990 me
3134 937 3259 991 dicis
3278 936 3500 990 bonum?
3522 952 3654 989 nemo
3675 937 3796 993 bonus

2278 1028 2377 1081 nisi
2418 1044 2547 1081 unus
2600 1027 2737 1082 Deus
2765 1028 2961 1099 (Marc.
2987 1044 3040 1091 x,
3077 1026 3184 1097 17).
3235 1026 3389 1093 Quod
3440 1025 3556 1081 ideo
3596 1026 3799 1083 Dominus

2276 1118 2430 1179 dixit.
2463 1132 2517 1172 ut
2544 1118 2855 1173 admoneret
2876 1118 3024 1172 illum
3052 1117 3215 1172 Deum
3242 1131 3303 1172 se
3328 1116 3568 1180 credere,
3610 1118 3649 1171 si
3677 1117 3799 1172 vellet

2278 1225 2400 1264 eum
2432 1224 2562 1265 vere
2602 1210 2803 1264 bonum
2832 1209 3096 1275 conﬁteri,
3123 1208 3247 1277 quia
3278 1216 3528 1277 tanquam
3568 1207 3719 1263 cordis
3740 1210 3800 1263 iu-

2278 1308 2493 1367 spector
2521 1298 2738 1355 videbat
2765 1299 2835 1353 ab
2854 1314 2921 1355 eo
2944 1313 3002 1354 se
3032 1298 3306 1354 hominem
3336 1298 3700 1362 tantummodo,
3721 1315 3799 1354 non

2277 1392 2435 1447 etiam
2462 1393 2625 1447 Deum
2648 1393 2814 1448 credi.
2847 1391 3106 1459 Quamvis
3124 1406 3254 1460 ergo
3277 1391 3519 1447 videatur
3541 1391 3801 1461 quibusdam

2282 1482 2549 1538 haereticis
2592 1498 2697 1538 non
2728 1484 3153 1554 intelligentibus
3181 1483 3381 1539 bonum
3410 1497 3467 1537 se
3488 1498 3717 1553 negasse;
3737 1498 3793 1537 car

2279 1576 2493 1630 tholicis
2532 1583 2710 1631 tamen
2762 1575 3178 1644 intelligentihus
3232 1574 3404 1628 Deum
3456 1588 3514 1629 se
3560 1574 3805 1629 insinuasse

2278 1670 2447 1737 magis
2475 1674 2715 1736 apparet.
2745 1667 2876 1733 Quis
2901 1666 3042 1720 enim
3075 1665 3205 1720 illud
3239 1666 3413 1719 solum
3444 1666 3673 1729 audiens,
3694 1666 3800 1733 quod

588 1759 776 1827 nium,
830 1761 1103 1814 hominem
1155 1760 1381 1827 factum,
1430 1762 1551 1830 quia
1592 1762 2015 1817 convertibiliter
2063 1777 2168 1815 non
2204 1753 2249 1811 Β
2279 1762 2419 1815 idem
2464 1761 2675 1816 Marcus
2720 1760 3044 1828 evangelista
3090 1757 3160 1814 de
3210 1758 3440 1814 Domino
3466 1756 3690 1812 similiter
3712 1772 3796 1812 nar.

588 1852 758 1907 factus
801 1860 884 1906 est
928 1852 1107 1918 homo,
1158 1859 1215 1907 et
1262 1862 1509 1908 neutrum
1546 1852 1613 1907 de
1646 1853 1965 1909 Nestoriano
1992 1866 2177 1907 errore

588 1943 889 2012 culpabitur
917 1960 930 1997 :
963 1954 1053 1999 aut
1079 1945 1125 1999 si
1156 1960 1261 1999 non
1306 1945 1640 2011 conceditur,
1677 1945 1863 2000 eadem
1895 1946 2048 2016 culpa
2076 1945 2179 1999 erit

589 2037 890 2091 amborum.
943 2036 1162 2091 Beatum
1216 2052 1344 2091 vero
1391 2038 1647 2108 Cyrillum
1705 2052 1805 2092 nec
1857 2038 1957 2106 ipsi
2014 2038 2177 2108 Euly-

588 2127 763 2184 chiani
808 2127 996 2181 volunt
1040 2127 1416 2183 Nestorianum
1464 2128 1659 2196 videri,
1708 2129 2009 2192 dicentem,
2071 2143 2174 2184 non

587 2218 732 2288 quod
775 2219 935 2273 homo
976 2220 1046 2274 sit
1091 2220 1260 2274 factus
1304 2219 1477 2288 opifex
1523 2222 1785 2287 omnium,
1839 2236 1934 2275 seu
1972 2222 1988 2252 ί
2037 2221 2177 2275 Deus

588 2308 824 2364 Verbum
860 2325 953 2372 per
979 2325 1135 2376 quem
1161 2311 1339 2363 omnia
1379 2312 1511 2365 facta
1543 2319 1691 2375 sunt,
1722 2310 1970 2366 similiter
1999 2320 2054 2365 ut
2078 2326 2175 2367 nos

588 2402 919 2472 partieiparit
972 2403 1121 2457 carni
1169 2414 1223 2458 et
1268 2405 1562 2473 sanguini,
1615 2412 1670 2459 et
1722 2414 2055 2474 nuncupatus
2108 2404 2177 2460 sit

589 2496 775 2553 homo.
813 2496 1128 2567 Quanquam
1159 2498 1272 2567 ipsa
1305 2498 1633 2567 nuncupatio
1664 2498 1945 2553 calumnia:
1978 2507 2175 2567 pateat,

590 2591 740 2661 quasi
790 2591 1148 2660 perfunctorie
1194 2601 1551 2660 nuncupatus,
1603 2603 1658 2647 et
1709 2608 1813 2646 non
1860 2607 1987 2645 vere
2020 2591 2180 2648 fuerit

590 2682 760 2737 {actus
808 2685 971 2739 homo
1003 2686 1043 2737 '.
1096 2684 1227 2739 Nam
1276 2700 1327 2740 et
1377 2688 1492 2756 ipse
1544 2687 1613 2741 ibi
1671 2697 1886 2741 secutus
1938 2687 2173 2757 adjecit:

593 2795 614 2830 ι
643 2776 916 2849 Tanquam
961 2795 1066 2833 non
1117 2779 1192 2833 sit
1238 2770 1537 2834 differentia
1572 2780 1711 2833 inter
1738 2778 1989 2849 templum
2014 2787 2069 2833 et
2094 2779 2179 2833 in-

589 2867 915 2925 habitantem
945 2871 995 2924 in
1028 2886 1114 2925 eo.
1150 2891 1168 2924 ι
1201 2871 1355 2937 Quod
1397 2872 1439 2925 si
1475 2883 1757 2942 propterea
1802 2887 1992 2943 magna
2019 2886 2181 2943 syno-

590 2962 688 3018 tlns
737 2961 875 3016 hanc
904 2964 1185 3032 epistulam
1242 2964 1384 3018 velut
1446 2964 1753 3019 lurretlcam
1809 2965 2176 3033 improbaret,

589 3066 788 3122 nonne,
836 3056 972 3110 sicut
1003 3055 1252 3120 diximus,
1280 3054 1403 3110 hinc
1430 3057 1605 3125 potius
1630 3056 1842 3111 beatum
1875 3054 2132 3126 Cyrillum
2159 3096 2175 3122 ,

2280 1861 2382 1913 rat,
2429 1867 2533 1906 non
2564 1867 2687 1907 eum
2736 1867 2858 1907 cum
2908 1850 3213 1905 Manithaais
3258 1860 3477 1920 negaret
3526 1850 3675 1904 tilium
3712 1864 3805 1905 esse

2282 1944 2493 1998 David?
2540 1944 2674 1998 Nam
2730 1944 2846 2012 ipso
2897 1943 3207 1997 testimonio
3259 1943 3539 1997 abutentes
3583 1941 3799 1996 Manichai

2279 2045 2676 2090 sacramentum
2724 2036 3105 2090 incarnationis
3140 2034 3263 2103 ejus
3303 2034 3563 2105 abjurant.
3620 2032 3801 2099 llespon-

2279 2129 2425 2195 deus,
2458 2129 2651 2197 inquit,
2682 2127 2836 2181 Jesus
2880 2127 3080 2181 dicebat
3129 2127 3318 2181 docens
3361 2128 3416 2179 in
3458 2124 3798 2195 templo:Qso-

2278 2221 2431 2275 modo
2460 2220 2637 2274 dicunt
2666 2220 2844 2274 scribe
2872 2218 3133 2273 Christum
3162 2218 3332 2287 ﬁlium
3367 2233 3474 2271 esse
3499 2216 3683 2269 David?
3713 2215 3799 2284 Ipse

2277 2316 2415 2367 enim
2463 2311 2632 2367 David
2682 2313 2805 2367 dicit
2853 2313 2906 2366 in
2936 2312 3139 2382 Spiritu
3175 2323 3352 2367 sancto
3380 2328 3398 2365 :
3433 2313 3571 2366 Dixit
3608 2309 3799 2364 Donum

2278 2403 2501 2458 Domino
2551 2420 2661 2459 meo
2684 2421 2702 2458 :
2723 2404 2859 2459 Sede
2883 2421 2915 2458 α
2962 2406 3153 2460 άοωιτὶε
3182 2408 3331 2471 meis,
3367 2408 3525 2460 donec
3548 2421 3707 2474 ponam
3730 2404 3798 2455 iui-

2280 2498 2438 2550 nticos
2460 2506 2573 2550 tuos
2618 2496 2895 2551 scabellum
2917 2498 3115 2567 pedum
3156 2507 3386 2551 tuorum.
3416 2494 3534 2565 Ipse
3558 2512 3661 2565 ergo
3682 2494 3798 2547 David

2279 2588 2406 2641 dicit
2449 2604 2562 2641 eum
2609 2588 2909 2653 Dominum,
2958 2598 3003 2641 et
3037 2590 3174 2643 unde
3209 2598 3283 2641 est
3331 2588 3473 2657 ﬁlius
3516 2590 3618 2659 ejus
3652 2585 3798 2654 (Marc.

2278 2695 2385 2743 xu,
2442 2679 2582 2751 35)?
2620 2680 2734 2735 Non
2786 2680 2949 2751 igitur
2996 2691 3052 2736 et
3094 2680 3180 2734 hic
3236 2680 3362 2735 talia
3401 2680 3637 2746 dicendo,
3673 2677 3798 2730 filium

2282 2772 2448 2827 David
2474 2815 2488 2835 ,
2541 2775 2592 2826 id
2636 2783 2721 2827 est
2770 2773 3042 2826 hominem
3086 2786 3146 2827 se
3188 2773 3437 2842 negavit,
3472 2770 3605 2841 quod
3637 2768 3797 2824 videtur

2282 2864 2513 2930 ignaris;
2547 2864 2639 2919 sed
2673 2864 2924 2919 indicavit
2959 2865 3133 2934 potius
3162 2864 3307 2935 quod
3338 2862 3677 2919 necessarium
3712 2858 3803 2921 fuit,

2281 2953 2448 3008 Deum
2487 2970 2547 3010 se
2584 2970 2705 3010 csse
2751 2956 2938 3009 David.
2983 2955 3114 3009 Nam
3159 2954 3204 3008 si
3250 2969 3430 3024 neque
3477 2953 3606 3007 Deus
3639 2959 3708 3004 est
3738 2945 3797 3001 di-

2279 3047 2450 3101 cendo
2481 3063 2494 3098 :
2522 3046 2660 3109 Quid
2684 3060 2759 3100 me
2799 3047 2926 3100 dicis
2952 3047 3140 3100 bonum
3162 3048 3186 3101 ?
3206 3062 3357 3099 nemo
3384 3046 3537 3098 bonus
3582 3040 3670 3095 nisi
3700 3053 3799 3093 sust

590 3147 836 3202 similiter
883 3146 1176 3214 dicentem,
1202 3162 1305 3201 non
1339 3148 1479 3216 quod
1522 3147 1685 3202 homo
1712 3147 1779 3201 sit
1802 3146 1971 3201 lactus
1998 3145 2174 3215 opifex
2202 3132 2246 3193 C
2279 3137 2457 3203 Deus;
2491 3155 2664 3209 neque
2715 3140 2875 3194 homo
2919 3138 3148 3195 dicendo
3182 3156 3196 3193 :
3245 3138 3371 3208 Ipse
3398 3153 3513 3209 ergo
3547 3134 3692 3189 David
3712 3132 3801 3185 dicit

593 3239 870 3303 omnium,
914 3239 1207 3295 credidisse
1252 3239 1560 3294 hmreticum
1612 3238 1918 3293 videretur?
1972 3238 2029 3293 Si
2083 3252 2177 3291 au-

595 3336 701 3382 tem
734 3328 1053 3383 venerabilis
1096 3329 1213 3384 lbas
1241 3330 1344 3383 alia
1388 3328 1627 3397 ejusdem
1656 3329 1795 3383 beati
1826 3327 2006 3399 Cyrilli
2035 3328 2174 3383 dicta

594 3418 829 3489 legisset,
880 3428 973 3473 aut
1014 3422 1150 3476 sicut
1196 3421 1435 3489 oportuit
1478 3420 1835 3484 attendisset,
1888 3420 2178 3476 invenisset

594 3511 778 3582 procul
815 3511 977 3565 dubio
1006 3512 1147 3582 quod
1177 3511 1293 3581 ipse
1337 3526 1550 3581 quoque
1580 3521 1764 3566 contret
1792 3506 2174 3581 'Apolinarem,

594 3604 890 3657 intentione
939 3618 1040 3672 qua
1090 3604 1353 3664 diximus,
1406 3603 1679 3672 negaverit
1728 3603 1892 3657 Deum
1946 3603 2176 3659 Verbum

593 3694 866 3751 hominem
898 3696 1116 3765 factum,
1148 3706 1201 3752 et
1231 3694 1587 3753 dili‘erentiam
1635 3705 1943 3750 naturarum
1975 3696 2174 3750 docue-

594 3794 685 3848 rit.
719 3790 823 3849 Sed
852 3792 1097 3847 Nestorio
1122 3791 1474 3862 respondens,
1506 3790 1598 3858 qui
1631 3805 1791 3843 unum
1824 3790 2092 3844 Christum
2124 3790 2175 3845 iu

593 3885 729 3940 duos
756 3885 893 3938 lilios
920 3884 1207 3947 dividebat,
1244 3894 1468 3937 necesse
1512 3895 1617 3934 non
1658 3880 1841 3937 habuit
1873 3879 1941 3933 de
1968 3879 2177 3935 duabus

594 3977 799 4032 naturis
849 3976 1102 4030 adversus
1148 3989 1268 4029 eum
1315 3972 1618 4027 evidentius
1665 3982 1823 4041 atque
1872 3971 2178 4039 expressius

594 4068 889 4138 disputare.
922 4067 1194 4133 Quinimo,
1227 4080 1294 4120 ne
1332 4079 1489 4133 quam
1522 4063 1673 4117 daret
1702 4063 2036 4116 occasionem
2061 4062 2179 4131 ejus

596 4162 827 4227 erroris,
880 4161 1090 4230 parcius
1134 4158 1201 4213 de
1247 4165 1559 4212 naturarum
1600 4154 1929 4209 discretione
1970 4153 2178 4207 locutus

592 4243 712 4308 est:
742 4268 810 4306 ne
836 4270 954 4307 cum
984 4254 1095 4321 ipse
1128 4262 1343 4305 naturas
1377 4250 1746 4319 distingueret,
1780 4247 1869 4301 ille
1900 4246 2032 4300 duas
2066 4260 2181 4313 per-

593 4360 753 4399 sonas
810 4344 1105 4397 induceret.
1162 4340 1468 4396 Audiebant
1515 4342 1695 4408 itaque
1740 4339 1824 4393 vel
1872 4337 2178 4406 relegebant

596 4436 755 4489 verba
779 4434 1000 4487 dicentis
1023 4433 1314 4485 orientales
1340 4431 1541 4495 Patres,
1579 4444 1753 4498 neque
1783 4429 2175 4482 animadverte-

2279 3249 2393 3287 eum
2419 3230 2714 3298 Dominum,
2743 3242 2790 3284 et
2812 3231 2948 3285 unde
2973 3241 3044 3284 est
3066 3230 3207 3298 ﬁlius
3225 3230 3387 3301 ejus?
3412 3227 3532 3297 quid
3563 3224 3692 3280 illum
3713 3235 3800 3276 esse

2278 3326 2543 3381 dicimus?
2564 3326 2635 3379 Et
2658 3326 2789 3379 alias
2813 3323 3116 3394 hujusmodi
3144 3324 3445 3379 locutiones
3482 3321 3537 3375 in
3554 3317 3723 3375 divinis
3742 3314 3798 3366 lit-

2280 3418 2409 3471 teris
2439 3417 2674 3486 prudens
2719 3415 2889 3471 lector
2936 3416 3215 3470 inveniet:
3264 3414 3557 3470 secundum
3581 3422 3695 3478 quas
3737 3401 3801 3472 qui

2278 3509 2357 3563 sic
2410 3509 2642 3579 loquitur
2682 3524 2871 3563 earum
2900 3510 3126 3578 quisque
3158 3516 3448 3575 tractator,
3476 3513 3533 3560 ut
3581 3504 3679 3573 ipse
3699 3508 3799 3567 quo-

2279 3615 2383 3669 que
2410 3614 2609 3669 negare
2630 3600 2874 3654 videatur
2903 3600 3103 3670 aliquid
3132 3599 3275 3669 quod
3302 3599 3594 3671 negandum
3616 3597 3799 3650 nonest,

2282 3702 2339 3747 ut
2366 3691 2507 3746 aliud
2532 3692 2674 3762 quod
2707 3694 2875 3764 magis
2904 3702 2990 3748 est
3035 3696 3402 3772 necessarium
3437 3693 3690 3747 intimetur
3711 3704 3722 3747 ;
3746 3681 3801 3736 8ίῦ

2282 3802 2386 3840 non
2414 3797 2497 3841 est
2525 3788 2997 3857 reprehendendus
3032 3787 3175 3843 velut
3201 3786 3506 3852 haereticus,
3531 3783 3616 3842 sed
3641 3795 3697 3835 ex
3718 3775 3801 3830 aliis

2279 3880 2437 3935 dictis
2463 3880 2575 3935 suis
2610 3880 2787 3950 potius
2815 3879 3182 3947 aestimandus,
3228 3879 3371 3935 sicut
3396 3892 3491 3934 nec
3512 3876 3641 3947 ipsas
3668 3867 3800 3934 Scrip'

2284 3979 2427 4026 turas
2447 3969 2657 4025 divinas
2691 3972 2743 4025 in
2799 3971 2994 4025 talibus
3043 3969 3445 4041 reprehendere
3476 3967 3720 4040 quisquam
3741 3972 3801 4013 ca.

2281 4062 2508 4116 tholicus
2537 4061 2735 4126 audet,
2785 4063 2876 4117 sed
2907 4064 3084 4132 potius
3124 4076 3191 4117 ex
3221 4061 3342 4117 aliis
3392 4051 3801 4115 manifestioribus:

2280 4154 2550 4221 quomodo
2574 4170 2635 4209 ea
2663 4169 2784 4223 qua:
2805 4155 3034 4209 obscura
3064 4161 3188 4208 sunt
3230 4152 3526 4224 intelligere
3553 4148 3722 4203 debeat
3744 4154 3800 4194 re-

2279 4249 2574 4317 cognoscit.
2602 4247 2753 4303 Unde
2782 4248 2826 4302 si
2852 4247 3036 4303 beatus
3059 4244 3294 4317 Cynillus
3320 4243 3610 4302 Nestorium
3633 4238 3800 4304 "quam-

2279 4338 2403 4392 dam
2458 4339 2741 4394 nefandam
2798 4339 3113 4393 dualitatctn
3162 4347 3447 4392 conantem
3486 4333 3799 4390 induce~e,n€

2280 4445 2440 4499 quam
2469 4432 2810 4487 occasionem
2849 4432 3004 4486 daret
3027 4432 3144 4501 ejus
3164 4432 3353 4493 errori,
3380 4437 3658 4484 sermonem
3683 4428 3801 4473 suum

593 4526 717 4578 bant
765 4525 879 4590 ejus
912 4525 1287 4586 intentionem,
1341 4521 1635 4576 secundum
1681 4534 1839 4589 quam
1881 4520 1947 4573 de
1995 4519 2174 4573 verbis
2205 4517 2256 4575 D
2280 4523 2448 4591 magis
2476 4522 2542 4577 ad
2567 4539 2627 4577 ea
2657 4538 2777 4593 quae
2800 4524 3015 4578 unitatis
3035 4532 3157 4577 sunt
3178 4523 3488 4578 coarctahat
3512 4518 3799 4585 ;sicutcc0tl'

592 4625 673 4671 est
701 4615 1045 4684 judicandum
1075 4634 1087 4669 :
1115 4618 1234 4683 quia
1267 4630 1373 4669 non
1405 4614 1575 4683 magis
1604 4615 1727 4681 quid
1760 4613 1964 4666 dicatur
1988 4624 2171 4681 atten-

597 4707 829 4761 dendum
854 4716 958 4771 est,
987 4723 1145 4775 quam
1169 4722 1264 4760 cur
1286 4705 1520 4774 quidque
1541 4706 1768 4758 dicatur.
1804 4704 1868 4757 Et
1896 4718 2173 4772 possemus

562 4802 805 4868 quidem
852 4800 1015 4851 multa
1060 4798 1347 4867 Scriptura:
1376 4797 1571 4852 divime
1601 4797 1838 4867 proferre
1872 4798 2170 4851 testimonia

587 4895 656 4949 de
683 4893 996 4948 diversitate
1039 4891 1348 4945 intentionis
1392 4901 1553 4960 atque
1582 4892 1887 4954 verborum,
1920 4893 1962 4945 si
1993 4900 2169 4945 tamen

585 4987 877 5055 diversitas
915 4986 999 5039 illa
1041 4984 1265 5040 dicenda
1294 4993 1398 5052 est,
1432 4985 1697 5053 quomodo
1728 4984 2043 5053 plerumque
2073 4997 2170 5037 ne-

586 5095 716 5150 gare
749 5078 768 5109 ³
799 5080 1009 5133 videtur
1050 5077 1245 5147 aliquid
1270 5076 1417 5147 quod
1467 5078 1767 5142 negandum
1816 5091 1920 5130 non
1970 5085 2073 5139 est,
2114 5082 2173 5128 ut

586 5172 728 5226 aliud
776 5171 916 5240 quod
957 5171 1125 5239 magis
1166 5180 1250 5225 est
1287 5169 1651 5224 necessarium
1693 5169 1988 5221 intimetur.
2031 5166 2171 5232 Quia

588 5278 713 5317 vero
749 5262 817 5316 de
853 5278 1013 5316 causa
1058 5278 1199 5315 nunc
1242 5262 1447 5332 agimus
1479 5277 1509 5314 a
1538 5261 1651 5314 suis
1679 5260 1989 5313 auctoribus
2022 5259 2169 5327 paci-

500 5375 507 5380 ο
590 5356 685 5408 tice
718 5354 1020 5417 terminata,
1054 5359 1169 5409 haec
1196 5352 1483 5437 nobispuo
1510 5352 1797 5407 sufficiant.
1837 5350 1970 5417 Quis
2001 5349 2170 5417 enim,

663 5474 677 5503 ⁸
704 5470 837 5524 Cod.
871 5473 1091 5539 Veron.,
1132 5474 1221 5527 sed
1243 5475 1380 5543 quod
1403 5473 1561 5530 Deus.

660 5546 679 5573 ²
707 5542 846 5595 Idem
867 5546 1014 5607 cod.,
1037 5556 1081 5597 et
1107 5562 1205 5597 non
1228 5542 1338 5599 vere
1362 5546 1513 5613 fuerit
1544 5548 1706 5613 {nctus
1732 5545 1897 5598 homo.
1929 5543 2164 5614 quuum

587 5624 660 5667 est
686 5614 841 5680 igitur
876 5622 931 5666 ut
970 5631 1059 5666 nec
1107 5616 1403 5669 venerabilis
1451 5615 1555 5668 Iba:
1594 5616 1860 5684 epistolam
1904 5616 2167 5669 Nestoriu-

589 5702 705 5737 mmt
735 5684 893 5735 videri
923 5687 1095 5748 t'elint,
1147 5702 1248 5754 qua
1290 5687 1505 5753 culpans
1550 5687 1779 5740 eumdem
1830 5687 2027 5738 beatum
2068 5686 2167 5755 Cy-

589 5756 759 5809 rillum
794 5756 955 5811 dixit:
989 5756 1302 5824 Conscripsit
1346 5758 1479 5812 enim
1523 5768 1564 5812 et
1612 5761 1718 5827 ipse
1770 5758 2003 5812 sinti'iter
2055 5758 2163 5823 illi,

2284 4614 2449 4667 trario
2480 4614 2685 4682 priores
2714 4614 2963 4670 doctores
2989 4613 3243 4670 Ecclesia:
3284 4611 3649 4683 reSpondentes
3695 4603 3798 4665 Αρ⁰⁴

2282 4705 2459 4769 Lnari,
2520 4716 2829 4761 naturarum
2883 4708 3251 4763 diversitatem
3285 4706 3592 4761 stultissime
3627 4695 3797 4751 contun-

2279 4793 2448 4860 denti,
2499 4810 2685 4849 earum
2735 4796 3133 4853 distinctimiem
3165 4798 3396 4868 amplius
3440 4786 3798 4849 incumbebant!

2279 4888 2354 4939 sic
2384 4888 2496 4955 ipse
2522 4886 2843 4945 Nestoriano
2869 4905 3195 4960 repugnans,
3225 4892 3397 4960 putari
3427 4903 3526 4944 non
3553 4880 3710 4938 debuit
3730 4887 3797 4926 ne-

2278 4995 2435 5047 gase
2484 4981 2841 5038 diﬂ‘erentiam
2896 4994 3228 5050 naturarum,
3283 4976 3702 5054 quemadmodum
3728 4975 3794 5019 net

2282 5071 2355 5125 illi
2391 5084 2744 5142 repugnantes
2770 5074 3042 5144 Apolinari
3092 5075 3311 5145 putandi
3338 5083 3457 5129 sunt
3482 5069 3707 5127 unitatem
3729 5069 3795 5109 ne

2280 5180 2432 5233 gasse
2460 5181 2701 5232 personae
2727 5183 2739 5219 :
2764 5167 2884 5236 quia
2924 5183 3028 5222 non
3086 5168 3227 5223 idem
3250 5182 3460 5237 semper
3482 5171 3561 5220 est
3593 5154 3705 5213 ordo
3728 5160 3778 5218 P“

2282 5271 2398 5325 gna:
2428 5257 2509 5309 vel
2544 5259 2750 5323 nimius,
2784 5258 2877 5331 sed
2922 5259 2974 5312 iu
3006 5270 3375 5330 oppugnatore
3402 5269 3552 5313 eausa
3589 5254 3663 5304 est
3693 5252 3793 5311 ιι¹³⁰⁴

2283 5350 2441 5403 modo
2470 5353 2735 5406 contraire
2764 5351 2957 5408 debeat
2979 5341 3360 5422 propugnator.

2272 5471 2395 5551 quia
2436 5474 2542 5542 ipse
2594 5474 2731 5528 Deus
2783 5474 3005 5530 Verbum
3049 5479 3244 5549 factum
3292 5490 3364 5535 est
3410 5480 3587 5532 Itonia:
3622 5482 3721 5526 nam
3759 5468 3797 5515 ει

2271 5558 2400 5607 ipse,
2442 5560 2546 5597 etc.

2345 5614 2364 5686 ἦ
2397 5612 2537 5667 Idem
2567 5614 2711 5677 cod.,
2737 5619 2937 5686 negari.

2347 5684 2366 5715 ⁵
2391 5686 2531 5741 ldcm
2560 5690 2704 5756 cod.,
2730 5684 2903 5743 ridens
2932 5688 3246 5747 Nestorium.
