4070 6352
255 247 381 306 869

876 366 1101 425 CAPUT
1139 369 1225 423 ιγ.

251 477 427 547 Quod
475 477 599 532 Ibas
645 478 778 532 male
802 480 866 534 de
894 480 1089 549 Cyrifla
1136 482 1423 550 suspicans,
1452 498 1553 535 non
1581 479 1763 550 Cyrilli
1790 483 1854 550 ﬁ-

343 551 483 613 dem,
507 550 595 603 sed
616 566 767 623 quau;
791 549 971 621 Cyrilli
1002 569 1110 623 esse
1133 549 1265 619 [also
1297 554 1526 623 putabat,
1558 554 1608 605 in
1626 549 1854 622 epistola

342 637 434 693 sua
461 620 866 693 reprehenderit,
912 633 959 675 et
990 620 1172 693 Cyrilli
1204 628 1265 678 de
1290 620 1479 677 Christi
1501 620 1854 678 incarnatione

340 691 497 760 ﬁdem
534 691 702 761 reipsa
724 693 968 760 probarit.
1010 746 1017 751 ,

339 826 466 882 Hac
489 836 666 881 autem
690 826 829 882 dicta
866 838 1013 897 sunt,
1045 843 1149 882 non
1190 829 1331 900 quod
1382 830 1449 884 de
1488 830 1723 895 Christo,
1754 832 1850 887 sed

245 918 409 988 quod
436 920 503 974 de
532 919 651 989 ipso
674 919 829 975 beato
859 920 1058 991 Cyrillo
1087 922 1404 977 venerabilis
1430 922 1545 976 lbas
1570 923 1707 977 male
1734 939 1853 978 cre-

246 1009 460 1065 diderit
487 1028 502 1076 ;
533 1026 633 1067 nec
663 1012 805 1079 quod
855 1012 1224 1081 prmdicatoris
1280 1014 1350 1068 de
1386 1011 1689 1068 Christiana
1744 1014 1849 1069 fide

246 1103 556 1171 confessio,
583 1106 674 1160 sed
706 1105 847 1175 quod
878 1105 1111 1160 hominis
1143 1105 1209 1161 de
1231 1106 1446 1160 homine
1474 1105 1708 1175 suSpicio
1738 1107 1849 1160 dis-

252 1197 461 1266 pliceat
513 1198 567 1253 in
597 1197 713 1266 ejus
758 1199 1003 1267 epistola.
1028 1197 1125 1254 Cui
1164 1200 1305 1255 enim
1358 1207 1532 1269 potest
1585 1198 1848 1253 catholico

249 1288 556 1359 displicere
572 1288 875 1346 differentia
924 1293 1182 1347 naturalis
1209 1295 1346 1347 inter
1377 1293 1632 1362 templum
1661 1302 1713 1346 et
1767 1293 1848 1345 in-

248 1380 596 1441 habitantem
626 1384 678 1438 in
712 1399 798 1449 eo,
832 1400 953 1439 cum
987 1386 1079 1441 Dei
1132 1385 1375 1441 Ecclesia
1420 1385 1499 1439 sic
1527 1384 1846 1441 confiteatur

250 1475 497 1531 Verbum
520 1492 734 1532 carnem
760 1476 979 1545 factum,
996 1487 1053 1532 ut
1067 1493 1173 1532 non
1196 1479 1442 1547 deneget,
1458 1477 1597 1546 quod
1623 1477 1692 1532 ibi
1707 1478 1840 1533 sub.

211 1619 215 1621 .
242 1568 499 1638 iunctum
526 1578 629 1633 est,
654 1569 777 1640 quia
800 1580 855 1625 et
878 1569 1132 1625 habitavit
1156 1573 1206 1624 in
1233 1570 1422 1648 nobis?
1441 1569 1572 1623 Nam
1592 1569 1829 1625 Verbum

242 1659 475 1728 quidem
496 1672 623 1714 caro
646 1661 843 1716 factum
876 1671 976 1724 est,
1008 1662 1131 1730 quia
1159 1662 1516 1730 sempiternus
1534 1659 1723 1725 Filius,
1747 1660 1837 1729 qui

1094 252 1227 309 PRO
1259 248 1683 309 DEFENSIONE
1719 245 1934 306 TRIUM
1967 248 2286 312 CAPITUL.
2317 256 2444 315 LIB.
2496 260 2578 316 Vl.

3438 273 3543 332 670

1875 366 1932 425 Α
1956 366 2153 423 tionem
2191 370 2417 428 dicentis
2458 377 2845 435 ostenderent?
2873 379 2919 437 Ο
2945 380 3119 437 fides!
3155 396 3190 438 ο
3213 384 3538 456 integritast'

1959 473 1991 511 ο
2035 462 2365 518 conscientia
2410 478 2558 522 recte
2601 476 2939 529 tractantium
2992 489 3296 531 sermonem
3342 479 3542 534 verita~

1958 552 2056 605 tis!
2093 554 2323 611 Possunt
2354 559 2437 612 isti
2474 562 2713 627 profecto
2738 580 2857 619 cum
2888 569 3146 636 Apostolo
3177 568 3354 625 dicere
3387 589 3403 626 :
3435 572 3538 628 Ab-

1955 645 2185 701 dicamus
2214 651 2410 703 occulta
2455 653 2738 723 dedecoris,
2772 675 2871 711 non
2902 660 3211 715 ambulantes
3244 663 3297 716 in
3325 666 3537 734 astutia,

1954 752 2115 806 neque
2142 742 2298 793 adulti
2316 755 2486 798 rantes
2534 747 2736 801 verbum
2780 749 2897 816 Dei,
2922 753 3011 805 sed
3034 753 3085 806 in
3128 756 3538 824 manifestatione

1956 832 2182 885 veritatis
2222 837 2632 892 commendantes
2672 844 3009 907 nosmetipsos
3051 846 3119 898 ad
3162 862 3360 901 omnem
3414 864 3533 902 eou-

1950 921 2212 977 scientiam
2242 927 2506 981 hominum
2536 947 2708 985 coram
2742 932 2845 987 Deo
2873 933 2960 1005 (Il
2984 934 3103 989 Cor.
3132 953 3203 1003 tv,
3229 937 3307 1007 ἐξ).
3337 938 3532 994 Verum

1950 1012 2004 1066 in
2039 1013 2138 1069 hoc
2168 1031 2377 1086 quoque
2422 1020 2773 1090 deprehensis
2803 1040 2865 1079 ac
2907 1026 3133 1096 proditis
3163 1043 3349 1083 eorum
3383 1030 3531 1086 frau-

1951 1104 2021 1158 di‘
2045 1123 2128 1170 us,
2158 1112 2397 1175 attende,
2425 1114 2673 1180 obsecro,
2704 1114 3046 1173 serenissime
3065 1119 3376 1188 imperator,
3401 1139 3535 1193 quo-

1951 1197 2112 1251 modo
2152 1215 2217 1253 ex
2268 1201 2385 1255 aliis
2425 1218 2545 1274 quze
2601 1218 2897 1276 sequuntur
2946 1209 3105 1263 etiam
3138 1211 3152 1240 ¹
3184 1212 3527 1267 manifestum

1951 1286 2062 1355 fiat,
2093 1291 2233 1358 quod
2275 1308 2377 1345 non
2405 1304 2588 1350 contra
2617 1296 2771 1353 fidem
2803 1314 2959 1369 quam
3011 1299 3078 1355 de
3108 1298 3321 1355 Christo
3362 1302 3533 1358 habe-

1924 1394 2068 1433 'mtts
2103 1384 2569 1440 reverentissimus
2601 1387 2717 1441 lbas
2743 1388 2795 1442 in
2820 1405 2915 1444 sua
2942 1390 3166 1460 epistola
3191 1392 3258 1446 sit
3277 1392 3488 1450 loeutus
3512 1411 3530 1460 ;

1950 1469 2043 1522 sed
2086 1469 2434 1527 intentionem
2465 1474 2607 1529 beati
2658 1476 2844 1546 Cyrilli
2875 1480 3050 1533 minus
3108 1481 3437 1539 intellexerit
3475 1484 3531 1540 in

1948 1560 2065 1630 ejus
2090 1562 2357 1631 capitulis.
2401 1564 2532 1620 Nam
2561 1568 2807 1635 sequitur
2837 1569 3014 1625 adhuc
3035 1571 3243 1637 dicens,
3272 1575 3532 1643 quemad-

1948 1652 2165 1707 modum
2212 1654 2421 1725 integer
2451 1656 2616 1724 ipsius
2638 1660 2877 1727 epistola:
2909 1670 3060 1715 tenor
3086 1661 3286 1722 habet;
3324 1683 3342 1716 ι
3372 1664 3515 1720 Cou-

243 1752 494 1806 Verbum
522 1763 604 1806 est
624 1752 817 1818 Patris,
846 1753 961 1822 ipse
988 1751 1041 1806 in
1067 1753 1396 1822 plenitudine
1413 1761 1710 1821 temporum
1734 1751 1842 1804 fac-
1876 1746 1919 1805 Β
1947 1744 2161 1813 scripsit
2188 1747 2337 1813 enim,
2362 1747 2427 1800 1‘2
2452 1750 2708 1818 Capitula,
2732 1767 2851 1821 quae
2868 1764 2992 1821 puto
3022 1763 3077 1808 et
3103 1761 3247 1809 tuam
3279 1771 3531 1812 reveren-

246 1849 346 1897 ωε
374 1851 458 1897 est
492 1843 691 1909 homo;
726 1842 978 1898 habitavit
1004 1852 1181 1898 autem
1212 1845 1263 1898 in
1293 1844 1467 1907 nobis,
1492 1844 1612 1912 quia
1637 1842 1841 1896 nullam

242 1940 663 1994 cOuversionem
694 1940 945 1995 sustinuit
974 1939 1396 1996 inconvertibilis
1426 1940 1543 2010 ejus
1568 1938 1838 2005 divinitas,

242 2032 352 2086 sed
384 2046 611 2086 manens
634 2032 775 2103 quod
805 2042 939 2099 erat,
975 2044 1218 2088 naturam
1250 2033 1563 2089 inhabitavit
1590 2047 1839 2102 assump-

242 2131 388 2179 tant.
418 2124 483 2178 Et
509 2124 651 2188 ideo,
709 2124 930 2180 Verbum
951 2143 1070 2181 caro
1106 2128 1297 2194 factum
1343 2138 1441 2195 est,
1491 2128 1841 2184 NeStorianos

243 2227 558 2287 expugnat;
638 2219 998 2288 Eutychianos
1056 2231 1233 2275 autem
1302 2221 1385 2276 vel
1452 2221 1840 2290 Apolinaristas

244 2324 441 2364 eorum
471 2311 861 2379 progenitores,
896 2322 942 2365 et
964 2313 1207 2366 habitavit
1236 2315 1286 2366 in
1322 2313 1465 2366 nobis
1494 2328 1513 2367 :
1544 2313 1667 2383 quia
1710 2312 1841 2368 Ver-

244 2403 373 2455 bum
401 2417 519 2456 caro
550 2403 741 2469 tactum
770 2412 859 2466 est,
892 2418 1048 2458 unam
1075 2404 1338 2473 significat
1366 2418 1487 2459 esse
1514 2419 1796 2474 personam
1820 2421 1835 2466 ;

244 2494 501 2548 habitavit
536 2503 714 2549 autem
742 2497 794 2548 in
824 2496 988 2561 nobis,
1010 2495 1142 2551 duas
1166 2499 1428 2553 mansisse
1458 2507 1694 2552 naturas.
1720 2498 1835 2552 Non

242 2582 393 2636 enim
423 2591 651 2653 possunt
671 2583 789 2637 dum
817 2598 937 2639 csse
965 2599 1230 2654 personae,
1260 2587 1476 2657 quando
1498 2589 1543 2642 is
1571 2590 1662 2658 qui
1707 2588 1838 2642 Ver-

242 2672 380 2727 bum
401 2683 504 2741 est,
533 2675 645 2742 ipse
661 2676 821 2730 etiam
848 2676 1017 2731 factus
1037 2687 1118 2732 est
1143 2690 1301 2743 caro;
1327 2687 1417 2732 aut
1444 2678 1563 2733 dua:
1586 2694 1691 2734 non
1715 2692 1834 2734 esse

241 2776 477 2831 naturae,
505 2769 719 2837 quando
764 2768 907 2824 aliud
954 2770 1027 2825 sit
1070 2770 1211 2840 quod
1262 2771 1545 2836 inhabitat,
1596 2780 1652 2825 et
1690 2773 1834 2828 aliud

243 2860 392 2930 quod
420 2860 765 2917 inhabitatur.
794 2861 854 2917 Si
880 2863 999 2934 quis
1025 2873 1202 2917 autem
1230 2879 1333 2918 non
1373 2864 1648 2919 declinans
1674 2864 1726 2918 in
1755 2866 1835 2919 a‘l-

245 2960 506 3007 terutram
541 2963 765 3023 partem,
796 2955 912 3010 sine
958 2956 1300 3009 contentione
1328 2972 1439 3009 rem
1471 2964 1698 3025 quatrat,
1751 2957 1834 3011 in-

244 3047 433 3102 veniet
488 3048 629 3117 quod
678 3058 783 3102 tam
832 3061 1140 3104 sanctotum
1190 3049 1529 3104 orientalium
1573 3050 1825 3114 Patrum,

1947 1837 2071 1892 tiam
2125 1841 2468 1911 cognovisse,
2528 1846 2649 1913 quia
2700 1862 2803 1901 una
2849 1858 3036 1903 natura
3072 1860 3155 1905 est
3203 1850 3417 1909 deitatis
3473 1862 3529 1911 et

1944 1927 2291 1985 humanitatis
2316 1932 2523 1988 Domini
2561 1936 2731 1991 nostri
2758 1936 2883 1993 Jesu
2905 1936 3138 2006 Christi,
3172 1950 3226 1995 et
3254 1943 3400 2013 quia,
3426 1945 3529 2000 sic-

1943 2028 2001 2074 ut
2045 2021 2196 2088 dicit,
2238 2039 2341 2078 non
2368 2035 2583 2094 oportet
2606 2027 2845 2083 dividere
2876 2044 3035 2085 voces
3065 2032 3255 2098 dictas,
3281 2050 3412 2100 quas
3436 2038 3519 2092 vel

1941 2109 2056 2179 ipse
2086 2111 2343 2169 Dominus
2371 2114 2439 2169 de
2459 2118 2750 2186 semetipso
2779 2118 2934 2184 dixit,
2967 2121 3050 2176 vel
3082 2124 3428 2191 evangelista:
3454 2125 3524 2181 de

1942 2218 2029 2258 eo.
2063 2222 2082 2256 ι
2116 2205 2209 2260 Cui
2244 2221 2349 2261 non
2383 2218 2637 2276 appareat
2687 2211 2834 2279 quia,
2866 2213 3008 2267 sicut
3042 2213 3240 2269 dictum
3264 2224 3367 2283 est,
3421 2231 3527 2276 non

1942 2295 2331 2352 incarnatioitis
2378 2299 2575 2355 Christi
2627 2304 2966 2372 mysterium,
3024 2305 3118 2359 sed
3172 2303 3524 2363 intentionem

1940 2387 2082 2443 beati
2107 2388 2292 2462 Cyrilli
2319 2391 2498 2447 minus
2528 2393 2851 2450 intellexerit
2882 2397 3348 2454 reverentissimus
3378 2399 3519 2469 Ilias,

1937 2496 2117 2551 quem,
2144 2484 2284 2538 sicut
2310 2484 2396 2538 alii
2428 2500 2644 2555 quoque
2681 2487 2975 2543 orientales
3016 2488 3199 2544 Patres
3229 2498 3281 2546 et
3309 2492 3409 2559 ipsi
3436 2491 3525 2561 qui

1937 2589 2061 2628 eum
2123 2578 2456 2632 veneraiise
2503 2580 2705 2649 fingunt
2757 2579 3048 2650 Acephali,
3103 2582 3394 2637 arbitratus
3444 2593 3524 2640 est

1937 2680 2095 2718 unam
2152 2665 2365 2721 deitatis
2413 2675 2466 2722 et
2523 2670 2863 2725 humanitatis
2913 2672 3121 2725 Domini
3176 2674 3341 2728 nostri
3389 2673 3521 2729 Jesu

1935 2753 2137 2810 Christi
2188 2756 2507 2825 praedicasse
2558 2768 2799 2814 naturam
2829 2800 2845 2825 ,
2898 2772 2953 2816 et
2998 2762 3201 2818 dixisse
3247 2763 3370 2834 quia
3419 2780 3524 2822 non

1935 2849 2495 2917 oportet'secunduni
2547 2861 2764 2906 naturas
2828 2852 3067 2909 dividere
3104 2868 3265 2909 voces
3307 2854 3519 2927 dictas,

1933 2954 2068 3009 quas
2097 2940 2179 2995 vel
2204 2941 2319 3009 ipse
2339 2941 2597 2997 Dominus
2626 2943 2694 2999 de
2721 2958 2811 3008 se,
2842 2945 2923 2997 vel
2974 2946 3312 3016 evangelistae
3338 2947 3407 3002 de
3444 2962 3511 3002 eo

1934 3030 2230 3086 dixerunt?
2256 3032 2495 3102 Denique
2517 3034 2676 3088 etiam
2707 3034 2889 3089 hocab
2917 3035 3006 3090 illo
3038 3053 3132 3106 per
3158 3036 3519 3094 venerabilem

243 3140 492 3210 quamvis
513 3142 581 3196 de
600 3141 757 3196 beato
770 3142 971 3213 Cyrillo
1001 3142 1140 3198 male
1160 3144 1440 3208 sentirent,
1474 3157 1633 3213 quam
1660 3143 1826 3212 ipsius

1935 3124 2156 3180 Paulum
2214 3126 2541 3181 Emcsenuni
2572 3130 2590 3158 ¹
2630 3129 3049 3197 expetiverunt,
3100 3139 3157 3184 ut
3208 3130 3261 3184 in
3309 3129 3521 3211 scriptis

246 3231 386 3287 beati
417 3231 620 3303 Cyrilli,
651 3232 840 3287 eadem
876 3233 1033 3289 fuerit
1078 3250 1294 3304 semper
1335 3233 1580 3300 intentio,
1639 3244 1697 3289 ut
1724 3234 1828 3289 Do-

242 3323 449 3377 minam
474 3340 635 3378 unum
657 3324 839 3379 Jesum
864 3326 1133 3380 Christum
1157 3327 1414 3382 docerent
1431 3325 1483 3380 in
1505 3325 1709 3381 duabus
1734 3341 1831 3380 na-

242 3415 401 3482 turis,
437 3414 490 3469 id
517 3424 599 3469 est
620 3415 895 3471 divinitate
924 3426 1083 3487 atque
1123 3417 1453 3472 humanitate
1475 3418 1770 3487 perlectum
1808 3434 1824 3473 :

242 3521 313 3561 ne
352 3517 443 3561 aut
496 3518 778 3577 prepterea
831 3511 949 3563 duae
998 3524 1241 3579 personae
1278 3509 1648 3577 crederentur,
1702 3511 1826 3580 quia

242 3597 364 3649 dua:
394 3605 599 3651 natura:
627 3606 750 3652 sunt
774 3615 788 3664 ;
818 3608 908 3652 aut
928 3608 1207 3668 propterea
1239 3615 1340 3654 una
1369 3600 1682 3655 crederetur
1706 3615 1827 3656 esse

241 3698 458 3755 natura,
496 3690 620 3757 quia
662 3705 764 3743 una
813 3706 1061 3758 persona.
1091 3691 1326 3762 Contigit
1355 3703 1530 3747 autem
1577 3710 1825 3748 nonnun-

240 3793 401 3847 quam
447 3780 585 3834 inter
614 3779 771 3834 unius
796 3782 1074 3835 sententia:
1116 3782 1279 3850 viros,
1316 3791 1373 3837 ut
1402 3798 1523 3839 cum
1565 3784 1633 3838 de
1663 3784 1824 3841 rebus

239 3871 373 3940 ipsis
398 3886 516 3939 quae
546 3871 597 3924 in
626 3871 923 3941 qumstiOne
950 3882 1077 3927 sunt
1111 3872 1251 3927 idem
1281 3875 1515 3942 sapiunt,
1559 3874 1626 3929 de
1655 3888 1715 3928 se
1747 3884 1822 3928 ta-

240 3982 364 4022 men
404 3965 631 4021 invicem
665 3967 805 4021 aliud
854 3967 1213 4036 suspicentur,
1256 3982 1376 4021 eum
1407 3967 1493 4021 vel
1542 3983 1571 4020 a
1612 3968 1823 4023 dicente

242 4058 420 4114 minus
452 4060 691 4128 aperitur
723 4059 898 4112 verbis
946 4059 1087 4127 quod
1139 4061 1301 4115 corde
1348 4069 1667 4128 conceptum
1718 4068 1818 4125 est,

240 4150 329 4203 vel
361 4151 427 4204 ab
451 4150 794 4206 audientibus
815 4151 992 4204 minus
1019 4151 1296 4219 inspicitur
1325 4151 1551 4205 ditentis
1574 4151 1818 4205 intentio.

241 4238 602 4296 Discernenda
647 4250 732 4296 est
758 4252 937 4297 autem
983 4242 1228 4310 impietas
1272 4257 1375 4311 qua
1405 4242 1475 4297 de
1526 4242 1635 4296 Deo
1682 4232 1823 4297 male

240 4332 498 4397 creditur,
524 4334 591 4388 ab
614 4332 911 4403 ignorantia
934 4349 1035 4403 qua
1067 4334 1293 4404 quisque
1313 4334 1471 4389 aliter
1496 4334 1563 4389 de
1579 4348 1677 4388 suo
1699 4349 1823 4402 pro-

238 4423 421 4491 ximo,
447 4434 694 4495 tanquam
726 4426 886 4480 homo
920 4428 989 4480 de
1018 4427 1235 4481 homine
1280 4427 1603 4495 suspicatur.
1637 4424 1742 4491 Et,
1776 4426 1819 4479 si

1933 3214 2272 3286 apertissime
2324 3216 2577 3273 fateretur
2607 3237 2622 3274 :
2652 3218 2794 3288 quod
2837 3229 2891 3274 et
2921 3221 3243 3276 venerabilis
3298 3222 3416 3276 Ilias
3466 3221 3519 3282 in

1931 3307 2119 3363 eadem
2160 3308 2385 3377 epistola
2414 3324 2507 3363 sua
2535 3310 2793 3375 narravit,
2826 3310 2913 3364 ubi
2964 3311 3031 3364 de
3080 3321 3266 3365 sancto
3310 3311 3515 3367 Joanne

1930 3398 2270 3454 Antiocheno
2316 3401 2492 3456 dixit:
2532 3420 2550 3452 ι
2589 3402 2878 3471 Postquam
2927 3401 3133 3458 litteras
3181 3404 3518 3473 imperatoris

1929 3490 2157 3560 accepit,
2211 3490 2607 3547 sanctissimum
2651 3502 2705 3548 et
2749 3496 3241 3548 reverentissiuuun
3293 3495 3514 3550 Paulum

1930 3585 2259 3639 Emesenum
2288 3583 2488 3639 direxit
2515 3584 2851 3655 episcOpum,
2888 3588 3132 3643 scribens
3158 3603 3252 3655 per
3273 3605 3394 3642 eum
3429 3604 3517 3644 νεα

1928 3691 2041 3730 ram
2068 3678 2247 3743 tidem,
2271 3686 2324 3731 et
2352 3676 2673 3747 praecipiens
2698 3679 2770 3742 ei,
2808 3677 2930 3745 quia
2958 3678 3003 3731 si
3034 3678 3156 3733 huic
3182 3678 3302 3733 fidei
3335 3677 3515 3755 Cyril-~

1926 3768 2009 3822 lus
2054 3767 2405 3834 consentiret,
2458 3777 2510 3822 et
2541 3768 3018 3822 anathematizaret
3048 3785 3142 3823 eos
3188 3771 3277 3839 qui
3335 3770 3518 3826 dicunt

1926 3859 2050 3928 quia
2075 3859 2247 3913 deitas
2278 3874 2432 3927 passa
2461 3870 2572 3922 est,
2603 3860 2686 3913 vel
2734 3860 2973 3914 dicentes
3000 3861 3119 3929 quia
3168 3876 3270 3914 una
3327 3871 3516 3916 natura

1924 3962 2008 4006 est
2046 3949 2262 4004 deitatis
2288 3957 2341 4003 et
2392 3950 2759 4014 humanitatis,
2791 3962 2846 4003 ut
2890 3952 3314 4006 communicaret
3367 3954 3437 4005 ei.
3480 3972 3499 4005 ι

1924 4045 2067 4100 Sane
2096 4042 2347 4111 quoniam
2374 4046 2559 4099 beatus
2587 4044 2839 4115 Cyrillus,
2872 4046 3220 4099 Orientalium
3252 4047 3517 4116 legatiOne

1926 4146 2201 4206 suscepta,
2227 4135 2395 4203 magis
2424 4134 2565 4205 quod
2593 4152 2621 4189 a
2650 4137 3128 4191 consacerdotihus
3151 4135 3259 4189 sitis
3291 4146 3510 4203 expete.

1926 4228 2085 4284 batur
2139 4226 2414 4281 festinavit
2442 4226 2689 4294 implere,
2722 4241 2878 4294 quam
2909 4226 3172 4279 dictorum
3215 4241 3431 4280 suorum
3462 4225 3515 4281 in

1926 4320 2123 4390 quibus
2165 4320 2353 4373 offensi
2388 4318 2620 4383 fuerant,
2647 4316 3000 4373 sufficientem
3039 4318 3408 4386 purgationem
3437 4317 3516 4371 fa-

1925 4427 2086 4476 cere;
2121 4412 2244 4465 ideo
2277 4418 2493 4479 putatus
2531 4419 2635 4479 est,
2679 4409 2841 4464 veluti
2873 4408 3100 4477 pristino
3155 4424 3341 4462 errore
3368 4409 3517 4462 dam-

238 4516 377 4570 τοι-ιο
400 4518 608 4571 videtur
638 4516 872 4572 hominis
923 4520 990 4573 de
1020 4519 1236 4573 homine
1265 4518 1525 4587 culpanda
1559 4518 1817 4587 gwicjo'
1850 4500 1902 4561 ι)
1930 4515 2083 4570 nato,
2111 4502 2467 4557 Orientalium
2492 4500 2857 4555 admonitione
2888 4514 3175 4554 conversus
3215 4517 3227 4553 :
3257 4516 3377 4554 cum
3431 4502 3518 4556 ille

240 4609 581 4677 approbanda
607 4618 781 4663 tamen
823 4621 906 4664 est
934 4612 1158 4665 intentio
1174 4624 1275 4680 qua
1296 4610 1493 4665 veritas
1514 4610 1636 4664 fidei
1658 4624 1817 4679 quam

242 4703 309 4754 de
336 4702 550 4755 Christo
581 4701 837 4756 habemus
868 4706 1147 4758 asseritur.
1183 4705 1328 4758 Hanc
1352 4704 1697 4758 intentionem
1731 4719 1819 4757 vo-

242 4791 413 4844 lentes
442 4792 732 4847 obscurare
779 4809 928 4847 novae
973 4797 1260 4865 diligentia:
1306 4806 1610 4864 repertores
1633 4837 1648 4861 ,
1681 4811 1818 4865 quo-

245 4881 404 4937 tnodo
437 4892 601 4937 totum
625 4884 850 4939 fideliter
877 4901 941 4939 ac
981 4888 1294 4955 simpliciter
1337 4899 1520 4957 agunt,
1550 4904 1671 4943 cum
1717 4903 1824 4956 po-

244 4976 477 5031 suissent
503 4991 569 5029 ex
603 4976 689 5029 illa
711 4975 934 5044 cpistola
959 4978 1096 5045 quod
1127 4978 1201 5032 ibi
1231 4978 1431 5033 dictum
1463 4988 1547 5033 est
1577 4997 1589 5031 :
1628 4997 1648 5030 ι
1677 4978 1816 5033 Cou-

246 5069 466 5137 seripsit
513 5067 654 5122 enim
704 5077 758 5121 et
785 5068 900 5136 ipse
950 5068 1201 5122 similiter
1245 5070 1345 5135 illi,
1369 5071 1492 5137 quia
1523 5072 1635 5138 ipse
1680 5069 1821 5124 Deus

247 5161 475 5215 Verbum
507 5158 678 5215 factus
704 5168 784 5214 est
816 5160 998 5227 homo,
1038 5178 1057 5212 ι
1090 5160 1457 5215 transilierunt
1482 5164 1619 5231 quod
1644 5163 1823 5230 sequi-

246 5262 347 5317 tur,
376 5269 395 5303 t
436 5262 688 5322 tanquam
728 5265 831 5305 non
875 5251 949 5305 sit
977 5248 1274 5305 differentia
1307 5250 1448 5305 inter
1479 5252 1738 5321 templqu
1769 5263 1823 5308 et

249 5344 624 5399 inhabitantem
678 5344 731 5397 in
776 5358 859 5397 eo.
902 5361 922 5394 ι
973 5339 1136 5411 Cujus
1185 5342 1260 5397 rei
1309 5357 1469 5397 causa
1527 5346 1819 5412 putamus?

249 5434 484 5505 Nunquid
516 5436 637 5490 ideo
658 5435 779 5504 quia
803 5435 919 5489 ista:
942 5432 1273 5503 paucissimis
1296 5434 1514 5505 syllabae
1544 5436 1822 5501 prolixita-

250 5541 345 5583 tem
386 5524 665 5581 facerent?
691 5539 760 5578 an
808 5525 930 5581 ideo
981 5524 1157 5594 potius
1183 5525 1309 5594 quia
1338 5524 1619 5583 manifeste
1647 5527 1823 5584 inten-

314 5690 327 5718 ί
354 5683 489 5737 Cod.
514 5685 737 5750 Verum,
765 5687 918 5739 etiam
943 5694 1093 5752 atque
1116 5684 1288 5739 etiam.

310 5760 328 5789 ³
360 5757 506 5810 idem
527 5754 674 5821 cod.,
709 5756 1002 5812 Enteseuum
1028 5754 1337 5824 episcopum.

1929 4593 2313 4662 recuperandae
2346 4591 2566 4646 unitatis
2594 4592 2845 4661 cupidus,
2877 4589 2927 4644 iti
2979 4590 3297 4645 defensione
3343 4591 3517 4646 dicto-

1927 4699 2046 4738 rum
2075 4699 2297 4736 suorutn
2323 4683 2558 4736 noluerit
2585 4681 2881 4742 immorari,
2916 4695 2983 4735 ne
3010 4697 3131 4733 cum
3165 4682 3391 4749 probare
3414 4684 3507 4738 diu

1927 4776 2200 4832 contendit
2220 4775 2362 4845 quod
2384 4791 2511 4840 non,
2537 4784 2592 4828 ut
2615 4776 2919 4843 putabatur,
2951 4774 3018 4828 ab
3041 4790 3104 4827 eo
3123 4773 3321 4828 fuerint
3346 4774 3509 4838 dicta,

1927 4877 1997 4933 de
2020 4879 2211 4947 quibus
2240 4878 2413 4931 minus
2443 4875 2804 4943 intelligentes
2831 4875 2987 4928 aliter
3017 4873 3341 4935 sentiebant,
3386 4888 3511 4923 cott-

1930 4970 2204 5023 troversiat
2227 4969 2325 5022 hac
2373 4968 2710 5024 dissensione
2767 4965 2788 4997 ³
2829 4966 3084 5020 terminus
3133 4981 3238 5017 non
3271 4962 3511 5016 daretur.

1928 5060 2079 5126 Quod
2106 5060 2233 5114 item
2276 5060 2382 5114 illis
2414 5060 2590 5113 verbis
2622 5058 3080 5113 reverentissimus
3110 5056 3228 5109 lhas
3257 5054 3512 5120 ostendt,

1929 5151 2121 5221 quibus
2159 5160 2446 5218 sequenter
2482 5149 2726 5203 eumdem
2774 5149 2985 5203 beatum
3023 5147 3279 5217 Cyrillum
3331 5146 3511 5199 retulit

1930 5242 2046 5297 sine
2075 5240 2383 5309 fatigatione
2402 5240 2748 5295 Orientaliuzn
2776 5238 2895 5291 fidei
2920 5236 3273 5299 consensisse,
3303 5246 3354 5288 et
3376 5234 3513 5287 hanc

1932 5333 2254 5401 susc«pisse,
2306 5340 2465 5401 atque
2492 5346 2681 5385 omnes
2725 5330 2815 5398 qui
2842 5329 3041 5397 absque
3084 5328 3182 5380 hac
3230 5326 3513 5380 crederent

1927 5424 2431 5481 anathematizasse.
2481 5424 2585 5478 Sed
2615 5422 2851 5491 nunquid
2890 5423 3108 5476 beatum
3134 5419 3387 5490 Cyrillum
3415 5435 3512 5487 pu-

1930 5530 2073 5575 tasse
2101 5530 2443 5582 conversum,
2483 5512 2857 5568 Nestorianum
2886 5521 2970 5570 est
3005 5511 3207 5568 crimen
3230 5506 3513 5583 lRespon-

2006 5697 2027 5727 ³
2044 5695 2184 5749 Idem
2208 5693 2329 5748 cod-
2377 5710 2400 5745 ι
2418 5708 2437 5745 c
2469 5691 2787 5747 dissensioni.
