4070 6352
636 306 735 366 6'“
1715 295 2011 358 FACUNDI
2055 292 2267 353 EPISC.
2312 291 2814 353 HERMIANENSIS
3775 318 3851 379 πη

638 423 799 477 deant
845 434 973 490 ergo
1017 419 1169 475 nobis
1217 420 1306 489 qui
1360 417 1727 475 Nestoriauam
1796 416 1935 470 hanc
1977 413 2227 469 dixerunt
2253 406 2303 467 Α
2338 408 2504 464 Deum
2533 412 2771 468 Verbum
2814 412 3088 472 hominem
3137 416 3342 475 factum
3389 428 3443 478 ul
3476 425 3613 482 nulla
3638 443 3756 490 esset
3774 438 3847 495 dif.

638 514 940 584 epistolam,
976 524 1151 567 utrum
1183 529 1343 567 unutn
1388 514 1551 569 Deum
1594 522 1757 584 atque
1805 514 2078 571 hominem
2132 510 2223 564 Je-

638 619 758 659 sum
784 603 1204 676 Citristum,,per
1250 621 1408 675 quem
1451 606 1630 661 omnia
1661 606 1796 662 facta
1844 616 1998 674 sunt,
2030 616 2086 664 et
2133 609 2223 679 qui

639 697 780 752 inter
799 699 975 752 omnia
1001 698 1168 754 factus
1191 708 1294 765 est,
1328 698 1379 753 in
1402 699 1534 755 duas
1558 714 1816 770 personas
1843 700 2106 765 dividere,
2154 716 2222 755 an

638 790 896 862 Cyrillum
946 807 1159 845 servum
1201 793 1317 861 ejus
1354 802 1566 873 putasse
1609 809 1929 849 conversum
1953 835 1968 860 ,
2002 794 2225 850 haeresis

638 880 950 937 Nestoriana
971 884 1194 940 dicenda
1212 885 1303 940 sit.
1318 887 1536 942 Multum
1553 902 1873 946 excusemus
1891 890 2193 947 Nestorium
2206 930 2222 957 ,

640 971 685 1027 si
717 973 769 1027 iu
810 972 912 1028 hoc
944 974 1061 1044 ejus
1093 975 1340 1033 haeresim
1391 987 1640 1037 constare
1680 982 1942 1052 dicamus,
1966 984 2221 1055 Cyrillum

638 1075 855 1134 putasse
884 1082 1229 1123 conversum.
1269 1070 1421 1127 Unde
1444 1074 1488 1128 si
1515 1072 1970 1132 Chalcedonensis
2011 1094 2224 1148 quoque

639 1155 876 1224 synodus
909 1156 1109 1212 idcirco
1160 1162 1303 1215 velut
1353 1162 1723 1220 Nestorianam
1756 1167 1893 1224 hanc
1940 1171 2221 1240 epistulam

639 1246 988 1320 improbaret,
1020 1252 1147 1307 hinc
1178 1256 1373 1322 potius,
1405 1260 1545 1326 quod
1589 1261 1716 1316 item
1747 1265 2093 1332 promisimus
2123 1267 2222 1321 de-

638 1342 1070 1411 monstrandum,
1110 1360 1403 1403 excusasse
1447 1350 1749 1408 Nestorium
1795 1356 2083 1412 videretur.
2110 1360 2223 1417 Non

639 1439 818 1484 autem
867 1431 937 1485 ita
967 1433 1152 1488 debuit
1180 1436 1428 1507 religiosa
1469 1442 1557 1495 illa
1580 1444 1818 1513 synodus
1846 1450 2224 1517 gravissimum

638 1520 841 1576 crimen
873 1522 1101 1591 levigare
1137 1523 1368 1584 Nestorii
1395 1572 1409 1594 ,
1441 1548 1557 1601 qua:
1581 1534 1716 1589 bene
1737 1551 2059 1608 cognoverat
2084 1544 2224 1612 quod

638 1612 798 1681 longe
825 1614 927 1670 alia
958 1618 1289 1690 blasphemia
1316 1626 1387 1679 sit
1413 1635 1437 1662 ι
1462 1642 1583 1696 quae
1600 1629 1758 1700 hujus
1781 1632 2005 1690 haeresis
2029 1651 2224 1694 nomen

636 1706 864 1773 accepit.
898 1707 984 1763 Illa
1011 1716 1323 1780 mysterium
1349 1717 1547 1775 divinte
1572 1722 1953 1783 incarnationis
1975 1741 2219 1798 evacuat,

637 1793 692 1849 in
725 1812 827 1865 qua
878 1799 1021 1855 salus
1071 1817 1251 1860 nostra
1298 1812 1584 1880 consiStit;
1620 1816 1709 1871 illa
1756 1820 1916 1874 aliam
1971 1822 2223 1893 hominis,

647 1885 807 1940 aliam
842 1888 931 1943 Dei
956 1892 1360 1953 subsistentiam
1385 1901 1533 1970 dicit,
1570 1917 1626 1961 ut
1660 1907 1946 1967 humanam
1981 1927 2225 1973 naturam

637 1972 885 2030 alieneta
915 1980 1025 2036 Deo
1054 2000 1172 2053 qua:
1206 1988 1255 2041 in
1287 1992 1398 2045 suis
1435 1996 1686 2063 primitiis
1722 2001 1894 2059 Verbo
1915 2022 2224 2068 assumeute

636 2076 824 2120 sanata
873 2080 975 2125 est.
1009 2072 1110 2129 lbzc
1141 2089 1317 2134 autem
1372 2086 1658 2152 epistolam
1692 2098 1966 2162 perspexit
2008 2101 2224 2157 eviden-

635 2157 844 2215 tissime
866 2164 1209 2223 conﬁtentem
1259 2174 1399 2241 quod
1434 2175 1518 2231 isti
1577 2157 1840 2254 attingere
1881 2188 2173 2247 timuerunt
2203 2211 2216 2260 ;

634 2250 760 2317 quia
787 2252 911 2309 licet
940 2255 1060 2311 duae
1092 2270 1297 2319 naturae
1347 2266 1475 2336 sint,
1524 2288 1626 2326 una
1661 2283 1838 2332 tamen
1888 2291 1970 2335 est
2030 2285 2220 2353 virtus.

636 2355 737 2395 una
769 2356 1031 2413 persona,
1088 2354 1228 2420 quod
1260 2365 1341 2410 est
1374 2375 1512 2416 unus
1562 2363 1728 2421 Filius
1767 2367 2024 2428 Dominus
2065 2376 2221 2433 Jesus

633 2429 895 2491 Christus.
919 2438 1179 2505 Quocirca
1211 2448 1253 2502 si
1276 2451 1545 2520 quishanc
1562 2458 1929 2520 Nestorianam
1959 2469 2083 2525 dicit
2114 2472 2222 2543 epi-

632 2526 846 2591 stolam,
866 2534 1220 2598 proculdubio
1231 2552 1412 2599 contra
1434 2545 1723 2607 Ecclesium
1740 2569 1858 2609 cum
1879 2557 2220 2631 Eutychiauis

1930 2611 1937 2613 τ
1965 2611 2002 2631 η
2023 2611 2218 2620 __--_..--

632 2611 867 2673 affirmat
910 2620 1282 2685 Nestoriauum
1315 2651 1466 2705 esse,
1502 2656 1660 2697 unam
1699 2645 1897 2704 Christi
1936 2668 2218 2721 persanam

633 2706 687 2755 in
709 2705 915 2765 duabus
939 2718 1231 2782 prmdicare
1258 2730 1490 2793 naturis;
1520 2747 1624 2787 non
1645 2737 1785 2791 enim
1813 2750 1894 2794 est
1912 2705 2054 2799 aliud
2077 2749 2218 2805 unde

634 2812 776 2856 nunc
808 2803 1126 2877 Eutyehiani
1156 2814 1413 2876 infamant
1436 2822 1758 2897 Ecclesiam,
1786 2842 1840 2887 et
1869 2834 2217 2897 Nestorianos

631 2886 831 2948 Christi
859 2896 1044 2955 ﬁdeles
1088 2908 1382 2974 appellant,
1434 2915 1536 2969 nisi
1570 2919 1690 2987 quia
1722 2921 1855 2978 duas
1884 2929 2043 2983 unius
2091 2932 2213 2988 Filii

631 2980 841 3042 Domini
885 2997 1052 3047 nostri
1083 2995 1207 3054 Jcsu
1237 3000 1435 3059 Christi
1467 3010 1784 3077 proﬁtentur
1815 3032 1937 3074 esse
1972 3034 2209 3083 naturas.

629 3071 772 3144 Ergo
811 3096 918 3136 non
964 3085 1165 3158 ﬁngant
1212 3071 1527 3156 cohibentes
1578 3103 1864 3176 haereticis,
1916 3116 2058 3182 quod
2087 3118 2209 3175 ideo

2329 497 2554 555 ferentia
2595 510 2931 573 naturarum,
2966 506 3060 561 sed
3092 523 3197 563 una
3249 508 3397 566 facta
3443 526 3583 571 esset
3621 519 3851 586 divinitatis

2330 590 2786 666 humanitatisque
2845 606 3057 653 natura.
3114 599 3223 657 lloc
3255 604 3404 659 enim
3457 613 3848 678 reverentissime;

2328 681 2448 738 lbas
2479 699 2578 752 per
2599 700 2753 741 suam
2786 689 3020 760 culpavit
3051 692 3363 761 epistolam.
3390 698 3609 765 Quinam
3630 719 3740 778 ergo
3761 711 3849 768 δρα.

2328 787 2439 834 tum
2478 780 2736 851 Cyrillum
2788 783 3064 841 afﬁrmant
3095 788 3413 846 haereticum
3440 794 3461 846 ἵ
3492 805 3653 853 utrum
3673 816 3768 873 nos,
3786 811 3847 877 qui

2327 871 2554 929 dicimus
2601 876 2723 945 quia
2749 892 2852 932 non
2884 880 3001 949 ejus
3049 881 3227 948 ﬁdem,
3280 900 3350 939 an
3384 886 3457 940 illi
3484 888 3499 918 ¹
3526 927 3541 953 ,
3595 892 3675 960 qui
3716 871 3850 956 dicunt

2326 966 2449 1035 quia
2476 968 2594 1036 ejus
2624 969 2780 1024 ﬁdem
2829 976 3102 1030 accusavit
3128 976 3243 1032 lhas
3274 978 3599 1049 episcopus?
3638 983 3728 1041 Nos
3748 992 3848 1048 enim

2326 1057 2413 1125 qui
2439 1072 2559 1111 eum
2589 1074 2692 1114 nun
2728 1062 2867 1116 beati
2915 1061 3100 1135 Cyrilli
3154 1066 3317 1123 ﬁdem
3348 1070 3577 1127 dicimus
3604 1090 3846 1147 accusasse,

2329 1161 2587 1217 negamus
2648 1150 2830 1220 utique
2881 1156 3027 1224 quod
3080 1157 3221 1212 idem
3275 1158 3515 1229 Cyrillus
3564 1163 3847 1228 differentiam

2328 1236 2612 1293 abstulerit
2642 1251 2972 1310 naturarum,
3004 1257 3057 1301 et
3088 1262 3246 1303 unam
3299 1249 3503 1306 dixerit
3546 1268 3607 1308 ex
3634 1256 3849 1317 divinitate

2327 1337 2486 1396 atque
2516 1334 2847 1389 humanitate
2876 1341 3229 1406 compositam
3252 1356 3379 1399 esse
3408 1353 3664 1403 naturam.
3688 1350 3848 1408 limati-

2326 1433 2511 1473 earum
2546 1436 2675 1477 vero
2703 1422 2963 1493 fautores,
2997 1430 3085 1498 qui
3116 1430 3305 1487 dicunt
3333 1435 3481 1503 quod
3534 1438 3681 1493 ﬁdem
3714 1440 3843 1512 Cyrilli

2329 1509 2446 1565 lhas
2470 1516 2729 1584 arguerit,
2758 1518 2860 1587 ipsi
2884 1522 3067 1587 procul
3091 1523 3255 1579 dubio
3283 1529 3615 1585 assertiones
3640 1509 3847 1605 Eutychu-

2329 1615 2519 1655 norum
2576 1603 2876 1675 afﬁrmant,
2908 1610 3223 1681 dicentium,
3255 1617 3407 1686 quod
3455 1618 3638 1675 beatus
3680 1603 3847 1695 Cyrinus

2330 1692 2688 1752 differentiam
2738 1715 2843 1754 non
2884 1703 3171 1761 crediderit
3226 1718 3567 1777 naturarum,
3613 1716 3695 1770 sed
3737 1733 3846 1772 unam

2257 1779 2307 1839 B
2332 1799 2396 1840 ex
2428 1788 2705 1846 divinitate
2734 1802 2895 1863 atque
2924 1795 3260 1855 humanitate
3289 1801 3541 1859 docuerit
3578 1804 3843 1865 factamesse

2331 1887 2597 1936 naturam.
2629 1881 2988 1947 Quamobrem
3020 1888 3064 1943 si
3096 1889 3561 1951 Chalcedonensis
3600 1888 3845 1971 quoque‘sy-

2329 1969 2501 2025 nodus
2532 1975 3027 2032 reverentissimum
3080 1978 3224 2034 ibam
3255 1984 3532 2051 crederet,
3562 1986 3701 2042 ﬁdem
3733 1969 3841 2058 quain

2328 2055 2515 2114 beatus
2536 2061 2766 2131 Cyrillus
2780 2063 2983 2135 habuit,
3007 2075 3055 2123 el
3084 2082 3189 2124 non
3217 2071 3401 2140 potius
3422 2089 3653 2131 errorem
3675 2079 3717 2132 in
3737 2055 3842 2148 quem

2326 2161 2447 2203 eum
2472 2149 2676 2219 lapsum
2701 2164 3005 2223 potaverat,
3029 2160 3289 2231 arguisse,
3347 2166 3537 2233 procul
3579 2168 3721 2223 dubio
3744 2168 3840 2225 afﬁr-

2326 2249 2498 2294 maret
2527 2250 2581 2295 et
2617 2242 2730 2311 ipsa
2758 2246 2899 2313 quod
2932 2263 3091 2304 unam
3144 2252 3525 2320 przedieaverit
3570 2256 3740 2312 Christi
3762 2275 3841 2314 esse

2324 2339 2592 2385 naturam.
2627 2334 2922 2404 Cognoscis
2958 2340 3137 2409 igitur,
3165 2342 3422 2413 religiose
3448 2344 3733 2416 imperator,
3755 2349 3842 2405 illud

2324 2420 2466 2488 quod
2497 2421 2732 2479 diximus
2754 2425 2945 2482 iterum
2976 2428 3176 2497 doceri,
3228 2434 3487 2502 quoniam
3531 2438 3574 2490 si
3606 2438 3723 2492 hanc
3760 2441 3840 2507 epi-

2322 2511 2515 2566 stolam
2539 2529 2725 2584 magna
2754 2517 2842 2571 illa
2863 2520 3100 2589 synodus
3145 2524 3407 2593 abjieeret
3459 2537 3692 2599 tanquam
3730 2530 3839 2588 ﬁdem

2321 2602 2464 2659 beati
2508 2605 2700 2677 Cyrilli
2738 2610 3071 2681 culpantem,
3114 2614 3238 2671 hinc
3262 2618 3444 2687 potius
3480 2620 3643 2690 ipsum
3684 2622 3839 2677 beatum

2320 2697 2581 2770 Cyrillum
2613 2703 2906 2763 credidisse
2960 2707 3274 2766 htereticum
3326 2713 3612 2769 videretur.
3641 2714 3839 2771 Undena-

2325 2790 2409 2847 his
2436 2808 2647 2863 quoque
2680 2794 2917 2855 fautores
2943 2798 3349 2873 haereticorum,
3383 2817 3444 2860 ut
3491 2807 3589 2862 hoc
3613 2806 3839 2861 afﬁrmare-

2319 2898 2442 2937 mus
2463 2925 2478 2949 ,
2513 2887 2840 2953 persuadere
2868 2892 3043 2946 conati
3066 2901 3209 2958 sunt,
3235 2910 3306 2950 ne
3332 2895 3461 2966 quid
3479 2906 3613 2952 esset
3633 2896 3837 2953 residuum

2319 2974 2459 3041 quod
2489 2974 2859 3047 Eutychianis,
2905 2982 3098 3053 quibus
3127 2984 3404 3054 cohibent,
3439 2987 3736 3056 reSpondere
3756 3002 3837 3055 pos-

2317 3065 2483 3122 simus
2512 3067 2819 3127 dicentibus
2848 3090 2861 3126 :
2886 3073 2983 3142 Qui
3006 3074 3517 3135 Nestorianamesse
3545 3078 3731 3134 dixistis
3762 3076 3836 3146 epi-

1104 3181 1277 3240 ianam
1308 3153 2209 3242 ἀθωῶρξίῐὶ’ζξξξςηιξςυῃςςςξυ
2236 3153 2285 3222 C
2320 3159 2514 3214 stolam
2540 3160 2979 3233 lbae,cujuslibet
3003 3168 3227 3225 alterius
3254 3185 3381 3227 esse
3411 3171 3630 3239 dicatur,
3656 3186 3755 3242 qua:
3771 3185 3835 3240 pu-

630 3173 879 3238 tanquam
908 3174 1277 3240 Nestorianam
1308 3190 1680 3253 damnaverint
1726 3202 2009 3271 epistolam
2050 3227 2212 3268 vene-

626 3264 814 3321 rabilis
859 3269 983 3337 lbce,
1032 3277 1152 3344 quia
1195 3279 1409 3339 beatum
1462 3289 1718 3361 (‘yrillum
1750 3264 1885 3355 dixit
1913 3316 2035 3359 esse
2088 3264 2219 3361 con-

629 3369 865 3413 versum.
919 3362 972 3417 ld
1004 3366 1145 3421 enim
1178 3384 1239 3425 ac
1295 3374 1339 3427 si
1400 3379 1720 3448 culpandum
1771 3398 1877 3455 est,
1908 3391 2214 3454 Nestoriani

630 3455 808 3503 tamen
840 3453 1082 3510 criminis
1129 3475 1240 3516 non
1272 3474 1391 3520 est:
1446 3486 1567 3527 cum
1613 3477 1790 3543 potius
1834 3482 2212 3547 haereticorum

627 3537 867 3598 fautores
894 3548 1186 3614 probentur
1211 3556 1279 3611 ob
1309 3558 1410 3617 hoc
1433 3578 1549 3619 eam
1574 3567 1947 3632 Nestorianam
1978 3594 2216 3650 pronun-

629 3629 814 3699 tiasse,
848 3635 970 3704 quia
996 3645 1332 3715 conscriptor
1370 3651 1486 3720 ejus
1538 3658 1671 3714 duas
1697 3662 1752 3717 in
1810 3666 1899 3721 illa
1931 3629 2212 3732 confessus

625 3731 709 3777 est
734 3723 935 3783 Christi
958 3745 1078 3788 esse
1104 3747 1345 3796 naturas.
1385 3744 1568 3817 Neque
1593 3752 1704 3819 jam
1752 3723 1951 3815 dicanti
2150 3767 2212 3823 ﬁ-

627 3813 747 3868 dem
770 3816 910 3873 benti
941 3822 1123 3894 Cyrilli
1152 3813 1493 3905 cnlpaverit,
1528 3813 1671 3911 quod
1719 3813 1934 3916 penitus
1978 3813 2210 3925 prob—are

625 3916 731 3958 non
772 3919 1019 3975 possunt.
1052 3915 1287 3977 Primum
1322 3929 1559 3997 quidem,
1588 3915 1860 4008 quiaipost
1910 3915 2206 4007 unitionem

625 3992 768 4051 inter
792 3998 1091 4061 Orientales
1108 4019 1161 4065 et
1183 3992 1356 4082 ipsum
1384 3992 1578 4080 factam
1604 3992 1865 4099 approbat
1883 4036 1998 4105 ejus
2022 4039 2203 4100 ﬁdem.

623 4085 829 4200 Deinde
850 4097 1100 4163 quoniam
1128 4112 1182 4158 et
1211 4116 1336 4164 ante
1386 4085 1713 4186 unitioneiti,
1772 4140 1879 4181 non
1911 4085 2114 4200 ‘Cyrilli
2145 4134 2209 4188 ﬁ-

1700 4176 1712 4186 .
1772 4176 1879 4181 η-ν-
1934 4176 2113 4200 -δ--η-
2145 4176 2204 4188 ιν

621 4176 745 4234 dem
775 4198 933 4254 quam
962 4205 1088 4247 vere
1118 4193 1321 4263 habuit.
1354 4206 1448 4260 sed
1480 4224 1636 4276 quam
1666 4214 1814 4270 illum
1839 4218 2091 4279 habuisse
2111 4240 2209 4295 pu-

623 4270 771 4339 tavit,
802 4288 1037 4334 accusat.
1072 4283 1282 4345 Putavit
1306 4304 1509 4363 autem,
1539 4301 1677 4358 sicut
1721 4305 1831 4374 jam
1863 4270 2206 4379 probavimus

1812 4784 2079 4835 utcunque
2110 4781 2205 4835 ini.

622 4766 835 4785 ..νηωισ
877 4766 1088 4794 υυιιιιιιι
1118 4766 1289 4802 uosm
1320 4766 1447 4809 Jesu
1491 4766 1714 4817 Christi.
1762 4766 2079 4845 Quicunque
2110 4781 2203 4852 igi-

622 4826 708 4871 tur
736 4820 864 4877 dicit
908 4828 1049 4894 quod
1098 4843 1567 4903 reverentissimus
1596 4851 1715 4910 lbas
1746 4856 1797 4912 in
1854 4863 2081 4932 epistola
2109 4884 2203 4926 sua

622 4910 651 4932 η
678 4912 773 4932 ιν»-
811 4916 827 4932 ι
917 4921 949 4932 λ·
979 4922 1015 4932 ’-
1086 4926 1157 4932 ν’-

620 4910 778 5033 {iilleui
808 4916 949 4975 beati
974 4922 1158 4995 Cyrilli
1199 4946 1355 5000 quam
1399 4953 1526 4997 vere
1549 4943 1751 5018 habuit,
1768 4910 1857 5010 "et
1887 4910 2199 5033 triumque;

618 5004 867 5066 habuisse
897 5028 1019 5070 eum
1048 5020 1287 5091 putabat,
1322 5034 1586 5104 arguerit,
1636 5038 1749 5108 ipse
1796 5004 2200 5115 prol’ecto‘eon-

617 5095 796 5153 ﬁrmat
842 5106 980 5172 quod
1014 5107 1153 5167 idem
1209 5112 1397 5175 beatus
1427 5124 1655 5195 Cyrillus
1704 5095 2198 5207 sicrpraedicaverit

687 5276 1245 5383 :duasin
1267 5294 1777 5383 ,Salvatorenostro
1808 5327 2065 5383 personas
2094 5320 2200 5378 ﬁn-

611 5348 790 5414 Belli“-
823 5350 936 5407 Νοη
963 5358 1104 5412 ellitn
1128 5348 1377 5424 eumdem
1394 5348 2188 5463 ’ἑέἔᾶἓιὶἱιῖἲῖἔενὸἒῗῖἲῦἶ’τῖιῖὲιῖζ

614 5415 885 5463 Immian
955 5428 1235 5463 εοιιοις.....
1295 5438 1478 5463 mnum
1520 5447 1557 5463 τι
1601 5449 1612 5460 .
1731 5454 1761 5463 ..
1896 5459 1959 5463 __.

747 5418 759 5430 .
1131 5433 1142 5445 .
1168 5415 1180 5417 -
1200 5415 1375 5424 -_-_---.
1407 5415 1659 5434 νινυνυσιι
1687 5415 1806 5437 υ-δσ
1834 5415 1997 5443 ucuul
2030 5415 2188 5463 quem

614 5415 1237 5519 bﬂittgemLsedahum
1292 5438 1484 5519 Filium
1520 5447 1636 5515 Dei,
1696 5454 1856 5508 alium
1890 5459 2056 5515 ﬁlium
2091 5465 2193 5519 Μαι

645 5487 655 5497 θ
872 5492 882 5503 .
912 5487 920 5491 τ
1169 5487 1237 5490 κη-
1292 5487 1313 5492 _
1337 5487 1483 5498 ........
1520 5487 1612 5502 um
1696 5487 1856 5508 unum
1890 5487 2056 5515 ulllull
2145 5487 2193 5519 ει·

612 5489 1121 5599 Εἰκῃῖιέτέὶδοιῗωηοη
1152 5520 1275 5587 esse
1329 5513 1576 5599 Georéstev,
1603 5492 1697 5599 sed
1744 5487 2193 5599 zptaroro'xoviui-d

1233 5562 1265 5587 ,κ
1361 5562 1576 5581 --.τη-ν,
1603 5562 1697 5575 vv“
1744 5562 2108 5599 ιμιυ-ιτιοκυν,
2144 5562 2189 5592 l-u

610 5566 693 5613 est
723 5574 827 5615 non
858 5562 1024 5622 Deum
1062 5588 1353 5646 peperisse,
1390 5589 1482 5640 sed
1516 5588 1785 5650 hominem
1818 5616 1825 5624 ·
1859 5614 1911 5654 et
1961 5602 2189 5661 Verbum

680 5724 697 5755 ⁶
728 5720 860 5782 Cod.
902 5728 1116 5801 Vcr0tt.,
1145 5739 1390 5814 ejusdem,
1419 5763 1481 5800 an
1501 5748 1601 5816 illi,
1635 5761 1741 5810 etc.

2324 3252 2452 3306 tavit
2485 3253 2798 3313 haereticum
2827 3272 2946 3315 esse
2967 3276 3166 3332 negare
3183 3262 3543 3321 differentiam
3574 3273 3835 3328 naturarum,

2320 3351 2376 3398 et
2411 3360 2568 3400 unam
2609 3349 2834 3405 credere
2888 3351 3103 3409 deitatis
3153 3354 3604 3427 humanitatisque
3652 3365 3835 3411 naturam

2319 3435 2533 3492 Domini
2565 3440 2735 3495 nostri
2775 3442 2906 3498 Iesu
2937 3443 3131 3500 Christi
3156 3446 3180 3500 ?
3207 3450 3483 3517 quomodo
3508 3443 3835 3515 vestrojudicio

2318 3526 2617 3584 Nestor-iani
2635 3546 2741 3586 non
2763 3534 2917 3600 estis,
2934 3534 3025 3604 qui
3050 3536 3301 3594 similiter
3322 3540 3501 3595 dicitis
3523 3539 3833 3594 haereticorum

2316 3634 2437 3676 esse
2459 3637 2655 3693 negare
2676 3624 3031 3683 differentiam
3051 3638 3389 3697 naturarum,
3414 3644 3465 3689 et
3488 3647 3637 3687 uuam
3663 3626 3834 3684 credere

2318 3709 2531 3766 deitatis
2578 3712 3035 3788 humanitatisque
3065 3728 3310 3775 naturam
3348 3722 3555 3777 Domini
3578 3718 3722 3775 nostri
3741 3716 3831 3770 Jesu

2314 3800 2516 3856 Christi
2538 3804 2560 3856 ?
2580 3812 2673 3858 aut
2700 3807 2972 3874 quomodo
2997 3809 3106 3877 jam
3136 3813 3363 3881 potestis
3398 3813 3573 3868 dicere
3595 3809 3716 3882 quod
3742 3808 3832 3862 bea-

2314 3903 2400 3949 tus
2444 3896 2681 3968 Cyrillus
2702 3899 3059 3957 differentiam
3092 3914 3405 3962 naturarum
3426 3906 3671 3962 docuerit.
3693 3909 3830 3956 etnon

2314 3988 2490 4055 potius
2520 4004 2679 4045 unam
2710 3990 2907 4048 dixerit
2924 3993 3139 4051 deitatis
3161 3998 3606 4066 humanitatisque
3624 4004 3830 4051 naturam.

2311 4095 2434 4135 cum
2488 4091 2770 4153 propterea
2802 4083 2947 4141 illam
3000 4086 3388 4146 damnaveritis
3433 4082 3829 4161 epistolam,qu0tl

2310 4172 2429 4241 ejus
2458 4175 2617 4231 tidem
2652 4177 2972 4247 culpaverit,
2996 4195 3114 4251 qua:
3128 4182 3231 4239 hoc
3261 4184 3313 4238 in
3344 4199 3410 4239 eo
3440 4182 3668 4251 culpasse
3686 4175 3829 4241 ὁορτθ·

2312 4263 2582 4333 benditur,
2631 4268 2774 4337 quod
2804 4273 3082 4340 negaverit
3130 4272 3490 4330 differentiam
3546 4277 3823 4326 naturarum,

2310 4365 2365 4412 et
2392 4373 2554 4413 unam
2592 4359 2842 4417 docuerit
2872 4363 3086 4420 deitatis
3127 4364 3574 4435 humanitatisque
3600 4351 3828 4455 natura-at?

2311 4450 2380 4505 Et
2400 4451 2623 4520 ideirco,
2647 4469 2746 4510 nec
2767 4454 2912 4510 illam
2943 4457 3263 4514 damnamus
3296 4459 3589 4530 epistolam,
3617 4447 3825 4549 Ite?

2314 4559 2431 4599 mus
2452 4545 2590 4613 quod
2615 4545 2774 4602 ﬁdem
2814 4545 2997 4619 Cyrilli
3027 4549 3263 4617 culpavit
3295 4570 3308 4605 :
3345 4550 3470 4621 quia
3500 4563 3597 4601 non
3630 4537 3733 4639 ﬁdei

2312 4636 2417 4690 rilli
2440 4634 2612 4691 fuerat
2664 4638 2807 4707 quod
2835 4640 3087 4709 culpavit.
3118 4640 3253 4695 Nam
3310 4640 3580 4698 verissime.
3607 4634 3825 4723 omni

2310 4726 2507 4793 pietate
2532 4727 2744 4794 plenum
2768 4737 2869 4794 est,
2901 4730 2967 4783 ad
2991 4728 3359 4786 confusionem
3399 4736 3685 4787 naturarum

2314 4832 2465 4886 Ρθΐθ,
2490 4818 2632 4887 quod
2655 4818 2721 4875 de
2745 4821 2945 4890 templo
2974 4832 3099 4878 nato
3112 4839 3177 4878 ex
3198 4824 3359 4878 Maria
3380 4824 3509 4879 dixit
3530 4810 3821 4911 evangelista:

2310 4906 2376 4960 In
2402 4908 2658 4977 principio
2712 4922 2817 4964 erat
2858 4912 3075 4967 Verbum
3100 4932 3119 4979 ;
3150 4925 3243 4969 aut
3271 4916 3341 4970 de
3377 4907 3627 4983 Unigeniti
3655 4905 3822 4959 ἀοίωιε,

2310 5014 2428 5068 qua:
2457 5015 2557 5055 nec
2583 5003 2766 5073 augeri
2823 5018 2921 5058 nec
2951 5006 3116 5059 minui
3150 5016 3345 5072 potest,
3379 5006 3591 5063 credere
3618 4992 3733 5068 quod
3757 5000 3821 5085 se"

2308 5090 2542 5146 cundum
2570 5097 2650 5146 sui
2695 5102 2935 5149 naturain
2990 5096 3263 5153 deminuta
3313 5101 3385 5154 sit
3412 5097 3564 5169 paulo
3587 5090 3735 5148 minus
3770 5091 3817 5131 an

2310 5330 2504 5387 Filium
2538 5332 2632 5388 Dei
2666 5349 2770 5389 non
2806 5335 3075 5392 hominem
3106 5352 3169 5392 ex
3205 5338 3369 5394 Maria
3418 5323 3814 5412 factumﬁuscep"

2311 5402 2542 5441 Inlnmnn
2596 5415 2782 5441 nali-ro
2859 5410 2949 5441 cmi
2983 5409 3033 5441 in
3087 5408 3359 5441 ίὶήηιῖηιιηη
3393 5425 3453 5441 ιη
3506 5405 3649 5441 Mearm
3676 5398 3811 5441 uatum

2310 5402 2545 5458 humana
2595 5415 2806 5472 natura,
2859 5410 2949 5461 sed
2983 5409 3033 5461 in
3087 5408 3359 5463 hominem
3392 5425 3455 5465 ex
3504 5402 3811 5482 Mariauatum

2310 5483 2491 5511 malum
2516 5476 2568 5511 in
2586 5475 2851 5511 hiantia-mn
2870 5477 3218 5511 Annua-“Ihm-
3262 5481 3471 5511 Πηνέηηι
3490 5477 3695 5511 dmum“!
3715 5469 3812 5511 lem‘

2308 5483 2491 5543 postea
2516 5476 2568 5529 in
2586 5471 2852 5545 baptismo
2870 5477 3237 5534 descendisse.
3258 5481 3472 5535 Mariam
3490 5474 3695 5539 denique
3715 5471 3794 5541 te”

2309 5546 2452 5586 nlnm
2480 5546 2587 5586 non
2608 5549 2856 5586 σιηιιιίαςο
2911 5565 3014 5586 nnn
3042 5550 3214 5586 incum
3237 5554 3323 5586 nni
3357 5553 3406 5586 in
3431 5546 3614 5586 tmnnln
3638 5533 3794 5586 babtlﬂl

2309 5546 2452 5613 plum
2478 5546 2587 5601 Deo
2607 5543 2875 5616 genuisse,
2910 5565 3014 5603 non
3042 5550 3215 5619 ipsum
3236 5554 3323 5619 qui
3356 5553 3407 5605 in
3431 5546 3624 5651 templ:
3638 5543 3808 5651 Ιιξιωῗιο

2313 5621 2477 5651 Λιηηη
2510 5616 2621 5651 Inv-nn
2645 5615 2866 5651 ηηΓ-..ιιιιι
2890 5630 2964 5651 ορ.
2998 5620 3083 5651 :tt..
3112 5621 3338 5651 Ληηιςιηι.
3393 5632 3539 5651 an...“
3627 5618 3735 5651 aitttt
3767 5608 3810 5649 υς

2308 5610 2477 5684 ﬁtque
2506 5610 2968 5701 haec'ncfandafst
2998 5610 3084 5701 illa
3111 5610 3361 5701 duali'tas,
3392 5610 3548 5701 quam
3591 5610 3735 5666 Facuu

2304 5697 2550 5743 conatum
2574 5688 2831 5746 inducere
2858 5689 3163 5749 Nestorium
3196 5692 3329 5751 dixit
3348 5688 3469 5763 cap.
