4070 6352
152 5284 161 5365 l

217 275 320 328 G75

209 566 448 619 exterior
469 569 761 624 secundum
797 574 1116 631 lineamenta
1144 582 1503 638 membrorum
1530 601 1796 657 sexusque

207 655 592 725 diversitatem,
645 676 712 719 ex
746 664 873 721 limo
905 676 1062 724 terrae
1105 682 1337 727 creatus.
1366 673 1471 729 Sed
1518 655 1791 745 nunquam

204 745 307 803 hoc
333 748 521 805 beatus
542 752 772 821 Cyrillus
821 766 1039 827 putasse
1082 772 1408 819 monstratur
1428 808 1444 832 ,
1497 770 1621 837 quia
1650 769 1793 826 idem

204 849 392 894 natura
422 850 505 897 est
528 846 782 914 templum
814 849 954 918 quod
999 867 1065 907 ex
1107 853 1314 926 virgine
1343 856 1505 912 Maria
1559 862 1791 930 sumpsit

209 930 449 999 initium,
481 944 536 990 et
567 934 793 993 Verbum
826 940 988 1007 Deus,
1014 945 1156 1011 quod
1188 948 1237 1000 iu
1265 949 1525 1020 principio
1560 965 1672 1005 erat
1700 970 1793 1008 ea-

206 1039 337 1080 rens
360 1024 532 1083 initio.
570 1029 678 1085 lloc
721 1034 863 1087 enim
915 1034 1291 1104 Apolinaristm
1332 1053 1661 1112 sapuerunt;
1691 1046 1793 1103 hoc

208 1115 279 1171 ab
326 1116 706 1188 Apolinaristis
737 1124 1014 1183 dementes
1049 1130 1361 1201 Eutychiani
1404 1144 1429 1173 ι
1472 1148 1787 1207 traxerunt;

201 1210 305 1265 hoc
336 1212 380 1267 si
430 1212 591 1268 etiam
620 1214 855 1287 Cyrillus
898 1224 1146 1291 sentiret,
1194 1227 1472 1285 verissime
1518 1229 1786 1288 diceretur

196 1300 323 1367 quia
357 1301 537 1373 lapsus
560 1317 662 1370 est,
688 1316 742 1363 et
770 1310 823 1363 in
854 1310 1044 1381 dogma
1077 1314 1381 1384 Apolinaris
1431 1320 1678 1377 iuventus
1708 1334 1790 1379 est

197 1392 471 1449 incidisse.
511 1393 665 1451 Nunc
714 1410 891 1455 autem
938 1415 1223 1474 propterea
1285 1423 1469 1465 verum
1517 1426 1639 1467 esse
1681 1431 1786 1471 non

192 1484 490 1555 credimus,
511 1490 633 1559 quia
663 1505 770 1547 non
789 1493 1049 1564 probatur
1073 1496 1174 1553 hoc
1203 1498 1491 1570 aliquando
1523 1504 1782 1560 sensisse.

809 1623 1038 1695 CAPUT
1078 1626 1143 1683 ν.

192 1749 349 1816 Quod
392 1753 645 1832 synodum
692 1758 965 1832 quominus
999 1760 1265 1832 epistolam
1307 1765 1418 1820 Iba:
1446 1769 1783 1825 orthodoxam

261 1824 646 1912 pconuntiare't,
666 1824 861 1881 morari
892 1824 1211 1912 non-debuit
1241 1836 1378 1912 [alca
1413 1824 1647 1894 illius-de
1678 1824 1782 1912 Cy?-

262 1892 385 1980 ςξμο
449 1897 701 1980 suspicio,
758 1914 875 1980 curn
923 1892 1458 1980 Cyrillumh'ipsum,
1510 1892 1785 1980 quominus

264 1960 601 2045 Orientalium
657 1960 987 2050 confessioni”,
1011 1960 1383 2043 subscriberet,
1408 1960 1411 1961 ν
1432 1960 1535 2050 pa;

259 2034 484 2102 suspicio
512 2052 613 2090 non
642 2034 941 2095 remi-derit.

262 2166 370 2224 Sed
400 2169 595 2225 iterum
627 2172 758 2226 dicit
786 2172 977 2244 aliquis
1008 2193 1021 2229 :
1054 2177 1335 2244 Quomodo
1382 2196 1510 2253 ergo
1537 2186 1779 2255 synodus

184 2262 481 2331 epistolam
532 2265 900 2332 pronuntiavit
955 2269 1342 2338 orthodoxam,
1401 2289 1524 2344 qua:
1568 2276 1781 2334 beatum

181 2351 475 2422 Cyrillum,
507 2370 666 2424 quem
694 2355 828 2411 dicis
850 2356 981 2411 nihil
1009 2358 1113 2413 tale
1133 2360 1478 2429 praedicasse,
1510 2365 1784 2434 culpavit?

183 2442 533 2514 Respondeo,
582 2445 705 2516 quia
735 2447 893 2502 ﬁdem
925 2450 1012 2504 illa
1053 2451 1194 2506 beati
1233 2452 1416 2524 Cyrilli
1454 2457 1780 2524 praedicavit.

183 2534 325 2590 Nam
371 2538 418 2592 si
464 2546 584 2606 post
631 2539 926 2595 unitionem
976 2542 1114 2598 inter
1161 2543 1461 2602 Orientales
1510 2558 1565 2604 et
1610 2550 1782 2619 ipsum

184 2628 388 2685 factam
412 2632 671 2701 approbat
692 2634 807 2704 ejus
830 2636 1010 2703 ﬁdem,
1033 2653 1129 2692 nos
1144 2648 1323 2695 autem
1349 2641 1619 2697 credimus
1639 2645 1780 2713 quod

151 2738 405 2794 .semper
432 2726 617 2780 eadem
650 2726 812 2783 fuerit
838 2728 1023 2799 Cyrilli
1055 2730 1185 2786 fides
1216 2747 1231 2785 :
1257 2733 1563 2787 necessario
1592 2738 1780 2805 sequi-

180 2821 276 2868 tur
297 2814 438 2885 quod
464 2827 590 2872 ante
617 2817 907 2874 unitionem
931 2836 1143 2890 quoque
1168 2821 1326 2877 ﬁdem
1354 2822 1471 2893 ejus
1498 2823 1623 2880 lbas
1656 2842 1777 2896 pro-

180 2906 425 2976 baverit,
447 2911 690 2979 quamvis
708 2910 827 2981 ejus
858 2913 1022 2969 fuisse
1045 2914 1317 2970 nescierit.
1348 2917 1578 2972 Attende
1620 2932 1780 2988 porro

188 2998 364 3066 ipsam
396 3002 587 3071 synodi
618 3004 970 3069 sententiam,
1014 3014 1068 3060 et
1115 3006 1358 3063 invenies
1409 3007 1553 3079 quod
1596 3009 1651 3064 in
1689 3010 1778 3065 illa

180 3092 438 3161 epistola,
488 3094 834 3152 dissimulans
872 3097 941 3152 ab
972 3097 1220 3154 humanis
1251 3101 1670 3169 suspicionibus,
1711 3118 1774 3159 ea

178 3196 302 3248 qua:
333 3181 400 3236 ad
440 3182 600 3239 ﬁdem
628 3184 829 3241 Christi
862 3189 1160 3257 pertinent,
1208 3161 1430 3261 propter
1463 3208 1620 3260 quam
1656 3161 1773 3250 ma-
1803 3161 1850 3224 Ο

178 3266 537 3325 niiestandam
569 3280 731 3342 atque
765 3275 1080 3330 ﬁrmandam
1114 3289 1468 3345 convenerat,
1506 3283 1773 3352 approba-

178 3358 259 3413 vit
288 3376 303 3413 :
335 3361 634 3418 orthodoxa
665 3365 807 3419 enim
829 3408 846 3436 ,
881 3382 983 3421 non
1017 3383 1115 3437 pro
1140 3368 1548 3427 honoriﬁcentia
1574 3372 1767 3442 Cyrilli

175 3465 281 3506 nec
310 3466 409 3521 pro
437 3453 724 3524 cujuslibet
756 3456 992 3513 hmretici
1016 3458 1209 3528 injuria
1231 3460 1522 3531 diceretur,
1548 3464 1643 3518 sed
1670 3479 1768 3533 pro

176 3556 303 3597 vera
343 3542 411 3599 de
438 3544 651 3600 Christo
692 3547 797 3603 ﬁde
843 3563 1003 3615 quam
1032 3550 1291 3606 continet.
1344 3550 1403 3607 Si
1437 3552 1558 3623 quis
1585 3563 1767 3611 autem

176 3634 668 3694 Cbalcedonensem
698 3642 961 3711 synodum
990 3642 1167 3712 culpat
1212 3644 1379 3711 quod,
1424 3644 1659 3701 hominis
1699 3647 1769 3705 de

182 3728 401 3783 homine
431 3731 733 3800 suspicione
761 3733 1085 3802 posthabita,
1126 3734 1411 3804 epistolam
1436 3738 1764 3794 venerabilis

173 3816 279 3870 Iba:
310 3822 672 3887 pronuntiavit
701 3821 1090 3889 orthodoxam;
1134 3824 1307 3894 ipsum
1343 3827 1557 3881 beatum
1588 3828 1767 3899 Cyril-

176 3907 291 3962 lum
314 3907 493 3977 culpet
515 3925 737 3965 necesse
760 3919 861 3975 cst,
885 3913 1025 3981 quod
1050 3912 1164 3982 ipse
1184 3929 1397 3984 quoque
1418 3926 1769 3972 contemnens

174 3997 418 4053 eamdem
439 4000 799 4069 suspicionem
816 4001 1152 4055 orientalium
1173 4003 1617 4059 consacerdotum
1636 4020 1765 4060 suo-

176 4103 319 4155 rum,
344 4090 569 4157 quicum
596 4090 713 4144 aliis
738 4090 1065 4144 diversarum
1087 4092 1485 4161 provinciarum
1501 4095 1768 4165 episcopis

172 4178 479 4248 congregati
508 4180 624 4249 ejus
649 4179 876 4249 capitula
906 4178 1320 4244 dautnaverunt,
1364 4180 1761 4238 confessionem

174 4268 298 4324 ﬁdei
318 4286 473 4340 quam
496 4271 544 4326 ei
576 4286 671 4343 per
696 4271 1057 4327 venerabilem
1089 4272 1310 4327 Paulum
1335 4273 1645 4345 episcopum
1670 4278 1769 4330 mi-

171 4371 387 4427 serunt,
416 4364 467 4417 in
499 4377 649 4417 suam
681 4363 961 4430 epistolam
987 4363 1285 4432 transtulit,
1316 4372 1370 4419 et
1405 4364 1482 4419 eis
1510 4378 1750 4420 commu-

169 4453 405 4513 nicavit,
475 4467 642 4524 seque
696 4452 969 4523 professus
1021 4462 1105 4510 est
1168 4454 1355 4509 eadem
1412 4454 1634 4512 credere
1703 4471 1767 4512 ac

1104 287 1235 345 PRO
1276 291 1704 352 DEFENSIONE
1743 297 1957 358 TRIUM
1987 301 2298 364 CAPITUL.
2345 313 2474 371 LIB.
2522 315 2607 371 Vl.

211 382 417 453 angelis
450 384 591 439 sicut
641 389 691 441 in
741 392 752 419 ¹
795 407 898 447 uno
955 395 1254 466 eodemque
1301 401 1516 458 homine
1554 405 1799 475 dicimus,
1830 413 1881 473 Α
1909 417 2137 476 concilio
2173 419 2193 448 ³

210 475 351 543 quod
382 474 604 531 interior
646 479 809 535 hanc
848 484 913 538 ad
944 486 1229 556 imaginem
1265 490 1355 545 Dei
1390 492 1671 561 formatus,
1704 474 1798 551 aut

3378 334 3484 391 δτι

2202 462 2217 485 ,
2239 425 2377 489 quod
2408 440 2592 480 eorum
2616 433 3043 493 communionem
3071 438 3228 497 simul
3251 449 3483 517 amplexi

1900 517 2042 562 smu.
2105 509 2257 567 Unde
2292 513 2403 582 jam
2448 518 2659 575 videtur
2701 539 2888 593 magna
2930 534 3166 600 synodus
3206 552 3310 593 non
3339 509 3481 610 quod

1899 598 2176 665 epistolam
2215 607 2534 662 venerabilis
2580 610 2683 665 lb:e
2712 598 3064 675 orthodoxam
3104 625 3333 699 dixerit,
3356 598 3475 686 .sed

1897 688 2036 756 quod
2079 704 2185 744 non
2226 701 2280 747 et
2318 694 2430 762 ipsa
2479 696 2695 755 beatum
2741 702 2993 775 Cyrillum
3040 725 3164 766 eum
3208 688 3482 785 Ephesiuo

1897 780 2129 836 concilio
2180 785 2620 857 reprehenderit,
2674 799 2935 853 accusari.
2992 780 3275 873 Assignata
3323 809 3481 878 igitur

1895 872 2073 926 omnia
2129 890 2249 943 qua:
2301 879 2662 945 promisimus.
2745 884 3091 959 Recognosce
3126 872 3390 966 quoniam
3436 905 3480 958 si

1894 961 2350 1023 Chalcedonensis
2399 972 2635 1038 synodus
2681 978 2963 1043 epistolam
3012 961 3331 1047 venerabilis
3375 993 3480 1049 lbae

1893 1053 2037 1108 velut
2059 1054 2368 1114 hareticam
2401 1060 2729 1131 improbaret
2749 1067 2915 1132 ,hinc
2938 1074 3110 1140 potius
3132 1076 3344 1134 beatum
3373 1084 3479 1153 Cy«

1893 1145 2068 1201 rillum
2091 1150 2384 1208 credidisse
2409 1155 2743 1226 hmreticum,
2763 1169 2817 1216 et
2843 1162 3143 1221 Nestorium
3158 1145 3470 1242 excusasse,

1890 1249 2053 1310 atque
2077 1244 2404 1313 Ephesinum
2432 1251 2851 1317 reprehendisse
2873 1257 3158 1313 concilium
3181 1261 3474 1318 videretur.

1890 1329 2150 1395 Quocirca
2174 1336 2339 1390 etiam
2368 1337 2421 1392 in
2456 1339 2556 1395 hoc
2579 1351 2877 1398 memorata
2906 1347 3146 1417 synodus
3173 1355 3478 1422 exemplum

1888 1420 2056 1490 ipsius
2103 1424 2244 1480 beati
2297 1425 2518 1499 Cyrilli,
2570 1432 2655 1486 vel
2706 1435 2881 1503 potius
2937 1438 3219 1507 Ephesium
3265 1420 3475 1514 synodi,

1887 1522 2071 1566 secuta
2102 1525 2187 1568 est
2219 1532 2230 1566 :
2265 1524 2322 1569 ut
2351 1516 2489 1571 sit-ut
2522 1518 2608 1574 illa
2638 1523 2877 1578 oumium
2910 1526 3260 1586 Orientalium
3294 1536 3477 1589 rectis-

1888 1601 2078 1657 simam
2123 1603 2190 1657 de
2218 1604 2434 1660 Chrism
2463 1608 2655 1676 ﬁdem,
2694 1612 2946 1681 quamvis
2983 1617 3052 1672 de
3088 1635 3149 1675 se
3186 1637 3291 1677 non
3333 1635 3475 1682 recte

1888 1695 2306 1766 suspicantium,
2338 1700 2587 1767 prudenti
2616 1703 2822 1760 ratione
2849 1711 3115 1779 suscepit,
3170 1715 3243 1768 ita
3280 1727 3336 1771 et
3362 1717 3474 1787 ipsa

1814 1791 1861 1852 Β
1888 1783 2051 1839 simili
2077 1788 2282 1843 ratione
2314 1794 2613 1860 susciperet
2645 1800 2893 1867 epistolae
2922 1803 3028 1858 Ihm
3057 1811 3475 1876 congruentissi-

1890 1888 2031 1929 mam
2067 1876 2135 1931 de
2175 1877 2392 1935 Christo
2437 1884 2629 1954 ﬁdem,
2674 1894 2920 1960 quamvis
2963 1895 3030 1950 de
3067 1896 3225 1953 beato
3272 1898 3471 1972 Cyrillo

1889 1966 2147 2034 quasdam
2170 1972 2503 2040 suSpiciones
2526 1977 2849 2051 incongruas
2872 1989 3192 2043 contineret.
3229 1966 3473 2063 Nunquid

1888 2071 2018 2128 ergo
2054 2061 2168 2116 hmc
2197 2073 2382 2118 sancta
2425 2070 2662 2137 synodus
2694 2073 2918 2143 injurias
2959 2077 3099 2133 beati
3137 2078 3323 2150 Cyrilli
3352 2061 3473 2152 gra-

1890 2154 2063 2205 tanter
2078 2156 2352 2223 accepisse
2372 2159 2637 2215 credenda
2657 2171 2760 2233 est,
2784 2180 2943 2235 quem
2968 2169 3223 2237 probatur
3242 2173 3471 2243 imitata,

1887 2244 2027 2311 quod
2062 2245 2416 2305 dissimulavit
2442 2252 2511 2307 ab
2538 2255 2885 2314 alienissimis
2916 2260 2937 2290 ⁴
2976 2262 3386 2332 su5picionibus,
3417 2278 3471 2324 et

1886 2334 2058 2403 cujus,
2090 2336 2195 2393 niti
2217 2340 2284 2394 ab
2308 2341 2385 2395 eis
2414 2343 2801 2414 dissimularet,
2834 2362 3149 2419 argueretur
3180 2358 3468 2425 exemplo?

1886 2427 1990 2479 Aut
2020 2430 2261 2499 nunquid
2290 2432 2409 2489 ideo
2440 2441 2934 2496 reverentissimum
2969 2445 3111 2499 lbam
3146 2463 3252 2503 non
3279 2450 3469 2505 debuit

1884 2517 2182 2591 absolvere,
2215 2533 2269 2578 ct
2295 2527 2658 2596 episcopatum
2686 2534 2732 2586 ei
2760 2542 2813 2588 et
2843 2535 3133 2592 Ecclesiam
3160 2544 3467 2611 restituere,

1883 2605 1950 2660 de
1971 2623 2073 2677 qua
2104 2627 2196 2677 per
2228 2613 2483 2684 Eutychis
2506 2615 2793 2675 factionem
2828 2623 3021 2692 injuste
3049 2637 3103 2681 et
3125 2629 3324 2687 absens
3350 2605 3469 2688 erat

1884 2699 2158 2767 expulsus,
2208 2703 2332 2771 quia
2374 2703 2543 2762 falsus
2584 2719 2700 2764 erat
2746 2711 2797 2765 in
2831 2728 3060 2781 persona
3090 2717 3227 2774 beati
3259 2721 3466 2792 Cyrilli,

1884 2793 1939 2838 ut
1968 2801 2089 2840 eum
2116 2788 2400 2858 aliquando
2432 2804 2644 2861 putaret
2689 2812 2925 2865 errasse,
2977 2802 3135 2871 cujus
3161 2788 3320 2863 ﬁdem
3361 2825 3466 2864 non

1881 2875 2053 2930 solum
2077 2879 2255 2934 sciens
2274 2892 2393 2950 post
2416 2886 2711 2942 unitionem
2727 2903 2848 2944 cum
2871 2891 3229 2951 Orientalibus
3245 2898 3463 2967 factam,

1882 2983 2067 3024 verum
2091 2981 2216 3028 ante
2248 2975 2539 3030 unitionem
2571 2981 2819 3036 nesciens
2838 2986 3189 3052 approbavit?
3222 2989 3327 3044 Sed
3361 3006 3465 3047 non

1881 3062 2136 3131 oportuit,
2153 3063 2415 3134 inquiunt,
2434 3077 2553 3135 post
2583 3068 2753 3124 hanc“
2770 3071 3061 3130 unitionem
3082 3075 3149 3132 de
3175 3078 3335 3135 beato
3364 3082 3464 3153 Cy-

1882 3149 2000 3205 rillo
2025 3152 2148 3206 talia
2178 3154 2508 3224 loqueretur.
2554 3158 2663 3229 Ego
2689 3171 2864 3217 autem
2889 3164 3037 3232 dico,
3065 3170 3191 3237 quia
3222 3184 3320 3225 nec
3341 3149 3464 3228 ante

1878 3244 2171 3301 unitionem
2198 3250 2464 3318 Oportuit,
2513 3252 2621 3307 imo
2675 3269 2773 3310 nec
2826 3265 2954 3313 ante
3000 3259 3169 3328 ipsam
3199 3264 3463 3333 synodum

1874 3335 2201 3402 Ephesinam
2234 3355 2249 3393 :
2285 3342 2409 3410 quia
2441 3344 2589 3411 prius
2622 3346 2943 3418 interrogari
2987 3349 3219 3421 Cyrillus
3258 3354 3463 3424 debuit,

1871 3442 1934 3484 ac
1956 3429 2149 3486 deinde
2176 3433 2410 3503 culpari,
2438 3437 2484 3491 si
2509 3452 2613 3493 non
2640 3439 3001 3498 satisfaceret.
3030 3444 3137 3501 Sed
3168 3463 3307 3503 nunc
3330 3450 3461 3505 illud

1872 3522 2183 3593 quaerimus,
2236 3535 2413 3581 utrum
2456 3527 2575 3584 hmc
2616 3532 2935 3589 venerabilis
2973 3534 3079 3591 lbm
3120 3538 3277 3607 culpa
3317 3556 3458 3610 qua),

1872 3613 2009 3668 sicut
2033 3615 2143 3684 jam
2175 3618 2539 3687 probavimus,
2593 3635 2623 3674 a
2659 3623 2868 3693 synodo
2897 3640 3111 3696 quoque
3140 3638 3323 3683 notata
3352 3641 3459 3698 εει,

1871 3710 2001 3763 tanti
2034 3709 2282 3766 debuerit
2309 3713 2596 3779 mstimari,
2647 3724 2705 3768 ut
2748 3716 2863 3785 ejus
2892 3718 3117 3786 epistola
3151 3722 3461 3789 pronuntia-

1871 3809 2021 3856 retur
2070 3801 2346 3873 ltzeretica,
2405 3821 2527 3860 cum
2579 3807 2737 3862 ﬁdem
2774 3808 2944 3877 ipsius
2986 3810 3127 3865 beati
3177 3811 3359 3882 Cyrilli
3408 3814 3461 3873 in

1870 3892 2210 3950 confessione
2232 3911 2391 3965 quam
2423 3900 2472 3952 ei
2503 3914 2597 3967 per
2623 3900 2846 3955 Paulum
2869 3903 3184 3972 episcOpum
3214 3904 3462 3960 Orienta-

1873 3983 1951 4038 les
1970 3985 2415 4042 subscriheudam
2440 3992 2720 4057 miserant,
2753 3995 3097 4063 approbaret,
3128 3996 3251 4052 licet
3276 3999 3329 4052 in
3353 3998 3460 4054 illis

1875 4072 1941 4124 12
1988 4076 2232 4144 capitulis
2276 4077 2629 4135 intentionem
2677 4081 2794 4150 ejus
2841 4084 3067 4139 necdum
3114 4087 3457 4157 intelligeret.

1868 4163 2212 4235 Cognoscens
2226 4183 2416 4237 magna
2436 4171 2671 4239 synodus
2693 4174 2835 4241 quod
2856 4176 2969 4230 sive
2990 4178 3042 4231 in
3066 4177 3171 4233 illis
3183 4193 3242 4234 ea
3250 4180 3452 4249 pitulis,

1870 4261 1985 4315 sive
2015 4260 2067 4315 in
2099 4261 2189 4315 illa
2222 4262 2563 4320 confessione
2593 4266 2682 4320 cui
2708 4266 2896 4321 beatus
2922 4266 3153 4338 Cyrillus
3182 4272 3453 4342 subscripc

1870 4352 1970 4417 sit,
2003 4352 2189 4407 eadem
2231 4353 2365 4408 ﬁdes
2402 4363 2565 4422 esset,
2594 4356 2724 4421 nihil
2750 4356 2965 4414 diﬁ'erre
2983 4359 3240 4429 judicavit
3260 4364 3452 4432 quibus

1872 4448 2050 4502 verbis
2094 4440 2422 4505 enu'ntiatam
2474 4450 2659 4523 Cyrilli
2712 4454 2869 4509 ﬁdem
2914 4456 3034 4512 lbas
3080 4459 3449 4529 approbasset,

169 4544 464 4613 prmdicare
510 4545 576 4601 de
621 4546 1007 4602 incarnationis
1058 4545 1256 4603 Christi
1308 4549 1595 4620 mysterio;
1655 4566 1757 4607 nec

1879 4555 1984 4595 :um
2032 4557 2191 4610 eum,
2248 4543 2392 4612 quod
2442 4546 2805 4601 necessarium
2861 4545 3064 4615 fuerat,
3125 4550 3453 4619 approbasse

169 4640 530 4706 suspicionem
553 4654 711 4709 quam
743 4640 809 4695 de
837 4641 926 4694 illo
954 4640 1278 4706 habuerunt,
1309 4641 1377 4696 ab
1401 4642 1484 4697 eis
1510 4642 1758 4698 damnari

168 4730 433 4799 quaesivit,
456 4730 580 4799 quin
605 4746 704 4786 nec
736 4732 756 4761 ²
785 4731 945 4785 etiam
977 4732 1288 4787 satisfacere
1317 4746 1413 4800 pro
1433 4746 1494 4787 ea
1513 4747 1763 4789 necessa-

167 4825 309 4877 rium
357 4823 528 4875 duxit.
580 4822 772 4878 Verum
816 4839 991 4893 neque
1034 4840 1154 4880 cum
1195 4825 1313 4880 solo
1362 4827 1520 4882 beato
1557 4828 1760 4898 Cyrillo

167 4911 408 4983 synodus
438 4910 892 4968 Chalcedonensis
923 4914 1184 4984 culpatur,
1218 4915 1359 4985 quod
1390 4917 1529 4971 hanc
1556 4918 1757 4985 episto-

166 5006 273 5059 lam
295 5002 655 5072 pronuntiavit
673 5002 1056 5072 orthodoxam,
1088 5006 1182 5060 sed
1205 5022 1327 5061 cum
1351 5015 1464 5059 toto
1486 5006 1760 5075 Ephesino

245 5152 271 5181 ι
319 5141 574 5223 Eutychis
619 5156 771 5223 error
833 5142 1137 5223 contrarius
1188 5142 1544 5208 Nestoriano,
1602 5158 1758 5198 unam

170 5214 332 5269 Verbi
354 5212 475 5268 cuin
525 5212 852 5270 humanitate
880 5212 1232 5276 compositam
1267 5222 1510 5266 naturam
1558 5224 1762 5268 astrue—

166 5286 259 5339 bat
291 5302 304 5337 :
333 5300 453 5338 cum
483 5283 617 5339 ﬁdes
645 5282 932 5347 catholica,
974 5284 1194 5351 utrique
1222 5283 1488 5350 opposita,
1522 5283 1600 5337 sic
1630 5284 1758 5337 uni-

154 5354 282 5441 ;eam
312 5357 363 5411 in
388 5354 600 5410 Christo
655 5368 935 5423 personam
986 5363 1194 5407 asserat
1224 5363 1408 5408 cantra
1435 5354 1758 5421 Nestorium,

148 5557 162 5632 ί

235 5484 254 5515 ¹
287 5484 419 5539 Cod.
452 5484 672 5548 Veron.,
706 5485 835 5537 sicut
856 5500 946 5537 nec
967 5485 1019 5537 in
1045 5498 1165 5537 uno.

235 5555 259 5635 ξ
294 5555 355 5635 ξι]
383 5555 571 5635 eodem
594 5555 723 5635 cod._
748 5555 898 5610 deest
927 5557 983 5611 τὸ
1014 5568 1124 5635 nec:
1197 5624 1209 5635 .
1582 5623 1640 5635 Μ

235 5624 256 5655 ³
294 5622 438 5679 Idem
461 5626 605 5691 cod.,
636 5627 723 5679 sed
746 5642 860 5679 cum
886 5635 989 5678 toto
1022 5621 1278 5689 Epltesino
1304 5623 1540 5678 concilio.
1577 5623 1759 5693 Siqui.

161 5697 278 5749 dem
305 5711 405 5748 nou
432 5696 573 5749 solus
614 5695 781 5749 beatus
811 5695 1052 5766 Cyrillus,
1082 5696 1234 5757 nihil
1261 5695 1554 5765 impendens
1584 5694 1757 5766 ipsum

164 5766 507 5824 Orientalium
523 5765 861 5837 suspicionem
877 5809 893 5837 ,
916 5783 1001 5823 eos
1017 5768 1268 5839 judicavit
1293 5766 1603 5822 orthodoxa:
1623 5781 1641 5833 ;
1664 5765 1756 5819 sed

1864 4642 2153 4689 constaret.
2206 4635 2358 4692 Unde
2384 4651 2484 4692 nec
2514 4636 2654 4691 aliud
2684 4638 2941 4708 credidit,
2991 4655 3090 4696 nec
3115 4641 3338 4698 credere
3361 4643 3455 4699 de-

1863 4726 2005 4791 buit,
2060 4726 2161 4782 nisi
2209 4729 2331 4798 quia
2386 4728 2571 4784 Patres
2617 4728 2929 4799 orientales,
2984 4731 3124 4787 inter
3168 4748 3302 4803 quos
3346 4733 3449 4791 fuit

1864 4823 2025 4878 etiam
2074 4825 2187 4891 ipse
2239 4824 2356 4879 lbas
2388 4825 2720 4894 aliarumque
2762 4825 3156 4894 p'ovineiarum
3190 4826 3451 4898 episcOpi,

1865 4909 2220 4968 intentionem
2242 4916 2597 4984 capitulorum
2628 4914 2768 4970 beati
2795 4916 2980 4986 Cyrilli
3010 4918 3187 4971 minus
3208 4919 3449 4973 animad-

1867 5013 2168 5072 verterant,
2221 5015 2278 5060 ut
2305 5022 2367 5063 ea
2390 5008 2550 5063 etiam
2579 5023 2608 5063 a
2635 5010 2863 5064 concilio
2900 5012 3170 5080 I'Iphesino
3196 5023 3447 5083 suscepta

1869 5164 2240 5238 utineodem
2269 5176 2451 5221 contra
2489 5167 2639 5238 Eutyg
2661 5168 2783 5221 hem
2840 5168 2977 5222 duas
3008 5182 3113 5222 non
3171 5167 3446 5234 confusas,

1866 5234 1960 5290 sed
1989 5236 2267 5308 distinctas
2313 5247 2475 5306 atque
2522 5234 2787 5308 perfectas
2817 5248 3035 5293 naturas
3061 5250 3334 5308 agtroscat,
3367 5241 3447 5294 di-

1867 5308 2045 5360 vinam
2071 5315 2126 5361 et
2151 5306 2458 5362 humanam.

1864 5444 2106 5515 eticmteri
2134 5441 2317 5500 Patres
2346 5446 2433 5515 qui
2461 5460 2575 5497 cum
2603 5445 2695 5498 illo
2724 5447 2930 5513 [uerunt
2956 5445 3010 5499 in
3039 5444 3297 5515 Epltesitto
3324 5460 3449 5504 cou-

1864 5514 2001 5576 cilio,
2032 5522 2080 5567 et
2107 5534 2281 5571 eorum
2307 5514 2711 5569 conmmnionem
2736 5558 2750 5582 ,
2783 5525 2885 5568 etc.

1933 5588 1957 5617 ⁵
1997 5589 2137 5644 ldem
2159 5590 2301 5656 cnd.,
2330 5604 2363 5641 a
2391 5587 2675 5640 levissimis.

1936 5658 1955 5688 "
1994 5660 2136 5717 Idem
2164 5664 2309 5727 cod.,
2341 5668 2396 5713 ut
2425 5668 2537 5725 post
2568 5662 2717 5711 hanc.
