4070 6352
622 340 724 395 675

626 450 917 518 culparent.

628 539 805 595 lholici
838 533 1047 605 quidam
1074 540 1178 581 tres
1209 527 1526 597 bypostases
1555 523 1798 589 accipere
1820 520 2106 574 noluerunt
2125 524 2151 551 α
2177 558 2190 580 ,

628 628 863 703 quamvis
912 636 1019 677 tres
1050 631 1305 689 personas
1346 614 1679 683 acceperint;
1739 627 1835 665 nec
1864 612 1985 664 ideo
2016 618 2139 663 suttt
2168 623 2196 661 a

630 724 756 779 viris
784 715 1111 787 sapientibus
1144 710 1377 765 ltmretici
1406 708 1619 778 judicati
1658 706 1708 771 ι’,
1755 705 2006 775 quoniam
2049 717 2198 756 com-

631 813 763 883 perti
791 816 914 863 sunt
940 822 1043 859 non
1081 805 1133 857 ιιι
1178 817 1235 857 re
1284 817 1402 870 quae
1452 800 1542 852 illo
1599 796 1811 850 nomine
1867 793 2203 863 significaba-

632 912 734 968 tur,
782 901 875 955 sed
921 898 1093 969 potius
1145 896 1195 948 in
1224 895 1340 962 ipso
1380 890 1597 945 nomine
1649 904 1754 958 quo
1809 884 2204 955 significabatur

634 994 850 1049 oﬂ'eudi.
886 992 1035 1045 Unde
1063 1005 1166 1043 non
1198 994 1373 1056 potest
1400 984 1650 1038 haeretica
1676 982 1782 1035 lbae
1804 980 2033 1050 epistola
2061 978 2205 1047 judi-

634 1084 777 1148 cari,
804 1082 901 1134 nisi
933 1081 1137 1134 dicatur
1166 1076 1305 1145 quod
1337 1078 1387 1127 in
1418 1072 1663 1141 capitulis
1690 1072 1905 1140 quidem
1939 1070 2073 1125 beati
2106 1070 2208 1139 Cy-

641 1175 751 1230 rilli
780 1183 921 1228 recta
952 1172 1286 1225 contineatur
1315 1168 1464 1235 lides,
1511 1164 1825 1220 Nestoriana
1858 1178 1985 1217 vero
2020 1162 2088 1216 sit
2119 1162 2208 1215 illa

638 1267 987 1324 Orientalium
1017 1262 1283 1318 confes-io
1314 1262 1397 1313 cui
1431 1258 1776 1325 subscripsit.
1811 1270 1966 1325 quam
1995 1265 2047 1308 et
2092 1253 2211 1308 lbas

633 1367 689 1411 et
718 1354 1171 1411 Chalcedonensis
1202 1351 1435 1422 synodus
1479 1352 1528 1401 in
1558 1363 1653 1401 sua
1684 1346 1995 1401 deﬁnitione
2024 1359 2209 1398 susce-

650 1447 756 1517 pit;
784 1456 941 1514 atque
967 1445 1060 1509 ita,
1093 1454 1143 1494 nt
1168 1442 1282 1495 lbas
1314 1450 1368 1495 et
1387 1440 1637 1507 praedicta
1655 1437 1891 1505 synodus
1910 1445 2210 1501 accusetur,

640 1537 865 1610 Cyrillus
894 1546 1015 1606 post
1053 1534 1356 1588 Nestorium
1405 1532 1818 1585 condemnatum
1867 1528 1921 1582 itt
1969 1526 2213 1581 haeresim

640 1631 1006 1687 Nestorianam
1039 1627 1337 1681 declinasse
1370 1624 1689 1678 firmabitur.
1722 1622 1857 1675 "inc
1889 1630 2066 1673 autem
2098 1633 2217 1671 cre-

641 1724 781 1779 ditus
809 1732 892 1776 est
924 1721 1063 1775 idem
1104 1720 1289 1773 beatus
1331 1717 1563 1787 (iyrillus
1606 1732 1709 1769 non
1752 1723 1954 1768 rectam
1986 1713 2129 1780 prius
2163 1710 2215 1763 iu

1679 311 1972 368 FACUNDI
2011 309 2218 367 EPISC.
2254 306 2751 366 HERMIANENSIS

968 439 1115 496 Sient
1137 437 1152 468 ¹
1184 431 1470 503 aliquando
1508 430 1563 485 in
1594 429 1775 485 divina
1819 426 2078 483 Trinitate
2106 440 2196 479 ca-
2223 427 2270 484 Α
2301 421 2523 475 obscura
2556 421 2945 485 clarescerent;
2978 418 3071 474 sed
3100 419 3281 489 potius
3309 428 3367 473 ut
3396 416 3684 488 pristinum
3718 418 3779 471 in
3815 418 3897 472 eis

2297 513 2608 567 emendaret
2659 526 2931 578 errorem,
2978 511 3117 580 quod
3172 510 3476 580 putabatur,
3516 508 3657 562 sicut
3706 508 3897 562 adhuc

2299 604 2614 675 Eutycltiani
2646 612 2870 672 putant,
2901 603 3041 673 quod
3075 618 3233 656 unatn
3264 603 3316 657 in
3347 603 3425 655 eis
3457 600 3655 655 dixerit
3682 599 3901 655 Christi

2299 710 2419 749 esse
2465 704 2733 750 naturam.
2800 694 2933 747 llinc
2971 708 3100 763 ergo
3156 692 3382 761 contigit
3427 703 3481 745 ut
3531 693 3899 746 conversione

2304 788 2444 843 beati
2484 785 2665 856 Cyrilli
2698 784 2834 838 facta
2864 786 3041 838 unitas
3076 784 3410 839 crederetur.
3456 783 3522 837 Et
3564 798 3763 838 revera
3814 784 3901 838 cui

3780 301 3890 354 δῖε]

2307 895 2411 933 non
2452 878 2752 943 subriperet
2798 877 2895 929 ista
2944 876 3178 944 suspicio
3209 876 3302 946 (de
3345 876 3591 929 humanis
3635 875 3903 929 cordibus

2310 971 2594 1038 loquimur,
2644 976 2698 1021 et
2736 967 2967 1021 hnntana
3009 966 3169 1022 corda
3215 968 3529 1038 gestamus),
3586 982 3716 1022 cum
3768 966 3903 1020 nihil

2309 1061 2595 1115 orientales
2641 1058 2825 1113 Patres
2855 1058 2945 1128 qui
2980 1058 3095 1113 haec
3122 1058 3353 1128 capitula
3381 1058 3703 1128 corrigenda
3752 1057 3906 1126 judi-

2310 1161 2599 1218 caveruut,
2632 1151 2902 1217 corrigere
2929 1161 3276 1220 cogerentur;
3308 1151 3494 1206 beatus
3518 1161 3704 1205 autent
3728 1150 3903 1219 Cyrd.

2315 1244 2419 1311 lus,
2455 1259 2562 1296 non
2586 1247 2755 1297 solum
2791 1242 2911 1296 fidei
2941 1240 3264 1298 confessioni
3294 1257 3451 1313 quam
3484 1244 3622 1298 sicut
3650 1258 3910 1297 necessa-

2316 1336 2455 1389 rium
2508 1334 2853 1388 crediderunt
2907 1334 2981 1387 illi
3038 1334 3398 1400 dictaverant,
3454 1334 3730 1403 expetitus
3787 1346 3908 1388 ante

2316 1425 2704 1489 subscriberet,
2740 1424 2834 1479 sed
2869 1425 3027 1480 etiam
3060 1427 3171 1494 ipsa
3204 1438 3300 1478 sua
3330 1425 3560 1494 capitula
3604 1434 3907 1478 rectractar

2321 1516 2442 1570 iet?
2488 1517 2561 1570 De
2593 1516 2695 1570 hoc
2720 1523 2895 1569 autem
2924 1515 3063 1585 quod
3094 1517 3381 1585 opponitur
3411 1531 3473 1569 ac
3503 1515 3730 1581 dicitur,
3792 1518 3907 1583 quia

2323 1624 2427 1661 non
2455 1616 2561 1662 tam
2583 1616 2770 1662 contra
2799 1607 3010 1661 beatum
3039 1607 3296 1677 (yrillum
3325 1623 3483 1678 quam
3506 1623 3573 1663 co
3597 1617 3700 1660 xtra
3739 1608 3907 1676 Ephe-

2323 1703 2492 1754 sinam
2522 1699 2784 1771 synodum
2819 1700 2979 1755 locuti
3005 1709 3160 1765 sunt,
3189 1700 3307 1769 quia
3343 1716 3527 1769 parum
3563 1700 3909 1771 intelligendo

641 1813 752 1869 suis
778 1811 1023 1881 capitulis
1052 1809 1285 1863 tenuisse
1314 1806 1631 1861 sententiam
1654 1850 1667 1873 ,
1717 1804 1811 1859 sed
1854 1802 2217 1856 admonitione
2255 1801 2291 1854 ιι
2326 1794 2463 1848 male
2496 1793 2561 1847 de
2589 1793 2693 1848 illis
2718 1792 2828 1863 iam
2860 1794 3090 1862 receptis
3118 1794 3363 1863 capillﬂis
3389 1794 3782 1857 crediderunt;
3830 1810 3909 1849 86°

642 1903 993 1960 Orientalium
1015 1910 1195 1971 postea
1216 1914 1335 1953 esse
1352 1908 1660 1965 correptus;
1701 1897 1950 1966 quoniam
1966 1910 2085 1948 cunt
2104 1892 2215 1959 ipsa

648 1996 822 2050 unitas
854 1993 1211 2048 Ecclesiarum
1245 1990 1415 2051 fieret,
1448 2006 1553 2043 non
1577 1990 1863 2042 orientales
1894 1987 2077 2039 Patres
2107 1985 2222 2053 ejus

588 2090 591 2091 ⁷
649 2085 892 2154 capitulis
918 2082 1254 2138 subscribere
1285 2080 1544 2147 compulsi
1578 2086 1724 2143 sunt,
1758 2078 1848 2132 sed
1896 2078 2009 2145 ipse
2048 2076 2224 2144 potius

648 2176 915 2244 expetitus
957 2181 1039 2227 est
1088 2171 1306 2225 directae
1355 2169 1456 2222 sibi
1502 2169 1569 2221 ab
1609 2170 1687 2223 eis
1726 2165 2050 2221 confessioni
2099 2166 2224 2219 sub-

649 2267 905 2323 scribere.
962 2264 1241 2333 Ipsamque
1295 2260 1645 2330 capitulorum
1707 2272 1926 2313 suorunt
1967 2265 2225 2312 retracta-

649 2361 849 2415 tioncm
906 2368 964 2424 ο,
1014 2372 1121 2411 non
1169 2354 1290 2410 ideo
1336 2368 1457 2409 eum
1513 2360 1630 2421 post
1685 2349 2013 2420 Ephesinatn
2067 2363 2227 2420 syno-

648 2449 774 2505 dum
820 2447 1009 2505 fecisse
1052 2447 1211 2516 aliqui
1242 2444 1613 2507 crediderunt,
1652 2454 1708 2497 ut
1745 2458 1866 2513 qua:
1895 2442 2073 2495 clausa
2114 2442 2229 2511 qni-

652 2539 874 2597 busdam
932 2537 1143 2594 fuerant
1188 2536 1565 2607 panderentur,
1621 2543 1675 2589 et
1725 2549 1845 2602 qua:
1903 2532 2222 2588 videbantur

723 2700 749 2727 ι
790 2687 994 2750 Crteci,
1024 2696 1081 2741 ut
1113 2685 1265 2741 docet
1306 2694 1521 2739 sanctus
1564 2683 1917 2750 Augustinus,
1949 2681 2043 2737 lib.
2095 2696 2127 2733 v
2165 2682 2232 2737 de

652 2761 930 2824 'l'rinitate,
964 2774 1081 2824 cap.
1109 2758 1162 2823 8,
1191 2761 1310 2828 piata
1327 2759 1505 2810 οὐσίαν
1521 2797 1533 2817 ,
1560 2762 1701 2828 qui;
1718 2757 2036 2828 ὑποστάσςεις
2056 2752 2232 2806 dicere

651 2830 925 2893 solebant,
970 2829 1108 2896 quod
1153 2838 1236 2881 est
1263 2827 1466 2890 Latine,
1503 2824 1741 2896 gutfidem
1775 2824 1993 2896 exponit
2010 2863 2038 2896 ,Α
2076 2839 2230 2875 unam

650 2892 919 2957 essentiam
936 2938 952 2963 ,
988 2892 1094 2951 tres
1125 2897 1452 2951 substantias.
1496 2893 1600 2950 Sed
1631 2895 1753 2962 quia
1780 2909 1905 2947 usus
1931 2892 2231 2946 obtinuerat

653 2970 790 3041 apud
818 2970 1036 3025 Latinos
1066 2977 1123 3021 ut
1148 2969 1288 3041 idem
1330 2966 1719 3041 intelligeretur
1763 2964 2059 3041 substantia
2089 2963 2231 3028 quod

651 3032 905 3104 essentia,
939 3048 1215 3109 propterea
1239 3039 1417 3093 dicere
1441 3032 1544 3091 non
1558 3035 1823 3109 audebant
1852 3043 1961 3089 tres
1984 3032 2233 3109 hyposta-

651 3127 759 3177 ses,
811 3125 879 3166 ne
915 3122 1023 3165 tres
1042 3107 1316 3164 ‘essentias
1341 3109 1520 3163 dicere
1556 3107 1895 3171 viderentur;
1944 3108 2037 3159 sed
2070 3118 2228 3177 unam

2324 1885 2508 1953 quenti
2553 1884 2709 1950 libro,
2758 1885 2881 1953 quia
2929 1884 3000 1938 ibi
3046 1884 3214 1951 magis
3261 1894 3622 1953 opportunum
3678 1885 3907 1949 videtur,

2329 1976 2491 2029 multa
2521 1986 2575 2031 et
2605 1976 2743 2031 sicut
2779 1977 3034 2037 existimo
3075 1990 3182 2030 non
3223 1975 3614 2030 contemnenda
3647 1976 3904 2029 dicemus.

2324 2070 2381 2125 Si
2399 2084 2527 2123 vero
2546 2068 2855 2141 htcreticum
2873 2078 2956 2123 est
2971 2067 3223 2139 Cyrillum
3241 2067 3535 2123 credidisse
3560 2083 3665 2121 con
3676 2082 3906 2131 versum,

2328 2175 2426 2215 cur
2454 2159 2678 2215 obsecro
2710 2174 2814 2213 non
2838 2158 3006 2213 multo
3037 2158 3204 2227 magis
3251 2159 3436 2213 beatus
3465 2157 3811 2226 Theophilus
3836 2159 3908 2211 di-

2330 2261 2479 2306 catur
2509 2251 2815 2317 ltzereticus,
2863 2250 2950 2319 qui
2982 2248 3048 2305 de
3078 2259 3264 2304 sancto
3290 2247 3496 2303 Joanne
3523 2248 3907 2303 Constantino-

2336 2343 2759 2415 politano,cujus
2787 2342 3093 2396 auctoritati
3122 2350 3282 2411 atque
3309 2342 3567 2396 doctrina:
3599 2342 3780 2396 multo
3810 2356 3910 2395 ma-

2328 2436 2500 2505 jorem
2540 2432 2941 2490 venerationem
2967 2430 3163 2485 Christi
3191 2430 3353 2486 debet
3393 2430 3663 2496 Ecclesia,
3719 2430 3844 2485 talia
3868 2442 3911 2485 et

2335 2534 2479 2581 tanta
2507 2523 2824 2593 conscripsit
2850 2520 2903 2589 ἀ,
2932 2523 3171 2578 utetiam
3196 2537 3313 2586 nos,
3345 2521 3487 2592 quod
3510 2536 3576 2577 ea
3601 2521 3693 2577 vel
3720 2537 3913 2577 memo-

2334 2683 2595 2735 Caaterutn
2624 2679 2816 2743 nostri,
2843 2678 2939 2749 qui
2964 2678 3143 2731 taudin
3192 2678 3497 2733 restiterant
3518 2681 3768 2749 quandiu
3799 2680 3915 2734 5:6—

2336 2773 2519 2805 στασιν
2540 2751 2886 2806 ειιιιιιτιιιιίςιιιι
2909 2748 3010 2802 dici
3038 2749 3433 2811 intellexerunt,
3464 2748 3555 2803 ubi
3584 2766 3709 2803 eam
3738 2766 3911 2804 vocem

2336 2836 2364 2873 a
2396 2821 2693 2875 substantia
2726 2820 3030 2889 Grmcorutn
3054 2820 3300 2885 exemplo
3330 2820 3684 2889 distinguere,
3723 2832 3784 2875 et
3809 2837 3914 2885 per-

2338 2907 2524 2945 sonant
2557 2893 2672 2945 sive
2691 2887 3084 2944 subsistentiam
3111 2891 3446 2954 interpretari
3471 2887 3798 2958 cinperunt.
3836 2907 3915 2942 ex-

2342 2961 2463 3017 inde
2485 2971 2591 3016 tres
2614 2962 2926 3033 hypostases
2950 2975 3071 3013 cum
3095 2958 3295 3015 Graecis
3318 2960 3553 3029 profiteri
3576 2976 3643 3015 ac
3665 2963 3917 3030 proﬁtea-

2339 3035 2435 3085 das
2461 3047 2580 3086 esse
2609 3030 2715 3086 nun
2742 3030 3069 3084 dubitarunt.

2410 3100 2438 3141 δ
2477 3102 2608 3157 Nam
2635 3116 2755 3157 cum
2797 3101 3112 3171 ltypostases
3141 3100 3228 3155 alii
3256 3100 3441 3156 eodem
3468 3115 3633 3156 sensu
3681 3100 3918 3157 dicerent

651 3163 937 3237 essetuiam
954 3163 1033 3234 vel
1054 3163 1548 3241 substantiam,tres
1563 3186 1737 3230 autem
1758 3163 2035 3242 personas.
2068 3176 2230 3228 Porro
2260 3163 2305 3225 C
2337 3188 2445 3242 quo
2483 3173 2574 3227 alii
2614 3163 2909 3239 personas,
2964 3170 3167 3225 neutris
3222 3173 3355 3225 alios
3380 3172 3639 3226 damnare
3671 3171 3759 3226 fas
3794 3184 3918 3239 erat,

651 3261 850 3314 autem,
882 3250 971 3319 qui
996 3258 1106 3303 tres
1128 3250 1443 3318 hypostases
1465 3248 1738 3311 dicebant,
1761 3246 1934 3319 ϐτίῡοὶ
1955 3252 2016 3319 Διςι
2040 3244 2229 3319 Orien-

654 3323 810 3386 tales,
858 3315 1028 3373 ii'non
1058 3315 1216 3372 aliud
1232 3334 1389 3387 quam
1422 3329 1530 3371 tres
1555 3315 2229 3387 personasintelligebant,

654 3390 950 3461 Epiphanio
972 3398 1104 3461 teste
1120 3388 1176 3461 in
1206 3385 1392 3461 hieresi
1415 3389 1503 3461 73,
1533 3401 1585 3441 et
1608 3385 1865 3461 Gregorio
1898 3385 2231 3461 Nazianzeno

655 3457 865 3514 in'o'rat.
888 3460 976 3512 2|.
1002 3458 1557 3526 Distingucbanteniut
1576 3461 1642 3511 ab
1664 3458 1895 3510 essentia
1926 3457 2227 3522 ὑπόστασιν,

654 3542 778 3583 cum
826 3528 1000 3583 Latini
1026 3529 1097 3581 ob
1125 3529 1318 3597 linguae
1350 3528 1610 3593 inopiam,
1663 3526 2007 3597 utgGregorio
2038 3528 2231 3593 placet,

657 3598 987 3667 distinguere
1018 3613 1122 3652 non
1152 3595 1393 3665 possent.
1424 3598 1621 3652 Verum
1649 3595 1739 3665 qui
1768 3598 1944 3667 ορσἐαν
1968 3596 2033 3649 ab
2066 3599 2231 3666 hypo-

655 3670 781 3724 Itasi
802 3664 907 3723 non
923 3664 1328 3733 distinguerent,
1353 3668 1529 3721 Latini
1546 3668 1644 3722 soli
1663 3664 1763 3719 nun
1783 3664 2001 3720 fuerunt
2017 3664 2116 3721 nec
2130 3668 2233 3734 pri-

654 3740 727 3793 mi
748 3737 1377 3819 :namnsynodnsblierena
1403 3741 1454 3791 in
1473 3737 1802 3819 erpositione
1822 3735 2233 3819 fidei‘daumaus

655 3823 747 3864 eos
768 3808 857 3879 qui
881 3807 1068 3861 Filium
1097 3808 1186 3880 Dei
1213 3811 1265 3872 ἐξ
1296 3808 1470 3880 ἐτέρας
1507 3809 1840 3867 ὑποστάσεως
1860 3808 1889 3865 ἢ
1914 3809 2091 3868 οὐσίας
2114 3822 2233 3861 esse

656 3878 870 3943 dicunt,
924 3892 1021 3945 pro
1067 3878 1285 3943 eodem,
1330 3878 1386 3931 ut
1427 3888 1679 3946 apparet,
1729 3889 2008 3945 utramque
2047 3892 2231 3931 vocem

657 3951 863 4018 posuit,
911 3950 1117 4001 tametsi
1147 3950 1299 4002 aliter
1328 3962 1515 4003 sancto
1541 3950 1736 4002 Basilio
1766 3948 2006 4002 videatur
2038 3948 2091 4001 itt
2122 3949 2233 4014 epi-

656 4019 792 4072 stola
822 4020 907 4073 78.
944 4019 1007 4072 Et
1036 4028 1249 4071 sanctus
1293 4019 1611 4073 Athanasius
1643 4020 1813 4072 Patris
1859 4034 1921 4072 ac
1966 4018 2083 4071 Filii
2114 4021 2234 4087 μίαν

655 4092 850 4155 οὐσίαν,
892 4093 1012 4159 μίαν
1042 4089 1333 4143 ὑπόστασιν
1363 4105 1482 4159 esse
1510 4088 1665 4143 tradit
1708 4091 1758 4141 itt
1799 4097 1933 4143 orat.
1987 4088 2019 4140 5
2046 4100 2232 4142 contra

656 4158 969 4228 Arianos'et
998 4160 1050 4212 itt
1079 4160 1303 4223 epistola
1329 4159 1394 4211 ad
1426 4158 1728 4222 Liberium;
1768 4161 1818 4212 in
1847 4159 2072 4228 epistola
2103 4174 2232 4228 vero

656 4234 720 4282 ad
748 4227 1025 4283 Africanos
1065 4230 1264 4284 diserte
1291 4228 1524 4283 afﬁrmat
1562 4231 1853 4285 ὑποστάσιν
1884 4226 2056 4284 ei)an
2083 4226 2228 4284 εἶναι.

658 4299 894 4368 Denique
920 4301 970 4353 in
995 4300 1198 4369 synodo
1223 4300 1601 4363 Alexandrina,
1633 4311 1691 4353 ut
1716 4310 1799 4353 est
1818 4301 1957 4367 apud
1980 4302 2229 4353 eutndwm

654 4371 1004 4423 Athanasium
1034 4370 1085 4422 in
1118 4371 1339 4435 epistola
1373 4372 1436 4422 ad
1470 4371 1879 4433 Antioeltcnscs,
1923 4385 2041 4423 cum
2075 4370 2232 4423 dissi-

654 4438 1114 4509 derentepiscopi,
1142 4446 1297 4507 atque
1314 4440 1429 4491 aliis
1447 4450 1553 4493 tres
1576 4442 1911 4509 bypostases,
1937 4440 2053 4491 aliis
2070 4456 2228 4493 unam

655 4508 760 4576 dici
791 4510 1056 4575 placeret;
1088 4510 1177 4576 qui
1209 4525 1365 4561 unam
1394 4508 1660 4573 dicebant,
1690 4510 1996 4563 existimare
2023 4524 2081 4563 se
2105 4526 2230 4576 pro-

656 4574 935 4647 fessisrtnt
960 4574 1286 4647 hypostasiut
1310 4586 1364 4631 et
1386 4581 1671 4633 essentiam
1707 4579 1843 4632 idem
1872 4593 2011 4642 esse,
2048 4574 2230 4635 ταύτὸν

656 4642 781 4701 εἶναι
820 4650 977 4700 εἰπεῖν
1000 4642 1300 4702 ’ὗπὸστασιν
1338 4651 1422 4701 καὶ
1460 4651 1655 4703 οὐσίαν.
1708 4650 2016 4718 Quanquam
2052 4663 2228 4705 autem

656 4718 893 4786 synodus
925 4718 1012 4769 illa
1060 4726 1308 4788 utrosque
1360 4728 1503 4773 recte
1532 4721 1751 4781 sentire,
1798 4725 1852 4773 et
1880 4735 2007 4773 voce
2055 4723 2230 4788 potius

656 4800 813 4852 quam
862 4786 1124 4840 sententia
1165 4788 1471 4853 discrepare
1515 4791 1804 4855 comperit,
1856 4786 2228 4846 abstinendum

659 4866 836 4930 tamen
867 4870 895 4908 a
926 4855 1174 4930 novitatis
1194 4858 1372 4925 specie
1400 4857 1450 4930 in
1483 4870 1749 4926 posterum
1771 4899 1787 4924 ,
1820 4860 2058 4930 nihilque
2088 4862 2227 4915 ultra

656 4924 923 4979 Niczcnam
958 4924 1235 4979 fortnuiattt
1267 4924 1649 4995 exquirendum
1680 4930 1915 4991 censuit,
1966 4924 2121 4996 idque
2162 4934 2225 4983 azl

659 4998 1045 5069 antiocltenses
1075 4997 1326 5069 synodica
1362 5012 1455 5051 sua
1487 5004 1812 5069 pevscripsit.
1857 5000 1961 5054 Sed
2007 5002 2227 5055 decreto

655 5068 749 5121 illo
794 5067 923 5120 nihil
976 5068 1225 5121 obtinuit.
1281 5068 1500 5122 lnvaluit
1545 5067 1719 5135 enim;
1771 5080 1828 5124 ιιι
1875 5071 2074 5124 (ιιειιιιιι
2119 5080 2223 5136 est,

652 5138 789 5204 apud
813 5138 1030 5191 Graecos
1053 5146 1107 5191 et
1130 5139 1445 5203 Orientales,
1475 5149 1532 5195 ut
1554 5150 1661 5196 tres
1684 5142 1996 5211 ltypostases
2018 5156 2226 5211 summa

650 5219 991 5261 cuntentione
1010 5224 1331 5274 assererem,
1359 5217 1517 5275 atque
1529 5212 1662 5264 alios
1678 5210 1740 5265 ad
1761 5212 2001 5266 eamdem
2016 5210 2226 5265 confes-

651 5278 855 5351 sionem
896 5279 1294 5345 compcllerent.
1350 5280 1498 5351 Unde
1534 5291 1586 5334 et
1625 5282 1927 5351 Hieronymi
1970 5282 2227 5335 adversus

650 5348 1015 5418 x_\_ntiocbcnos
1065 5349 1419 5411 exnostulatio
1467 5351 1531 5403 ad
1586 5348 1866 5404 Damasum
1918 5352 2075 5418 epist.
2131 5352 2219 5405 57:

652 5414 826 5482 Nunc,
858 5419 1047 5485 inquit,
1091 5423 1217 5486 proh
1248 5420 1416 5473 dolor!
1461 5428 1569 5488 post
1604 5419 1864 5473 Nim'nam
1897 5414 2075 5487 ﬁdem,
2110 5433 2219 5485 post

654 5488 1059 5560 Alexandrinum
1112 5491 1292 5558 ⁸ἱιιηιειο
1356 5494 1547 5560 pariter
1615 5494 1884 5544 ueniente
1940 5495 2214 5554 decretum,

652 5554 801 5631 trium
834 5554 1166 5631 hypostnseon
1193 5554 1587 5631 abelriauorttm
1618 5563 1832 5628 pra'sufe
1867 5569 1916 5615 et
1965 5560 2220 5629 Campen-

651 5626 786 5677 st‘bus
815 5627 1068 5679 not-ellum
1095 5646 1125 5680 a
1154 5646 1231 5681 me
1256 5629 1458 5686 homine
1492 5626 1721 5685 Romano
1751 5647 1933 5686 nomen
1976 5626 2216 5702 exigitur.

718 5756 739 5789 ⁸
774 5756 907 5814 Cod.
935 5758 1163 5831 Vcron.,
1201 5762 1306 5818 Sic.

2330 3246 2588 3320 ῥημάτων,
2611 3244 2667 3320 ιιι
2682 3242 3043 3320 Nazianzenus
3064 3243 3271 3320 sertbit,
3290 3247 3365 3320 sic
3378 3250 3468 3302 τήν
3490 3245 3656 3320 adrui»
3677 3246 3917 3320 φιρόνῖῳῖ

2334 3312 2579 3371 διάνοιαν.
2608 3314 2695 3369 Sic
2712 3314 2765 3367 iit
2787 3312 2992 3383 synodo
3015 3313 3397 3377 Alexandrina,
3422 3329 3521 3367 nec
3539 3312 3918 3367 Ariai'u’habiti

2332 3394 2455 3439 sunt
2476 3388 2563 3454 qui
2588 3393 2695 3438 tres
2724 3385 3036 3453 ltypostases
3062 3386 3390 3446 asserebant,
3434 3400 3554 3453 quia
3584 3384 3919 3452 hypostasitn

2335 3472 2439 3509 non
2470 3469 2568 3523 pro
2595 3456 2913 3517 substantia,
2963 3455 3055 3506 sed
3086 3468 3182 3520 pro
3215 3469 3439 3520 persona
3467 3456 3793 3519 sumebant;
3829 3469 3917 3508 nec

2342 3525 2631 3581 Sabelliani
2661 3526 2748 3594 qui
2772 3525 2981 3578 unicam
3003 3523 3282 3582 dicebant.
3307 3526 3428 3592 quia
3452 3525 3799 3595 bypostasim
3822 3540 3919 3580 non

2339 3611 2643 3666 personant,
2687 3595 2784 3650 sed
2811 3595 3162 3666 substantiam
3196 3596 3585 3665 intelligebant.

2409 3676 2431 3703 ο
2473 3664 2738 3734 Capitula,
2778 3664 2891 3719 sive
2918 3664 3391 3719 anatlteutatisutos
3421 3666 3707 3719 duodecim
3736 3674 3920 3721 contra

2335 3750 2546 3791 errores
2576 3735 3388 3806 NestoriiscripseratCyrillus,
3435 3738 3523 3806 qui
3548 3738 3758 3790 subditi
3806 3750 3921 3790 sunt

2334 3807 2577 3877 epistolae
2603 3807 2769 3875 ipsius
2794 3804 3065 3877 etsyuodi
3089 3804 3469 3860 Alexandrinze
3487 3811 3551 3858 ad
3582 3806 3919 3866 Nestorium.

2339 3876 2567 3945 lectique
2613 3892 2733 3948 cum
2780 3876 2964 3929 eadem
3010 3876 3238 3944 epistola
3285 3876 3339 3930 itt
3388 3878 3599 3931 actione
3652 3881 3674 3930 t
3729 3879 3921 3948 synodi

2340 3949 2644 4017 l-Lpltesinar.
2684 3947 2804 4017 llos
2832 3948 3310 4001 anathematisntos
3336 3949 3478 4001 velut
3515 3947 3813 4002 lucreticos
3848 3953 3921 4003 in-

2334 4016 2602 4072 famarunt
2663 4016 3091 4084 damnarnntque
3144 4017 3197 4069 in
3246 4020 3450 4084 privato
3498 4028 3775 4072 conventu
3834 4033 3921 4074 suo

2335 4088 2568 4156 episcopi
2594 4086 2910 4140 Orientales.
2942 4088 3173 4155 Cyrillus
3200 4103 3348 4152 vero,
3382 4097 3438 4141 ut
3478 4105 3695 4142 omnem
3734 4104 3918 4143 ansam

2339 4162 2595 4228 eriperet.
2628 4162 2856 4225 capitula
2885 4171 2981 4210 sua
3008 4158 3234 4224 primum
3257 4159 3446 4228 synodi
3470 4159 3685 4213 hortatu
3718 4172 3920 4214 retrac-

2344 4236 2471 4283 tavit
2499 4239 2551 4281 el
2574 4229 2845 4293 exposuit,
2873 4242 3022 4298 suam
3047 4228 3489 4298 anathentatismo
3543 4230 3739 4298 cuique
3765 4246 3919 4298 quam

2341 4307 2495 4353 vocat
2540 4299 2769 4353 ἐπίλυσιν
2811 4313 2901 4351 seu
2950 4297 3366 4352 declarationem
3411 4297 3727 4367 subiiciens.
3787 4297 3919 4354 Tum

2336 4369 2528 4423 deinde
2558 4368 2947 4437 apologaticum
2981 4384 3075 4435 pro
3105 4368 3294 4423 iisdem
3321 4370 3585 4436 capitibus
3625 4370 3803 4423 edidit
3831 4372 3919 4423 ad-

2342 4453 2527 4493 versus
2554 4440 2852 4493 Orientales
2879 4453 3103 4507 quorum
3134 4440 3351 4495 nomine
3399 4439 3919 4496 circumferebantur

2340 4511 2655 4582 ἀντιρρήσεις
2698 4510 2923 4582 singulis
2960 4509 3423 4582 anatltetnatismis
3460 4514 3740 4580 oppositae,
3793 4528 3918 4581 qua-

2341 4577 2459 4634 rum
2483 4577 2673 4633 "auctor
2702 4577 2868 4634 fuisse
2892 4580 3128 4633 creditur
3156 4582 3399 4635 Andreas
3424 4577 3709 4651 episcopus
3731 4577 3918 4635 Samo-

2336 4658 2576 4714 satenus,
2608 4651 2764 4717 cujus
2790 4651 3033 4704 meminit
3058 4650 3286 4721 Cyrillus
3311 4652 3530 4720 epistola
3562 4653 3632 4707 δυ
3663 4652 3729 4706 ad
3755 4652 3915 4707 Eulo-

2333 4725 2499 4789 gium.
2561 4723 2840 4775 Postremo
2892 4736 3012 4776 cum
3072 4722 3395 4776 'l'lteodoreti
3446 4738 3662 4791 quoque
3720 4722 3910 4777 librum

2332 4791 2627 4861 accepisset
2655 4792 2914 4846 adversus
2936 4794 3123 4845 eadem
3143 4797 3315 4860 capita
3343 4792 3569 4847 Joannis
3593 4794 3912 4849 Antiocheni

2327 4859 2480 4928 jussu
2513 4868 2865 4929 compositum
2892 4903 2907 4927 ,
2937 4863 3158 4917 alteram
3192 4859 3377 4917 rursus
3410 4864 3618 4917 illorum
3650 4862 3913 4919 defensio-

2335 4948 2454 4985 nem
2506 4946 2787 5001 aggressus
2834 4942 2945 4993 est,
3002 4936 3055 4986 in
3104 4948 3204 5001 qua
3258 4938 3534 4988 universas
3587 4934 3911 4988 Theodoreti

2333 5006 2627 5077 ἀνατροπὰς
2677 5018 2773 5077 sua
2818 5018 3083 5077 quamque
3131 5005 3370 5077 apologia
3420 5003 3735 5058 confutavit.
3788 5010 3910 5070 Qum

2332 5075 2510 5127 omnia
2540 5076 2725 5129 Graece
2758 5075 3049 5143 Latineque
3078 5090 3220 5129 nunc
3264 5075 3409 5129 edita
3453 5077 3635 5130 videre
3674 5085 3757 5129 est
3796 5083 3911 5145 past

2332 5146 2593 5211 synodum
2626 5145 2968 5211 Epltesiuant.

2403 5212 2430 5249 ά
2468 5215 2771 5269 lnnormetn
2797 5217 2988 5287 librum
3020 5226 3203 5286 postea
3228 5227 3383 5271 vocat
3404 5233 3472 5272 ex
3504 5232 3611 5287 quo
3633 5215 3905 5284 sequentia

2329 5284 2735 5357 depromuntur.
2782 5284 3420 5357 Infestus'Cbrysostotno
3449 5284 3623 5342 fuerat
3645 5287 3906 5354 'fbeOplti-

2329 5355 2411 5408 lus
2459 5356 2868 5419 Alexandrinus,
2924 5373 3029 5411 non
3076 5355 3247 5412 solum
3296 5358 3528 5424 viventi,
3575 5358 3712 5413 adeo
3752 5367 3807 5409 ut
3855 5359 3901 5409 in

2325 5426 2571 5479 exsiliunt
2602 5427 2814 5482 tandem
2846 5430 3191 5493 extruderet,
3241 5445 3423 5483 verum
3468 5432 3630 5483 etiam
3672 5437 3899 5487 mortuo,

2326 5510 2392 5570 tte
2421 5498 2558 5550 illius
2582 5513 2778 5570 nomen
2805 5503 2854 5553 iu
2885 5499 3132 5570 diptycha
3164 5497 3473 5570 referretur.
3507 5501 3611 5553 Sed
3652 5497 3899 5567 singulari

2330 5568 2416 5622 llei
2444 5569 2773 5636 providentia
2805 5585 2907 5625 ιιοιι
2932 5567 3056 5626 anie
3083 5571 3312 5625 animant
3335 5567 3521 5626 efflare
3550 5571 3651 5625 sub
3678 5582 3894 5623 mortem
