4070 6352
287 316 386 375 377

1173 312 1307 368 PRO
1349 309 1776 369 DEFENSIUNE
1815 309 2032 366 TRIUM
2055 308 2368 367 CAPITUL.
2411 311 2538 367 [ΑΒ.
2576 310 2657 365 Vl.

3453 311 3553 365 678

284 445 490 495 ramus,
512 427 621 482 sola
654 426 820 495 possit
845 422 1163 479 necessitas'
1188 422 1487 478 excusare?
1511 421 1747 484 Fratres,
1777 421 1863 475 iu-
1891 428 1941 487 Α
1969 426 2267 473 memorato
2319 420 2659 473 sanctissimo
2720 418 2833 474 viro
2890 418 3095 474 Joanne
3150 420 3356 475 diceret
3412 422 3553 490 quod

289 510 403 593 quit
422 563 435 586 ,
467 520 701 575 Joannes
729 515 1064 586 persequitur
1096 512 1370 568 immundo
1398 512 1586 583 spiritu
1616 528 1722 582 quo
1753 510 1867 566 suf-

288 613 563 669 focabatur
617 607 775 672 Saul;
833 617 886 661 et
941 606 1170 671 iterum,
1242 611 1545 657 sanctorttm
1597 602 1869 656 ministros

290 703 521 761 necavit.
570 701 707 755 Dicit
750 698 900 752 illum
942 697 1396 762 contaminatum,
1440 704 1494 749 et
1534 696 1584 748 in
1631 694 1867 748 Ecclesia

290 798 681 869 primitivorum
730 794 987 861 impium,
1044 791 1419 859 pestilentem,
1478 804 1764 852 vesanum,
1816 795 1872 842 et

293 886 585 959 tyrannicae
624 882 820 938 mentis
851 882 1051 935 insania
1081 879 1422 934 furibundum
1443 919 1458 943 ,
1507 890 1665 949 atque
1696 880 1747 932 in
1775 892 1870 932 sua

292 978 507 1033 vesania
559 974 912 1045 gloriantem,
976 971 1210 1025 animam
1264 986 1412 1023 suam
1466 969 1870 1024 adulterandam

293 1068 580 1124 tradidisse
609 1065 845 1121 diabolo.
879 1064 1004 1117 llaec
1026 1072 1202 1116 autem
1225 1062 1423 1125 omnia,
1450 1062 1587 1116 sicut
1611 1061 1874 1115 habentur

290 1163 345 1217 in
368 1161 536 1229 ipsius
558 1158 838 1225 Theophili
863 1160 881 1188 ¹
906 1159 1062 1223 libro,
1098 1158 1165 1209 ita
1198 1156 1491 1225 posuimus.
1526 1154 1694 1208 Vocat
1723 1154 1871 1207 illum

293 1253 453 1307 etiam
485 1248 826 1304 humanitatis
855 1246 1062 1301 hostem
1082 1286 1095 1309 ,
1139 1254 1194 1299 et
1223 1246 1310 1314 qui
1339 1245 1543 1299 scelere
1578 1258 1675 1297 suo
1706 1243 1873 1297 latro-
1908 1304 1911 1307 _

293 1359 420 1400 num
466 1341 684 1397 vicisset
715 1339 1020 1407 audaciam,
1071 1338 1455 1407 sacrilegorum
1489 1336 1781 1407 principem
1821 1342 1877 1389 et

293 1432 651 1488 sacerdotium
684 1440 928 1500 agentem
970 1430 1217 1499 impiuro,
1268 1438 1426 1497 atque
1455 1427 1755 1482 oblationes
1785 1440 1875 1481 sa-

295 1527 521 1593 erilegas
552 1522 893 1589 offerentem,
940 1538 1220 1591 procacem
1250 1532 1304 1577 et
1330 1521 1521 1575 frontis
1549 1520 1877 1576 durissimte.

298 1617 407 1670 Iloc
434 1614 643 1685 quoque
673 1612 952 1683 adjiciens,
984 1614 1122 1681 quod
1155 1628 1258 1667 non
1290 1612 1373 1667 his
1403 1612 1641 1667 Joannes
1670 1611 1875 1682 laqueis

297 1705 537 1759 irretitus
565 1712 773 1757 tenetur
801 1703 888 1771 qui
922 1705 1129 1770 possint
1155 1703 1441 1773 aliquando
1471 1703 1688 1756 dissolvi
1714 1747 1726 1768 ,
1778 1701 1873 1757 sed

1967 507 2068 561 alia
2099 508 2145 562 ei
2172 522 2329 575 pmna
2378 510 2661 576 quaerenda
2712 510 2802 577 sit,
2836 524 2901 564 eo
2930 510 3068 579 quod
3100 511 3339 565 vinceret
3381 514 3556 566 scele—

1968 600 2044 655 ris
2079 600 2387 668 magnitudo
2437 602 2833 656 multitudinem
2888 613 3296 659 tormentorum.
3352 605 3407 661 Si
3440 609 3559 675 quis

1969 700 2145 745 autem
2178 693 2409 760 experiri
2434 694 2659 748 voluerit
2687 697 2825 764 quod
2860 712 2965 751 non
2996 699 3290 751 sententias
3323 706 3556 761 tantum,

1972 800 2155 839 verum
2185 786 2344 839 etiam
2376 786 2487 854 ipsa
2522 787 2677 840 verba
2716 790 3011 856 posuimus,
3038 801 3089 845 et
3142 806 3301 847 nosse
3349 793 3561 861 quoties

1974 875 2087 931 hazc
2108 876 2176 929 ab
2220 876 2314 930 illo
2361 878 2612 946 replicata
2658 888 2802 947 sunt,
2846 881 2983 947 legat
3029 882 3309 937 innormen
3347 884 3560 948 librum,

1974 980 2081 1021 non
2111 967 2284 1021 solum
2315 969 2678 1033 contumeliis,
2710 970 2805 1024 sed
2838 971 2948 1037 ipsa
2994 988 3203 1042 quoque
3233 989 3377 1044 saepe
3412 992 3565 1045 repe-

1976 1061 2069 1113 tita
2099 1058 2504 1115 maledictorum
2537 1060 3000 1129 recapitulatione,
3038 1066 3193 1118 nimis
3225 1065 3563 1133 horribilem,

1975 1150 2042 1205 ab
2073 1149 2396 1221 Hieronymo
2438 1152 2751 1222 presbytero
2796 1154 3132 1208 translatum.
3191 1154 3265 1209 De
3288 1170 3395 1224 quo
3425 1158 3567 1213 idem

1977 1238 2164 1297 beafus
2195 1243 2526 1313 Theophilus
2567 1246 2900 1314 exspectavit
2931 1256 2987 1300 ut
3017 1262 3112 1316 per
3134 1246 3248 1315 ejus
3275 1248 3565 1315 eloquium,

1977 1335 2147 1404 qual-S
2194 1335 2428 1392 Joannes
2475 1337 2634 1391 fuerit
2679 1337 2851 1393 Latini
2903 1348 3309 1407 cognoscerent.
3344 1340 3449 1393 Nos
3469 1358 3568 1396 au-

1981 1434 2083 1481 tem
2118 1426 2167 1480 in
2203 1427 2294 1482 illo
2346 1428 2505 1491 libro,
2543 1445 2646 1483 non
2678 1431 2849 1497 qualis
2897 1433 3151 1494 Joannis,
3196 1434 3282 1500 qui
3316 1431 3444 1485 nihil
3478 1434 3571 1485 ho-

1980 1532 2097 1572 rum
2132 1517 2465 1582 merebatur;
2497 1533 2597 1573 nec
2624 1520 2795 1589 qualis
2840 1520 3187 1590 The0philus,
3223 1522 3375 1591 cujus
3401 1526 3571 1578 virtus

1981 1610 2033 1664 in
2065 1610 2247 1665 multis
2278 1612 2516 1678 probata,
2573 1626 2678 1666 non
2730 1627 2792 1667 ex
2851 1612 2954 1667 isto
2979 1613 3256 1667 accedenti
3286 1614 3473 1669 morbo
3494 1616 3572 1684 ju-

1984 1700 2208 1756 dicanda
2233 1712 2347 1765 est;
2379 1701 2470 1755 sed
2494 1703 2669 1771 petius
2697 1702 2870 1772 qualis
2901 1705 2969 1757 sit
2998 1704 3315 1758 miserabilis
3343 1705 3573 1760 humana

290 1796 386 1866 qui
411 1796 731 1864 audiretpro
753 1795 943 1848 merito
966 1794 1149 1865 flagitii
1172 1797 1252 1850 sui
1270 1796 1681 1849 comminantem
1708 1796 1871 1850 Deum
1912 1812 1954 1870 Β
1981 1792 2091 1847 vita
2118 1795 2513 1863 cognoscimus,
2541 1794 2609 1848 de
2634 1810 2739 1864 qua
2770 1794 3027 1864 scriptum
3060 1807 3172 1850 est:
3206 1796 3341 1862 Quia
3364 1801 3573 1853 teutotio

297 1901 456 1959 atque
503 1888 769 1943 dicentem
818 1887 1106 1943 :Judieate
1150 1890 1289 1943 inter
1338 1904 1424 1943 me
1470 1897 1525 1943 et
1568 1890 1875 1944 Joannem:

299 1980 602 2049 exspectavi
636 1986 694 2033 ιιι
725 1978 922 2032 iaceret
945 1977 1236 2048 judicium,
1266 1975 1390 2033 fecit
1422 1988 1597 2033 autem
1630 1978 1881 2048 iniquita-

294 2078 410 2126 tem
431 2111 443 2134 ,
489 2079 543 2125 et
580 2084 683 2121 non
712 2068 970 2137 justitiam
993 2109 1006 2130 ,
1057 2069 1150 2123 sed
1179 2070 1491 2123 clamorem.
1526 2068 1661 2125 Dicit
1692 2069 1879 2134 etiam,

292 2162 424 2230 quia
446 2161 583 2215 sicut
605 2160 828 2216 Satanas
859 2160 1254 2230 transtiguravit
1278 2175 1337 2215 se
1366 2162 1419 2213 in
1445 2160 1688 2229 angelum
1721 2160 1879 2225 lueis,

292 2252 373 2307 ita
417 2250 571 2307 etiam
618 2250 849 2305 Joannes
892 2266 996 2304 non
1043 2258 1187 2305 esset
1229 2250 1370 2320 quod
1414 2248 1726 2315 videbatur;
1784 2265 1883 2305 nec

299 2352 505 2398 tantum
536 2341 764 2396 similem
803 2340 1039 2409 Satanae,
1081 2341 1175 2396 sed
1209 2340 1546 2395 immundum
1578 2342 1879 2397 daemonem

301 2446 423 2486 eum
464 2432 731 2501 appellat,
778 2444 930 2486 more
976 2431 1231 2486 torrentis
1260 2431 1563 2487 trahentem
1597 2430 1881 2486 verborum

301 2522 646 2592 spurcitiam,
696 2536 857 2591 quem
898 2521 1025 2576 etin
1055 2520 1329 2577 Christum
1380 2523 1622 2592 perhibet
1663 2523 1883 2593 impium

294 2610 589 2674 exstitisse,
638 2620 693 2666 et
720 2609 870 2665 Judte
899 2610 1174 2666 traditoris
1204 2627 1325 2668 esse
1352 2624 1682 2670 consortem.
1724 2614 1888 2669 Addit

301 2702 461 2756 etiam
502 2702 641 2772 quod
672 2712 927 2771 arguatur
956 2702 1007 2755 in
1042 2703 1211 2757 Deum
1254 2719 1443 2757 manus
1476 2705 1664 2775 impias
1700 2715 1888 2760 exten-

303 2792 467 2861 disse,
497 2800 548 2845 et
571 2793 709 2863 quod
732 2792 964 2846 Jacobus
985 2792 1260 2861 apostolus
1282 2793 1348 2847 de
1372 2794 1686 2862 quibusdam
1706 2810 1883 2849 rerum

302 2882 691 2936 mundanarum
737 2883 945 2952 cupidis
976 2883 1110 2937 dixit
1144 2899 1157 2937 :
1191 2881 1377 2938 Petitis
1406 2896 1453 2938 et
1484 2902 1585 2937 non
1632 2886 1884 2956 accipitis,

294 2989 362 3026 eo
391 2973 526 3045 quod
549 2974 679 3027 male
700 2974 881 3043 petatis
906 2971 1045 3045 (Jac.
1076 2989 1152 3044 IV,
1169 2973 1248 3045 5),
1281 2974 1383 3030 hoc
1405 2976 1592 3031 beatus
1618 2975 1891 3047 Theophi-

300 3064 385 3118 lus
408 3064 619 3119 heu-tum
644 3064 904 3119 Joannem
930 3066 1122 3121 asserit
1145 3064 1353 3121 dixisse
1376 3067 1441 3122 de
1462 3067 1697 3123 Christo.
1730 3086 1750 3121 ι
1779 3068 1889 3122 Au-

1982 1896 2055 1940 est
2081 1902 2231 1957 super
2262 1895 2449 1939 terram
2494 1886 2625 1957 (Job
2656 1903 2748 1953 vu,
2774 1887 2851 1959 l).
2887 1889 3017 1943 Nam
3049 1889 3094 1943 si
3117 1889 3237 1943 talia
3265 1888 3459 1945 talibus
3489 1907 3575 1945 ac-

1982 1978 2247 2043 ciderunt,
2278 1978 2403 2049 quid
2429 1979 2583 2033 nobis
2614 1980 2957 2034 metuendum
3011 1997 3116 2035 non
3148 1982 3239 2045 sit,
3293 1982 3574 2052 nostrique

1984 2067 2289 2123 similibus?
2317 2070 2386 2122 At
2405 2083 2504 2139 ego
2530 2068 2617 2123 hic
2640 2069 2957 2140 interrogari
2978 2072 3169 2126 vellem
3194 2071 3405 2141 judices
3436 2086 3576 2126 mor-

1985 2167 2220 2226 tuorum,
2253 2160 2342 2230 qui
2378 2159 2443 2214 ad
2488 2159 2904 2215 destructionem
2937 2161 3131 2233 synodi
3174 2161 3578 2217 Chalcedonen-

1984 2251 2059 2306 sis
2082 2266 2178 2307 nos
2208 2265 2419 2321 quoque
2452 2251 2641 2306 volunt
2690 2251 2757 2306 de
2801 2254 3028 2308 mortuis
3062 2252 3331 2323 judicare,
3362 2268 3465 2322 qua
3489 2267 3578 2307 ra-

1988 2343 2152 2408 tione,
2200 2356 2377 2412 quave
2422 2341 2650 2412 justitia,
2685 2341 2909 2399 haeresis
2957 2344 3208 2399 crimen“
3258 2345 3578 2413 deputetur,

1991 2434 2254 2505 Cyrillum
2312 2434 2512 2490 dixisse
2558 2448 2900 2502 conversum,
2930 2445 2984 2489 et
3007 2434 3337 2504 Theophilus
3363 2448 3466 2489 non
3492 2434 3579 2503 ju-

1988 2523 2229 2577 dicatur’
2273 2522 2577 2591 hazreticus,
2638 2525 2729 2593 qui
2784 2532 3028 2580 sanctum
3052 2523 3312 2579 Joannem
3344 2524 3578 2579 clarissi-

1988 2628 2134 2667 mum
2184 2611 2461 2667 doctorem
2514 2612 2763 2667 Ecclesia:
2812 2613 3011 2669 dixisse
3051 2613 3385 2678 criminatur,
3436 2613 3578 2683 quod

1986 2702 2234 2758 Christus
2282 2703 2534 2769 oraverit,
2579 2712 2633 2757 et
2661 2718 2766 2758 non
2815 2703 2977 2759 fuerit
3003 2704 3284 2760 exauditus
3309 2704 3434 2773 quia
3466 2718 3576 2757 non

1988 2791 2126 2847 bene
2164 2793 2430 2857 oraverit;
2471 2800 2526 2848 et
2556 2792 2680 2847 talia
2715 2794 3054 2862 praedicasse,
3085 2804 3142 2848 ut
3168 2794 3353 2848 Ariani
3381 2804 3437 2849 et
3469 2794 3577 2848 Eu-

1995 2885 2231 2939 nomiani
2261 2894 2443 2939 contra
2475 2883 2744 2939 Christum
2786 2886 2905 2956 ejus
2933 2887 3282 2956 blasphemiis
3310 2886 3582 2942 delecten-

1994 2984 2100 3041 tur,
2135 2975 2229 3030 sed
2258 2973 2427 3030 Judmi
2453 2984 2506 3030 et
2538 2974 2861 3042 idololatrte;
2898 2984 2952 3032 et
2980 2978 3099 3046 quia
3130 2991 3196 3032 se
3221 2976 3458 3033 Judaica:
3487 2980 3582 3034 im-

1996 3070 2182 3139 pietati
2216 3068 2518 3123 tradiderit.
2553 3069 2607 3125 Si
2641 3084 2769 3123 vero
2800 3069 2934 3124 nihil
2965 3069 3164 3125 habent
3195 3070 3336 3138 quod
3367 3084 3583 3139 respon.

304 3171 396 3209 sus
439 3164 552 3222 est,
604 3155 808 3225 inquit,
862 3156 1043 3212 dicere
1074 3158 1126 3211 in
1156 3157 1404 3223 ecclesia,
1458 3159 1599 3229 quod
1645 3158 1891 3214 Christus
1922 3176 1967 3239 ρ
2000 3162 2186 3228 deant,
2218 3163 2470 3233 quoniam
2519 3161 2875 3231 TlieOphilum
2926 3177 3023 3232 pro
3073 3161 3319 3217 humanis
3381 3162 3583 3233 injuriis

302 3247 577 3310 oraverit,
630 3254 684 3301 et
726 3261 830 3301 non
876 3244 1039 3301 fuerit
1084 3248 1388 3315 exauditus,
1440 3250 1564 3319 quia
1614 3266 1720 3305 non
1763 3251 1898 3306 bene

300 3337 562 3392 oraverit.
602 3356 619 3387 ι
669 3337 800 3404 Quis
832 3338 1207 3394 btereticorum
1239 3340 1475 3395 deterius
1510 3341 1899 3411 blasphemavit

318 3446 476 3497 quam
533 3432 745 3486 beatum
804 3432 1064 3488 Joannem
1115 3432 1279 3489 refert
1332 3435 1521 3491 beatus
1571 3437 1901 3506 Theophilus

310 3521 740 3589 blasphemasse,
798 3538 956 3592 quem
1006 3521 1239 3579 afﬁrmat
1283 3529 1555 3581 consortio
1599 3528 1619 3559 ³
1667 3528 1902 3584 Judaica:

310 3614 597 3683 impietatis
612 3616 954 3684 semetipsum
985 3617 1291 3685 tradidisse,
1318 3629 1374 3676 et
1389 3620 1584 3676 offerre
1603 3624 1903 3679 temeritate

307 3706 466 3762 solita
511 3708 655 3778 quod
691 3710 997 3765 obtulerunt
1043 3711 1244 3779 Judaei,
1294 3714 1525 3783 seipsum
1584 3731 1649 3771 ac
1679 3717 1903 3787 pepulos

309 3799 663 3870 decipientem
683 3841 698 3867 ,
751 3810 807 3856 et
836 3801 1038 3856 Dathan
1069 3812 1231 3873 atque
1258 3804 1462 3860 Abiron
1490 3807 1903 3861 tetnulatorem?

318 3908 337 3941 t
373 3891 589 3959 Audiat,
621 3892 811 3963 inquit,
838 3909 958 3948 cum
982 3893 1180 3949 Judzeis
1200 3935 1217 3962 ,
1250 3897 1503 3967 iniquitas
1526 3897 1547 3928 ⁸
1569 3899 1901 3967 magniticata

311 3991 395 4037 est
440 3983 620 4038 nimis.
671 4000 694 4037 ι
745 3983 942 4053 Adjicit
971 3985 1132 4039 etiam
1166 3984 1265 4040 hoc
1300 4003 1315 4041 :
1360 4005 1380 4039 t
1416 3985 1594 4042 Ariani
1633 4000 1684 4042 et
1726 3990 1906 4042 Eunoo

316 4073 475 4126 miani
520 4080 708 4127 contra
754 4073 1028 4129 Christum
1070 4074 1289 4130 Joannis
1329 4076 1677 4145 blasphemiis
1720 4076 1902 4132 delec-

316 4164 773 4231 tantur;Jud:eiet
794 4166 1091 4221 idololatrze
1113 4166 1385 4235 iustificati
1416 4177 1539 4222 sunt
1568 4179 1655 4224 tua
1686 4184 1902 4238 compa-

315 4261 521 4314 ratione
549 4260 797 4331 gentiles.
840 4277 857 4310 ι
905 4259 972 4313 Et
1018 4261 1208 4315 iterum
1262 4259 1393 4315 dicit
1434 4276 1449 4314 :
1488 4279 1508 4312 t
1562 4262 1676 4316 Non
1726 4264 1897 4318 solum

316 4365 420 4405 non
450 4360 533 4406 est
557 4349 895 4406 Christianus
924 4350 1175 4417 Joannes,
1227 4352 1319 4408 sed
1352 4354 1500 4423 pejor
1528 4364 1607 4408 est
1640 4370 1762 4424 rege
1792 4355 1897 4408 Ba-

317 4443 552 4514 bylonio,
584 4444 753 4498 multo
770 4444 1083 4500 sceleratior
1097 4461 1254 4515 quam
1275 4446 1572 4512 Balthasar,
1601 4446 1893 4502 idololatris

1999 3255 2242 3326 judirant
2290 3269 2395 3307 non
2425 3268 2547 3309 esse
2599 3253 2881 3308 dicendum
2940 3254 3274 3321 hmreticum,
3298 3263 3398 3313 hoc
3425 3256 3585 3312 etiam

2004 3349 2265 3420 synodum
2324 3346 2820 3403 Chalcedoneusem
2867 3349 2919 3402 in
2991 3348 3217 3417 epistola
3270 3350 3585 3406 venerabilis

2004 3442 2109 3497 lbae
2127 3441 2396 3511 judicasse
2425 3441 2672 3495 desinant
2697 3440 2989 3496 criminari.
3026 3441 3192 3511 llujus
3223 3453 3401 3497 autem
3433 3458 3586 3499 vene-

2004 3534 2189 3589 rabilis
2212 3533 2496 3603 Theophili
2539 3534 2621 3589 sui
2666 3534 2970 3591 decessoris
2999 3534 3185 3591 beatus
3218 3535 3447 3607 Cyrillus
3470 3551 3586 3590 sen-

2007 3626 2225 3679 tentiam
2277 3637 2530 3693 sequens,
2566 3626 2679 3693 ipse
2711 3626 2871 3679 etiam
2903 3634 3109 3694 postea,
3144 3626 3588 3694 quemadmodum

2004 3730 2195 3785 quarto
2228 3715 2364 3769 libro
2393 3714 2695 3781 docuimus,
2727 3724 2915 3770 contra
2973 3715 3231 3785 judicium
3264 3730 3477 3785 quoque
3506 3730 3588 3771 se-

2005 3807 2088 3861 dis
2117 3807 2450 3875 apostolicae,
2506 3821 2625 3876 qua:
2656 3822 2750 3874 per
2806 3806 3172 3861 beatissimum
3204 3822 3396 3875 papam
3430 3807 3589 3859 Inno-

2004 3898 2234 3950 centium
2282 3897 2517 3967 praedicti
2546 3899 2712 3953 sancti
2759 3898 2983 3953 Joannis
3014 3900 3065 3953 in
3089 3898 3283 3954 exsilio
3304 3897 3583 3952 constituti

2004 3987 2403 4043 damnationem
2443 3990 2697 4055 solverat,
2724 4005 2918 4045 nomen
2950 3991 3066 4060 ejus
3088 3999 3212 4061 post
3253 4000 3479 4047 mortem
3511 3992 3592 4045 in-

2007 4088 2088 4134 ter
2133 4080 2223 4134 Dei
2278 4081 2584 4135 sacerdotes
2640 4081 2691 4135 in
2726 4082 2992 4137 sacriticio
3040 4083 3255 4137 recitari
3288 4082 3591 4151 prohibuit;

2006 4180 2081 4235 et,
2139 4169 2277 4223 sicut
2325 4171 2440 4239 ejus
2494 4171 2748 4226 decessor
2793 4173 3121 4242 Theophilus
3176 4174 3383 4229 dixerat
3454 4174 3593 4242 quod

2003 4260 2189 4315 Ariani
2220 4259 2566 4329 blaSphemiis
2616 4260 2733 4331 ejus
2784 4261 3207 4328 delectarentur,
3260 4263 3331 4317 ita
3386 4272 3441 4318 et
3482 4264 3593 4332 ipse

2003 4365 2123 4406 eum
2153 4351 2401 4406 Eudoxio
2455 4353 2657 4407 Ariano
2688 4354 2941 4423 episcopo
2969 4357 3336 4425 comparavit;
3370 4370 3469 4411 nec
3501 4370 3592 4423 pro

2000 4446 2100 4500 hac
2121 4445 2519 4501 existimatione
2549 4447 2631 4501 vel
2664 4430 3029 4517 Theophilum
3060 4448 3340 4519 quisquam
3383 4449 3465 4503 vel
3494 4447 3592 4521 Cy-
3648 4484 3653 4493 .

315 4543 371 4590 et
396 4535 623 4591 ethnicis
650 4536 966 4592 sceleratior
1002 4544 1086 4591 est
1121 4536 1375 4593 Joannes.
1427 4538 1581 4604 Tibi,
1615 4539 1724 4605 ait,
1759 4554 1892 4609 prze-
1925 4557 1975 4617 ι)
2000 4537 2177 4592 rillum
2200 4537 2463 4607 judicavit
2486 4537 2822 4603 btereticum,
2843 4539 3093 4607 quoniam
3118 4540 3277 4611 longe
3306 4541 3408 4596 alia
3436 4556 3593 4596 causa

315 4640 441 4683 sens
469 4626 778 4698 ignominia,
811 4637 1008 4684 aeterna
1040 4628 1093 4683 in
1125 4626 1320 4684 futuris
1346 4630 1553 4685 smculis
1584 4646 1740 4701 ptena
1771 4632 1895 4687 red-

316 4718 491 4771 detur.
532 4735 551 4769 ι
588 4717 698 4773 Iloc
724 4732 935 4789 quoque
961 4721 1132 4775 visum
1159 4731 1241 4776 est
1270 4731 1325 4775 et
1355 4722 1495 4777 idem
1527 4724 1685 4778 beato
1714 4724 1895 4779 Theo-

320 4809 469 4877 philo
514 4809 691 4865 dicere
731 4826 747 4864 :
792 4811 1035 4865 Salvator
1077 4813 1327 4868 clamavit
1374 4824 1427 4869 et
1479 4814 1645 4883 dixit,
1701 4816 1897 4873 Tollite

322 4897 619 4961 Joannem,
690 4910 747 4954 et
805 4902 999 4956 mittite
1049 4902 1102 4956 in
1154 4906 1402 4959 tenebras
1462 4908 1783 4962 exteriores.
1831 4910 1896 4961 ιςι

324 4990 513 5045 iterum
570 5006 583 5041 :
653 4989 1006 5059 Largissimos
1067 4991 1283 5049 fomites
1333 5003 1458 5049 ante
1516 4998 1744 5051 tribunal
1804 4999 1894 5053 Dei

321 5095 423 5136 suo
483 5080 799 5136 ministravit
876 5082 1143 5139 incendio.
1218 5085 1284 5139 Et
1350 5085 1463 5139 haec
1535 5088 1715 5139 omnia
1792 5103 1896 5143 non

321 5174 646 5231 suffecerunt
693 5176 785 5230 ira:
833 5184 991 5246 atque
1020 5175 1185 5231 furori
1214 5178 1257 5245 ⁵,
1307 5179 1405 5231 nisi
1461 5178 1617 5232 etiam
1670 5180 1770 5233 hoc
1829 5181 1898 5235 de

325 5349 612 5420 permissus
638 5359 1086 5427 est,_quam__eum
1105 5349 1522 5427 Cbrysnstomo,
1556 5355 1677 5422 ejus
1705 5357 1896 5427 imagi-

325 5436 445 5476 nem
490 5424 814 5488 venerando,
864 5422 1060 5477 rediret
1102 5424 1153 5476 in
1192 5432 1447 5492 gratiam,
1495 5436 1551 5479 ut
1593 5441 1656 5481 ex
1705 5422 1887 5483 Isidori

398 5576 413 5607 ¹
454 5575 587 5631 Cod.
623 5575 840 5641 \’cron.,
875 5594 1040 5630 cattsm
1068 5581 1356 5634 necessitas.

395 5647 415 5679 '
457 5646 597 5700 Idem
630 5647 772 5714 cod.,
803 5649 935 5701 benti
972 5648 1259 5715 Theophili.

399 5715 419 5746 ⁸
461 5715 600 5770 Idem
630 5718 748 5771 cod.
769 5758 784 5782 ,
833 5721 981 5769 rlimn
1013 5722 1285 5773 ctmsorlio.

399 5784 419 5813 ⁵
460 5785 598 5839 [dettl
624 5790 768 5851 cot|.,
799 5790 916 5857 iui]:
938 5790 1035 5841 itas
1067 5799 1174 5842 tua.

1996 4639 2079 4685 est
2104 4646 2222 4699 qua!
2253 4640 2487 4686 meretur
2518 4634 2615 4685 hoc
2649 4647 2866 4686 nomen.
2891 4632 3045 4701 Quod
3083 4635 3243 4689 etiam
3274 4642 3461 4689 sancta
3502 4648 3593 4706 sy-

1997 4727 2168 4781 nodus
2215 4732 2266 4782 in
2325 4727 2549 4797 epistola
2602 4728 2929 4783 venerabilis
2956 4729 3063 4784 Ibat
3091 4731 3466 4792 considerans,
3497 4744 3593 4783 tie-

1997 4820 2182 4890 glectis
2213 4828 2373 4887 atque
2425 4818 2746 4887 posthabitis
2800 4819 3034 4874 hominis
3078 4819 3145 4875 de
3176 4820 3389 4874 homine
3411 4818 3593 4888 suspi-

1999 4911 2264 4977 cionibus,
2296 4924 2391 4978 pro
2416 4924 2536 4965 vera
2568 4910 2884 4965 Christianre
2916 4911 3037 4965 fidei
3068 4912 3405 4965 confessione
3431 4926 3590 4979 quam

2001 5000 2262 5065 continet,
2310 5016 2427 5053 eam
2473 5003 2837 5070 pronuntiavit
2885 5003 3263 5055 orthodoxam.
3319 5002 3448 5065 Qute
3492 5000 3593 5053 hoc

2001 5093 2160 5146 etiam
2194 5095 2530 5160 prospexisse
2558 5093 2820 5149 credenda
2852 5104 2953 5157 est,
2999 5092 3248 5162 quoniam
3280 5092 3321 5145 si
3354 5105 3469 5144 eam
3498 5104 3593 5157 pro

2002 5183 2276 5237 levissima
2337 5194 2388 5238 et
2437 5185 2698 5253 praeterita
2750 5184 3055 5252 suspicione
3108 5196 3265 5252 quam
3328 5181 3393 5236 de
3434 5181 3592 5235 beato

2002 5359 2210 5414 diaconi
2243 5353 2675 5431 Chrooogrophia
2710 5372 2887 5415 narrat
2919 5360 3303 5430 Damascenus,
3345 5360 3421 5417 De
3452 5360 3591 5415 itna~

1998 5433 2209 5501 gintbus
2241 5436 2331 5488 lih.
2367 5451 2443 5498 ιιι,
2474 5447 2742 5488 extremo.

2078 5592 2097 5663 ξ
2137 5591 2276 5645 Idem
2309 5592 2430 5647 cod.
2463 5634 2478 5659 ,
2524 5594 2687 5662 furori
2715 5592 3007 5663 Theophili.

2076 5661 2096 5691 ⁸
2137 5662 2275 5715 Idem
2313 5663 2457 5727 cotl.,
2489 5661 2709 5715 crimini.

2082 5731 2102 5761 '
2147 5733 2283 5785 Idem
2316 5736 2431 5787 cod.
2462 5772 2476 5797 ,
2503 5736 2723 5788 dicatur.
