4070 6352
490 330 497 335 ’
573 344 677 403 ωε)

572 458 777 533 Cyrillo
802 472 925 513 eum
970 452 1333 511 Orientalibus
1382 450 1834 522 diversarumque
1869 450 2165 520 provincia-

575 566 695 609 rum
751 547 1017 617 episcopis
1067 546 1403 614 conscriptor
1441 543 1561 612 ejus
1613 543 1817 609 habuit,
1862 542 2165 596 hzrreticam

576 643 860 714 iudicaret,
894 637 1061 693 multo
1111 638 1281 705 magis
1334 634 1521 691 eadem
1582 634 1793 689 ratione
1840 631 2167 700 Theophilus

574 734 901 804 judicaretur
947 728 1252 794 hiereticus,
1302 728 1390 797 qui
1446 726 1580 781 dixit
1622 725 1885 780 Joannem
1929 724 2168 778 inChri-

573 835 714 879 stum
744 822 966 892 impium
994 821 1285 885 exstitisse,
1318 829 1373 875 et
1403 834 1590 874 ausum
1623 818 1788 874 fuisse
1836 820 1886 872 in
1940 817 2167 873 ecclesia

574 916 772 980 dicere,
820 914 965 985 quod
1020 912 1268 968 Christus
1315 913 1572 979 oraverit,
1594 920 1648 966 et
1679 928 1783 966 non
1819 911 1982 967 fuerit
2013 924 2169 965 exau-

540 1006 735 1072 ‘ditus,
765 1006 886 1075 quia
918 1019 1022 1059 non
1055 1004 1193 1058 bene
1225 1003 1489 1069 oraverit;
1523 1011 1579 1057 et
1609 1004 1735 1072 quia
1762 1002 1944 1057 Ariani
1978 1010 2032 1057 et
2059 1000 2170 1055 Eu-

575 1096 809 1150 nomiani
852 1103 1038 1151 contra
1077 1092 1351 1149 Christum
1380 1092 1497 1161 ejus
1527 1092 1881 1162 blasphemiis
1926 1093 2170 1149 delecta-

574 1199 779 1252 rentur,
808 1187 981 1242 Judzei
1031 1200 1244 1254 quoquc
1274 1196 1329 1240 et
1358 1183 1679 1239 idololatraz.
1710 1183 1874 1252 Cujus
1906 1198 2006 1238 nec
2021 1185 2169 1241 devis

575 1292 627 1333 et
657 1278 963 1332 transitoria
1015 1276 1115 1331 fuit
1160 1277 1261 1329 ista
1281 1275 1535 1344 suspicio,
1583 1273 1677 1329 sed
1719 1290 1876 1343 quam
1902 1288 2000 1329 suo
2032 1291 2167 1344 quo-

576 1384 679 1438 que
708 1367 1009 1423 successori
1048 1365 1249 1436 Cyrillo
1278 1366 1597 1432 transmisit,
1646 1376 1701 1420 ut
1733 1374 1784 1420 et
1807 1366 1921 1433 ipse
1952 1381 2075 1422 eum
2101 1367 2175 1422 de

576 1459 952 1514 ecclesiasticis
1001 1459 1172 1511 muris
1224 1457 1539 1512 excluderet
1583 1459 1622 1521 ¹,
1678 1467 1731 1512 et
1772 1457 1962 1511 Judam
2012 1468 2171 1527 atque

576 1553 885 1607 Jeebnniam
934 1550 1157 1615 diceret,
1209 1565 1272 1604 ac
1306 1549 1611 1619 profanum,
1645 1561 1699 1604 et
1742 1549 1983 1604 Eudoxio
2010 1552 2169 1605 Aria-

576 1659 767 1699 norum
823 1643 1079 1712 episcopo
1124 1642 1370 1697 crederet
1416 1642 1821 1697 conferendum.
1874 1642 1988 1697 Non
2040 1657 2170 1709 ergo

575 1733 715 1803 iuste
764 1733 958 1787 dicitur
982 1741 1166 1785 sancta
1214 1732 1449 1801 synodus
1480 1732 1762 1799 epistolam
1788 1730 1892 1786 [hae
1944 1746 2038 1800 pro
2076 1744 2169 1786 su-‘

577 1829 811 1897 spicione
839 1840 995 1897 quam
1028 1824 1095 1880 de
1119 1825 1272 1881 beato
1298 1825 1500 1894 Cyrillo
1542 1824 1876 1891 conscriptor
1906 1824 2021 1893 ejus
2043 1838 2164 1878 cum

577 1920 760 1974 multis
807 1917 1091 1988 aliquando
1150 1916 1355 1982 habuit,
1407 1916 1556 1970 velut
1589 1916 1895 1969 ba-reticam
1926 1914 2177 1969 debuisse

579 2010 859 2062 damnare:
891 2023 1014 2061 cum
1067 2008 1266 2075 potius,
1301 2008 1345 2060 si
1378 2005 1481 2059 boc
1525 2012 1899 2075 prmsumeret,
1934 2004 2062 2058 hinc
2092 2006 2175 2073 ip-

580 2116 697 2155 sum
730 2101 944 2154 beatum
976 2098 1255 2169 Cyrillum,
1306 2098 1448 2168 quod
1490 2098 1598 2167 jam
1648 2113 1793 2167 smpe
1824 2106 2175 2152 monstratum

581 2202 687 2256 est,
721 2190 923 2245 faceret
952 2191 1121 2244 videri
1150 2190 1531 2245 damnabilem.
1565 2190 1695 2255 Quis
1735 2189 1877 2243 enim
1912 2190 1995 2243 vel
2029 2190 2173 2258 ipso-

584 2298 703 2336 rum
749 2282 1189 2337 calumniantium
1221 2290 1379 2348 neget
1408 2280 1548 2349 quod
1578 2281 1819 2350 graviora
1852 2280 2080 2350 Cyrillus
2108 2279 2176 2334 de

584 2379 770 2426 sancto
792 2371 997 2426 Joanne
1027 2385 1185 2439 quam
1210 2370 1327 2423 lbas
1356 2370 1423 2423 de
1452 2368 1651 2438 Cyrillo
1673 2369 2023 2438 conscripsit?
2054 2369 2176 2423 ΙΙωο

584 2476 762 2519 autem
786 2464 1034 2519 scandala
1075 2464 1159 2518 vel
1204 2463 1491 2532 qumlihet'
1522 2463 1715 2516 merito
1765 2477 1863 2518 nos
1903 2462 2176 2518 offendunt

581 2554 635 2607 in
667 2552 931 2619 Patribus,
964 2569 1098 2623 quos
1139 2561 1390 2623 tanquam
1422 2551 1703 2605 luminaria
1730 2551 1869 2606 Deus
1902 2553 1953 2605 in
1986 2551 2172 2607 Eccle-

580 2644 657 2699 sia
685 2659 780 2699 sua
832 2645 1127 2709 constituit,
1179 2653 1242 2698 ut
1290 2659 1475 2699 eorum
1529 2643 1761 2712 desuper
1808 2643 2174 2698 illuminemur

579 2737 865 2792 excellenti
916 2738 1139 2792 scientia
1174 2747 1334 2807 atque
1367 2738 1632 2802 doctrina,
1670 2738 1747 2792 sic
1774 2737 2018 2793 habenda
2041 2738 2172 2793 mihi

580 2830 848 2897 videntur,
874 2830 1009 2885 sicut
1041 2830 1279 2898 ipsorum
1314 2844 1531 2900 quoque
1560 2829 1900 2885 luminarium
1932 2830 2052 2885 εωιί
2081 2830 2173 2885 de-

578 2922 777 2979 fectus:
836 2938 952 2992 qua:
1003 2922 1125 2977 licet
1154 2938 1539 2993 nonnunquam
1574 2921 1875 2993 splendoris
1900 2922 1982 2977 sui
2009 2922 2174 2977 detri-

580 3022 756 3069 menta
806 3013 1123 3079 sustineant,
1176 3028 1283 3068 non
1342 3022 1522 3067 tamen
1588 3014 1842 3067 amittunt
1890 3013 2171 3067 luminaria

581 3120 698 3161 esse
750 3106 889 3174 quod
936 3116 1080 3158 sunt.
1132 3105 1199 3158 Et
1240 3104 1432 3160 crebro
1482 3104 1697 3174 quidem
1746 3104 1939 3158 accidit
1985 3113 2041 3157 ut
2072 3105 2171 3159 ista

579 3210 791 3267 quoque
824 3196 1077 3250 Ecclesiae
1105 3196 1408 3261 luminaria,
1440 3197 1692 3266 quoniam
1741 3195 1906 3248 multa
1934 3211 1965 3249 a
2014 3195 2170 3250 nobis

580 3284 898 3340 celsitudine
924 3294 1261 3353 separantur,
1310 3301 1406 3355 pro
1434 3286 1665 3354 quodam
1696 3296 1891 3340 nostra:
1922 3284 2170 3355 ignoran-

582 3378 668 3431 tia:
701 3376 908 3440 nubilo,
959 3392 1079 3430 cum
1133 3377 1186 3431 in
1244 3392 1301 3432 se
1347 3378 1682 3446 splendentia
1707 3387 1976 3444 maneant,
2018 3379 2171 3434 nobis

582 3466 863 3522 videantur
908 3471 1154 3522 obscura.
1214 3468 1481 3523 llabeatur
1528 3470 1707 3539 itaque
1757 3470 1904 3525 velut
1957 3472 2170 3541 eclipsis

581 3558 826 3624 quamam
859 3558 1198 3611 lnminarium
1228 3557 1515 3627 Theophili
1562 3570 1616 3613 et
1642 3558 1853 3629 Cyrilli,
1887 3561 2026 3631 quod
2062 3571 2168 3617 tam

581 3646 858 3701 horribilia
891 3648 958 3703 de
983 3664 1175 3718 magno
1204 3649 1455 3704 luminati
1484 3651 1691 3706 Joanne
1710 3651 2167 3725 Constaut’nOpo-

581 3736 747 3809 litano
768 3737 929 3792 locuti
961 3748 1105 3794 sunt.
1137 3739 1407 3795 llabeatur
1431 3743 1592 3797 etiam
1622 3744 1789 3799 altera
1812 3746 2028 3816 eclipsis
2054 3748 2163 3803 vel-

582 3836 638 3883 ut
685 3829 1028 3884 luminarium
1090 3829 1436 3886 Orientalium
1502 3834 1615 3889 sive
1668 3835 1899 3891 aliorum
1953 3837 2167 3894 Patrum

578 3922 668 3991 qui
694 3936 814 3975 cu-zn
857 3921 934 3977 eis
962 3938 1028 4001 ex
1053 3923 1279 3979 diversis
1306 3924 1594 3994 provinciis
1613 3938 1996 4001 convenerant,
2027 3931 2169 4001 quod

578 4014 943 4085 intelligentia:
964 3996 1178 4073 defectu
1196 4019 1479 4089 paululum
1504 4020 1794 4091 obscurati,
1824 3996 2167 4096 aliter'quam

577 4118 665 4162 res
706 4107 892 4163 habuit
936 4108 1005 4165 de
1053 4109 1317 4166 luminare
1346 4112 1554 4184 Cyrillo
1583 4116 2004 4173 aestimaverunt.
2034 4118 2166 4175 Nam

576 4210 713 4267 quos
734 4197 981 4256 Christus
1013 4199 1067 4256 in
1100 4202 1354 4258 Ecclesia:
1383 4218 1495 4260 suae
1530 4205 1712 4261 stabili
1736 4222 1886 4278 pace,
1915 4196 2167 4279 tanquam

575 4288 630 4343 in
670 4289 795 4345 cteli
865 4290 1208 4350 ﬁrmamento
1264 4295 1516 4362 servavit,
1567 4309 1666 4352 nos
1707 4299 1954 4353 venerari
2006 4308 2168 4370 atque

574 4384 855 4454 suscipere
897 4394 1141 4455 oportet;
1175 4402 1277 4443 nec
1297 4388 1366 4444 de
1394 4388 1617 4445 illorum
1644 4392 2028 4449 controversiis
2052 4393 2167 4464 jam

580 4475 749 4530 finitis
770 4476 977 4531 inﬁnita
1008 4493 1227 4533 movere
1265 4482 1582 4547 certamina,
1605 4491 1659 4537 et
1682 4492 1886 4541 temere
1912 4486 2166 4543 condem-

576 4580 709 4622 nare
739 4578 1001 4635 mortuos,
1054 4571 1225 4640 magis
1262 4581 1439 4627 autem
1472 4574 1711 4644 cogitare
1737 4591 1835 4631 nos
1856 4581 2164 4649 morituros,

576 4664 629 4711 et
655 4655 876 4712 credere
906 4657 1115 4726 potius,
1154 4659 1297 4727 quod
1329 4661 1512 4730 pietati
1550 4665 1803 4720 convenit
1824 4664 2166 4739 Christianm,

571 4748 699 4819 quia
750 4763 848 4815 pro
879 4749 990 4803 suis
1018 4750 1070 4805 in
1112 4750 1356 4806 Ecclesia
1392 4753 1592 4809 Christi
1619 4755 1910 4824 laboribus,
1938 4770 1989 4815 et
2018 4762 2164 4830 pacis

574 4839 770 4894 merito
819 4855 983 4909 quam
1034 4840 1136 4910 ipsi
1185 4854 1543 4899 servaverunt
1563 4843 1847 4912 Ecclesiae,
1871 4851 1913 4904 si
1946 4851 2073 4920 quid
2107 4851 2161 4908 in

571 4929 778 4999 aliquas
808 4931 1052 5000 privatim
1085 4944 1364 5001 personas,
1397 4949 1503 4989 non
1553 4935 1723 4993 livore
1751 4938 2037 5004 diabolico,
2065 4944 2162 4999 sed

572 5021 807 5078 humano
842 5036 1030 5077 errore
1070 5030 1352 5091 peccantes
1396 5027 1686 5081 emendare
1734 5044 1840 5083 non
1872 5041 2163 5099 potuerunt

569 5118 857 5182 antequam
886 5112 954 5169 de
982 5112 1080 5169 hac
1110 5115 1215 5169 vita
1264 5116 1579 5185 transirent,
1612 5117 1939 5191 indulgentia
1983 5122 2162 5178 Domi-

569 5204 622 5259 ni
654 5206 981 5273 remittente,
1033 5223 1194 5275 quem
1228 5211 1437 5278 precari
1472 5225 1578 5267 non
1618 5211 1937 5270 desinebant
1983 5224 2041 5270 ut
2067 5216 2159 5272 de-

570 5294 693 5351 licta
719 5297 1019 5367 juventutis
1036 5314 1222 5356 eorum
1244 5310 1300 5357 et
1323 5302 1641 5374 ignorantia:
1668 5320 1777 5361 non
1800 5308 2156 5375 meminisset,

568 5383 621 5439 in
670 5386 853 5458 requie
899 5390 1009 5445 sint
1037 5391 1175 5461 apud
1226 5407 1368 5461 eam,
1400 5403 1774 5466 exspectantes
1819 5400 1996 5455 securi
2022 5399 2164 5469 judi-

566 5478 709 5534 cium
759 5485 1124 5543 retributionis
1162 5496 1398 5547 mtertue.
1434 5490 1586 5550 Unde
1613 5500 1857 5553 metuere
1892 5495 2154 5555 debemus

640 5668 667 5697 ι
707 5658 870 5716 Forte
897 5663 990 5718 sic.

641 5781 653 5811 '
694 5780 828 5836 Cod.
847 5783 1038 5837 Veron.
1052 5827 1065 5850 ,
1081 5788 1357 5842 exc'usum.

638 5852 659 5884 '
697 5851 842 5912 Idem
863 5856 982 5915 cod.
1008 5897 1023 5924 ,
1049 5860 1280 5923 ιιιηειιέιει
1302 5862 1499 5927 aliqua.

1660 326 1959 388 FACUNDI
2000 328 2214 388 El’lSC.
2255 331 2766 393 HERMIANENSIS

3742 347 3822 405 680

2197 452 2243 512 Α
2276 464 2344 504 ne
2364 461 2501 519 quos
2553 449 2638 502 hie
2668 444 2849 512 modo,
2884 443 2975 501 ubi
3022 444 3176 500 nobis
3208 445 3386 500 omnia
3421 446 3605 514 licent,
3632 452 3717 509 sed
3740 472 3823 514 non

2269 541 2447 592 omnia
2490 537 2804 606 expediunt,
2847 535 3177 606 judicamus,
3210 551 3329 592 cum
3378 537 3624 607 judicare
3658 552 3827 604 venerit

2269 629 2437 684 Filius
2470 630 2702 684 hominis
2731 629 2785 682 in
2817 628 3100 697 majestate
3125 643 3241 694 sua,
3266 638 3320 685 et
3339 646 3533 687 omnes
3548 637 3707 705 angeli
3731 655 3826 698 cum

2268 735 2356 785 eo,
2385 729 2441 775 et
2464 720 2935 790 congregabuntur
2980 729 3107 775 ante
3155 735 3275 774 eum
3299 736 3497 777 omnes
3525 734 3721 793 gentes,
3746 731 3824 798 ipsi

2269 812 2379 865 sint
2406 811 2618 881 judiees
2673 814 2864 866 nostri.
2917 812 3125 867 Adesse
3152 822 3330 868 autern
3365 814 3526 871 nobis
3555 816 3703 874 debet
3724 832 3769 875 et
3787 824 3826 878 ir

2270 907 2373 960 hoc
2400 905 2520 961 loco
2569 905 2655 959 illa
2709 905 2849 960 ratio
2879 914 3041 973 atque
3070 905 3387 972 similitudo,
3418 923 3580 977 quam
3620 910 3669 964 in
3704 926 3828 982 supe-

2270 996 2397 1052 riori
2447 998 2586 1052 libro
2634 998 2906 1065 dedimus,
2939 1014 3060 1053 eum
3092 999 3160 1055 de
3207 1000 3625 1059 interlocutione
3649 1020 3826 1061 venen-

2271 1090 2393 1146 bilis
2421 1091 2653 1145 Anatolii
2682 1089 3266 1161 Constantinopolitani
3285 1094 3549 1150 antistitis
3571 1112 3825 1168 ageremus,

2270 1194 2373 1247 qua
2402 1180 2770 1249 pronuntiavit
2817 1181 3132 1237 Dioscorum
3166 1198 3273 1238 non
3301 1199 3402 1252 pro
3442 1185 3547 1241 ﬁde
3576 1202 3689 1243 esse
3710 1189 3825 1244 dam-

2270 1281 2483 1325 natum:
2536 1274 2791 1341 quoniam
2842 1275 2981 1328 sicut
3028 1289 3151 1329 eum
3205 1276 3524 1332 haereticum
3572 1294 3670 1335 non
3709 1280 3823 1349 fecit,

2270 1363 2410 1431 quod
2442 1364 2610 1432 ipsum
2660 1364 2967 1419 Dioscorum
2997 1379 3026 1419 a
3052 1366 3270 1434 perﬁdia
3290 1369 3405 1422 fieri
3440 1368 3661 1423 voluerit
3684 1386 3818 1428 excu-

2272 1462 2470 1519 satum,
2519 1469 2585 1508 eo
2611 1455 2750 1520 quod
2802 1457 2943 1510 aliud
2972 1458 3042 1511 sit
3090 1457 3211 1512 ideo
3236 1459 3550 1513 luereticum
3590 1477 3820 1528 excusare,

2272 1546 2413 1616 quod
2445 1547 2743 1603 catholicus
2798 1557 3038 1617 putetur,
3093 1560 3148 1604 et
3195 1550 3338 1604 aliud
3397 1552 3569 1619 ipsam
3624 1554 3821 1611 Inarresim

2274 1638 2501 1707 probare
2526 1648 2685 1709 atque
2712 1639 3032 1694 defendere:
3067 1641 3132 1694 ita
3172 1656 3271 1696 nec
3296 1642 3529 1710 epistola
3553 1647 3821 1702 venerabilis

2274 1728 2380 1783 Iba:
2412 1729 2581 1797 potuit
2614 1731 2863 1785 haeretica
2893 1730 3035 1800 juste
3066 1731 3255 1797 videri,
3291 1735 3372 1787 vel
3398 1734 3446 1788 si
3481 1750 3583 1788 non
3614 1751 3714 1789 rem
3752 1754 3822 1805 ge-

2199 1816 2244 1873 B
2270 1828 2427 1885 stam,
2459 1832 2614 1887 prout
2646 1822 2696 1874 in
2726 1831 2964 1889 tempore
2999 1822 3167 1876 visum
3192 1834 3293 1888 est,
3325 1839 3599 1891 narrasse,
3628 1832 3711 1882 sed
3727 1832 3819 1882 lm-

2284 1921 2393 1964 tum
2458 1912 2712 1981 Cyrillum
2759 1926 3014 1966 accusare
3056 1912 3076 1943 ³
3129 1916 3403 1968 firmetur:
3454 1931 3521 1970 eo
3550 1918 3680 1985 quod
3716 1919 3820 1971 aliud

2278 2000 2351 2054 sit
2374 2000 2492 2055 ideo
2513 2016 2767 2056 accusare
2794 2002 3139 2071 catholicum,
3159 2004 3301 2073 quod
3330 2004 3615 2060 lizereticus
3634 2017 3818 2076 putetur,

2277 2101 2333 2147 et
2353 2092 2493 2145 aliud
2544 2093 2714 2161 ipsam
2750 2093 3055 2163 improbare
3102 2110 3165 2149 ac
3211 2088 3611 2164 reprehendere
3637 2100 3819 2153 catholi-

2277 2199 2392 2237 cam
2434 2184 2615 2239 ﬁdem.
2666 2185 2731 2238 Et
2751 2185 2888 2239 sicut
2936 2186 3259 2241 venerabilis
3301 2188 3543 2242 Anatolii
3573 2188 3817 2245 defensioni

2279 2277 2504 2346 profecit
2550 2277 2690 2345 quod
2741 2277 2811 2331 ibi
2834 2278 3087 2344 diximus,
3120 2280 3241 2348 quia
3281 2290 3460 2347 potest
3490 2282 3731 2336 castitatis
3752 2298 3818 2351 ap-

2278 2370 2533 2437 probator
2562 2377 2721 2439 atque
2764 2370 2989 2425 dilector
3037 2386 3141 2427 non
3190 2373 3488 2442 approbata
3520 2373 3816 2430 fornicatione

2276 2458 2684 2527 foruicatorem,
2729 2462 2855 2515 dum
2906 2462 2961 2517 in
3012 2477 3235 2531 persona
3289 2465 3511 2531 fallitur,
3546 2468 3817 2535 approbare:

2278 2554 2349 2605 ita
2380 2553 2539 2607 etiam
2571 2554 2990 2608 reverentissimi
3043 2553 3168 2622 Ibat,
3199 2564 3252 2609 et
3281 2565 3600 2611 creterorum
3622 2558 3815 2613 Orienta-

2277 2642 2426 2708 lium,
2460 2652 2619 2710 atque
2647 2644 2872 2699 aliarum
2918 2646 3312 2714 provinciarum
3359 2648 3651 2703 antistitum
3678 2648 3815 2702 delen-

2275 2734 2417 2788 sioni
2444 2734 2710 2804 proficiat,
2740 2736 2880 2804 quod
2914 2736 3110 2791 ibidem
3139 2750 3535 2808 consequenter
3553 2739 3813 2808 adjecunus,

2276 2827 2400 2896 quia
2432 2836 2607 2893 potest
2629 2828 2891 2884 castitatis
2930 2828 3254 2898 approbatur
3294 2843 3459 2897 atque
3491 2833 3718 2896 dilector,
3738 2845 3815 2884 non

2277 2919 2574 2987 improbata
2606 2920 2874 2989 castitate,
2923 2931 3153 2987 castum,
3178 2924 3303 2976 dum
3330 2925 3385 2977 in
3416 2938 3639 2993 persona
3664 2922 3815 2979 simili-

2277 3024 2358 3069 ter
2384 3014 2603 3082 fallitur,
2659 3015 2988 3085 improbare.
3040 3016 3172 3072 Nam
3202 3018 3246 3070 si
3295 3026 3321 3054 ι
3357 3018 3670 3073 venerabilis
3708 3017 3813 3083 llus,

2275 3107 2388 3160 sive
2413 3106 2506 3160 alii
2552 3121 2687 3175 quos
2718 3108 3134 3163 memoravimus
3179 3107 3489 3165 Orientales
3537 3109 3815 3177 aliarumque

2186 3196 2243 3257 .C
2278 3198 2670 3267 provinciarum
2712 3200 2969 3269 episcOpi,
3017 3200 3069 3255 in
3116 3216 3345 3271 persona
3393 3204 3569 3273 potius
3590 3202 3711 3258 beati
3735 3203 3814 3271 Cy-

2274 3287 2378 3341 rilli
2403 3303 2562 3355 quam
2584 3288 2634 3341 in
2662 3286 2772 3358 ipsa
2797 3289 2919 3345 ﬁdei
2951 3293 3131 3359 regula
3155 3292 3502 3361 fallebantur,
3533 3296 3659 3351 sicut
3683 3295 3809 3349 etiam

2276 3379 2391 3448 ipse
2440 3379 2674 3451 Cyrillus
2723 3397 2845 3436 curn
2895 3382 3196 3453 Theophila
3251 3386 3536 3443 fallebatur
3586 3388 3635 3442 in
3678 3386 3812 3441 «beato

2272 3468 2512 3535 Joanne;
2562 3472 2705 3542 quod
2752 3474 2913 3529 etiam
2940 3484 3123 3530 sancta
3152 3479 3389 3548 synodus
3422 3480 3683 3542 intellexit,
3709 3486 3813 3532 utet

2274 3562 2416 3618 illius
2470 3565 2752 3635 epistolam
2806 3568 3179 3638 pronuntiaret
3234 3572 3606 3638 orthodoxam,
3656 3570 3813 3627 etillos

2272 3665 2578 3727 acceptaret
2604 3668 2665 3715 ut
2713 3660 2921 3717 Patres.
2952 3662 3061 3719 Nos
3089 3672 3293 3734 autem,
3343 3681 3445 3735 per
3470 3666 3812 3721 contentionem

2272 3756 2326 3802 et
2350 3749 2560 3806 ina‘nem
2589 3751 2812 3822 gloriam
2856 3770 3016 3825 quam
3072 3757 3268 3826 passim
3307 3760 3474 3813 etiam
3503 3758 3571 3814 de
3596 3771 3808 3828 praesum-

2276 3840 2456 3908 ptione
2484 3843 2739 3911 gestimus
2768 3846 3065 3916 acquirere,
3098 3850 3453 3919 sapientiores
3481 3867 3576 3906 nos
3603 3857 3726 3905 tanta
3742 3862 3812 3919 sy-

2273 3932 2414 3986 nodo
2438 3932 2763 4003 judicantes,
2794 3938 3124 3995 levissimam
3152 3942 3222 3996 de
3251 3956 3481 4011 persona
3504 3942 3811 4011 suspicionem

2273 4026 2539 4081 traximus
2588 4030 2654 4082 ad
2704 4030 2940 4100 regulam
2974 4031 3118 4099 fidei,
3171 4041 3227 4089 et
3276 4048 3383 4089 non
3411 4035 3561 4105 quasi
3604 4033 3813 4088 festucam

2271 4117 2516 4172 auximus
2546 4118 2599 4173 in
2632 4120 2858 4188 trabem,
2893 4138 3013 4193 qua:
3034 4124 3078 4178 si
3109 4139 3216 4179 non
3250 4125 3494 4194 ejusdem
3522 4120 3809 4197 quantitatis.

2270 4208 2511 4278 ejusdem
2538 4219 2715 4267 tamen
2744 4223 2830 4268 est
2880 4216 3116 4283 generis,
3144 4215 3238 4271 sed
3280 4216 3727 4289 contemptibilem
3739 4212 3812 4266 sti-

2272 4302 2451 4367 pulam
2509 4303 2561 4357 in
2610 4303 2880 4374 ingentem
2931 4306 3193 4363 vertimus
3240 4310 3489 4376 arietem,
3546 4310 3629 4379 qui
3677 4313 3808 4360 totum

2270 4391 2498 4450 Romani
2527 4398 2711 4452 orbem
2762 4398 2974 4469 imperii
3008 4400 3205 4457 frustra
3235 4411 3481 4472 quateret
3506 4412 3656 4473 atque
3688 4410 3811 4453 vexa-

2270 4494 2374 4539 ret.
2398 4485 2528 4552 Quis
2574 4498 2749 4543 autem
2798 4488 2961 4560 digne
2988 4491 3380 4561 consideraret,
3419 4491 3720 4566 quisverbis
3740 4501 3809 4540 ex-

2194 4575 2249 4637 D
2275 4578 2476 4645 plicare
2521 4578 2818 4646 sufﬁceret,
2863 4596 3027 4651 quam
3057 4584 3330 4654 sapienter
3358 4587 3424 4642 ad
3458 4582 3808 4643 instructionem

2276 4667 2773 4737 prmdestinatorum
2826 4672 3058 4729 humana
3107 4692 3321 4748 quoque
3374 4676 3658 4751 ignorantia
3704 4674 3807 4728 Deus

2275 4771 2475 4826 utatur,
2505 4761 2658 4832 cujus
2688 4766 3030 4835 omnipOtens
3059 4769 3272 4827 bonitas
3302 4775 3356 4828 in
3386 4787 3622 4845 magnam
3651 4766 3806 4824 utilita-

2275 4861 2404 4917 tem,
2458 4867 2579 4907 cum
2642 4855 2893 4926 voluerit,
2939 4859 3095 4916 noxia
3145 4878 3372 4935 quaeque
3422 4860 3703 4921 convertit!
3738 4854 3805 4910 illa

2272 4961 2500 5016 namque
2528 4948 2597 5004 de
2626 4949 2787 5006 beato
2828 4951 3032 5022 Cyrillo
3071 4957 3516 5014 consacerdotum
3560 4953 3668 5024 ejus
3691 4950 3805 5017 58"0'

2273 5036 2463 5103 rantia,
2503 5052 2626 5110 quae
2674 5040 2791 5110 paci
2844 5042 3208 5102 Eeclcsiarum
3253 5047 3541 5118 aliquando
3587 5038 3802 5100 contraria

2271 5126 2464 5198 fuerat,
2521 5130 2569 5186 si
2602 5132 2724 5201 quis
2773 5132 2913 5191 bene
2940 5137 3269 5206 consideret,
3301 5138 3627 5197 instructioni
3654 5131 3801 5190 Eccl!!-

2268 5222 2363 5277 siue
2390 5240 2532 5281 nunc
2556 5228 2956 5302 assertionique
2984 5231 3213 5302 proﬁcit.
3246 5233 3555 5292 Evidentius
3580 5231 3709 5289 enim
3725 5226 3800 5281 do-

2266 5330 2574 5377 cumentum
2622 5334 2707 5381 est
2750 5339 2894 5382 verte
2945 5325 3091 5390 ﬁdei.
3146 5332 3189 5385 si
3228 5331 3372 5388 inter
3400 5320 3799 5388 sedissidentium

2267 5427 2424 5481 quam
2457 5416 2503 5470 si
2553 5428 2864 5487 pacatorum
2916 5420 3222 5479 inveniatur
3248 5426 3433 5481 eadem
3481 5426 3545 5481 de
3570 5422 3649 5477 illa
3670 5417 3798 5473 fuisse

2268 5507 2550 5562 sententia.
2599 5508 2732 5565 Nam
2787 5511 2910 5569 licet
2956 5515 3249 5574 orientales
3296 5517 3528 5591 episcopi
3559 5527 3666 5570 curn
3707 5504 3797 5561 alii!

2346 5802 2365 5835 ³
2406 5804 2543 5859 Idem
2571 5805 2690 5860 cod.
2712 5845 2726 5872 ,
2757 5822 3043 5865 accusasse.
