4070 6352
258 274 351 329 631

1138 277 1268 335 PRO
1307 280 1729 338 DEFENSlONE
1772 282 1986 340 TRIUM
2024 284 2339 344 CAPITUL.
2380 289 2504 344 LIB.
2551 286 2656 345 νη.

3403 296 3506 355 682

254 384 393 441 male
436 384 504 439 de
555 385 715 443 beato
765 388 960 458 Cyrillo
1006 391 1286 457 sentirent,
1334 402 1387 447 et
1440 394 1509 447 oh
1539 395 1637 449 hoc
1663 395 1821 461 etiam
1854 399 1902 457 Α
1937 392 2079 447 tibus
2128 400 2447 467 respondeat
2479 404 2645 472 novit,
2689 419 2862 475 neque
2895 406 3131 476 paternis
3179 407 3505 467 deﬁnitioni~

252 474 597 531 vehementer
626 479 644 510 ι
680 477 1096 548 insectarentur,
1129 482 1416 537 venerabili
1454 493 1629 538 tamen
1656 486 1818 540 Paulo

252 564 516 618 Enicseno
559 565 812 636 episcopo
841 569 1107 624 mediante
1131 573 1484 640 comperimus
1513 574 1651 641 quod
1686 585 1826 629 utra-

248 670 353 725 que
385 671 506 725 pars
552 672 649 727 pro
698 672 801 711 una
842 659 1132 729 eademque
1164 660 1266 717 ﬁde
1309 661 1579 718 certabat:
1623 676 1826 722 cumet

246 744 548 802 Orientales
599 746 730 803 nihil
775 750 920 805 aliud
978 766 1008 804 a
1039 750 1195 809 beato
1233 751 1434 825 Cyrillo
1462 759 1823 814 cantitendnm

246 847 631 906 exspectarent
669 855 825 910 quam
852 843 1021 898 tenuit
1061 858 1275 914 semper
1307 855 1361 899 et
1384 855 1527 901 tenet
1551 848 1821 916 Ecclesia;

244 940 300 985 et
347 930 535 987 beatus
578 928 809 1003 Cyrillus
837 935 977 1003 quod
1021 937 1430 1004 exspectabatur
1479 954 1598 992 cum
1634 954 1824 1012 magna

242 1022 603 1079 exsultatione
648 1022 954 1095 perﬁceret,
986 1029 1372 1084 confessionem
1427 1045 1612 1086 eorum
1643 1032 1711 1087 de
1740 1034 1823 1088 in-

240 1114 570 1170 carnationis
611 1116 804 1171 divina:
832 1120 1089 1189 myszerio
1137 1120 1507 1177 desideranter
1528 1125 1821 1195 accipiens,

239 1218 501 1276 suamque
531 1204 673 1262 esse'
698 1217 1022 1277 protestans.
1059 1210 1209 1267 Unde
1262 1213 1351 1282 qui
1379 1213 1514 1268 bene
1540 1215 1608 1270 de
1625 1216 1824 1286 Cyrillo

237 1298 426 1364 sentit,
451 1299 539 1370 qui
560 1315 681 1355 eum
729 1317 857 1357 vere
884 1301 1163 1370 apostolici
1192 1302 1365 1361 credit
1400 1306 1644 1378 affecms,
1678 1309 1824 1380 cogi-

238 1397 358 1445 tare
378 1388 536 1445 debet
564 1402 817 1461 quantam
842 1394 1114 1451 exsultare
1137 1394 1383 1465 potuerit,
1420 1400 1603 1455 videns
1631 1401 1822 1457 adver-

234 1491 357 1534 sum
403 1495 461 1536 se
500 1482 672 1537 zelum
728 1481 965 1550 Patrum,
1023 1484 1254 1543 maxime
1305 1489 1665 1558 orientalium,
1728 1509 1823 1563 pro

239 1570 365 1628 ﬁdei
411 1589 568 1643 quam
619 1575 735 1644 ipse
778 1592 991 1647 quoque
1046 1581 1261 1634 tenebat
1312 1584 1536 1636 veritate
1587 1583 1817 1641 fervere.

233 1662 354 1719 Non
403 1666 544 1720 enim
580 1667 714 1721 tanti
747 1666 1004 1737 penderet
1046 1671 1126 1725 vir
1171 1673 1562 1740 sanctissimus,
1596 1677 1733 1745 quod
1759 1670 1809 1731 iri

1935 487 2032 541 lius
2053 491 2362 558 acquiescit.
2410 494 2543 548 lliuc
2572 507 2649 551 est
2692 500 2832 566 quod
2866 498 3020 556 facile
3068 500 3348 572 decipitur,
3382 503 3506 561 hinc

1930 577 2298 636 hatreticorum
2334 585 2873 645 circumventionihus
2925 591 3182 661 irretitur,
3212 598 3378 666 magis
3427 597 3505 651 iti-

1932 667 2106 737 qnieta
2133 686 2290 739 quam
2320 672 2492 729 fortis.
2526 676 2631 730 Nos
2653 690 2851 744 autem,
2883 682 3023 751 quod
3047 692 3129 739 est
3160 687 3303 755 prius
3330 701 3391 741 ac
3421 696 3506 741 tu-

1928 762 2055 825 tius,
2107 774 2413 820 sanctorum
2464 767 2680 822 Patrum
2736 776 3043 830 constitutis
3090 778 3299 846 placido
3345 789 3506 850 atque

1928 852 2117 909 humili
2157 858 2321 912 corde
2364 859 2612 928 subjecti,
2646 878 2832 916 eorum
2865 867 3181 923 auctoritate
3209 870 3503 927 firmantur.

1927 944 2131 1001 Dehinc
2158 948 2319 1002 etiam
2351 949 2693 1021 intelligimus
2721 956 2861 1023 quod
2889 969 3070 1011 sancta
3102 961 3338 1029 synodus
3376 977 3505 1033 pru—

1926 1035 2115 1092 denter
2166 1039 2517 1098 inteutionem
2562 1043 2817 1114 Eutycliis
2847 1054 3008 1116 atque
3036 1048 3144 1103 Iba:
3183 1051 3501 1121 dijudicaus,

1924 1127 2226 1185 sicutillum
2253 1133 2733 1204 sacrilegumjuste
2776 1137 3069 1204 damnavit,
3103 1142 3328 1214 ejusque
3370 1147 3501 1216 dog~

1926 1232 2032 1282 ma,
2074 1222 2318 1287 quamvis
2348 1222 2560 1278 beatum
2612 1225 2867 1296 Cyrillum
2899 1228 3159 1298 laudaret,
3192 1237 3500 1303 pronuntia-

1926 1305 2001 1359 vit
2028 1307 2361 1374 haereticum,
2392 1313 2514 1381 quia
2547 1314 2702 1370 ﬁdem
2736 1310 2902 1387 ipsius
2926 1318 3133 1390 Cyrilli,
3166 1322 3308 1391 quod
3337 1326 3502 1394 magis

1880 1472 1900 1484 κ
1925 1400 2309 1457 attendendum
2365 1403 2559 1471 fuerat,
2617 1408 2913 1477 improbat:
2968 1413 3042 1466 ita
3079 1412 3225 1482 juste
3254 1430 3504 1471 reveren~

1925 1489 2186 1546 tissimum
2221 1494 2361 1549 Ibam
2390 1498 2639 1567 absolvit,
2673 1500 2894 1572 ejusque
2920 1504 3220 1574 epistolam,
3256 1511 3503 1579 quamvis

1925 1579 2140 1636 beatum
2171 1584 2425 1654 Cyrillum
2478 1589 2825 1659 vituperaret,
2901 1598 3261 1663 pronuntiavit
3314 1600 3502 1656 ortho-

1931 1675 2146 1741 doxam,
2179 1679 2303 1747 quia
2335 1679 2491 1735 ﬁdem
2538 1681 2704 1751 ipsius
2733 1683 2943 1755 Cyrilli,
2974 1689 3116 1757 quod
3140 1691 3307 1762 magis
3333 1702 3502 1750 atten-

233 1755 331 1812 illo
374 1758 689 1814 fallebantur
737 1760 819 1815 sui
873 1763 1114 1833 collegas,
1149 1767 1330 1834 quanti
1364 1768 1625 1835 pendebat
1670 1771 1812 1839 quod
1848 1769 1889 1828 Β
1918 1763 2152 1818 dentium
2181 1766 2372 1834 fuerat,
2409 1773 2686 1838 approbat.
2726 1774 2857 1832 Vide
2906 1755 3032 1847 quid
3082 1778 3171 1836 ille
3214 1755 3502 1851 prteclarus

233 1861 338 1915 pro
386 1848 509 1903 ﬁdei
551 1851 829 1906 catholica:
876 1852 1101 1910 veritate
1149 1858 1484 1922 certarent”,
1539 1860 1814 1928 magisque

232 1939 448 1995 volebat
491 1943 904 1999 consacerdotes
950 1960 1076 2001 suos
1124 1962 1362 2002 errorem
1395 1951 1444 2002 in
1477 1965 1632 2019 quem
1664 1952 1810 2006 illum

232 2030 489 2089 incidisse
544 2045 880 2107 putaverant,
907 2036 1023 2092 sine
1055 2054 1296 2105 persona:
1324 2046 1635 2113 acceptione
1663 2045 1812 2099 dam-

232 2132 393 2207 nare,
445 2143 601 2197 quam
650 2141 743 2184 eos
799 2145 897 2201 pro
935 2146 1026 2186 sua
1084 2148 1309 2201 persona
1340 2135 1624 2192 defendere
1668 2137 1810 2207 quod

232 2202 393 2271 erat'
428 2219 752 2273 contrarium
786 2220 1019 2276 veritati.
1054 2224 1346 2279 Audiamus
1382 2202 1698 2295 Apostolum-
1722 2229 1805 2283 di-

232 2316 442 2363 centem
498 2307 732 2367 Galatis:
765 2311 874 2367 Sed
900 2313 1015 2368 licet
1058 2331 1171 2380 nos,
1216 2327 1306 2370 aut
1337 2318 1550 2388 angelus
1597 2319 1659 2373 de
1684 2320 1810 2375 (telo

231 2396 535 2474 evangelizet
563 2403 700 2458 vobis
724 2416 1055 2477 prwterquam
1081 2409 1215 2477 quod
1257 2412 1705 2480 euangelizavimus
1722 2430 1809 2469 vo-

232 2494 328 2561 bis,
360 2498 631 2551 anathema
671 2500 769 2553 sit:
811 2500 938 2552 sicut
986 2500 1338 2570 prtediximus,
1376 2512 1422 2557 et
1452 2521 1587 2558 nunc
1624 2508 1807 2562 iterum

231 2586 365 2654 dico,
396 2590 442 2642 si
469 2590 581 2657 quis
611 2590 746 2644 vobis
773 2590 1185 2662 euangelizaverit
1206 2603 1390 2663 prteler
1416 2596 1471 2649 id
1497 2598 1635 2668 quod
1664 2615 1809 2655 arce-

231 2679 397 2749 pistis,
429 2681 698 2735 anathema
724 2682 786 2735 sit
824 2682 842 2754 (
866 2681 986 2737 Gal.
1018 2698 1062 2749 ι,
1091 2684 1171 2754 '5).
1199 2684 1332 2740 Cum
1361 2702 1491 2759 ergo
1518 2688 1808 2759 Apostolus

231 2784 335 2825 non
366 2780 569 2826 tantum
597 2787 676 2839 se,
706 2787 891 2829 verum
914 2775 1072 2829 etiam
1107 2777 1352 2847 angelum
1370 2779 1438 2834 de
1457 2780 1615 2848 coelo,
1647 2796 1808 2838 evan-

231 2862 542 2931 gelizantem
576 2873 928 2935 praeterquam
959 2866 1099 2936 quod
1139 2871 1624 2939 evangelizaverat,
1674 2889 1804 2929 ana-

231 2959 407 3011 thema
450 2971 571 3013 esse
617 2959 886 3024 maluerit,
941 2974 1098 3029 quam
1132 2968 1191 3015 ut
1218 2962 1414 3017 Christi
1449 2963 1685 3020 ﬁdelesa
1719 2964 1808 3019 ﬁr-

231 3051 413 3104 mitate
466 3051 735 3119 pra-dicati
792 3052 895 3106 sibi
928 3052 1195 3123 Evangelii
1239 3067 1807 3129 moverentur:qu.:n-

1917 1855 2201 1925 episcopus
2237 1858 2408 1915 inanis
2436 1861 2622 1931 gloriae
2644 1864 3068 1924 studiosissimus
3096 1875 3465 1941 contemptor“
3485 1916 3500 1941 ,

1916 1952 1971 1997 et
2000 1955 2207 2000 amator
2227 1949 2621 2005 sincerissimus
2643 1955 2904 2025 veritatis,
2938 1956 2958 1987 ⁸
2976 1960 3302 2029 Augustinus
3321 1964 3496 2018 dicat:

1921 2052 1940 2087 ι
1980 2036 2037 2090 lu
2067 2041 2290 2096 exordio
2335 2042 2592 2098 librorum
2626 2061 2869 2101 meorqu
2907 2048 3221 2120 opinaturus
3271 2070 3356 2110 me
3378 2071 3501 2112 scn-

1912 2129 2051 2184 sisse
2097 2133 2238 2201 quod
2286 2150 2391 2190 non
2420 2137 2590 2192 sensi:
2622 2154 2849 2208 quorum
2879 2156 3120 2199 errorem
3153 2145 3282 2201 mihi
3332 2148 3493 2204 tribui

1911 2235 2019 2275 non
2041 2223 2237 2279 debere
2282 2226 2401 2296 quis
2431 2230 2653 2296 nesciat,
2683 2231 2727 2285 si
2776 2232 2921 2288 velut
2962 2251 3046 2291 me
3075 2252 3360 2310 sequentes
3388 2258 3488 2297 ne-

1910 2328 2016 2382 que
2059 2317 2545 2385 apprehendentes,
2574 2322 2905 2380 deviaverint
2947 2327 2998 2381 in
3028 2329 3260 2400 aliquam
3293 2332 3496 2389 falsita-

1912 2412 2040 2470 tem,
2092 2409 2215 2463 dum
2265 2426 2360 2481 per
2402 2414 2643 2483 quaedam
2675 2414 2841 2471 densa
2885 2427 2939 2472 et
2967 2433 3132 2489 opaca
3160 2436 3323 2492 cogor
3352 2423 3494 2480 viam

1911 2502 2167 2569 carpere?
2206 2504 2634 2575 quandoquidem
2668 2522 2767 2566 nec
2796 2508 2925 2579 ipsis
2960 2513 3163 2568 sanctis
3192 2515 3496 2574 divinorum

1910 2587 2166 2648 librorum
2215 2596 2621 2652 auctoritatibus
2666 2597 2775 2654 ullo
2822 2600 2981 2655 modo
3011 2606 3294 2673 quisquam
3343 2618 3492 2663 recte

1910 2682 2154 2738 tribuerit
2177 2693 2281 2739 tam
2314 2688 2512 2743 multos
2538 2698 2591 2743 et
2633 2691 2811 2745 varios
2838 2707 3051 2749 errores
3082 2697 3491 2753 litereticorum:

1909 2787 2029 2828 cum
2052 2790 2240 2832 omnes
2262 2792 2325 2832 ex
2355 2779 2561 2835 eisdem
2600 2782 2888 2854 Scriptuiis
2908 2786 3066 2843 falsas
3087 2799 3248 2860 atque
3278 2790 3498 2846 fallaces

1908 2867 2190 2937 opiniones
2237 2886 2363 2927 suas
2414 2886 2680 2929 conentur
2738 2876 3051 2936 defendere.
3103 2883 3366 2939 Admonet
3415 2899 3498 2941 me

1908 2961 2087 3029 plane,
2132 2977 2194 3017 ac
2222 2963 2351 3019 mihi
2376 2964 2531 3035 jubet
2556 2970 2877 3024 suavissimo
2908 2972 3132 3042 imperio
3167 2975 3248 3029 lex
3274 2977 3493 3042 Christi,

1911 3056 2012 3109 Iioc
2038 3066 2118 3109 est
2141 3056 2401 3123 charitas,
2426 3069 2483 3112 ut
2503 3074 2623 3114 cum
2644 3061 2839 3131 aliquid
2864 3062 2977 3118 falsi
3009 3064 3093 3119 inl
3118 3066 3228 3122 bris
3255 3069 3388 3122 meis
3414 3083 3499 3125 uie

232 3148 341 3195 tum
393 3143 579 3196 beatus
626 3141 857 3214 Cyrillus
900 3142 1065 3197 laetari
1104 3143 1340 3214 potuisse
1383 3146 1683 3205 credendus
1704 3159 1805 3216 est,
1838 3145 1884 3208 C
1915 3146 2150 3201 SOﬂSisrc
2199 3146 2446 3205 hotllines
2476 3154 2833 3223 putantquod
2877 3170 2976 3226 ego
3006 3171 3111 3211 non
3150 3158 3314 3227 Sensi,
3340 3172 3498 3228 atque

230 3246 346 3286 cum
377 3247 437 3287 se
467 3234 669 3289 videret
688 3237 755 3288 ob
785 3249 901 3289 eam
931 3234 1089 3290 ﬁdem
1119 3252 1278 3307 quam
1308 3240 1544 3307 tenebat,
1570 3250 1624 3296 et
1653 3258 1810 3312 quam

228 3322 298 3375 sb
327 3323 576 3380 omnibus
607 3328 776 3379 teneri
830 3325 1063 3393 volebat,
1106 3341 1136 3382 a
1189 3329 1300 3381 suis
1342 3332 1813 3390 consacerdotihus

230 3413 509 3471 insectari!
534 3417 684 3485 Quod
715 3418 859 3472 enim
894 3418 944 3472 in
976 3417 1068 3473 illo
1110 3418 1451 3487 fallebantur,
1475 3438 1575 3478 nec
1604 3423 1677 3479 ibi
1699 3439 1816 3480 cre-

229 3510 393 3564 debat
414 3519 607 3564 statum
643 3508 763 3565 tidei
794 3509 1111 3567 Christiana:
1150 3524 1418 3581 constare,
1451 3530 1551 3571 nec
1581 3519 1814 3573 aestima-

228 3602 321 3659 bit
352 3604 442 3658 diu
472 3618 593 3661 esse
623 3621 902 3662 mansuros
924 3605 981 3673 ⁸,
1011 3621 1133 3663 cum
1162 3608 1216 3663 in
1261 3608 1377 3678 ejus
1398 3620 1544 3666 esset
1575 3620 1816 3682 potesta-

227 3705 303 3758 te,
333 3694 473 3766 quod
509 3696 847 3766 postmodum
902 3697 1049 3763 fecit,
1099 3699 1363 3755 dictorum
1415 3716 1633 3758 suorum
1679 3721 1812 3775 pan-

227 3785 357 3840 dere
380 3788 660 3851 rationem,
695 3794 747 3841 et
797 3788 990 3842 sedare
1028 3787 1184 3844 aliter
1211 3791 1588 3847 aestimantium
1617 3804 1811 3852 motus.

227 3876 382 3944 Quod
412 3886 588 3933 autem
633 3878 881 3946 ﬁdeliter,
914 3880 1059 3951 quod
1077 3892 1409 3951 constanter,
1436 3900 1497 3940 ea
1527 3903 1645 3956 quae
1674 3892 1815 3945 veri-

228 3970 354 4021 tatis
378 3970 591 4023 fuerant
617 3972 952 4037 asserebant,
982 3975 1225 4042 quamvis
1240 3984 1425 4028 contra
1448 3977 1619 4046 ipsum
1643 3978 1813 4035 asseri

230 4071 450 4114 necesse
477 4075 581 4114 non
615 4060 813 4126 fuerat,
853 4062 922 4115 ibi
971 4071 1132 4118 rectas
1162 4063 1281 4118 ﬁdei
1313 4074 1530 4132 statum,
1565 4067 1635 4121 ibi
1661 4083 1812 4123 suam

230 4147 547 4220 ll'orumque
576 4152 824 4219 salutem,
860 4151 931 4206 ihi
966 4153 1326 4207 Ecclesiarum
1350 4155 1588 4210 omnium
1618 4156 1683 4211 de
1709 4174 1813 4213 rte-

231 4250 348 4296 tero
372 4240 670 4298 ﬁrmitatem
718 4245 1012 4299 consistere
1036 4244 1326 4311 judicabat,
1377 4256 1433 4300 ut
1461 4246 1528 4301 de
1570 4248 1813 4303 incarna-

231 4333 389 4385 tionis
417 4330 697 4388 dominicze
721 4341 1062 4389 sacramento
1087 4349 1242 4388 nemo
1270 4334 1543 4390 dubitaret
1563 4338 1806 4403 ulterius,

232 4425 297 4481 de
318 4441 422 4496 quo
451 4427 608 4480 etiam
638 4426 776 4480 inter
827 4426 1145 4481 dissidentes
1193 4442 1257 4482 ac
1297 4427 1361 4482 dc
1390 4442 1449 4482 se
1495 4429 1652 4484 aliter
1680 4445 1807 4483 sen-

1924 3236 1974 3291 id
2026 3238 2198 3307 ipsum
2248 3240 2440 3296 falsum
2488 3243 2640 3297 alteri
2672 3245 2939 3316 displicet,
2974 3247 3290 3305 malim'tne
3314 3266 3499 3322 repre-

1921 3325 2079 3382 hendi
2109 3345 2137 3382 a
2168 3333 2558 3400 repreliensore
2588 3334 2853 3403 falsitatis,
2891 3353 3048 3408 quain
3079 3341 3146 3393 ah
3173 3339 3289 3410 ejus
3313 3343 3500 3399 lauda-

1923 3430 2039 3476 tore
2069 3422 2293 3479 laudari.
2345 3425 2428 3480 Ab
2478 3426 2567 3480 illo
2614 3429 2754 3482 enim
2807 3431 3052 3498 quamvis
3077 3444 3177 3501 ego
3201 3446 3303 3487 nou
3332 3442 3501 3500 rette,

1920 3517 2008 3583 qui
2045 3517 2143 3570 hoc
2172 3532 2275 3571 non
2302 3519 2585 3588 senserim,
2636 3535 2791 3576 error
2836 3531 3010 3577 tamen
3033 3527 3214 3580 recte'
3236 3526 3498 3597 vitupera-

1920 3615 2040 3671 tur;
2066 3609 2133 3661 ah
2177 3608 2277 3665 hoc
2306 3618 2484 3666 autem
2516 3627 2616 3666 nec
2660 3627 2760 3682 ego
2791 3623 2938 3670 recte
2962 3614 3169 3683 laudor,
3197 3632 3227 3671 a
3255 3634 3362 3687 quo
3390 3620 3497 3675 exi-

1919 3699 2110 3755 stimor
2154 3701 2204 3756 id
2249 3703 2512 3769 sensisse,
2555 3704 2697 3775 quod
2732 3706 3229 3794 vituperatveritas,
3264 3724 3362 3765 nec
3385 3711 3497 3790 ipsa

1919 3791 2180 3846 sententia
2212 3808 2368 3862 quam
2395 3796 2658 3863 vituperat
2699 3797 2917 3852 veritas.
2958 3818 2978 3851 ι
3011 3798 3064 3854 Si
3093 3791 3219 3868 quid
3246 3801 3403 3870 igitur
3427 3809 3499 3859 de

1917 3884 2075 3939 beato
2104 3883 2305 3955 Cyrillo
2351 3886 2488 3941 bene
2532 3889 2814 3954 sedimus,
2866 3888 2911 3942 si
2941 3888 3066 3958 quid
3109 3891 3157 3945 ei
3205 3892 3496 3959 prudentia:

1918 3978 2001 4031 vel
2031 3976 2304 4032 charitatis
2334 3979 2669 4046 ascrihimus,
2704 3980 2876 4048 ipsum
2908 3996 3121 4051 quoque
3168 3999 3288 4037 cum
3310 3983 3494 4056 justo’

1916 4067 2033 4120 viro
2062 4069 2321 4136 sapientia
2352 4077 2408 4123 et
2439 4069 2635 4138 pietate
2687 4069 2911 4138 pra-dite
2963 4072 3258 4142 Augustino
3301 4076 3496 4132 creda-

1916 4170 2055 4221 mus,
2086 4157 2228 4226 quod
2257 4173 2375 4212 cum
2407 4158 2540 4213 false
2573 4167 2848 4227 putaretur
2877 4160 2929 4214 in
2956 4161 3066 4214 suis
3094 4163 3342 4230 capitulis
3373 4180 3495 4219 sen-

1914 4245 2051 4302 sisse
2080 4248 2222 4316 quod
2268 4265 2373 4303 non
2398 4249 2589 4314 sensit,
2624 4249 2859 4305 malebat
2883 4265 2941 4305 se
2972 4253 3294 4320 reprehendi
3320 4257 3386 4309 ab
3410 4255 3493 4313 Iba

1915 4338 2311 4408 reprehensore
2334 4341 2605 4411 falsitatis,
2636 4356 2796 4410 quam
2818 4342 2887 4397 ab
2908 4342 3146 4414 Eutyche
3172 4345 3287 4413 ejus
3311 4347 3495 4401 lauda-

1916 4439 2032 4487 tore
2079 4432 2307 4487 laudari.
2342 4433 2407 4488 Et
2435 4433 2483 4488 si
2526 4447 2667 4488 nunc
2713 4434 3007 4500 adviveret,
3040 4435 3155 4504 ipse
3178 4450 3389 4507 quoque
3417 4437 3493 4493 in-

229 4518 445 4584 tientes,
491 4532 594 4571 una
644 4518 976 4573 inveniretur
1016 4533 1077 4573 ea
1100 4520 1311 4589 lemque
1368 4523 1650 4574 sententia.
1697 4520 1803 4575 Cur
1834 4529 1880 4588 υ
1909 4533 2209 4594 terrogatus
2253 4540 2282 4579 a
2334 4524 2487 4579 nobis
2528 4523 2857 4595 respondere
2909 4534 3089 4592 posset
3114 4540 3177 4579 ac
3204 4524 3413 4580 dicere:
3444 4528 3491 4581 A

230 4611 411 4681 itaque
466 4610 825 4679 pusillanimes
869 4626 965 4666 nos
996 4612 1065 4667 de
1113 4612 1433 4685 magnanimi
1462 4610 1643 4683 Cyrilli
1676 4630 1806 4683 gau-

229 4703 318 4757 dio
340 4702 752 4757 contristamur?
803 4718 899 4757 cur
929 4702 1052 4759 inde
1082 4705 1456 4773 perturbamus
1487 4705 1805 4770 Ecclesium,

230 4794 374 4848 unde
414 4795 483 4848 ab
507 4796 755 4848 omnibus
792 4805 874 4849 est
914 4797 1405 4865 perturbationibus
1433 4797 1807 4854 defendenda?

231 4904 328 4944 cur
356 4888 424 4943 de
470 4888 570 4941 hoc
609 4887 786 4941 ridere
830 4889 1017 4943 damus
1040 4890 1324 4956 haereticis,
1357 4891 1423 4945 de
1464 4909 1568 4961 quo
1593 4908 1621 4945 a
1651 4893 1805 4946 nobis

230 4977 486 5037 confundi
515 4977 841 5032 debuerant?
892 4979 997 5034 Sed
1028 4980 1129 5034 hoc
1158 4990 1325 5035 totum
1355 4983 1462 5050 agit
1494 4997 1729 5051 praeceps
1750 4994 1803 5037 et

229 5074 411 5143 ignara
442 5069 731 5136 temeritas,
779 5083 898 5138 quas
940 5084 1111 5138 neque
1136 5071 1404 5140 quomodo
1432 5070 1803 5126 contradicen-

302 5204 319 5234 '
360 5201 491 5256 Cod.
527 5200 749 5262 Verum,
781 5216 897 5253 eum
944 5200 1277 5254 vehementer.

301 5276 322 5305 ¹
364 5274 505 5327 Idem
535 5272 653 5324 cod.
676 5313 689 5336 ,
736 5272 854 5335 ﬁdei
897 5270 1198 5324 Christiana:
1219 5272 1510 5341 defensione
1529 5282 1795 5327 certarent.

302 5344 324 5375 ³
363 5344 505 5397 Idem
535 5343 653 5395 cnd.
682 5383 697 5409 ,
725 5356 815 5394 est.

302 5414 324 5443 ⁸
365 5418 505 5466 Idem
533 5414 654 5466 toil.
676 5454 689 5478 ,
724 5426 1037 5464 mtmsurttm.

304 5487 324 5518 ⁵
363 5485 503 5538 Idem
526 5483 647 5538 cod.
676 5524 691 5550 ,
737 5484 848 5553 ejus
908 5482 1071 5535 inuitis
1120 5482 1296 5551 gloria:
1354 5482 1801 5550 fustidiosissimus

230 5563 664 5678 ‘0’:l‘i’3::t?rcod.
683 5668 697 5692 ,
743 5623 1056 5693 Augustinus
1079 5624 1212 5677 dicat
1238 5624 1289 5676 in
1312 5622 1522 5676 exordio
1551 5622 1801 5678 librorum

230 5713 354 5770 quos
379 5695 442 5747 de
466 5692 714 5776 Trinitate
764 5694 1262 5776 scripsit,._droemu.s
1283 5694 1565 5776 attendere.
1577 5712 1611 5776 ,ι
1643 5693 1802 5776 Arhi-

232 5764 346 5825 tror
384 5778 532 5828 sane,
566 5764 757 5831 inquit,
798 5765 1079 5818 nonnullos
1110 5767 1366 5821 tardiores
1397 5766 1448 5821 iu
1480 5765 1798 5835 quihusdam

516 5859 786 5918 Pst'RoL.
833 5858 1081 5918 LXVII.
1138 5880 1141 5883 ·

1914 4629 2036 4669 meo
2078 4613 2374 4669 venerabili
2430 4614 2594 4670 fratre
2640 4613 2728 4669 Iba
2775 4622 2830 4668 et
2856 4614 2974 4669 aliis
3022 4616 3492 4671 consacerdotihus

1913 4708 2067 4771 meis,
2102 4706 2351 4776 quamvis
2394 4723 2492 4778 ego
2519 4723 2625 4761 non
2650 4716 2802 4763 recte
2827 4708 2914 4777 qui
2949 4708 3047 4762 hoc
3072 4722 3179 4761 nou
3206 4709 3489 4773 senserim,

1910 4812 2064 4852 error
2096 4806 2271 4851 tamen
2305 4796 2420 4865 ipse
2458 4808 2604 4851 recte
2656 4796 2981 4863 vituperatus
3041 4805 3152 4862 est;
3205 4810 3234 4850 a
3263 4795 3505 4853 nefando

1910 4888 2027 4943 viro
2050 4888 2092 4919 ¹⁰
2122 4889 2380 4961 Eutyche,
2414 4872 2637 4957 ejusque
2665 4888 3033 4957 complicibus,
3076 4902 3173 4941 nec
3199 4902 3298 4955 ego
3349 4894 3490 4941 recto

1912 4978 2121 5045 laudor,
2154 4994 2181 5031 a
2224 4978 2417 5047 quibus
2452 4978 2727 5033 existimor
2772 4977 2823 5032 id
2853 4977 3086 5032 sensisse
3115 4974 3255 5044 quod
3284 4976 3489 5043 vitupe-

1910 5080 1994 5125 rat
2012 5071 2228 5135 veritas,
2256 5084 2354 5124 nec
2380 5070 2492 5139 ipsa
2514 5069 2777 5126 sententia
2801 5084 2958 5140 quam
2980 5068 3243 5137 vituperat
3268 5068 3486 5123 veritas.

1909 5200 2041 5255 locis
2072 5201 2330 5257 librorum
2353 5203 2930 5280 meorum_opinaturos
2957 5216 3041 5255 me
3059 5200 3424 5280 se‘nsissehete.
3462 5219 3481 5252 ι

1911 5272 2093 5326 Priora
2114 5275 2302 5339 verba,
2332 5289 2498 5343 usque
2541 5274 2606 5328 ad
2638 5273 3047 5343 Arbitransnnt
3098 5271 3353 5343 Facundi,
3382 5287 3486 5327 unn

1914 5343 2226 5413 Augustini;
2275 5340 2548 5413 sequentia
2601 5343 2861 5397 habentur
2898 5342 3037 5396 lih.t
3094 5340 3164 5397 de
3207 5340 3484 5405 Trinitatc,

1905 5430 2026 5482 eip.
2050 5412 2100 5479 5,
2134 5429 2280 5470 num.
2302 5414 2357 5469 6.

1920 5557 1946 5559 _
1980 5487 1998 5516 '
2035 5485 2183 5539 Idem
2219 5483 2402 5559 _cud.,_
2443 5484 2591 5538 alteri
2643 5482 2895 5553 disp'icet,
2943 5481 3092 5536 alteri
3126 5483 3329 5559 placet,
3381 5497 3482 5536 ma-

1910 5557 2021 5621 lim,
2062 5565 2190 5619 etc.,
2219 5556 2337 5609 loco
2357 5556 2449 5610 cit.

1980 5630 2001 5658 ⁸
2043 5627 2183 5680 Idem
2214 5625 2357 5689 cod.,
2391 5636 2559 5680 tamen
2578 5625 2705 5695 ipse,
2730 5623 2846 5680 loco
2870 5624 2958 5678 cit.

1981 5699 2003 5730 ’
2043 5698 2184 5751 Idem
2215 5695 2361 5762 cod.,
2403 5696 2521 5749 isto.

1985 5769 2024 5799 ¹⁰
2065 5767 2205 5822 Idem
2227 5766 2346 5822 cod.
2360 5808 2375 5833 ,
2400 5781 2532 5820 viro.

2980 5859 3062 5917 22
