4070 6352
290 369 389 423 ὓδὸ

1167 344 1302 408 ῙἭΟ
1345 345 1771 405 DEFi-LNSIONE
1810 342 2022 398 TRIUM
2062 340 2372 399 CAPITUL.
2418 341 2546 397 [.TB.
2572 331 2683 397 Vl.

3452 337 3553 391 (86

290 478 524 535 fautores
570 470 942 527 haereticorum
1004 468 1203 533 scripto
1260 459 1718 531 reprehenderunt
1745 495 1758 518 ,
1812 463 1865 506 ut
1896 453 1943 512 Α
1973 451 2145 506 sinam
2169 453 2480 523 congregari
2512 442 2808 516 civitatem,
2840 457 2899 505 ut
2938 461 3120 506 etram
3157 444 3402 502 omnibus
3446 463 3551 501 non

291 591 405 633 eam
437 570 585 643 quasi
616 567 885 635 profanam
911 576 962 619 et
995 562 1211 630 impiam
1252 557 1564 612 refutarent.
1603 552 1727 607 llmc
1771 564 1867 603 au-

292 675 395 724 tem
429 673 552 718 sunt
582 675 701 730 qute
736 663 1067 724 seqizuntur:
1104 671 1120 702 ι
1156 651 1385 723 Cyrillus
1426 661 1584 702 aures
1626 645 1864 700 omnium

292 759 564 829 pigmento
594 750 731 820 quod
763 756 994 802 cxczecat
1019 745 1199 799 oculos
1227 742 1566 810 sapientium,
1600 752 1869 808 pra‘oceu-

290 850 456 918 pavit,
488 863 505 897 ι
542 854 594 900 et
621 850 845 902 caetera;
876 849 931 893 et
957 840 1144 890 iterum
1180 852 1194 889 :
1226 853 1244 884 ‹
1278 834 1411 900 Quia
1442 832 1497 885 in
1525 829 1868 883 damnatione

293 939 523 994 Nestorii
574 948 692 1004 qua:
738 931 873 985 facta
905 941 984 983 εει
1030 928 1097 982 ab
1139 926 1247 989 eis,
1293 924 1356 977 l2
1402 922 1633 991 capitula
1678 936 1793 990 quze
1837 935 1865 973 a

291 1027 491 1100 Cyrillo
551 1024 848 1091 conscripta
893 1028 1047 1085 sunt,
1101 1018 1367 1072 contraria
1407 1015 1688 1070 existentia
1731 1029 1868 1067 verte

291 1121 412 1175 fidei
453 1125 780 1189 posuerunt,
819 1134 839 1167 ι
873 1125 925 1168 et
974 1120 1187 1166 caetera.
1219 1109 1350 1175 Quae
1379 1107 1485 1162 duo
1514 1106 1611 1160 sub
1643 1120 1747 1159 uno
1776 1120 1866 1159 ca-

294 1212 456 1283 pitulo
485 1211 857 1272 continentur,
906 1207 1046 1261 sicut
1072 1215 1125 1259 et
1157 1204 1243 1257 illa
1273 1202 1377 1256 duo
1408 1203 1618 1270 priora;
1657 1199 1751 1254 sed
1800 1197 1869 1254 ab

293 1308 406 1363 istis
433 1313 685 1360 consuete
717 1302 935 1356 discissa
985 1299 1356 1353 et'deminuta
1406 1306 1550 1361 sunt,
1598 1310 1663 1349 ne
1708 1296 1758 1347 in
1790 1298 1869 1348 eis

294 1407 574 1469 appareret
602 1396 909 1450 intentit-nis
949 1392 1246 1462 integritas.
1278 1390 1448 1459 Ipsius
1494 1396 1671 1443 autem
1723 1389 1868 1456 capi-

294 1492 407 1555 tuli,
442 1490 580 1544 male
598 1488 666 1542 ab
699 1486 826 1555 ipsis
855 1484 1120 1553 dissipati,
1152 1482 1253 1536 hoc
1284 1491 1365 1536 est
1390 1480 1732 1549 principium,
1765 1479 1870 1533 sic-

294 1593 352 1637 ut
397 1582 448 1635 in
481 1581 565 1634 illa
597 1579 820 1647 epistola
863 1577 1024 1632 coutit
1050 1585 1170 1630 etur
1198 1591 1211 1628 :
1251 1592 1269 1626 ε
1301 1575 1379 1627 0b
1410 1575 1546 1628 lianc
1572 1574 1871 1627 contentio-

292 1692 439 1742 nem,
470 1676 700 1729 victores
728 1681 778 1726 et
821 1671 890 1741 pii
935 1670 1284 1739 imperatores
1309 1668 1585 1737 jusserunt
1618 1666 1869 1733 primates

292 1769 668 1838 episcoporum
694 1766 746 1821 in
773 1764 1097 1832 Ephesiuam
1120 1762 1431 1832 congregari
1462 1760 1734 1815 civitatem
1764 1802 1778 1823 ,
1816 1767 1869 1813 et

292 1878 471 1918 coram
523 1860 770 1916 omnibus
814 1858 980 1912 libros
1031 1856 1264 1912 Nestorii
1302 1863 1356 1910 et
1393 1854 1576 1925 Cyrilli
1617 1853 1865 1923 judicari.

292 1955 395 2011 Sed
432 1964 718 2023 antequam
756 1966 943 2005 omnes
978 1948 1211 2018 episcopi
1251 1946 1340 2017 qui
1380 1946 1687 2017 congregari
1732 1945 1865 2013 jttSsi

292 2049 523 2114 fuerant,
556 2049 608 2101 in
644 2046 913 2115 Ephesum
955 2045 1335 2113 pervenirent,
1383 2041 1681 2109 anticipans
1729 2039 1867 2092 idem

292 2138 523 2210 Cyrillus
548 2153 703 2193 aures
729 2137 965 2192 omnium
997 2136 1269 2206 pigmento
1297 2134 1436 2203 quod
1479 2142 1711 2187 exurent
1742 2146 1871 2185 ocu-

290 2232 372 2286 los
403 2232 725 2299 sapientum,
760 2229 1169 2298 praeoccupavit.
1206 2226 1409 2281 luvenit
1453 2236 1630 2279 autem
1656 2238 1867 2278 causam

292 2336 356 2378 cx
378 2320 502 2375 odio
524 2320 664 2390 quod
698 2320 713 2351 ί
739 2331 849 2387 erat
872 2318 1128 2373 adversus
1158 2316 1481 2383 Nestorium,
1509 2324 1563 2370 et
1587 2325 1867 2385 antequam

292 2414 496 2483 synodo
525 2411 737 2467 adesset
770 2409 1138 2466 sanctissimus
1169 2418 1222 2464 et
1264 2409 1733 2464 reverentissimus
1778 2422 1869 2463 ar-

291 2502 662 2571 chiepiscopus
704 2502 937 2556 Joannes
964 2542 977 2564 ,
1010 2501 1076 2556 dc
1105 2502 1413 2568 episcopatu
1445 2499 1748 2555 Nestorium
1778 2501 1871 2554 de-

292 2605 604 2664 posuerunt,
647 2594 844 2663 judicio
896 2602 949 2647 et
1001 2592 1339 2662 inquisitione
1377 2609 1481 2648 non
1536 2592 1689 2647 facta.
1747 2592 1874 2647 Post

291 2689 424 2745 duos
448 2701 624 2746 autem
658 2690 770 2746 dies
802 2689 1154 2743 damnationis
1184 2688 1298 2757 ejus
1336 2689 1577 2743 venimus
1618 2687 1669 2741 in
1699 2688 1872 2757 Ephe-

291 2796 444 2847 sum;
488 2791 542 2835 et
590 2780 1030 2850 cognoscentibus
1072 2780 1245 2843 nobis,
1287 2779 1409 2849 quia
1442 2781 1492 2831 in
1532 2777 1873 2832 damnatione

291 2870 517 2926 Nestorii
570 2888 687 2942 qua:
731 2870 866 2925 facta
911 2878 992 2925 est
1018 2871 1083 2923 ab
1108 2870 1350 2937 eisdem,
1398 2867 1461 2924 l2
1507 2870 1734 2937 capitula
1756 2884 1873 2937 qua:

291 2979 321 3020 a
376 2965 574 3036 Cyrillo
612 2965 909 3033 conscripta
940 2972 1064 3017 sunt
1110 2964 1374 3017 contraria
1414 2962 1696 3018 existentia
1730 2976 1874 3015 verae

293 3056 451 3123 fidei,
504 3065 812 3125 posuerunt,
866 3064 919 3109 et
966 3055 1430 3121 firmaverunthet
1488 3059 1877 3109 consenserunt

289 3144 370 3200 eis
404 3157 650 3215 tanquam
690 3161 828 3198 verm
861 3144 980 3199 lidei
1007 3143 1453 3209 consonantibus;
1486 3156 1673 3197 omnes
1699 3142 1875 3197 orien-
1907 3206 1946 3215 _
1977 3142 2446 3215 “ff"".f’""‘°'_':’_

1856 3245 1873 3289 ι
1900 3206 1948 3270 C
1978 3202 2210 3272 gitandis
2239 3201 2551 3257 mortalibus
2577 3202 2840 3257 oriuntur.

293 3235 425 3291 tales
476 3237 711 3305 episcopi
760 3236 1006 3291 eumdem
1060 3234 1316 3306 Cyrillum
1356 3238 1777 3304 damnaverunt,
1821 3252 1849 3290 e

289 3326 544 3381 adversus
603 3327 735 3382 alios
804 3329 1082 3396 episcopos
1146 3329 1236 3397 qui
1307 3338 1697 3384 consenserunt
1753 3329 1872 3397 ejus

287 3421 561 3491 capitulis,
588 3422 1198 3478 exeommunieationem
1227 3422 1599 3478 decreverunt.
1655 3441 1675 3475 ι
1710 3422 1872 3478 Vide-

287 3520 374 3566 tur
407 3512 460 3567 in
492 3513 573 3567 bis
604 3514 808 3568 acerbis
839 3524 892 3569 et
925 3516 1248 3570 tumentibus
1288 3515 1467 3570 verbis
1497 3515 1871 3571 reverentissi-

285 3618 406 3658 mus
443 3605 561 3659 lbas
602 3605 917 3676 indigestam
957 3607 1133 3663 adhuc
1173 3608 1427 3662 exhalare
1474 3608 1868 3678 quodammodo

284 3696 595 3752 olfensiouis
624 3698 909 3765 praeteritae
938 3699 1277 3765 cruditatem,
1326 3700 1467 3770 quod
1508 3715 1628 3754 cum
1671 3700 1737 3755 ab
1769 3700 1871 3755 imo

285 3787 622 3856 peratoribus
669 3788 740 3843 ita
774 3801 1096 3859 prmceptum
1139 3794 1321 3855 fuerit,
1366 3802 1421 3845 ut
1463 3793 1517 3846 in
1563 3807 1721 3847 causa
1762 3792 1869 3848 Ne-

283 3880 435 3935 storii
488 3891 704 3938 sanctus
760 3899 972 3952 quoque
1029 3884 1261 3939 Joannes
1326 3884 1693 3939 Autiocltenus
1744 3900 1865 3940 eum

282 3972 627 4030 orientalibus
655 3976 945 4044 episcOpis,
980 3985 1035 4029 et
1077 3976 1164 4029 alii
1206 3978 1460 4044 primates
1492 3978 1863 4046 episcoporum

281 4078 401 4117 Cum
428 4064 557 4131 suis,
587 4064 795 4133 judiccs
820 4067 1042 4122 conside
1064 4076 1186 4131 ent,
1211 4067 1316 4122 illis
1343 4066 1567 4121 necdum
1609 4067 1660 4121 iu
1690 4067 1867 4136 Ephe-

280 4156 397 4210 sum
431 4160 859 4237 pervenientibus
901 4161 1285 4215 eoademuatus
1331 4170 1434 4216 est.
1481 4163 1614 4217 llinc
1662 4163 1866 4218 exstitit

281 4249 442 4303 totius
470 4265 631 4305 causa
672 4251 921 4307 discidii:
951 4253 1076 4308 hinc
1114 4258 1289 4309 omnis
1328 4256 1584 4309 tumultus
1634 4262 1865 4326 sumpsit

280 4342 568 4410 originem;
603 4342 727 4398 hinc
748 4343 1046 4399 Orientales
1069 4345 1268 4416 alLique
1299 4347 1485 4401 Patres
1513 4347 1707 4403 offensi
1731 4390 1744 4412 ,
1769 4350 1863 4403 ad-

278 4434 558 4502 versajam
592 4447 771 4491 mente
798 4436 1143 4491 crediderunt
1169 4480 1182 4503 ,
1213 4439 1357 4507 quod
1395 4441 1581 4493 beatus
1608 4439 1855 4511 Cyrillus,

275 4526 415 4578 male
442 4527 539 4578 sibi
570 4527 851 4590 conscius?
861 4527 1119 4597 judicium
1150 4539 1202 4584 et
1245 4529 1642 4600 inquisitionem
1682 4532 1856 4587 dicto-

276 4629 391 4670 rum
430 4618 640 4672 Patrum
668 4622 687 4651 ¹
718 4621 996 4692 effugerit,
1045 4635 1100 4677 ut
1138 4639 1323 4679 eorum
1372 4640 1477 4678 non
1520 4635 1857 4696 exspectaret

274 4711 577 4766 adventum.
602 4712 1009 4772 Arbitrabantur
1036 4722 1179 4773 enim
1221 4720 1363 4790 quod
1404 4723 1447 4776 si
1473 4724 1633 4778 etiam
1670 4725 1736 4780 de
1766 4740 1857 4779 ca-

275 4803 459 4870 pitulis
487 4803 606 4869 ejus
630 4819 749 4873 qua:
792 4822 973 4876 pOStea
1023 4816 1353 4880 retractavit,
1396 4815 1653 4884 judicium
1691 4831 1743 4874 et
1776 4819 1860 4872 in-

275 4891 492 4957 quisitio
519 4894 655 4947 facta
676 4910 839 4965 esset,
875 4918 977 4955 non
1012 4903 1155 4959 solus
1202 4898 1384 4975 pOsset
1419 4908 1695 4965 Nestorius
1739 4913 1881 4966 cul-‘

274 4980 466 5049 pabilis
527 4983 774 5042 inveniri.
829 4991 909 5044 Ob
964 4992 1063 5048 ltoc
1119 4996 1301 5066 itaque
1356 5002 1679 5056 venerabilis
1737 5004 1856 5059 lbas

274 5074 431 5139 dixit,
452 5072 658 5144 judicio
688 5089 741 5132 et
771 5080 1114 5150 inquisitione
1137 5104 1244 5143 non
1276 5092 1414 5144 facta
1436 5094 1851 5150 condemnatum

274 5179 394 5255 esse
438 5166 788 5227 Nestorium:
821 5182 1073 5245 tanquam
1122 5181 1190 5235 de
1244 5184 1383 5238 beati
1431 5184 1618 5257 Cyrilli
1674 5190 1851 5256 dictis,

275 5272 501 5326 quorum
531 5262 879 5320 intentionem
914 5270 1091 5323 minus
1133 5273 1514 5346 intelligebant,
1547 5297 1652 5335 non
1694 5282 1853 5339 luerit

274 5350 409 5406 facta
461 5354 754 5424 discussio;
820 5375 941 5416 cum
992 5364 1382 5437 imperatores,
1442 5375 1579 5429 sicut
1644 5380 1846 5446 retulit,

273 5454 552 5513 nr0pterea
578 5449 848 5518 jusserant
873 5458 1128 5525 primates
1159 5460 1531 5534 episcoporum
1580 5470 1631 5524 in
1673 5471 1848 5541 Ephe-

398 5667 529 5748 μού.
566 5670 784 5744 Veron.,
818 5698 934 5748 quo.

343 5746 363 5776 ²
393 5741 535 5793 Idem
565 5748 709 5812 cod.,
741 5741 965 5809 sitorum.

1972 550 2176 596 tantum
2203 542 2433 597 Nestorii
2462 543 2616 610 libri,
2645 541 2737 597 sed
2782 542 2943 596 etiam
2991 538 3200 612 Cyrilli,
3244 538 3552 608 judicareu-

1972 643 2076 688 tur.
2103 634 2217 689 Non
2251 650 2375 705 ergo
2400 650 2621 690 necesse
2661 645 2743 690 est
2782 634 2849 690 de
2878 634 3122 689 Nestorio
3168 632 3369 688 dictum
3409 631 3549 685 acci-

1970 740 2117 794 pere,
2150 726 2289 795 quod
2320 728 2412 792 ait,
2441 726 2643 795 judicio
2666 734 2716 779 et
2741 726 3085 795 inquisitione
3115 741 3219 779 non
3253 724 3411 789 facta,
3440 725 3554 780 vela

1970 826 2028 872 ut
2063 817 2336 873 Nestorius
2364 818 2478 873 sine
2500 817 2705 889 judicio
2748 825 2802 872 et
2836 817 3181 888 inquisitione
3212 810 3381 871 fuerit
3416 831 3545 870 con-
3598 800 3606 816 ’

1970 908 2284 974 demuatus;
2331 924 2452 963 cum
2506 908 2673 977 possit
2726 906 2951 976 intelligi
3006 917 3286 977 propterea
3322 904 3549 972 dictum,
3600 898 3601 901 “

1969 998 2109 1067 quod
2154 998 2384 1066 capitula
2437 998 2575 1051 beati
2607 997 2792 1068 Cyrilli
2838 996 2904 1050 de
2936 997 3127 1066 quibus
3155 996 3261 1064 jam
3292 993 3554 1069 satisfeci-

1968 1104 2108 1155 mus,
2147 1088 2200 1142 in
2230 1089 2319 1142 illo
2359 1087 2561 1157 judicio
2616 1087 2863 1155 inquisita
2912 1102 3015 1140 non
3064 1087 3277 1141 fuerint.
3323 1085 3475 1152 Quod
3508 1084 3554 1139 si

1970 1178 2128 1232 etiam
2189 1179 2569 1245 concedamus,
2612 1170 2731 1247 quia
2797 1177 2862 1232 de
2910 1176 3155 1231 Nestorio
3204 1176 3404 1231 dictum
3441 1184 3547 1241 est,

1964 1269 2166 1339 judicio
2188 1280 2241 1324 et
2266 1269 2663 1338 inquisitione“,
2689 1267 2923 1338 nttnquid
2953 1266 3113 1321 etiam
3146 1266 3243 1320 ltoc
3266 1280 3547 1332 concesso,

1970 1376 2191 1416 necesse
2223 1362 2377 1417 nobis
2418 1370 2500 1416 est
2528 1361 2828 1432 intelligere
2864 1359 3005 1430 quod
3038 1359 3090 1413 in
3123 1360 3205 1412 Itis
3235 1358 3412 1413 verbis
3444 1358 3554 1412 ΝΘ·
3593 1352 3597 1363 ’

1968 1454 2168 1508 storius
2199 1453 2373 1508 fuerat
2403 1454 2731 1507 excusatus?
2775 1452 2881 1508 Cur
2926 1450 3067 1505 enim
3114 1465 3218 1504 non
3273 1449 3554 1505 credamus

1968 1545 2457 1601 reverentissimum
2509 1543 2651 1598 Ibam
2696 1558 2801 1597 non
2852 1536 3218 1606 excusantem,
3270 1539 3363 1595 sed
3417 1539 3555 1593 indi-

1969 1644 2216 1703 gnantem
2265 1634 2405 1703 quod
2458 1632 2758 1687 Orientales
2811 1629 3107 1699 exspectati
3171 1645 3278 1685 non
3334 1628 3552 1695 fuerint,

1969 1730 2168 1784 dixisse
2218 1730 2269 1784 in
2322 1731 2413 1783 illo
2446 1730 2695 1795 concilio,
2728 1728 2930 1798 judicio
2956 1738 3012 1783 et
3055 1728 3401 1798 inquisitione
3448 1743 3552 1781 non

1900 1839 1944 1899 Β
1975 1819 2113 1874 facta
2146 1819 2373 1887 finitum,
2406 1820 2546 1889 quod
2575 1821 2692 1873 sine
2725 1819 2855 1887 ipsis
2884 1818 2953 1873 ibi
2978 1818 3274 1888 judicatum
3308 1819 3551 1873 fueratet

1969 1916 2249 1986 qua-situm
2286 1932 2299 1967 :
2341 1923 2589 1984 tanquam
2636 1913 2887 1982 judicium
2934 1928 3037 1966 non
3066 1922 3211 1967 esset
3238 1913 3551 1982 legitimum,

1968 2022 2142 2077 neque
2174 2006 2403 2076 legitima
2444 2005 2748 2074 inquisitio,
2778 2006 2868 2060 ubi
2901 2006 3001 2073 ipsi
3042 2021 3147 2060 non
3190 2006 3349 2060 adera
3377 2015 3433 2072 tt,
3462 2007 3552 2075 qui

1969 2100 2170 2169 pariter
2200 2099 2543 2169 inquisitores
2586 2099 2777 2154 delecti
2826 2106 2976 2153 erant
3006 2108 3056 2153 et
3083 2098 3329 2168 judices?
3354 2098 3550 2154 Veru'm

1969 2191 2238 2257 existimo,
2264 2190 2558 2245 ctcredere
2587 2205 2683 2244 nos
2725 2198 2956 2255 onortet,
3007 2189 3147 2260 quod
3192 2188 3553 2245 Orientalibus

1969 2292 2024 2339 et
2055 2283 2278 2338 aliarum
2308 2284 2704 2353 provinciarum
2737 2282 2982 2338 Patribus
3026 2284 3216 2352 aliquae
3249 2296 3425 2336 eausm
3474 2281 3554 2337 itt-

1971 2376 2249 2431 eritaliiles
2276 2376 2517 2431 accidere
2545 2386 2835 2446 potuerunt
2859 2386 2913 2429 ut
2943 2376 3124 2430 venire
3152 2376 3454 2442 tardarent;
3486 2392 3551 2431 rx

1971 2467 2137 2522 altera
2171 2479 2319 2537 parte
2359 2469 2516 2523 beato
2556 2468 2757 2539 Cyrillo
2783 2477 2834 2522 et
2864 2469 2982 2522 aliis
3026 2468 3112 2537 qui
3161 2476 3553 2537 prtevcncraut,

1972 2559 2217 2613 similiter
2243 2573 2573 2629 quaecunque
2605 2558 2899 2613 necessitas
2935 2567 2995 2612 ut
3022 2574 3112 2612 eos
3139 2558 3337 2613 diutius
3361 2572 3554 2626 exspe-

1974 2664 2119 2706 Ctare
2149 2667 2251 2705 non
2286 2661 2523 2720 possent.
2557 2651 2659 2706 Ubi
2700 2666 2797 2705 nos
2839 2651 2965 2721 quid
3006 2652 3264 2716 d'eamus,
3298 2650 3396 2704 nisi
3425 2650 3583 2705 illud'

1975 2742 2113 2812 quod
2140 2741 2248 2810 jam
2276 2741 2530 2808 diximus,
2573 2756 2693 2796 cum
2731 2742 2796 2795 de
2829 2743 3132 2796 maledictis
3174 2742 3339 2812 ipsius
3369 2742 3552 2813 Cyrilli

1974 2847 2093 2900 quae
2124 2841 2311 2887 contra
2356 2842 2597 2887 sanctum
2644 2832 2903 2888 Joannem
2958 2833 3197 2900 protulit,
3249 2848 3554 2903 ageremus.

1986 2921 2074 2979 Vw
2117 2925 2306 2977 mundo
2339 2942 2371 2979 a
2398 2925 2652 2978 scandulis
2697 2923 2910 2995 (Matth.
2950 2939 3113 2989 xvm,
3143 2922 3235 2993 7)?
3279 2923 3553 2994 Siquidem

1978 3029 2084 3069 non
2137 3014 2309 3069 solum
2358 3016 2676 3069 voluntariis
2728 3016 3028 3069 animorum
3079 3014 3336 3079 motibus,
3368 3030 3554 3070 verum

1977 3112 2137 3166 etiam
2165 3120 2357 3179 praeter
2380 3110 2703 3187 voluntatem
2742 3120 3039 3182 prmterque
3082 3111 3382 3181 scientiam,
3430 3125 3552 3166 exa-

2582 3333 2809 3389 CAPUT
2850 3333 2939 3389 lli.

1977 3466 2126 3532 Quod
2157 3465 2272 3519 lbas
2302 3466 2490 3534 judicia
2513 3464 2628 3536 [alii
2658 3466 2874 3533 potuerit
2894 3467 2943 3519 iu
2972 3466 3234 3535 Nestorio,
3263 3467 3391 3521 sicut
3418 3468 3553 3522 Aua-

2046 3538 2201 3608 tolius
2242 3539 2295 3608 in
2326 3536 2611 3608 Dioscoro,
2632 3538 2945 3590 Athanasius
2983 3539 3036 3591 in
3078 3538 3362 3603 Timotheo,
3394 3556 3552 3608 synec-

2043 3606 2446 3683 dus_Pala:stina
2496 3618 2543 3661 et
2569 3607 2804 3663 Zosimus
2849 3625 2985 3678 papa
3018 3610 3073 3663 in
3122 3608 3337 3683 Pelagio
3368 3606 3552 3664 εἴϐω-

2044 3678 2210 3732 testia.

2039 3790 2108 3845 At
2149 3791 2266 3846 hzec
2310 3789 2520 3857 omnia,
2576 3791 2767 3860 quibus
2813 3806 3073 3861 apparere
3125 3793 3293 3860 possit
3336 3806 3401 3848 ex
3448 3808 3552 3863 qua

1968 3900 2129 3941 causa
2168 3900 2289 3938 cum
2329 3884 2480 3949 aliis,
2506 3892 2559 3937 et
2605 3884 2835 3938 maxime
2885 3883 3230 3937 orientalibus
3253 3884 3545 3953 episc0pis,

1968 3982 2204 4037 offeusns
2235 3980 2697 4037 reverentissimus
2726 3980 2844 4034 lhas
2871 3979 2941 4033 ita
2969 3979 3036 4034 de
3062 3980 3215 4033 beato
3244 3979 3443 4048 Cyrillo
3466 3979 3549 4032 lo-

1966 4085 2120 4128 cutus
2150 4081 2251 4138 est,
2281 4071 2531 4127 doctores
2556 4071 2642 4125 isti
2674 4071 2889 4126 novitiae
2916 4070 3156 4125 veritatis
3196 4073 3249 4124 in
3289 4086 3387 4125 suo
3412 4070 3549 4124 libro

1965 4178 2168 4234 ponere
2212 4163 2531 4223 vitaverunt,
2565 4177 2670 4229 quo
2717 4162 2804 4216 illa
2850 4162 3074 4230 cpistola
3116 4177 3272 4231 quam
3312 4163 3549 4232 synodus

1966 4256 2330 4326 pronuntiavit
2374 4253 2747 4319 orthodoxam,
2790 4268 3083 4309 excusasse
3130 4256 3433 4310 Nestorium
3463 4256 3546 4307 vi-

1964 4351 2198 4404 deretur.
2223 4347 2377 4416 Quod
2422 4347 2636 4416 quidem
2676 4347 2720 4402 si
2751 4346 2955 4402 faceret
2994 4347 3133 4415 quod
3184 4347 3548 4417 re~pondcba~

1963 4458 2083 4497 mus
2110 4441 2441 4497 Nestorianis
2470 4455 2565 4509 pro
2586 4440 2743 4495 beato
2770 4439 3019 4495 Anatolio
3055 4453 3084 4494 a
3113 4454 3220 4510 quo
3263 4439 3546 4494 damnatus

1963 4542 2046 4590 est
2075 4535 2377 4599 Dioscorus,
2408 4548 2564 4603 quem
2595 4547 2853 4586 excusare
2884 4532 3071 4585 volens
3094 4532 3250 4595 dixit,
3284 4547 3403 4585 eum
3439 4544 3543 4585 non

1968 4641 2062 4695 pro
2091 4623 2194 4679 fide
2220 4639 2340 4679 esse
2367 4623 2706 4687 damnatum;
2735 4622 2835 4677 hoc
2868 4622 3027 4675 etiam
3061 4620 3410 4691 Eutyehiauis
3449 4634 3548 4690 pro

1967 4715 2400 4772 reverentissimo
2457 4713 2545 4767 Iba
2595 4726 2699 4766 non
2740 4711 3010 4766 immerito
3054 4711 3381 4781 respondere
3428 4725 3548 4780 pos:-

1964 4823 2162 4864 semus.
2209 4805 2469 4872 Quoniam
2534 4802 2674 4857 aliud
2743 4811 2870 4868 est,
2919 4801 2964 4855 si
3007 4803 3231 4871 quisque
3292 4801 3547 4867 simplici-

1965 4906 2045 4951 ter
2097 4896 2151 4950 in
2203 4896 2455 4949 haeretico
2505 4893 2656 4947 dolos
2703 4906 2828 4945 suos
2870 4891 3147 4945 occulente
3198 4891 3434 4954 fallatur,
3490 4899 3543 4943 ut

1964 5004 2085 5044 eum
2117 4996 2265 5057 putet
2294 4984 2682 5049 orthodoxam;
2732 4992 2786 5038 et
2832 4982 2998 5048 aliud,
3044 4983 3087 5036 si
3119 4983 3399 5049 ipsammet
3428 4979 3543 5048 ejus

1964 5081 2211 5136 haeresim
2255 5079 2485 5148 agnitam
2540 5085 2776 5133 sectetur
2826 5086 2986 5146 atque
3036 5074 3302 5131 defendat.
3364 5074 3544 5141 Quan-

1962 5189 2119 5244 quam
2168 5173 2211 5227 si
2256 5174 2373 5242 quis
2395 5173 2550 5226 etiam
2574 5172 2651 5224 sic
2681 5182 3027 5238 utrorumque
3058 5182 3271 5222 causam
3314 5167 3541 5236 diligen-

1962 5272 2042 5319 ter
2071 5261 2387 5329 attenderet,
2421 5262 2631 5331 gravior
2660 5258 2895 5328 episcopi
2934 5257 3162 5313 Anatolii
3192 5257 3541 5327 probaretur;

1960 5355 2208 5425 quoniam
2248 5353 2402 5421 ipse,
2455 5350 2898 5421 quemadmodum
2947 5347 3145 5403 dictum
3195 5358 3323 5415 est,
3378 5348 3428 5403 in
3479 5363 3540 5405 ea

1959 5448 2163 5519 synodo
2216 5448 2382 5503 voluit
2422 5447 2488 5501 ab
2518 5443 2736 5498 barresis
2787 5442 3010 5496 crimine
3066 5442 3317 5512 Eutycliis
3378 5453 3539 5512 atque

2026 5716 2046 5745 ³
2079 5714 2215 5767 ldum
2242 5712 2396 5776 cod.,
2431 5720 2477 5764 et
2516 5707 2849 5778 inquisitione
2885 5724 2983 5761 non
3028 5711 3185 5778 facta.
3235 5711 3538 5771 Lectionum

1954 5790 2265 5839 conlirtuaut
2291 5796 2408 5844 qua:
2438 5796 2598 5847 supra
2629 5791 2681 5833 et
2707 5778 2847 5833 infra
2877 5780 3147 5836 dicuntur.
