4070 6352
334 362 439 421 689

1219 366 1350 422 eno
1387 363 1818 421 nigrexsme
1859 358 2068 416 rmuu
2107 348 2418 419 caritura
2462 365 2589 419 un.
2634 341 2739 421 vti.

3497 367 3601 425 i390

332 487 712 557 episcoporum
731 483 964 541 Orientis
989 484 1321 554 aliorumque
1344 483 1531 553 injuria
1557 483 1631 538 sic
1663 483 1918 537 loculum.
1950 478 1999 536 A
2028 489 2109 534 est
2139 496 2321 536 rursus
2351 485 2417 537 ab
2439 486 2525 540 lba
2550 486 2825 541 Nestorius
2847 494 3127 541 excusatus
3153 504 3163 539 τ
3197 486 3317 557 quia
3344 500 3445 540 non
3477 476 3600 542 eum

334 578 465 636 Nam
509 578 746 635 conferte
771 595 887 649 qua:
918 578 996 633 ilii
1041 578 1178 633 niale
1216 580 1465 647 decerpta
1511 590 1831 648 posuerint",
1864 584 1919 631 et

332 687 454 740 qua:
482 686 582 725 nos
603 668 893 724 secundum
916 668 1081 736 ipsius
1101 670 1338 737 episto'a:
1364 679 1602 724 tenorem
1624 668 1917 737 posuimus.

333 774 384 816 ct
408 778 515 816 non
547 763 720 817 solum
746 777 862 831 quze
885 761 1037 815 furati
1065 771 1216 826 sunt,
1247 776 1434 814 verum
1463 760 1622 815 etiam
1652 758 1917 813 furtorum

330 870 524 909 causas
548 854 812 908 videbit-is.
837 850 944 907 Cm:
966 855 1105 906 enim
1128 851 1392 921 imprimis
1415 851 1735 906 narrationis
1754 848 1921 917 ipsius

331 947 574 1018 cpistola:
618 946 856 1015 fugerent
886 944 1121 1007 initium,
1149 959 1283 1012 quos
1315 942 1439 997 inde
1469 942 1752 1011 oportebat
1781 940 1917 994 inci-

334 1052 483 1107 pere,
516 1035 619 1093 nisi
649 1036 768 1106 quia
799 1036 1160 1090 nescientibus
1188 1034 1312 1103 quid
1346 1033 1569 1103 epistula
1601 1033 1714 1099 ipsa
1742 1030 1918 1085 conti-

331 1137 477 1194 neat,
507 1128 593 1183 vel
626 1129 801 1182 minus
824 1125 1262 1197 iutelligentibus,
1287 1126 1572 1189 subripere.
1595 1120 1919 1176 voluerunt?

335 1241 356 1273 ι
409 1221 568 1276 Facio
593 1231 795 1284 autem,
824 1220 1018 1289 inquit,
1049 1217 1258 1271 initium
1289 1216 1610 1271 narrationis
1642 1214 1710 1269 de
1740 1213 1919 1267 verbis

329 1330 451 1381 qua:
478 1324 531 1368 et
562 1312 676 1382 ipse
706 1313 865 1365 nosti.
895 1309 1178 1365 Contentio
1204 1308 1341 1362 facta
1370 1318 1475 1367 est.
1511 1309 1635 1360 dum
1665 1321 1919 1361 reveren-

333 1407 404 1459 tia
438 1414 523 1459 tua
554 1403 641 1459 hic
669 1413 829 1469 esset,
885 1402 969 1457 his
1000 1401 1209 1456 duobus
1240 1400 1547 1473 hominibus
1577 1397 1828 1452 Nestorio
1865 1405 1920 1453 et

328 1494 565 1564 Cytilio;
600 1505 648 1548 et
671 1491 1112 1562 conscripserunt
1140 1490 1396 1544 adversus
1427 1502 1487 1543 se
1512 1489 1698 1543 noxios
1730 1487 1916 1553 libros,

328 1589 421 1657 qui
454 1588 760 1642 scandalum
815 1585 1028 1641 fuerunt
1058 1580 1728 1638 audientibus.-Nestorius
1773 1580 1916 1635 enim

328 1680 513 1736 docuit
554 1680 609 1733 in
640 1680 752 1733 suis
783 1679 956 1745 libris,
997 1677 1134 1731 sicut
1182 1687 1234 1730 et
1267 1676 1563 1730 reverentia
1597 1684 1683 1728 tua
1727 1674 1874 1728 novit
1900 1715 1915 1739 ,

329 1772 456 1842 quia
507 1769 660 1826 beata
692 1768 855 1825 Maria
889 1767 985 1823 Dt-i
1016 1767 1238 1839 genitrix
1272 1781 1375 1820 non
1407 1776 1508 1827 est,
1546 1764 1616 1818 ita
1662 1772 1719 1818 ut
1765 1763 1915 1817 multi

2022 572 2154 626 dixit
2185 583 2239 627 nt
2267 574 2577 631 haereticum
2604 581 2656 633 in
2677 566 2826 634 suam
2852 581 3121 635 civitatem
3152 580 3348 634 reverti
3380 596 3484 633 ιιι›ιι
3510 578 3603 647 po-

2024 665 2225 730 tuisse,
2252 666 2345 720 St'd
2378 669 2628 736 quoniam
2662 671 2709 723 ei
2743 671 2866 724 odio
2911 680 3026 726 erat
3065 679 3122 726 et
3150 671 3239 739 qui
3266 679 3418 724 erant
3449 670 3499 723 in
3538 683 3599 720 ca

2021 759 2515 814 excellentimihus.
2548 761 2713 826 Quasi
2761 764 2989 831 probare
3028 762 3237 826 possint
3268 761 3409 831 quod
3454 777 3607 817 revca

2021 851 2357 906 rentissimus
2386 852 2502 905 ibas
2524 853 2828 909 Ne~tor2um
2859 855 3083 923 dixerit,
3113 870 3220 909 non
3250 862 3466 924 preptcr
3496 852 3606 906 ha:-

2021 956 2227 1007 resem,
2256 942 2350 998 sed
2396 958 2612 1012 propter
2652 946 2784 998 alias
2824 960 3171 1016 quascunque
3213 959 3422 1011 causas,
3480 943 3603 997 odio

2022 1034 2186 1089 fuisse
2216 1035 2414 1089 civitati
2436 1052 2547 1090 suae
2571 1045 2625 1091 et
2652 1036 2738 1102 qui
2767 1046 2918 1091 erant
2942 1038 2994 1089 in
3018 1050 3082 1093 ea
3109 1036 3602 1100 excellentiorihus,

2023 1136 2079 1180 ut
2106 1127 2156 1181 in
2184 1140 2301 1180 eam
2328 1126 2523 1181 reverti
2551 1143 2657 1181 non
2692 1138 2869 1197 posset
2894 1146 2906 1192 ;
2931 1132 3020 1198 qui
3054 1130 3299 1198 superius
3326 1131 3435 1196 jam
3463 1127 3607 1179 dise-

2023 1224 2107 1273 t'at
2147 1217 2284 1283 quod
2334 1219 2525 1273 noxios
2573 1221 2956 1290 cousuipserit
3006 1220 3168 1273 libros
3225 1221 3314 1290 qui
3354 1219 3607 1273 seandalo

2024 1309 2220 1364 fuerint
2267 1310 2641 1376 auliemihus,
2675 1312 2797 1380 quia
2852 1313 3060 1366 beatam
3107 1312 3325 1366 Mariam
3383 1322 3606 1365 matrem

2026 1401 2120 1455 Dei
2155 1400 2442 1468 negabant.
2478 1402 2883 1471 Respondemus
2914 1404 3073 1472 igitur
3099 1403 3177 1457 eis
3207 1404 3309 1457 hoc
3339 1402 3519 1465 modo,
3552 1411 3609 1454 ut

2026 1492 2336 1546 omittamus
2384 1493 2484 1546 alia
2527 1493 2720 1563 quibus
2768 1494 3155 1563 refragantibus
3199 1493 3314 1548 inec
3341 1493 3607 1548 calumnia

2023 1586 2389 1653 multipliciter
2414 1602 2473 1641 ae
2490 1588 2742 1643 facillime
2763 1588 3069 1643 confutatur
3095 1604 3108 1642 :
3132 1585 3377 1656 Nunquid
3409 1583 3606 1639 alicubi

2023 1678 2488 1735 reverentissimus
2515 1680 2633 1736 ibas
2658 1682 2732 1735 ait
2755 1680 2898 1752 quod
2926 1679 3203 1736 Nestorius
3243 1678 3456 1748 quidem
3480 1674 3606 1729 odio

2022 1779 2139 1823 erat
2167 1783 2279 1823 sua:
2307 1769 2509 1824 civitati
2534 1785 2582 1825 et
2614 1773 2701 1840 qui
2732 1779 2883 1825 erant
2914 1770 2966 1824 in
2998 1787 3056 1824 ea
3098 1765 3604 1830 excellentiorihus.

331 1870 584 1932 puzarent
612 1862 680 1915 de
711 1862 915 1916 hzercse
954 1860 1098 1914 Pauli
1128 1859 1463 1915 Samosateni
1498 1857 1639 1911 hunc
1683 1872 1803 1913 esse
1826 1855 1913 1924 qui
1951 1862 1990 1920 Β
2018 1862 2110 1915 seti
2145 1876 2249 1914 non
2294 1867 2545 1929 tanquam
2596 1861 2899 1927 ba'rcticus,
2928 1870 2987 1916 ut
3019 1861 3072 1915 in
3112 1875 3229 1916 eam
3273 1860 3467 1915 reverti
3498 1875 3605 1915 non

325 1956 463 2012 dixit
493 1955 767 2010 hominem
818 1968 1006 2024 purum
1052 1966 1172 2007 esse
1219 1951 1535 2015 Christum;
1573 1970 1590 2002 ι
1627 1958 1681 2004 et
1726 1957 1911 2019 postea

326 2048 589 2119 sequitur,
620 2048 761 2101 unde
792 2046 877 2101 isti
908 2054 1225 2114 cmperunt:
1276 2062 1293 2096 ι
1343 2044 1568 2115 Cyrilius
1607 2054 1784 2097 autem
1819 2057 1913 2096 vo-

326 2140 447 2197 iens
478 2139 706 2194 Nestorii
736 2138 902 2193 libros
928 2138 1225 2202 destruere,
1262 2135 1441 2205 lapsus
1480 2144 1581 2199 est,
1613 2142 1667 2188 et
1698 2134 1748 2188 in
1779 2132 1912 2203 dog-

327 2248 415 2287 ma
459 2231 763 2302 Apolinaris
829 2230 1077 2284 inventus
1121 2237 1205 2283 est
1256 2227 1530 2282 incidisse.
1582 2224 1914 2295 Conscrilrsit

325 2322 491 2377 etiam
521 2331 574 2377 et
626 2323 741 2392 ipse
769 2320 1019 2375 similiter
1067 2318 1165 2385 illi,
1196 2319 1315 2387 quia
1345 2318 1464 2387 ipse
1495 2317 1633 2371 Deus
1678 2315 1910 2371 Verbum

325 2412 500 2468 factus
530 2422 613 2469 est
642 2413 823 2467 homo.
870 2431 888 2463 ι
939 2411 1003 2466 Et
1033 2410 1224 2466 deinde
1262 2411 1504 2480 sequitur
1556 2408 1717 2472 illud,
1770 2407 1909 2479 quod

326 2504 519 2559 iterum
549 2505 963 2558 subtraxerunt:
1003 2520 1021 2551 ι
1060 2500 1334 2570 Tanquam
1366 2515 1470 2554 non
1502 2499 1573 2554 sit
1614 2498 1911 2556 dilferentia

325 2595 470 2650 inter
503 2595 758 2666 templum
788 2606 839 2649 et
872 2592 1257 2647 inhabitantem
1294 2591 1345 2645 in
1372 2604 1459 2645 eo.
1482 2608 1518 2649 ,ι
1554 2588 1661 2644 Cur
1692 2590 1870 2659 itaque
1895 2629 1911 2654 ,

327 2687 466 2741 sicut
496 2687 626 2753 dixi,
661 2687 983 2742 narrationis
1011 2685 1178 2755 ipsius
1210 2684 1466 2754 principia
1491 2684 1801 2751 contingere
1830 2684 1915 2737 vi-

326 2788 600 2845 taverunt,
649 2776 789 2833 unde
820 2778 997 2849 potius
1046 2776 1184 2831 ratio
1212 2775 1471 2830 docendae
1510 2774 1751 2829 veritatis
1793 2787 1916 2828 sua-

324 2871 487 2926 debat
513 2870 769 2938 incipere,
795 2869 896 2923 nisi
918 2867 1041 2938 quia
1064 2866 1280 2921 falsitati
1308 2865 1639 2922 contrarium
1668 2874 1749 2919 est
1774 2864 1913 2935 quod

320 2973 405 3018 est
429 2964 750 3019 conveniens
772 2964 1018 3019 veritati?
1039 2964 1168 3019 Nam
1192 2964 1505 3020 calumniari
1526 2964 1769 3019 volentes
1793 2962 1916 3018 huic

323 3054 582 3123 epistulre,
618 3055 759 3126 quod
802 3057 953 3126 quasi
984 3056 1292 3112 Nestorium
1333 3057 1702 3121 excusaverit,
1734 3054 1915 3109 occul-

326 3156 446 3201 tare
476 3146 758 3203 voluerunt
783 3149 922 3218 quod
954 3148 1026 3204 ibi
1057 3148 1257 3204 dictum
1288 3156 1373 3204 est
1411 3147 1479 3204 de
1521 3149 1640 3218 ipso
1668 3146 1914 3202 Nestorio

2020 1962 2203 2021 posset
2229 1953 2250 2005 ἲ
2279 1952 2424 2018 Νυιι,
2456 1953 2721 2023 inquiunt.
2767 1952 3009 2021 Nunquid
3066 1953 3166 2006 hoc
3205 1953 3395 2006 saltem
3429 1951 3603 2015 dixit,

2016 2042 2141 2094 odio
2170 2052 2285 2098 erat
2309 2057 2421 2097 suae
2444 2044 2645 2098 civitati
2677 2053 2732 2098 et
2758 2044 2849 2111 qui
2893 2045 2944 2097 in
2977 2058 3037 2097 ea
3072 2052 3225 2097 erant
3250 2042 3607 2097 excellentiu-

2018 2133 2189 2198 ribus,
2218 2133 2288 2187 ob
2316 2134 2448 2189 alias
2480 2136 2711 2202 [rivatas
2736 2149 2946 2200 causas,
2969 2147 3024 2189 ut
3060 2133 3111 2187 in
3135 2148 3252 2187 eam
3277 2133 3473 2187 reverti
3501 2146 3604 2186 non

2019 2226 2245 2293 posset?
2274 2225 2457 2293 Neque
2486 2225 2610 2291 hoc,
2638 2227 2901 2297 inquiunt.
2930 2226 2986 2282 Si
3016 2226 3175 2298 igitur
3206 2240 3305 2281 nec
3327 2224 3431 2281 hoc
3456 2240 3605 2281 reve-

2017 2318 2354 2371 rentissimus
2385 2317 2501 2371 ibas
2528 2316 2684 2383 dixit,
2732 2320 2870 2386 quod
2906 2320 3120 2388 quidem
3153 2319 3196 2373 si
3243 2317 3468 2386 diceret,
3499 2324 3606 2374 no‘n

2017 2417 2136 2463 erat
2164 2423 2502 2479 consequens
2542 2421 2601 2464 ut
2628 2408 2716 2478 qui
2748 2424 2845 2479 pro
2877 2409 2998 2463 aliis
3030 2410 3249 2477 privatis
3286 2408 3463 2464 causis
3492 2408 3606 2464 odi-

2018 2501 2141 2556 bilis
2170 2502 2461 2570 diceretur,
2495 2503 2657 2557 etiam
2690 2516 2787 2571 pro
2817 2516 2911 2557 sua
2947 2501 3140 2557 haeresi
3186 2502 3370 2571 negari
3399 2500 3606 2556 videre-

2020 2603 2106 2649 tur
2154 2593 2400 2659 odibilis;
2435 2606 2612 2649 tamen
2652 2609 2774 2649 eum
2825 2608 2998 2663 neque
3052 2594 3151 2648 hoc
3197 2594 3605 2650 dixerit:unde

2018 2682 2249 2750 pote-tis
2292 2683 2575 2738 ostendere
2621 2682 2760 2753 quod
2796 2683 2878 2737 his
2922 2683 3100 2737 verbis
3150 2681 3473 2737 venerabilis
3503 2683 3605 2738 Iba:

2017 2774 2180 2830 fuerit
2211 2777 2487 2831 Nestorius
2516 2777 2840 2832 excusatus?
2873 2779 2951 2830 Au
2983 2778 3118 2832 forte
3146 2777 3416 2831 videretur
3455 2775 3604 2832 vobis

2018 2866 2087 2922 ad
2112 2866 2408 2922 sacerdotis
2436 2865 2723 2920 orthodoxi
2754 2866 3121 2921 testimonium
3144 2866 3433 2933 pertinere,
3459 2866 3503 2920 si
3525 2865 3607 2921 di-

2018 2969 2169 3015 catur
2196 2958 2322 3013 odio
2351 2970 2471 3012 esse
2518 2956 2720 3012 civitati
2763 2971 2872 3011 sua:
2899 2965 2953 3010 et
2977 2957 3063 3026 qui
3097 2958 3148 3010 in
3178 2970 3241 3009 ea
3274 2965 3396 3009 sunt
3423 2956 3611 3012 excel-e

2021 3051 2380 3109 lentioribus?
2422 3051 2537 3107 Non
2595 3051 2884 3118 videretur,
2926 3051 3202 3120 inquiunt;
3234 3059 3612 3105 verumtamen

2021 3146 2079 3202 in
2103 3146 2283 3201 verbis
2312 3143 2470 3215 bujus
2501 3143 2743 3211 epistolae
2772 3142 3088 3197 subauditur
3118 3142 3241 3210 hoc,
3266 3142 3389 3210 quia
3416 3141 3604 3197 Nesto—

327 3242 416 3295 vel
471 3243 627 3298 ieato
672 3243 871 3313 C_tri'lo
906 3260 920 3299 :
968 3263 987 3297 ι
1034 3245 1485 3315 Conscripserunt
1523 3245 1809 3300 adversum
1856 3260 1914 3299 se
1945 3238 1990 3302 C
2024 3242 2134 3295 rius
2165 3254 2272 3294 non
2297 3238 2605 3303 haereticus,
2653 3236 2746 3292 sed
2788 3245 2846 3291 ut
2876 3235 2950 3291 ob
2979 3235 3110 3290 alias
3152 3236 3383 3317 privatas
3414 3250 3605 3291 causas

326 3334 518 3388 noxios
560 3333 730 3390 libros
776 3336 867 3407 qui
913 3336 1168 3392 seandalo
1210 3337 1425 3393 fuerunt
1473 3337 1837 3393 audientibus.
1887 3356 1904 3389 ι

324 3424 612 3491 Quomodo
631 3426 774 3482 enim
806 3427 1080 3484 videri-tur
1107 3432 1579 3486 reverentissimus
1608 3429 1726 3486 ibas
1750 3444 1914 3485 excu-

324 3531 480 3573 sasse
523 3517 851 3590 Nestorium,
885 3523 929 3575 si
961 3523 1191 3576 sciretur
1220 3522 1423 3578 dixisse
1449 3521 1589 3593 quod
1621 3522 1811 3578 noxios
1843 3523 1910 3577 ii-

323 3610 457 3666 brus
502 3614 591 3682 qui
643 3615 895 3670 seandalo
937 3627 1119 3672 essent
1146 3617 1488 3673 audientibus
1511 3660 1525 3683 ,
1558 3618 1671 3688 ipse
1700 3633 1912 3690 quoque

325 3705 749 3773 conscripserit?
776 3706 893 3762 Non
928 3709 1087 3778 igitur
1124 3711 1427 3764 excusando
1457 3710 1783 3776 Nestorium,
1817 3709 1912 3766 sed

325 3796 627 3853 accusando
647 3797 807 3854 simul
831 3800 1041 3854 beatmn
1065 3800 1345 3872 Cyrillum,
1372 3801 1643 3856 videretur
1663 3817 1908 3868 errasse;

327 3888 496 3959 quod,
529 3890 666 3944 sicut
686 3891 740 3945 in
773 3891 863 3947 illo
892 3894 1108 3948 noxium
1131 3892 1394 3964 judicavit
1423 3896 1545 3964 quia
1578 3896 1784 3950 beatam
1809 3894 1915 3948 Ma-

327 3982 464 4036 riam
496 3981 589 4037 Dei
620 3983 935 4053 genitricem
970 3986 1217 4055 negabat,
1242 3988 1309 4039 ita
1341 3995 1393 4041 et
1424 3987 1476 4040 in
1504 3995 1691 4040 sancto
1716 3985 1916 4057 Cyriiln

328 4071 548 4126 noxium
598 4073 826 4129 credidit
870 4075 1013 4145 quod
1064 4092 1185 4131 eum
1240 4084 1518 4147 potaverat
1565 4078 1813 4131 similiter
1862 4091 1919 4134 ut

325 4162 672 4230 Apoliuarem
722 4167 1146 4236 conscripsisse,
1200 4169 1322 4238 quia
1354 4170 1468 4238 ipse
1517 4168 1655 4223 Deus
1682 4168 1916 4225 Verbum

326 4254 407 4305 sic
454 4256 622 4310 tactus
667 4263 751 4311 est
794 4255 975 4322 homo,
1013 4267 1071 4311 nt
1119 4274 1224 4313 non
1256 4271 1399 4314 esset
1446 4259 1743 4315 differentia
1782 4260 1920 4317 inter

330 4345 588 4414 templum
617 4356 673 4402 et
699 4346 1089 4404 inhabitantem
1136 4350 1188 4405 in
1216 4365 1302 4406 co.
1338 4350 1405 4406 Et
1434 4351 1633 4407 idcirco
1663 4367 1761 4408 nec
1790 4353 1917 4409 illud

325 4439 657 4495 credendum
682 4450 763 4498 est
783 4441 850 4497 ad
869 4444 1272 4500 excusationem
1297 4445 1496 4500 dictum
1519 4461 1642 4502 esse
1662 4446 1915 4513 Nestorii,

324 4532 470 4602 quod
499 4533 585 4587 isti
612 4532 850 4604 quidem’,
868 4537 1048 4592 nescio
1076 4544 1254 4591 utrum
1280 4539 1611 4594 conscientia
1638 4549 1916 4607 renuente,

2019 3333 2257 3397 odibilis,
2288 3333 2340 3387 in
2364 3346 2515 3386 suam
2543 3331 2814 3386 civitatem
2840 3330 3038 3385 reverti
3060 3344 3165 3384 non
3190 3330 3381 3398 potuit.
3416 3332 3485 3385 At
3506 3344 3605 3399 ego

2020 3427 2081 3491 in
2108 3427 2213 3481 illis
2241 3425 2422 3482 verbis
2454 3424 2557 3479 hoc
2583 3423 2760 3494 potius
2783 3423 3143 3496 significatum
3171 3423 3452 3491 subaudio,
3481 3426 3606 3493 quia

2019 3519 2302 3575 Nestorius
2336 3527 2583 3588 tanquam
2617 3516 2904 3572 haereticus
2930 3515 3055 3571 odio
3095 3523 3212 3572 erat
3238 3531 3353 3571 suae
3374 3500 3603 3585 civitati,

2020 3612 2158 3667 utin
2187 3626 2304 3666 eam
2349 3608 2549 3664 reverti
2599 3623 2704 3663 non
2753 3615 2951 3677 posset.
2991 3606 3250 3675 Qumnam
3295 3606 3604 3661 subauditio

2019 3704 2362 3774 acceptabilis
2391 3717 2512 3757 esse
2538 3701 2846 3757 videbitur?
2885 3700 3131 3756 Arbitror
3157 3699 3301 3770 quod
3335 3715 3397 3756 ea
3428 3700 3605 3769 potius

2019 3814 2139 3869 qua:
2188 3798 2364 3852 verbis
2411 3796 2777 3865 superioribus
2814 3797 3098 3866 congruit,
3156 3794 3348 3865 quibus
3398 3792 3601 3849 dictum

2022 3902 2103 3947 est
2130 3890 2273 3960 quod
2306 3889 2445 3944 idem
2475 3889 2755 3944 Nestorius
2782 3891 2976 3943 noxios
3006 3887 3283 3959 scripserit
3312 3886 3478 3942 libros
3516 3886 3607 3955 qui

2020 3980 2274 4036 seandalo
2322 3979 2517 4035 fuerint
2565 3980 2936 4045 audientibus,
2969 3980 3094 4051 quia
3143 3979 3354 4035 beatam
3384 3977 3606 4034 Mariam

2021 4082 2247 4127 matrem
2282 4071 2377 4127 Dei
2405 4071 2630 4142 negabat
2656 4090 2668 4129 :
2695 4087 2855 4141 quam
2880 4071 2970 4127 illa
2998 4088 3119 4143 quae
3144 4072 3355 4128 videtur
3377 4068 3461 4127 his
3490 4086 3608 4125 our-

2023 4164 2181 4217 nibus
2208 4178 2525 4233 repugnare,
2556 4163 2574 4194 ¹
2608 4163 2734 4234 quia
2767 4162 3043 4218 Nestorius
3074 4179 3170 4233 pro
3196 4164 3310 4219 suis
3339 4163 3516 4219 noxiis
3546 4162 3623 4217 ii--

2022 4256 2157 4321 bris,
2186 4256 2379 4327 quibus
2410 4270 2613 4327 negans
2644 4267 2870 4311 matrem
2904 4256 2997 4311 Dei
3035 4255 3251 4310 Mariam
3278 4255 3612 4311 scandalizat»

2024 4359 2175 4405 verat
2202 4348 2500 4414 audientes,
2534 4348 2751 4403 odibilis
2778 4356 2895 4404 erat
2941 4364 3054 4404 suae
3082 4348 3284 4403 civitati
3315 4354 3374 4404 ut
3402 4348 3455 4402 in
3488 4363 3607 4403 eam

2024 4444 2218 4499 reverti
2247 4458 2353 4496 non
2403 4449 2607 4512 posset.
2638 4441 2841 4497 Tamen
2870 4457 2936 4497 ex
2980 4440 3275 4497 abundanti
3315 4442 3609 4498 constitua-

2025 4550 2143 4590 mus
2170 4533 2663 4591 reverentissimum
2694 4532 2835 4587 ibam
2861 4547 2965 4588 non
2991 4532 3416 4588 subaudiendum
3437 4533 3608 4603 signi-

326 4640 396 4679 an
438 4626 558 4695 quia
588 4628 845 4695 praeteriit
876 4629 996 4685 illos
1026 4630 1079 4684 in
1110 4629 1244 4685 alias
1267 4630 1481 4686 fraudes
1509 4631 1764 4697 intentos,
1808 4649 1914 4686 non
1946 4634 1996 4694 D
2025 4627 2235 4694 licasse,
2264 4624 2358 4682 sed
2384 4635 2569 4695 aperte
2598 4624 2823 4691 dixisse,
2854 4625 2997 4695 quod
3034 4624 3308 4681 Nestorius
3339 4626 3465 4681 odio
3493 4636 3609 4681 erat

328 4725 625 4785 posuerunt
644 4716 697 4772 in
719 4718 909 4774 eodem
926 4721 1315 4776 calumniarum
1339 4734 1500 4793 atque
1519 4725 1916 4780 mendaciorum

329 4822 553 4862 suorum
587 4808 755 4876 libro;
787 4820 968 4867 tamen
1009 4813 1148 4883 quod
1181 4814 1425 4869 videmus
1451 4815 1520 4870 ab
1541 4829 1725 4871 eorum
1756 4816 1919 4872 sociis

332 4897 419 4951 vei
438 4898 755 4954 satellitibus
775 4902 1049 4970 objectari,
1072 4918 1178 4958 non
1202 4906 1500 4960 omittimus
1522 4907 1683 4961 simili
1705 4910 1917 4965 ratione

332 4989 603 5046 refellere.
634 4992 764 5046 Nam
795 5008 917 5048 cum
951 5006 1276 5053 memoratus
1301 4999 1622 5054 venerabilis
1653 5001 1769 5056 ibas
1798 5018 1920 5057 nar-

332 5087 481 5136 raret
506 5094 569 5137 ac
600 5081 804 5137 diceret
827 5100 840 5135 :
865 5084 1063 5140 Omnes
1090 5086 1377 5142 orientales
1403 5088 1642 5158 episcopi
1672 5091 1917 5146 eumdem

331 5170 591 5244 Cyrillum
621 5172 1046 5245 damnaverunt,
1076 5187 1132 5232 et
1158 5178 1416 5234 adversus
1450 5180 1587 5235 alios
1615 5182 1919 5252 episcopos,

331 5265 423 5333 qui
451 5277 841 5323 consenserunt
865 5267 983 5337 ejus
1009 5270 1273 5339 capitulis,
1308 5274 1921 5331 exeommunieationem

332 5357 715 5427 decreverunt,
738 5360 811 5416 ibi
837 5372 1052 5416 secutus
1084 5362 1277 5430 adjecit
1306 5380 1321 5417 :
1357 5383 1374 5416 ι
1411 5364 1475 5419 Et
1505 5375 1625 5433 post
1648 5366 1785 5421 hanc
1810 5378 1922 5422 tur-

336 5448 603 5507 bationem
657 5453 1020 5524 unusquisque
1066 5457 1117 5507 in
1151 5467 1299 5507 suam
1349 5456 1619 5511 civitatem
1663 5472 1919 5515 reversus

333 5554 435 5598 est.
470 5545 746 5602 Nestorius
764 5556 965 5613 autem,
988 5548 1240 5617 quoniam
1272 5564 1383 5602 sure
1413 5548 1612 5604 civitati
1636 5550 1759 5606 odio
1780 5561 1914 5619 erat,

334 5645 389 5689 et
419 5638 506 5703 qni
546 5650 695 5694 erant
728 5640 781 5694 in
827 5655 889 5697 ea
921 5641 1414 5707 excellentioribus,
1449 5644 1541 5697 illo
1573 5648 1773 5700 reverti
1814 5663 1917 5703 non

336 5729 525 5795 potuit.
575 5748 594 5782 ι
637 5731 901 5802 Uhjiciunt
933 5748 1060 5804 ergo
1103 5734 1252 5788 nobis
1292 5747 1343 5790 et
1381 5735 1605 5789 dicunt:
1643 5736 1783 5792 Ecce
1831 5739 1917 5794 ubi

2026 4720 2241 4791 quidem
2271 4717 2472 4775 civitati
2510 4732 2622 4772 suae
2648 4726 2705 4772 et
2745 4718 2835 4785 qui
2866 4720 3098 4773 erantin
3131 4732 3192 4773 ea
3220 4719 3612 4774 cxcellentiori-

2025 4812 2147 4878 bus,
2173 4812 2265 4868 sed
2296 4826 2401 4866 non
2432 4819 2682 4880 tanquam
2727 4808 3034 4875 haereticus,
3069 4808 3239 4878 magis
3286 4818 3461 4865 autem
3496 4823 3609 4878 pro-

2026 4916 2144 4975 pter
2186 4904 2318 4959 alias
2348 4916 2556 4967 causas,
2600 4901 2740 4956 utin
2787 4916 2906 4956 eam
2940 4903 3141 4956 reverti
3178 4914 3283 4955 non
3330 4910 3612 4969 posset;et

2025 4995 2257 5052 defuisse
2286 4995 2440 5051 nobis
2468 4993 2594 5060 alia,
2636 5007 2758 5063 quae
2782 4993 2892 5063 jam
2920 4992 3181 5058 diximus,
3210 5000 3266 5047 et
3295 5006 3419 5062 quae
3448 4991 3614 5046 rauim
3644 5030 3647 5033 -

2029 5088 2178 5157 plura
2208 5086 2471 5152 dicemus,
2502 5085 2698 5156 quibus
2719 5085 3162 5139 convincentibus
3200 5085 3331 5138 satis
3362 5083 3613 5137 ostende-

2029 5191 2177 5235 retur
2224 5178 2365 5248 quod
2414 5180 2576 5234 etiam
2622 5180 2735 5233 tuaac
2784 5194 2892 5232 non
2923 5178 2990 5232 ad
3020 5177 3388 5233 excusandum
3428 5176 3613 5232 Nesto.

2028 5272 2165 5325 rium
2209 5269 2351 5325 dicta
2380 5279 2560 5325 essent
2592 5289 2606 5326 :
2633 5268 2869 5339 nunquid
2902 5282 3125 5324 necesse
3152 5277 3269 5324 erat
3296 5268 3484 5324 eadem
3519 5283 3613 5338 per

2031 5379 2089 5420 se
2119 5365 2457 5421 considerata
2487 5380 2607 5435 quae
2637 5364 2887 5419 iinvimus
2910 5365 3070 5419 verba
3097 5364 3175 5419 sic
3201 5362 3521 5435 intelligere,
3558 5375 3613 5420 ut

2033 5470 2320 5516 excusatus
2348 5460 2399 5513 in
2430 5460 2511 5515 eis
2540 5458 2819 5515 Nestor-ius
2851 5459 3122 5513 videretur
3146 5458 3169 5512 2
3197 5457 3428 5515 Possem
3468 5458 3613 5514 enim

2025 5563 2080 5611 et
2109 5555 2267 5609 aliter
2293 5554 2546 5623 iuteiiigi,
2580 5553 2631 5607 id
2660 5567 2763 5617 est,
2809 5555 2931 5624 quia
2956 5554 3087 5609 licet
3112 5553 3397 5609 imreticus
3425 5552 3615 5609 Nesto-

2029 5649 2138 5702 rins
2160 5656 2324 5707 esset.
2352 5661 2446 5700 sua
2474 5654 2649 5698 tamen
2678 5646 2870 5699 civitas
2899 5647 2998 5701 hoc
3019 5646 3089 5702 de
3114 5646 3205 5701 illo
3229 5660 3337 5701 non
3359 5644 3609 5713 credidit,

2029 5754 2127 5793 nec
2161 5749 2409 5808 tauquam
2440 5737 2743 5801 iuereticus,
2775 5736 2867 5791 sed
2899 5749 3118 5807 propter
3144 5738 3284 5809 quod
3309 5738 3356 5795 ei
3385 5737 3454 5793 ob
3481 5736 3612 5792 alias

407 5863 426 5895 '
451 5863 581 5919 Cod.
621 5865 837 5939 Veron.,
888 5875 1191 5941 repugnare.
1232 5869 1473 5937 Quauwis
1518 5870 1687 5939 itaque
1734 5872 2108 5932 conrenientfm
2140 5874 2491 5939 mlvaudinlttr,
2523 5872 2639 5938 quia
2676 5872 3093 5939 Ncsloritts,,ctc.
