4070 6352
603 295 697 351 691

1708 296 2000 353 FALUNDI
2038 296 2247 353 Ei’lSC.
2284 297 2786 359 llEiiMiANENSlS
3756 315 3837 371 (ειη

601 426 789 467 causas
820 413 943 466 odio
973 423 1107 474 erat.
1139 414 1188 468 in
1218 427 1335 468 eam
1367 415 1565 467 reverti
1595 429 1700 468 non
1728 414 1916 483 potuit.
1951 414 2179 468 Possem
2210 419 2253 470 A
2287 413 2501 480 tat-tam,
2544 418 2836 487 judicatum
2865 420 3128 476 dederunt
3152 422 3215 475 ad
3247 423 3443 477 destru
3483 425 3673 480 tionem
3698 437 3745 483 et
3770 445 3839 486 ειη

600 515 760 562 etiam
802 510 878 562 sic
928 507 1175 577 intelligi,
1223 509 1365 578 quia,
1402 508 1523 563 licet
1572 510 1851 563 limrcticus
1906 508 2179 563 Nestor-ius

599 610 764 663 esset,
794 610 847 654 et
872 600 968 653 hoc
1002 600 1161 654 etiam
1186 615 1295 655 suae
1322 602 1521 655 civitati
1548 602 1838 665 videretur,
1870 617 1974 656 non
2004 612 2178 659 tamen

564 756 569 761 _
598 706 877 764 propterea
910 694 961 747 itt
995 710 1114 749 eam
1148 696 1343 749 reverti
1376 711 1479 749 non
1511 701 1699 766 potuit,
1734 712 1852 749 cum
1894 698 1960 751 ab
1990 698 2179 752 Orien-

598 786 791 839 talibus
819 797 869 840 et
914 787 1135 840 aliarum
1168 788 1561 855 provinciarum
1587 791 1853 855 episcopis
1888 805 1989 843 non
2031 801 2173 844 esset

564 934 568 941 ,
593 877 1001 942 condemnatus,
1025 894 1159 947 quos
1184 881 1535 944 imperatores
1564 881 1678 951 «jus
1702 898 1912 935 Causam
1933 884 2173 951 judicare

592 979 993 1037 prieieperant,
1029 971 1122 1025 sed
1156 972 1296 1039 quod
1326 974 1370 1024 ei
1405 974 1472 1023 ob
1519 974 1651 1025 alias
1695 990 1881 1027 causas
1904 976 2027 1029 odio
2052 974 2170 1029 fue-

558 1044 679 1125 jrit.
726 1060 1002 1129 Tanquam
1044 1062 1087 1115 si
1121 1064 1441 1117 venerabilis
1486 1064 1622 1129 lbas,
1664 1066 1885 1119 multum
1932 1069 2172 1124 tribuens

558 1206 561 1217 γ
589 1153 922 1206 auctoritatis
953 1168 1048 1205 suo
1073 1156 1481 1222 metmpolizano
1504 1166 1553 1210 ct
1578 1158 1783 1211 caneris
1814 1159 2170 1213 Orientalibus

588 1244 922 1314 altarumque
955 1248 1345 1311 provinciarum
1388 1250 1674 1316 epi~copis,
1705 1250 1791 1318 qui
1822 1266 1926 1304 non
1960 1252 2169 1305 inerant

588 1335 906 1403 ex5pectati,
955 1335 1160 1391 diceret
1201 1340 1324 1407 quia
1361 1338 1655 1404 Nestorius,
1685 1342 1808 1396 licet
1858 1341 2161 1412 luereticns,

589 1412 693 1478 non
744 1435 916 1479 tamen
948 1426 1015 1480 ab
1064 1428 1140 1481 eis
1182 1433 1587 1499 condemnatus,
1644 1444 1821 1502 posset
1861 1436 2054 1489 reverti
2111 1436 2163 1490 in

585 1514 877 1580 civitatem,
927 1526 980 1570 et
1027 1532 1211 1573 eorum
1267 1535 1583 1588 exSpct-tare
1627 1525 1907 1593 judicium,
1968 1527 2066 1579 nisi
2114 1528 2163 1583 ei

586 1618 804 1675 pr0ptcr
855 1609 983 1661 alias
1015 1626 1202 1664 causas
1251 1614 1374 1669 odio
1423 1626 1587 1669 esset.
1639 1616 1768 1669 Nam
1820 1632 1939 1670 cum
2001 1617 2162 1672 iidem

581 1703 878 1757 Orientales
907 1712 958 1756 et
988 1706 1073 1773 qui
1127 1720 1245 1759 cum
1278 1707 1355 1760 eis
1404 1717 1586 1768 erant,
1618 1716 1819 1761 tantum
1864 1712 2159 1777 prarvalue-

580 1799 685 1852 rint
730 1802 985 1854 alversns
1037 1800 1358 1869 lphesinum
1392 1801 1672 1854 concilium
1707 1818 1801 1869 pro
1850 1804 2158 1871 receptione

580 1893 932 1961 capitulorum
964 1894 1103 1949 beati
1131 1893 1335 1963 Cyrilli,
1374 1903 1428 1947 ut
1458 1895 1705 1948 eumdem
1744 1895 1954 1949 beatum
1988 1894 2157 1967 Cyril-

580 1984 687 2039 lttm
718 1993 769 2038 et
812 1983 1147 2039 Memnonem
1180 1985 1505 2054 Epltesinum
1554 1987 1859 2055 θνίείορυηι
1902 1987 2156 2041 condem-

579 2086 791 2138 narent,
824 2088 875 2129 et
908 2076 1230 2145 imperatore
1257 2078 1477 2145 jube:.te
1507 2094 1688 2133 comes
1736 2096 1946 2148 quoque
1978 2095 2155 2134 sacra-

554 2184 698 2227 .runt
748 2167 1083 2237 largitionum
1118 2178 1141 2204 α
1183 2183 1279 2223 eos
1324 2170 1377 2223 in
1426 2171 1667 2224 custodia
1726 2172 1998 2226 traderet:
2029 2172 2153 2241 quid

574 2270 721 2314 esset
762 2259 1075 2330 pra-judicii,
1104 2260 1145 2313 si
1177 2270 1229 2314 et
1260 2260 1358 2314 hoc
1398 2262 1601 2316 diceret
1646 2262 1783 2329 lbas,
1816 2264 1937 2333 quia
1968 2264 2017 2316 in
2050 2262 2153 2317 Nec

574 2352 760 2417 storio,
812 2368 1111 2420 quanquam
1161 2353 1428 2417 ltmt‘ctico,
1468 2365 1642 2409 taruen
1689 2356 1757 2410 ab
1796 2357 2151 2411 Orientalibus

550 2459 675 2501 non
718 2446 959 2510 excluso,
990 2460 1094 2499 non
1128 2446 1335 2500 illorum
1387 2457 1467 2501 est
1496 2447 1832 2503 coasidcrata
1864 2451 2148 2518 sententia,

571 2537 658 2605 qui
680 2537 1021 2593 condemnati
1047 2539 1191 2594 velut
1212 2539 1445 2594 hieretici
1471 2550 1757 2609 potuerunt
1779 2544 1827 2595 in
1852 2544 2147 2601 custodiam

570 2631 740 2696 mitti;
772 2631 866 2686 sed
898 2631 1015 2699 quia
1063 2643 1278 2702 propter
1304 2633 1436 2687 alias
1462 2648 1652 2687 causas
1689 2635 1883 2688 civitati
1914 2650 2022 2689 sua:
2051 2637 2149 2691 iuit

548 2723 804 2793 adibitis,
836 2723 957 2778 ideo
981 2725 1032 2781 in
1062 2740 1178 2781 eam
1202 2726 1395 2781 reverti
1422 2742 1525 2781 non
1560 2727 1769 2795 patuit?
1799 2725 1987 2779 Verum
2015 2726 2146 2781 nihil

548 2817 756 2875 borum
803 2818 854 2872 in
886 2819 1000 2888 ejus
1027 2819 1251 2888 epistola
1295 2821 1615 2889 continetur,
1664 2822 1716 2875 in
1747 2835 1845 2890 qua
1898 2821 1998 2875 hoc
2030 2830 2145 2875 tan-

548 2909 836 2965 tummodo
853 2910 1048 2965 dictum
1082 2920 1193 2967 est:
1219 2910 1494 2967 Nestorins
1520 2924 1718 2978 autem,
1749 2914 2000 2983 quoniam
2032 2928 2145 2968 sum

565 3003 762 3058 civitati
790 3004 915 3059 odio
957 3014 1071 3059 erat
1100 3015 1153 3060 et
1178 3007 1266 3076 qni
1294 3017 1446 3062 erant
1474 3007 1526 3061 in
1557 3022 1617 3061 ea
1648 3005 2138 3074 excellentioribus,

564 3095 654 3149 illo
685 3096 880 3151 reverti
911 3111 1018 3150 non
1064 3098 1250 3165 potuit.
1282 3097 1356 3152 De
1386 3114 1488 3167 quo
1513 3099 1623 3169 jam
1669 3098 2016 3154 calumniosis
2050 3113 2139 3153 re-

562 3188 869 3260 spondimus
896 3190 1124 3256 amplius
1154 3190 1291 3246 forte
1313 3206 1472 3259 quam
1499 3192 1856 3246 necessarium
1887 3190 2001 3248 fuit.

1177 3344 1402 3400 CAPUT
1440 3345 1504 3401 V.

563 3452 710 3521 Quod
739 3454 869 3527 falso
899 3456 1069 3527 dicant
1103 3455 1246 3509 Ibam
1272 3475 1302 3509 α
1333 3459 1529 3526 synodo
1562 3460 1878 3527 compulsum
1923 3461 2133 3517 anathe-

626 3522 1228 3597 matizareﬁ'ettorimn;
1268 3538 1313 3581 et
1342 3522 1477 3593 quod
1515 3522 1769 3597 nunquam
1814 3532 1890 3585 iL'i
1918 3549 2131 3587 excusa-

625 3595 814 3649 tionem
844 3593 1075 3651 Nestorii
1100 3608 1415 3652 arcusatores
1445 3593 1737 3671 objecerint.

625 3733 684 3790 In
716 3742 918 3788 tantum
957 3749 1085 3789 vero
1124 3734 1209 3789 vel
1247 3736 1710 3790 reverentissimus
1740 3736 1875 3803 Ibas,
1908 3738 1988 3791 vel
2018 3738 2133 3803 ejus

540 3826 776 3899 epistola
810 3826 967 3897 longe
1012 3827 1237 3882 aberant
1268 3826 1335 3881 ab
1369 3827 1468 3882 hac
1505 3828 1827 3897 Suspicione,
1861 3830 1997 3896 quod
2031 3830 2132 3884 Ne-

538 3923 778 3989 storium
811 3922 1004 3978 dicitur
1040 3936 1345 3988 excusasse,
1377 3930 1434 3975 ut
1474 3938 1572 3977 nec
1612 3922 1710 3991 ipsi
1748 3923 1955 3992 judires
1988 3924 2130 3978 Pho-

555 4014 655 4069 tius
703 4026 755 4069 et
806 4012 1123 4068 Eustachius
1177 4021 1336 4082 atque
1390 4012 1659 4077 Uranius,
1711 4013 1916 4080 objecta
1972 4023 2129 4083 atque

553 4104 747 4159 reiecta
793 4105 978 4159 eadem
1010 4104 1257 4173 epistola,
1290 4105 1601 4173 pra-dictum
1644 4104 1788 4159 Ibam
1820 4105 2127 4173 episcOputn

552 4197 936 4265 compellerent
982 4200 1268 4254 anathema
1311 4199 1557 4253 Nestorio
1595 4199 1792 4254 dicere.
1827 4198 1940 4252 Non
1984 4200 2126 4255 enim

551 4301 735 4341 verum
766 4298 846 4342 est
876 4285 902 4325 δ
926 4289 1065 4355 quod
1100 4290 1151 4343 in
1184 4305 1282 4343 suo
1314 4290 1448 4344 libro
1480 4300 1775 4360 posuerunt
1802 4290 1908 4357 isti,
1938 4290 2128 4359 quibus

550 4385 754 4432 tantum
804 4377 1010 4432 mentiri
1050 4378 1198 4442 libet,
1233 4390 1489 4448 quantum
1524 4380 1742 4449 impune
1773 4380 1915 4446 licet,
1948 4380 2129 4435 dicen-

550 4475 629 4521 tes
663 4485 676 4519 :
715 4485 733 4518 ι
775 4466 1009 4537 Denique
1035 4479 1089 4522 et
1121 4468 1337 4523 Photius
1365 4482 1416 4524 et
1448 4470 1763 4527 Eustachins
1794 4472 1885 4527 Dei
1915 4482 2123 4527 amato-

2282 507 2579 561 clus'onem
2631 509 2917 578 impietatis
2962 512 3203 580 episrola:
3250 510 3320 565 ad
3383 512 3568 565 Marim
3606 532 3619 566 :
3666 535 3682 568 ι
3727 524 3838 586 quod

2276 594 2595 665 judicatnm,
2630 600 2765 653 sicut
2801 602 3049 669 superius
3081 601 3336 665 diximus,
3383 603 3573 658 adiens
3611 606 3718 660 lbas
3740 625 3839 665 sart-

2278 694 2415 737 Clazn
2456 688 2715 755 synodum
2769 691 2913 757 petiit
2960 691 3081 759 legi.
3134 693 3302 748 liabet
3350 706 3536 747 autem
3582 696 3834 763 jndicatum

2278 773 2367 837 ita,
2403 785 2458 827 ut
2505 777 2621 829 Ihas
2672 780 2723 831 in
2775 794 2867 833 sua
2917 783 3143 837 ecclesia
3184 787 3833 856 anatltcmtttizarctpalam

2277 867 2378 919 ntal
2406 884 2524 935 gum
2559 870 2846 937 impietatis
2882 874 3171 942 principem
3208 875 3545 942 Nestorium,
3577 890 3628 932 et
3657 898 3739 936 eos
3761 888 3829 952 qui

2273 965 2364 1010 aut
2393 960 2538 1014 libris
2569 970 2657 1014 aut
2688 963 2964 1017 codicibus
3000 966 3116 1033 ejus
3147 975 3395 1021 utuntur.
3432 968 3549 1021 Non
3583 971 3743 1039 itaque
3769 990 3835 1028 ve-

2273 1065 2387 1103 rum
2431 1062 2511 1105 est
2558 1054 3011 1123 quoddiverunt,
3053 1058 3175 1127 quia
3221 1073 3324 1113 nec
3370 1061 3692 1130 ostenditur,
3722 1065 3832 1120 sicut

2266 1143 2376 1211 jam
2426 1143 2722 1210 docuimus,
2767 1147 2885 1202 lbas
2927 1148 3220 1219 denegasse
3261 1152 3412 1220 quod
3464 1167 3559 1204 sua
3602 1152 3745 1207 fuerit
3780 1156 3831 1211 ad

2273 1236 2456 1291 Marim
2486 1241 2743 1307 epistola;
2774 1260 2943 1311 neque
2975 1245 3308 1300 venerabiles
3344 1247 3572 1301 Photius
3599 1259 3650 1304 et
3677 1249 3827 1304 Eusta-

2270 1329 2424 1384 chius
2464 1334 2702 1402 episeopi
2744 1334 3139 1404 judicaverunt,
3173 1350 3226 1391 ut
3256 1339 3381 1393 Ibas
3415 1342 3470 1392 in
3516 1356 3608 1394 sua
3639 1342 3826 1396 ecclesia

2268 1423 2744 1479 anathetnatizaret
2766 1429 2939 1497 palam
2968 1430 3211 1500 maligna:
3241 1426 3545 1499 impietatis
3572 1430 3821 1499 principem

2268 1511 2567 1569 Nestorium
2618 1526 2670 1571 et
2718 1532 2809 1572 eos
2849 1518 2937 1588 qui
2986 1529 3075 1573 aut
3118 1520 3267 1575 libris
3309 1532 3405 1574 aut
3446 1522 3712 1575 codicibus
3734 1524 3821 1590 ejus

2268 1617 2510 1661 utuntur.
2555 1608 2661 1664 Sed
2709 1611 2820 1681 ipse
2860 1612 3143 1680 praedictus
3175 1613 3291 1667 lbas
3321 1613 3613 1682 episeopus
3642 1611 3759 1666 ultro
3781 1624 3819 1671 et

2265 1714 2330 1754 ex
2362 1699 2673 1767 abundanti,
2708 1702 2808 1756 hoc
2852 1704 3065 1758 nemine
3106 1704 3157 1759 vi
3200 1706 3566 1774 compellcnte
3606 1706 3683 1759 vel
3709 1721 3818 1775 qure-

2191 1784 2235 1843 B
2267 1802 2414 1845 rente
2458 1794 2724 1861 promisit,
2767 1795 2908 1850 sicut
2946 1798 3325 1866 przedictorum
3362 1798 3543 1853 Photii
3580 1806 3631 1853 et
3660 1798 3815 1852 Eusta~

2262 1884 2369 1938 chii
2419 1886 2792 1955 episc0porum
2844 1888 3153 1944 deﬁnitione
3205 1901 3568 1945 monstratur.
3618 1890 3816 1956 Namque

2261 1992 2381 2031 cum
2432 1979 2651 2034 absente
2695 1980 2806 2050 jant
2855 1983 3147 2038 venerabili
3193 1983 3402 2039 Uranio
3452 1985 3713 2055 episcopo,
3745 1986 3815 2053 qui

2256 2082 2376 2121 cum
2434 2070 2539 2124 illis
2588 2070 2750 2140 judex
2805 2072 2857 2126 in
2908 2072 3007 2127 hac
3049 2089 3206 2128 causa
3254 2075 3490 2145 jnbente
3532 2077 3811 2141 imperatore

2257 2161 2595 2229 consederat,
2620 2178 2685 2218 ex
2711 2164 2981 2234 jndicibus
3006 2165 3330 2221 mediatores
3360 2166 3511 2236 pacis
3540 2167 3810 2234 semetipsos

2255 2255 2494 2321 partibus
2544 2258 2864 2327 prmbcrcnt,
2920 2269 3035 2327 post
3083 2259 3359 2328 aliquanta
3415 2258 3677 2323 dixerunt,
3714 2272 3806 2310 Cum

2255 2348 2417 2400 multa
2451 2358 2589 2402 mota
2618 2349 2857 2416 fuissent,
2889 2366 3006 2420 quas
3040 2351 3093 2405 in
3127 2352 3258 2405 actis
3288 2354 3491 2407 inserta
3523 2368 3599 2405 su.
3624 2359 3659 2406 t.
3686 2369 3701 2401 t
3725 2351 3807 2405 Nor

2254 2439 2588 2507 cognitorum
2636 2441 2877 2496 ordinem
2933 2442 3202 2511 paululum
3255 2445 3636 2514 relinquentes,
3674 2453 3717 2497 et
3754 2443 3804 2496 ad

2253 2539 2558 2585 sanctarum
2585 2531 2945 2587 Ecclesiarum
2980 2548 3317 2589 communem
3353 2538 3636 2591 utilitatem
3667 2535 3801 2603 γεερὶ-

2251 2622 2475 2690 cientes,
2508 2640 2604 2694 pro
2629 2625 2896 2694 jndicibus
2928 2628 3251 2681 mediatores
3282 2631 3638 2697 nosmetipsos
3674 2625 3799 2695 parii-

2251 2714 2349 2769 bus
2375 2716 2621 2783 fecimus,
2649 2727 2701 2772 et
2736 2718 2916 2773 multis
2941 2720 3020 2774 usi
3053 2722 3315 2788 Conciliis,
3350 2722 3599 2790 pietatem
3642 2721 3798 2789 ubique

2251 2823 2631 2883 proponentes,
2665 2815 3079 2884 pra-paravimus
3107 2816 3423 2886 episcopum
3455 2816 3471 2847 ¹
3502 2816 3654 2875 ibam,
3683 2816 3791 2881 quod

2248 2906 2362 2976 ipse
2392 2907 2458 2961 ad
2488 2908 2907 2963 satisfactionem
2948 2924 3133 2964 eorum
3165 2926 3286 2981 quae
3334 2912 3475 2965 dicta
3521 2908 3709 2963 fuerant
3734 2922 3794 2958 sa-

2246 3000 2381 3069 puit,
2426 2998 2626 3068 scripto
2669 3000 2801 3055 dare
2846 3000 2969 3071 quid
3019 3002 3243 3057 sentiret
3284 3002 3371 3057 vel
3410 3008 3618 3071 saperet
3648 2998 3704 3053 de
3730 2999 3791 3066 pia

2247 3103 2427 3148 nostra
2480 3093 2581 3148 ﬁde
2613 3110 2625 3145 :
2660 3094 2803 3164 quod
2836 3096 2998 3150 etiam
3032 3094 3179 3151 fecit.
3212 3097 3287 3151 Ex
3340 3098 3622 3152 abundanti
3652 3103 3791 3148 autem

2166 3172 2215 3241 ο
2248 3187 2531 3255 ρι’ςυιιίειιιε
2589 3189 3056 3244 reverentissimus
3098 3191 3181 3244 vir
3227 3193 3476 3260 promisit
3519 3200 3573 3244 ut
3618 3190 3664 3242 ia
3706 3203 3788 3239 sua:

2240 3278 2475 3353 civitatis
2505 3280 2730 3334 ecclesia
2780 3280 2952 3350 palam
3003 3282 3481 3336 anathematizaret
3519 3281 3541 3312 ⁸
3582 3279 3783 3346 inaligna:

2238 3368 2529 3439 impietatis
2564 3371 2856 3442 principem
2888 3372 2928 3439 ³,
2958 3382 3013 3428 et
3053 3390 3145 3428 eos
3175 3374 3265 3443 qtti
3309 3374 3449 3429 sicut
3478 3373 3562 3427 ille
3589 3370 3781 3437 sapiunt,

2238 3472 2292 3517 et
2320 3462 2409 3533 qui
2438 3473 2527 3531 aut
2556 3464 2706 3519 libris
2746 3476 2837 3519 aut
2879 3466 3153 3521 codicibus
3186 3466 3301 3536 ejus
3337 3476 3573 3520 utuntur.
3600 3459 3784 3514 Confes-

2244 3568 2336 3609 sus
2376 3564 2459 3609 est
2509 3566 2683 3609 autem
2728 3572 2848 3611 sese
2891 3557 3111 3612 credere
3141 3558 3277 3612 sicut
3306 3558 3580 3612 continent
3606 3553 3780 3611 litterae,

2237 3662 2354 3715 quae
2386 3646 2785 3701 intervenerunt
2814 3649 2951 3701 inter
2984 3650 3433 3703 reverentissime
3468 3657 3519 3701 et
3548 3638 3781 3700 sanctissi-

2237 3754 2335 3791 ma:
2354 3738 2623 3791 memorim
2645 3738 2900 3793 Joannem
2925 3756 3127 3809 magna:
3151 3738 3500 3795 Antiocbcnzc
3518 3734 3721 3791 civitatis
3738 3737 3778 3784 et

2234 3829 2493 3902 Cyrillum
2519 3832 2934 3887 Alexandrinum
2955 3834 3235 3904 episcopos
3259 3833 3300 3900 ⁸,
3326 3847 3553 3903 quorum
3580 3824 3779 3883 miniSter

2235 3923 2332 3978 fuit
2375 3928 2542 3979 beatae
2594 3927 2870 3980 memorias
2914 3926 3106 3981 Paulus
3164 3927 3548 3981 Emesenorum
3588 3915 3776 3975 civitatis

2234 4015 2539 4084 episcopus,
2574 4032 2639 4071 ex
2680 4018 2872 4087 quibus
2909 4027 2963 4072 et
3001 4017 3318 4073 universalis
3362 4026 3642 4072 consensus
3679 4008 3775 4063 επο-

2233 4114 2351 4161 ctns
2383 4116 2483 4160 est.
2527 4126 2544 4159 ι
2582 4109 2718 4163 Ecce
2752 4110 3085 4165 venerabiles
3118 4110 3337 4165 i’ltotins
3384 4119 3437 4166 et
3485 4113 3497 4161 Ι
3526 4103 3772 4161 ustachius.

2232 4210 2295 4250 ex
2339 4195 2610 4264 jndicibus
2654 4199 2971 4253 mediatores
3023 4200 3167 4267 pacis
3216 4199 3413 4267 cchcti,
3456 4198 3627 4253 dicunt
3659 4186 3770 4261 quod

2234 4301 2337 4340 non
2382 4288 2483 4357 ipsi
2527 4287 2903 4357 judiczneritit,
2951 4290 3085 4344 sicut
3131 4290 3364 4359 ﬁngitur,
3398 4289 3463 4343 ad
3496 4278 3771 4340 destructiov

2233 4391 2356 4431 nem
2381 4389 2433 4432 et
2461 4378 2825 4433 exclusionern
2859 4379 3144 4447 itnpietatis
3168 4380 3410 4449 epistolte
3432 4378 3494 4432 ad
3520 4374 3702 4435 Marini,
3730 4372 3770 4420 lli

2234 4482 2482 4522 reversus
2513 4469 2533 4499 ⁸
2567 4468 2683 4522 lbas
2715 4469 2764 4522 in
2798 4484 2908 4523 suae
2949 4470 3181 4523 civitatis
3218 4472 3445 4526 ecclesia
3481 4466 3636 4537 palam
3671 4472 3769 4512 ana.

550 4571 671 4623 res,
718 4556 1107 4627 conspiciente;
1161 4558 1567 4630 denegationcm
1624 4562 1727 4617 [b3
1781 4563 1849 4619 de
1900 4565 2129 4633 cpistola
2158 4556 2210 4617 D
2239 4558 2610 4614 thematizarct
2658 4558 2984 4626 Nestorium,
3029 4562 3119 4630 qui
3163 4578 3268 4616 non
3324 4577 3419 4631 pro
3467 4552 3767 4615 excusatione

623 4740 647 4769 ⁸
677 4729 929 4816 Joannes.
952 4734 1135 4816 Exstat
1166 4736 1231 4816 in_
1256 4738 1388 4816 actis
1419 4740 1771 4816 Orientalium
1804 4756 1922 4811 post
1956 4761 2126 4816 syno-

548 4802 675 4885 dum
708 4802 1025 4887 Epltcs-inant
1052 4805 1335 4887 Theodosii
1372 4811 1497 4878 itnp.
1518 4814 1740 4879 epistola
1767 4802 1831 4887 aii
1857 4802 2121 4887 synodum

546 4875 709 4960 {ni‘sa
864 4875 1122 4960 Joannem
1164 4884 1414 4960 cornitetn
1448 4875 1753 4947 sacrarum,
1784 4875 1904 4941 ἴσοιῖ
1924 4894 2123 4960 σόκρας

543 4945 938 5034 (Est-equidem.
968 4946 1053 5002 διὰ
1098 4948 1329 5031 ἰωοξννον
1378 4960 1464 5034 σςοῦ
1496 4956 1710 5024 κόμπος
1757 4968 1959 5034 σακρῶν
1988 4945 2119 5025 ;’‹·ιιί

544 5016 741 5072 deinde
767 5017 995 5095 subdita
1024 5030 1106 5074 est
1137 5024 1357 5089 episwfa
1384 5016 1603 5079 Joannis
1637 5016 1873 5095 ejusdeni
1907 5016 2119 5087 comitis

544 5089 809 5163 sacrensis
839 5089 1340 5163 adhituperatorcm.
1380 5096 1429 5146 in
1459 5111 1558 5163 qua
1616 5089 1793 5150 narrat
1822 5114 1879 5153 se
1929 5100 2119 5155 Nesto-

544 5161 680 5212 rium
735 5160 1144 5215 custodiendum
1212 5160 1494 5219 tradidisse}
1546 5167 1874 5223 Candidiano
1930 5174 2115 5227 comiti

542 5229 979 5296 domesticorum,
1014 5233 1270 5302 Cyrillum
1303 5243 1357 5287 et
1388 5238 1720 5291 Memnonem
1762 5239 1964 5297 Jacobo
1988 5244 2114 5299 item

540 5302 720 5355 comiti
745 5311 797 5355 et
828 5304 1053 5370 pr.eposi
1081 5320 1113 5358 ο
1142 5314 1341 5371 quarta:
1370 5305 1587 5360 scholae.

614 5370 639 5408 b
680 5373 829 5439 Quod
862 5374 1032 5443 ipsum
1060 5370 1234 5428 tamen
1268 5375 1318 5427 in
1346 5375 1533 5430 Edicto
1563 5396 1659 5434 suo
1690 5380 1924 5438 afﬁrmat
1953 5384 2117 5440 Justi-

614 5546 631 5621 ξ
673 5544 804 5621 _C_od.
838 5545 1059 5621 Verum,
1084 5549 1541 5621 reverentissimum
1574 5554 1885 5621 episcopum,
1918 5570 2019 5612 ctc.

522 5658 523 5661 η
573 5688 582 5697 _
611 5618 630 5647 ²
673 5617 814 5697 Idem
845 5617 989 5682 cod.,
1024 5627 1070 5672 et
1097 5619 1148 5671 in
1175 5635 1281 5673 sua:
1308 5623 1526 5676 civitatis
1554 5617 1765 5679 ecclesia
1794 5617 1962 5697 palam
1993 5646 2119 5685 ana-

543 5688 885 5742 thrntatizare.

612 5758 630 5788 ³
670 5759 811 5816 Idem
853 5758 997 5822 cod.,
1035 5760 1311 5825 principem
1344 5762 1657 5822 Nestorium.

2239 4757 2448 4833 lliattltu.
2479 4756 2625 4833 Ὀβεν
2651 4799 2666 4824 ,
2713 4760 2919 4827 inquit,
2968 4762 3019 4833 oi
3067 4763 3479 4833 μνημονευθέντες
3516 4759 3677 4833 Mittas
3699 4747 3763 4829 κξιῖ

2237 4830 2510 4905 Εὼτᾴθιος
2540 4829 2623 4883 διὰ
2649 4835 2738 4888 τήν
2766 4825 2863 4886 ἐῶν
2894 4825 3229 4905 ﬁnale-duritia
3268 4833 3594 4905 πληροφορὶριν
3617 4825 3763 4903 έγξίιοαξ

2234 4921 2336 4973 φως
2359 4899 2681 4956 διετύπωσαν
2718 4904 2802 4956 τὸν
2828 4899 3077 4974 εἰργῖμένον
3104 4904 3236 4956 ἰϐαν
3262 4899 3505 4980 adigi-arci
3532 4899 3697 4980 ἕναντέα

2234 4973 2476 5044 ἔπιστολῇ
2500 4976 2711 5048 "Pa-50!}.
2744 4974 2903 5033 καθὼς
2924 4973 2954 5031 ἡ
2979 4976 3096 5048 περὶ
3118 4978 3300 5048 τούτῳ)
3327 4974 3525 5027 δοθεῖσα
3558 4973 3669 5048 afaf):

2228 5051 2327 5116 τῷν
2374 5032 2633 5116 iniectare
2656 5032 2937 5116 dsigyuota.
2967 5032 3211 5109 Syitodus
3256 5047 3376 5116 item
3410 5058 3459 5103 v,
3490 5032 3755 5116 actione

2233 5113 2449 5166 l’ltotius
2488 5110 2609 5165 'vero
2651 5123 2694 5167 et
2734 5112 3033 5166 Eustathius
3075 5131 3175 5168 non
3214 5114 3437 5184 ejusdem
3475 5110 3754 5184 abnegattong

2226 5185 2471 5245 contenti,
2507 5196 2863 5252 perspexerant
2887 5200 2977 5253 per
3002 5201 3145 5237 suam
3175 5174 3529 5249 deﬁnitionem,
3553 5174 3678 5229 Ibam

2226 5238 2475 5306 Edessam
2508 5238 2806 5318 'peritenire,
2846 5238 2898 5307 et.
2931 5255 3198 5320 manifeste
3238 5238 3293 5305 in
3338 5252 3537 5307 ecclesia
3578 5238 3747 5322 auat/tt:

2225 5327 2467 5377 matizure
2492 5317 2798 5395 estoriunt
2815 5334 2861 5377 et
2890 5326 3048 5393 impia
3074 5317 3191 5395 ejus
3224 5326 3481 5395 dogmata,
3503 5332 3602 5387 qui!
3625 5317 3748 5376 ili’P‘“

2226 5396 2333 5464 epis
2363 5397 2446 5447 01a
2478 5394 2785 5449 vindicabat.

2302 5564 2321 5596 ⁸
2361 5565 2502 5619 Idem
2537 5565 2682 5630 cod.,
2717 5582 2911 5636 magna:
2955 5566 3415 5621 Alexandrinorum
3450 5554 3641 5617 civitatis

2230 5653 2460 5703 scopum.

2302 5708 2322 5738 ⁸
2360 5708 2502 5763 idem
2531 5706 2675 5772 cod.,
2704 5707 3153 5762 ret'eretttissintus.
