4070 6352
301 384 404 442 683

1186 383 1314 437 PRO
1359 378 1784 435 DEFENSIONE
1827 375 2037 429 'I‘Iill’M
2078 375 2388 430 LZAPITEL.
2434 376 2557 430 LIII.
2605 378 2709 434 V'EI.

3466 380 3563 435 σει

301 503 553 569 Nestorii,
588 502 681 558 snd
722 519 816 571 pro
858 502 1047 571 injuria
1092 499 1443 555 Orientalium
1477 509 1527 552 et
1564 508 1880 551 cactcrorum
1913 496 1959 552 Α
1992 500 2075 545 tur
2104 494 2346 562 epistola,
2376 497 2475 551 hoc
2505 506 2707 552 tantum
2740 497 2791 553 in
2824 499 2913 553 illa
2945 497 3166 564 notavit,
3191 497 3330 569 quod
3355 497 3566 552 beatum

292 598 387 664 qui
420 610 539 648 eum
571 595 649 649 eis
678 596 970 659 εκεῃυειςιιί
999 610 1101 647 non
1134 593 1363 656 fuerant,
1396 591 1615 656 divisse,
1648 606 1768 645 eum
1804 593 1889 658 ju-

303 686 633 750 dicaverunt,
661 702 777 754 qum
817 686 1026 753 quidam
1072 686 1121 738 in
1168 687 1251 739 illa
1297 686 1521 753 cpistola
1553 684 1692 736 male
1725 684 1891 735 inter-

303 788 593 848 pretantur.
628 780 833 847 Alioqui
874 795 976 831 non
1010 778 1246 831 dicerent
1272 793 1334 832 ex
1366 777 1658 829 abundanti
1687 774 1887 842 promi-

306 870 439 923 sisse
462 885 732 923 reversum
759 870 775 901 ⁸
808 870 968 934 Ibam,
998 879 1052 921 ut
1078 869 1557 923 auathematizarct
1581 867 1630 920 iu
1659 864 1887 919 ecclesia

306 960 535 1014 civitatis
579 977 688 1013 sine
722 960 1052 1028 Nestorium,
1086 960 1179 1014 sed
1220 960 1539 1027 semetipsns
1582 959 1755 1027 potius
1796 972 1891 1010 ne-

308 1055 539 1108 cessarie
580 1055 679 1108 hoc
707 1055 770 1107 ab
804 1054 895 1108 illo
924 1055 1163 1108 dicerent
1204 1053 1489 1120 ﬂagitasse.
1522 1051 1651 1105 Illud
1681 1065 1890 1120 quoque

308 1148 490 1216 procul
522 1148 684 1201 (inhio
716 1148 871 1201 simul
912 1157 1154 1216 apparet,
1186 1147 1433 1213 qumtiam
1474 1145 1627 1197 solita
1656 1145 1677 1173 ¹
1708 1142 1892 1197 fraude

288 1241 387 1291 sui
413 1248 688 1291 traxerunt
720 1239 857 1307 quod
905 1253 1001 1291 nos
1044 1253 1110 1292 ex
1160 1237 1347 1291 iisdem
1391 1236 1556 1304 gestis
1599 1236 1892 1301 posuimus,

290 1331 430 1399 quia
460 1330 735 1383 confessus
760 1340 841 1384 est
868 1331 935 1385 ita
962 1346 1019 1384 se
1043 1329 1263 1383 credere
1293 1329 1407 1382 Ilias
1434 1354 1437 1367 ς
1465 1327 1628 1394 pisce,
1651 1342 1732 1387 us,
1757 1328 1896 1379 sicut

290 1421 587 1476 continent
618 1423 807 1476 litterae
842 1439 955 1489 qua:
983 1424 1407 1487 intervenerunt,
1443 1420 1708 1473 mediante
1734 1419 1895 1472 Paulo

314 1515 592 1568 Emesena:
643 1515 875 1569 civitatis
921 1514 1197 1582 epiSCOpO,
1232 1513 1370 1567 inter
1409 1512 1578 1566 beatae
1626 1510 1898 1563 memoria:

314 1604 571 1659 Joannem
619 1604 1016 1659 Antioclienttm
1069 1614 1123 1659 et
1174 1605 1428 1674 Cyrdlum
1479 1601 1896 1657 Alexandrinum

289 1699 593 1768 episeopns
616 1716 629 1750 :
655 1715 721 1752 ne
744 1715 807 1751 ex
836 1699 933 1752 hac
958 1698 1329 1752 testiﬁcatione
1355 1696 1429 1750 Ph
1460 1695 1528 1748 -tii
1553 1704 1604 1749 et
1631 1692 1897 1748 Eustachii

290 1791 424 1859 epis
460 1806 707 1859 oporutu,
736 1806 889 1857 quam
912 1790 977 1843 ad
1004 1789 1425 1844 destructionem
1451 1797 1505 1841 et
1527 1786 1895 1840 exclusiont-m

1991 585 2248 655 Cyrillum
2276 587 2451 642 minus
2475 590 2737 644 intellecta
2760 591 3111 655 capitulorum
3137 590 3251 660 ejus
3279 590 3573 644 intentione

1991 676 2302 741 culpaverit,
2342 694 2445 731 non
2489 680 2625 748 quod
2666 681 2962 735 Nestorium
3004 681 3192 736 fecerit
3234 689 3567 736 excusntutu.

1993 766 2176 821 Talem
2205 771 2344 823 enim
2378 771 2525 825 dedit
2561 776 2901 838 sententiam,
2935 776 3071 829 sicut
3104 774 3290 843 quinto
3320 774 3454 828 lhro
3482 776 3577 828 do-

1984 857 2201 913 euinius
2237 877 2252 914 :
2287 880 2304 911 ι
2346 862 2550 916 Dudttm
2588 865 2796 932 quidem
2836 881 2902 919 ex
2951 866 3161 921 reiectis
3205 868 3452 920 innoxius
3484 866 3578 920 de-

1995 959 2320 1005 monstratus
2340 963 2421 1007 est
2446 954 2906 1009 reverentissimus
2927 956 3069 1011 Ibis:
3092 959 3141 1011 in
3165 958 3355 1028 quibus
3378 964 3575 1012 eten‘tu

1994 1040 2142 1095 visus
2165 1050 2247 1096 cst
2266 1043 2479 1112 culpare
2506 1045 2643 1099 male
2665 1046 2888 1111 loquens
2912 1048 3272 1102 beatissimum
3297 1049 3575 1118 Cyrillum,

1997 1134 2048 1187 in
2100 1136 2486 1202 poS'erioribus
2529 1148 2671 1193 recte
2701 1139 2976 1194 confessus
3024 1140 3226 1211 respuit
3265 1141 3350 1195 illa
3386 1143 3581 1211 quibus

1996 1225 2305 1293 culpaverat
2334 1246 2344 1280 :
2373 1229 2495 1298 quia
2531 1245 2655 1285 vero
2699 1228 3001 1285 Nestorium
3034 1234 3329 1297 excusavit,
3364 1249 3464 1286 non
3496 1234 3579 1286 in-

1996 1317 2208 1371 venitur
2247 1334 2277 1373 a
2318 1316 2525 1391 synodo
2574 1320 2956 1390 reprehensum
2990 1340 3000 1374 :
3033 1323 3172 1392 quod
3208 1322 3386 1391 procul
3416 1323 3579 1377 dubio

1998 1412 2437 1478 reprehenderet,
2467 1415 2509 1469 si
2544 1414 2635 1469 ille
2666 1415 2965 1469 Nestorium
2998 1432 3153 1485 quem
3203 1417 3313 1484 ipsa
3357 1416 3579 1469 damna.

1974 1504 2168 1568 'verat,
2204 1513 2484 1558 excusaret
2517 1521 2529 1559 :
2570 1523 2589 1556 ι
2626 1505 2791 1559 multo
2818 1505 3008 1574 magis,
3040 1507 3080 1559 si
3123 1507 3282 1560 etiam
3317 1506 3580 1569 laudibus,

2001 1595 2137 1650 sicut
2178 1595 2485 1665 loquuntur,
2534 1597 2788 1653 alliceret.
2837 1599 3112 1651 Sententia
3150 1599 3307 1667 igitur
3341 1599 3580 1668 ejusdem

2002 1690 2213 1760 synodi,
2240 1691 2283 1744 si
2316 1692 2437 1759 quid
2462 1692 2509 1746 ei
2534 1693 2790 1755 credztur,
2821 1693 3010 1759 probat
3040 1709 3133 1745 nec
3163 1694 3311 1746 lauda
3341 1709 3451 1760 mn,
3485 1707 3580 1749 nec

1943 1832 1977 1859 .
2004 1790 2313 1834 exmsatnm
2364 1780 2525 1836 fuisse
2557 1784 2607 1836 itt
2647 1783 2868 1850 epistola
2902 1785 3002 1837 lha:
3042 1784 3342 1838 Nestorium
3380 1784 3420 1838 ‘.
3456 1787 3583 1851 Qum

317 1881 555 1949 epistola:
594 1881 918 1935 venerabilis
968 1882 1069 1936 Ibac
1120 1884 1310 1935 lac:am
1359 1895 1479 1934 esse
1514 1878 1721 1932 mentiti
1753 1888 1894 1943 sunt,
1930 1874 1975 1932 Β
2006 1888 2107 1925 ιιοιι
2150 1874 2321 1927 solum
2373 1872 2673 1928 Nestorium
2715 1876 2836 1930 fecit
2868 1886 2925 1930 ut
2964 1876 3458 1939 anathetnatizaret,
3490 1892 3581 1930 ve.

317 1977 429 2045 ejus
472 1976 646 2045 potius
685 1979 884 2029 veritas
929 1976 1325 2031 ostenderrtttr.
1356 1974 1617 2041 Quoniam
1650 1983 1702 2027 et
1735 1974 1847 2026 haec
1879 1972 1900 2002 ³

291 2069 427 2136 .ipsa
464 2084 569 2121 non
604 2068 782 2121 tacuit.
814 2067 967 2133 Quod
995 2068 1037 2121 si
1071 2066 1158 2121 cui
1200 2083 1319 2135 qua:
1364 2066 1591 2120 dicimus
1620 2065 1795 2117 adhuc
1828 2062 1902 2117 vi-

295 2162 509 2215 tientur
547 2162 791 2227 obscura,
838 2170 892 2215 et
935 2161 1144 2229 plenius
1182 2174 1397 2214 causam
1443 2160 1582 2214 scire
1608 2157 1899 2221 desiderat,

292 2253 683 2308 'idtlllitlﬂttdtls
712 2266 795 2306 est
837 2264 891 2305 ut
940 2252 1081 2320 legat
1128 2260 1330 2304 tantum
1364 2248 1551 2304 eadem
1593 2258 1762 2317 gesta,
1798 2263 1901 2299 non

296 2356 371 2402 "ut
400 2347 663 2415 intelligat
690 2345 1045 2416 adjuvandus.
1078 2345 1230 2413 Quod
1266 2345 1403 2398 enim
1445 2344 1529 2399 hic
1569 2342 1779 2397 videtur
1808 2342 1905 2395 ob-

317 2453 553 2503 scitrutn,
580 2438 647 2491 ibi
674 2438 791 2492 lucc
812 2438 1012 2491 clarius
1038 2436 1323 2490 invenitur.
1349 2435 1454 2489 Sed
1482 2444 1534 2488 et
1559 2434 1685 2487 illud
1714 2432 1903 2486 falsum

298 2531 537 2585 munitio
578 2539 683 2595 est,
725 2528 865 2598 quod
918 2531 967 2582 in
1012 2528 1201 2582 eodem
1246 2526 1644 2581 mendaciorum
1683 2541 1903 2580 suorum

320 2622 458 2677 libro
488 2623 560 2677 ita
596 2623 845 2677 dixerunt
871 2642 882 2677 :
921 2642 937 2673 ‹
975 2623 1170 2677 Sancta
1200 2623 1436 2693 synodus
1461 2630 1487 2658 ει
1517 2636 1621 2675 non
1655 2628 1905 2674 contenta

318 2731 491 2785 neque
538 2714 675 2770 facta
714 2715 783 2769 ab
828 2715 915 2769 Iba
957 2714 1314 2783 denegatione
1344 2725 1565 2783 propter
1610 2713 1674 2765 ad
1720 2712 1904 2765 Mar-im

320 2811 625 2882 spisuilam,
670 2826 841 2880 neque
887 2811 1047 2864 etiam
1094 2824 1191 2875 pro
1237 2823 1304 2863 eo
1352 2807 1489 2862 laeta
1534 2808 1907 2861 testiﬁcatione

318 2907 635 2962 clericorum
669 2905 1087 2968 Edessenorum,
1125 2902 1218 2957 sed
1256 2902 1583 2955 confirmans
1608 2899 1903 2969 jutlieatnnt

318 2997 491 3054 Pbotii
534 3006 587 3051 ct.
634 2995 928 3061 Eustachii,
954 2994 1140 3063 petivit
1180 2993 1347 3061 Ibam,
1380 2992 1444 3045 ad
1486 2991 1907 3046 destrttctimem

320 3099 373 3145 et
401 3090 767 3144 exclusionem
799 3088 863 3142 ad
899 3089 1081 3142 Marim
1106 3087 1284 3156 impia:
1308 3085 1569 3155 epistolae,
1595 3087 1907 3138 anathema-

320 3184 487 3237 tizare
509 3182 807 3236 Nestorium
840 3190 894 3233 et
919 3181 1035 3248 ejus
1061 3180 1303 3249 dogmata
1332 3192 1450 3246 quae
1471 3177 1659 3232 eadem
1682 3174 1905 3245 epistola

294 3273 563 3333 laudibus
599 3274 882 3327 alliciebat.
926 3292 943 3325 ι
986 3272 1081 3327 libi
1116 3271 1257 3326 enim
1301 3270 1383 3325 vel
1432 3268 1906 3324 reverentissimus

321 3366 438 3424 Ilias
470 3384 616 3420 suam
646 3384 704 3421 es
736 3384 767 3421 e
800 3367 1010 3436 negavit
1042 3366 1181 3419 illam
1212 3364 1518 3433 epistolam,
1553 3363 1636 3418 vel
1678 3364 1766 3417 illa
1797 3364 1909 3433 epi—

323 3471 348 3515 s
374 3458 457 3511 nla
497 3460 570 3512 Ne
604 3460 794 3511 torium
829 3467 884 3510 et
925 3457 1041 3525 ejus
1073 3455 1322 3525 dogmata
1371 3455 1617 3509 laudibus
1658 3455 1798 3509 sicut
1829 3456 1908 3508 Io-

323 3560 556 3619 quuutur
585 3549 786 3615 allecit,
811 3548 878 3601 de
906 3562 1012 3617 quo
1038 3547 1171 3601 dixit
1198 3548 1338 3616 quod
1366 3549 1555 3601 noxios
1580 3546 1911 3614 conscripse—

323 3642 389 3696 rit
438 3642 640 3702 libros,
676 3636 775 3707 uni
821 3640 1072 3695 seandalo
1118 3638 1317 3694 fuerint
1366 3637 1909 3705 audieuliluts,-quia

324 3732 531 3788 beatam
582 3732 795 3785 Mariam
845 3731 1064 3785 Matrem
1109 3731 1203 3785 Dei
1245 3731 1508 3801 negabat?
1551 3730 1655 3784 Sed
1690 3730 1913 3783 recitent

324 3842 386 3881 ex
419 3841 482 3879 ea
513 3824 697 3879 laudes
729 3823 869 3893 ipsas
898 3838 1031 3894 quas
1059 3824 1244 3878 dicunt
1275 3823 1506 3878 Nestorii
1530 3832 1581 3877 et
1603 3822 1910 3889 dogmalztllt

325 3920 461 3988 ejus.
494 3919 547 3975 Si
580 3927 754 3972 autem
786 3934 889 3971 non
916 3926 999 3973 est
1021 3917 1161 3987 quod
1190 3919 1438 3982 recitent,
1464 3917 1780 3972 erubescere
1819 3918 1912 3969 de-

327 4013 556 4067 buerunt
601 4011 757 4065 toties
800 4019 1091 4080 aperteque
1138 4011 1377 4064 mentiri.
1423 4010 1571 4078 Piget
1620 4008 1760 4062 enim
1805 4023 1910 4072 me,

328 4104 521 4163 lateor.
567 4116 630 4156 ac
679 4102 839 4171 pudet
884 4102 1104 4156 omnino
1146 4109 1225 4156 tot
1265 4116 1489 4171 arguere
1535 4100 1830 4165 mendacia,
1862 4111 1916 4155 et

327 4197 491 4251 multa
542 4197 849 4265 preteriens
893 4194 959 4247 ad
998 4195 1298 4261 aliquorum
1348 4193 1780 4262 redargutionem
1822 4208 1915 4244 ne-

330 4291 583 4344 cessitate
624 4287 936 4355 cornpellor.
984 4286 1245 4352 Quamvis
1291 4294 1466 4340 autem
1511 4284 1641 4353 ipsis
1691 4284 1915 4354 probare

330 4383 605 4437 immineat
654 4379 794 4449 quod
844 4379 1113 4445 dixerunt,
1164 4394 1262 4433 nos
1312 4392 1487 4432 tamen
1544 4376 1672 4442 illis,
1725 4384 1918 4446 praeter

315 4475 502 4545 ipsius
525 4472 767 4542 cpistola:
786 4473 1188 4534 documentum,
1213 4469 1351 4539 quod
1377 4469 1505 4523 nihil
1532 4469 1633 4522 tale
1654 4468 1912 4532 continet,

327 4571 492 4622 etiam
522 4582 587 4621 ex
613 4565 890 4621 memorati
910 4563 1121 4620 concilii
1154 4562 1606 4618 Chalcedonensis
1628 4561 1911 4625 sententia,

2006 1980 2122 2016 runt
2154 1963 2312 2017 etiam
2346 1972 2399 2018 et
2433 1965 2747 2035 Eulyeliem,
2773 1965 2911 2034 quod
2944 1966 3026 2019 isti
3056 1968 3234 2021 dicere
3260 1968 3591 2037 noluerunt;

1980 2060 2123 2108 'cum
2153 2054 2270 2108 Ilias
2304 2056 2583 2124 episcopus
2609 2055 2675 2110 de
2710 2058 3039 2126 Iiutythiano
3066 2058 3311 2126 dogmate
3344 2074 3447 2111 non
3474 2060 3582 2112 lue-

2002 2143 2073 2198 rit
2092 2155 2393 2212 accusatus,
2417 2147 2543 2215 quin
2571 2146 2742 2215 potius
2765 2148 3087 2216 querebatur
3110 2146 3417 2213 injus=itiant
3443 2164 3500 2204 se
3524 2150 3585 2204 ali

2004 2237 2121 2304 ipso
2167 2235 2409 2308 Eutyche
2448 2245 2503 2291 et
2542 2237 2764 2292 crimina
2797 2238 2923 2293 falsa
2969 2255 3297 2310 perpessum.
3334 2239 3436 2295 Sed
3465 2242 3583 2309 quis

2005 2335 2186 2381 sancta
2217 2327 2303 2381 illa
2331 2328 2591 2399 synodus,
2620 2344 2738 2398 qua:
2764 2344 2867 2384 neu
2894 2340 3100 2384 tantum
3129 2332 3245 2402 {fut}
3268 2332 3419 2387 client
3444 2334 3583 2387 dant-

2006 2433 2168 2484 nare,
2207 2434 2393 2474 verum
2442 2421 2601 2474 etiam
2655 2420 2880 2476 Nestorii
2931 2424 3326 2479 damnationem
3376 2424 3587 2482 ﬁrmare

2006 2519 2353 2576 convenerat,
2385 2511 2665 2580 epistulam
2707 2512 2875 2581 ipsius
2925 2513 3029 2568 Ihze
3072 2515 3425 2569 orthodoxam
3469 2530 3587 2571 essu

2005 2604 2289 2674 cognovit,
2336 2612 2391 2657 et
2436 2603 2683 2659 Nestorio
2720 2607 2950 2659 maxime
2996 2608 3329 2678 Eutychiun
3374 2618 3591 2664 (‘0nlra-

1980 2697 2161 2759 riam,
2188 2695 2403 2764 dignum
2429 2696 2692 2765 judicavit
2719 2698 2922 2752 socium
2951 2699 3051 2753 sibi
3084 2716 3205 2753 eum
3248 2700 3300 2754 iu
3337 2700 3589 2755 condi-m-

2010 2787 2277 2839 nationem
2300 2786 2671 2843 hatreticorum
2696 2804 2830 2860 quos
2849 2791 3410 2850 re‘utabatasciscere.
3436 2791 3587 2859 Quod

2008 2878 2051 2932 si
2083 2878 2397 2949 Eutychiani
2432 2889 2617 2948 putant
2649 2881 2764 2936 lieri
2814 2881 3060 2936 debuisse
3085 2894 3143 2939 ut
3168 2884 3285 2953 ejus
3311 2884 3591 2953 epistolam

2007 2969 2353 3024 confitentem
2383 2970 2516 3025 duas
2543 2970 2743 3027 Christi
2774 2984 2990 3028 naturas
3020 2976 3069 3027 in
3101 2974 3299 3029 unitate
3331 2990 3593 3043 persente,

2006 3062 2160 3133 quasi
2182 3062 2552 3119 Nestorianam
2585 3064 2748 3120 vellet
2793 3066 3029 3135 synodus
3074 3068 3378 3135 aspernari;
3408 3066 3594 3123 Nesto~

2008 3156 2146 3207 rium
2200 3154 2438 3223 profecto
2483 3166 2742 3225 quantum
2785 3156 2849 3211 ad
2891 3172 2949 3211 se
2990 3166 3292 3225 excusaret,
3335 3168 3492 3230 atque
3531 3161 3593 3215 ab

1937 3257 1982 3320 ρ
2015 3245 2232 3301 haeresis
2263 3246 2488 3301 crimine
2520 3248 2720 3303 laceret
2748 3247 3006 3304 alienum.
3041 3249 3195 3315 Quod
3238 3252 3396 3305 etiam
3439 3266 3591 3321 supe-

2013 3338 2155 3392 riore
2196 3338 2354 3405 libro,
2391 3340 2529 3395 sicut
2567 3340 3006 3409 promiserantus,
3052 3340 3402 3397 ostendimus.
3449 3342 3593 3399 Unde

2012 3432 2228 3486 videant
2258 3433 2347 3503 qui
2380 3431 2518 3487 hanc
2557 3432 2834 3504 epistolam
2884 3432 3255 3489 Nestorianam
3293 3450 3412 3490 esse
3440 3436 3593 3492 dive-

2013 3535 2158 3587 runt,
2200 3540 2267 3578 ne
2310 3525 2407 3595 ipsi
2450 3526 2630 3595 potius
2659 3524 2945 3581 videantur
2985 3540 3245 3583 evcusare
3274 3526 3596 3591 NeStorium.

1984 3642 1987 3645 »
2011 3614 2338 3669 alﬁirmantes
2367 3615 2509 3685 quod
2538 3616 2834 3672 secundum
2867 3616 2985 3685 ejus
3014 3617 3310 3673 doctrinam
3341 3619 3595 3676 conli‘ea-

2012 3717 2098 3761 tur
2121 3706 2264 3777 quod
2294 3707 2520 3762 duarum
2560 3717 2871 3764 naturarum
2912 3726 3014 3763 una
3063 3726 3286 3779 persoaa
3327 3713 3415 3779 sit,
3458 3714 3597 3781 quod

2011 3812 2091 3853 ρει
2130 3816 2268 3855 unus
2302 3799 2470 3855 Filius
2498 3800 2762 3857 Dominus
2792 3813 2973 3856 noster
3003 3802 3159 3857 Je=us
3182 3802 3442 3858 Christus.
3470 3804 3596 3860 Nam

2014 3893 2129 3946 hate
2169 3894 2396 3962 epistola
2434 3904 2580 3949 recte
2607 3895 2713 3950 dici
2746 3910 2850 3950 non
2883 3905 3053 3965 potest
3081 3894 3382 3951 Nestorium
3412 3896 3599 3952 delun-

2014 3985 2178 4048 disse,
2223 3985 2378 4054 cujus
2426 3986 2695 4042 confessio
2741 3987 2948 4044 videtur
2993 3988 3231 4057 dogmati
3284 3989 3600 4044 Nestorium:

2014 4078 2280 4131 contraria
2314 4096 2327 4133 :
2355 4077 2495 4149 quod
2523 4089 2707 4135 sancta
2736 4080 2970 4151 synodus
3002 4082 3211 4147 videns,
3246 4082 3597 4138 orthodoxam

2016 4185 2131 4222 eam
2159 4185 2262 4223 non
2288 4170 2553 4224 immerito
2572 4170 2847 4241 judicavit.
2876 4171 3069 4225 Verum
3096 4173 3229 4227 mihi
3257 4173 3432 4228 minus
3459 4175 3594 4230 vidc-

2017 4274 2103 4315 tur
2123 4277 2381 4331 apparere
2409 4278 2568 4331 quam
2603 4263 2708 4318 sint
2732 4263 3071 4333 impudentes
3094 4266 3183 4333 qui
3208 4266 3598 4322 calumniantur

2016 4354 2071 4406 in
2103 4352 2323 4423 epistola
2365 4354 2692 4410 venerabilis
2731 4355 2835 4410 Iba:
2863 4364 3175 4410 excusatum
3219 4356 3382 4413 luisse
3413 4357 3599 4413 Nesto-

2018 4447 2188 4513 rium,
2230 4447 2273 4500 si
2318 4446 2624 4501 testimonio
2671 4452 2878 4502 tantum
2919 4448 3293 4518 episcoporum
3338 4448 3509 4504 l‘hotii
3551 4459 3600 4504 et

2024 4536 2296 4591 Eustachii
2337 4546 2497 4605 atqtte
2546 4537 2767 4607 Uranii,
2817 4540 2899 4594 vel
2946 4540 3104 4594 etiam
3154 4542 3603 4598 Chalcedonensis

315 4660 398 4715 ,αθ
448 4672 549 4727 qua
604 4656 706 4725 ipsi
760 4656 1127 4711 testimonium
1178 4654 1582 4719 conﬂuxerant,
1635 4629 2230 4720 pro[mnustyuodL
2264 4629 2331 4683 de
2376 4643 2473 4683 suo
2514 4629 2798 4727 mendacio
2847 4630 3185 4727 refellantur,
3226 4634 3324 4688 nisi
3368 4634 3603 4705 ipsorum

332 4748 472 4818 quod
520 4747 987 4801 reverentissimus
1016 4746 1149 4819 Jbas
1191 4762 1295 4800 non
1326 4745 1499 4801 solum
1533 4746 1833 4800 Nestorium
1865 4752 1919 4797 et

334 4839 451 4905 ejus
490 4836 738 4904 dogmata
789 4838 841 4891 in
889 4853 985 4890 sua
1028 4838 1255 4907 epistola
1301 4852 1404 4891 non
1453 4837 1701 4903 laudarit,
1733 4852 1915 4891 verum

335 4928 522 4993 etiam,
554 4928 692 4995 quod
731 4930 836 4996 jam
875 4928 1074 4982 dudum
1116 4930 1491 4999 preposuimus
1526 4929 1913 4993 demonstrare,

324 5021 539 5075 snu'lam
584 5020 806 5073 Nestorii
853 5020 1039 5074 fecerit
1076 5022 1498 5076 excusationem.
1536 5022 1663 5074 Nam
1689 5038 1771 5083 me
1797 5036 1915 5075 cum

336 5111 476 5181 apud
505 5111 765 5180 synodum
796 5109 1310 5179 Chalcedonensem,
1349 5128 1413 5166 ex
1451 5111 1617 5180 geStis
1658 5112 1827 5165 Photii
1869 5122 1921 5165 et

340 5205 613 5264 Eustachii
645 5218 804 5275 atque
834 5204 1012 5260 Urauii
1045 5206 1416 5277 episcOporum
1440 5207 1626 5263 eadem
1654 5206 1918 5273 relegere-

412 5378 439 5407 ⁸
470 5370 533 5422 Et
562 5368 662 5422 hoc
683 5368 842 5423 etiam
870 5365 1128 5435 objiciunt
1151 5368 1606 5423 tumJustiuianus
1630 5369 1679 5421 itt
1709 5366 1916 5431 Edicto,

340 5449 451 5495 tum
489 5444 727 5510 synodus
754 5454 805 5501 ν,
836 5453 953 5504 quae
1000 5441 1099 5490 hoc
1141 5437 1257 5510 ipso
1297 5439 1600 5510 damnatam
1632 5438 1920 5510 τιμηιςχίιὶο

341 5506 758 5564 Clialcédoueusi
809 5509 1090 5577 epistolam
1138 5507 1241 5563 Iba:
1279 5509 1457 5575 docet,
1491 5510 1631 5578 quod
1666 5506 1838 5561 Ptiotii
1868 5518 1920 5560 et

418 5646 433 5675 ⁸
475 5645 606 5697 Cod.
646 5643 865 5706 Veron.,
901 5644 1376 5698 reverentissimum.

416 5718 455 5744 "
477 5715 616 5767 Idem
645 5714 790 5776 cod.,
823 5714 937 5767 ideo
960 5715 1130 5768 solita.

416 5785 435 5813 ³
479 5784 615 5836 fdem
644 5786 786 5847 cod.,
813 5786 924 5837 hoc.
1148 5808 1151 5809 ν

418 5856 432 5883 ³
474 5854 614 5909 Idem
648 5854 791 5917 cod.,
828 5853 1119 5911 Nestorium
1158 5874 1174 5911 .'
1224 5866 1268 5910 el
1298 5858 1410 5913 ideo
1443 5872 1539 5911 non
1576 5867 1775 5921 putetur
1827 5874 1913 5912 uc-

2021 4738 2231 4791 quoque
2287 4731 2657 4778 accusatorum
2716 4723 2821 4778 Iba:
2878 4724 3274 4781 confundantur
3322 4729 3604 4798 exemplo,

2022 4814 2211 4883 quibue
2241 4828 2333 4868 eos
2362 4814 2805 4871 calumniosiores
2837 4823 2885 4870 et
2921 4816 3341 4886 impudentiores
3369 4820 3606 4874 ostendi-

2022 4922 2161 4961 mus.
2193 4907 2325 4961 Nam
2366 4918 2419 4962 et
2462 4907 2540 4961 illi
2588 4906 2654 4962 ad
2692 4906 2795 4963 hoc
2832 4918 3035 4963 tantum
3075 4909 3241 4979 ipsam
3271 4911 3606 4978 protulerunt

2021 4997 2326 5064 epistolam,
2357 4997 2498 5051 sicut
2530 5011 2593 5052 ea
2635 4998 2686 5051 in
2730 4997 2925 5068 quibus
2967 5000 3269 5053 continetur
3314 5006 3461 5066 gesta
3505 4998 3605 5054 de-

2028 5106 2057 5139 n
2082 5097 2340 5152 onstrart,
2396 5098 2453 5143 ut
2483 5104 2546 5143 ex
2577 5087 2668 5143 illa
2711 5090 3000 5157 probarent
3031 5087 3171 5157 quod
3213 5086 3371 5141 beato
3404 5087 3606 5157 Cyrillo

2023 5180 2339 5247 detraxerit,
2380 5195 2484 5235 non
2514 5180 2658 5250 quod
2702 5180 3006 5235 Nestorium
3049 5177 3279 5233 voluerit
3304 5192 3603 5235 excusare:

2026 5359 2312 5422 Eustathii,
2336 5361 2422 5429 qui
2451 5375 2567 5413 eam
2606 5360 2751 5413 velut
2792 5358 3010 5429 impiam
3041 5357 3487 5425 condemnarunt,
3517 5358 3603 5431 ju-

2023 5431 2215 5484 dicium
2258 5431 2639 5501 comprobauit.

2024 5673 2120 5725 que
2154 5658 2396 5727 ﬁngatur,
2430 5656 2566 5724 quod
2594 5654 2915 5727 synodus‘qd
2944 5654 3332 5727 destructionem
3357 5664 3402 5707 et
3429 5654 3606 5707 emrtu-

2024 5723 2306 5780 s'iouemvad
2330 5723 2518 5779 Marini
2542 5724 2786 5795 epistolae,
2818 5723 2958 5776 Ibant
2987 5725 3157 5795 fecerit
3180 5725 3607 5779 anathematizare

2028 5799 2089 5871 Ν
2111 5800 2353 5861 storiunt;
2382 5813 2494 5866 qua?
2514 5813 2612 5849 uon
2638 5794 2824 5860 solum,
2853 5806 2953 5851 etc.
