4070 6352
562 283 665 340 695

1663 283 1950 359 F.)CU.\'DI
1992 280 2205 337 EPlSC.
2247 281 2752 338 IIERMIANENSIS
2836 286 2839 289 ⁷

3743 286 3825 345 lilii

564 412 793 470 cumque
830 397 1200 455 Nestorianum
1251 400 1448 456 vellent
1492 402 1740 458 eumdem
1774 402 1917 456 lbam
1946 400 2138 463 videri,
2170 399 2216 459 A
2245 398 2384 466 quod
2417 398 2532 453 lbas
2564 399 2697 468 apud
2731 398 2913 468 plures
2938 400 3291 455 excusaret-it
3327 399 3623 470 a'ijzzandn
3661 402 3821 462 Neuo.

564 493 734 563 magis
767 492 866 547 boc
894 508 957 548 ex
990 492 1127 547 beati
1151 494 1333 563 Cyrilli
1375 494 1709 551 detractione
1749 512 1906 564 quam
1942 512 2004 549 ex
2038 495 2142 549 Ne-

565 584 719 639 storii
759 584 1104 640 excusatione
1131 587 1212 640 vel
1242 584 1424 653 laude,
1468 587 1608 642 sicut
1646 589 1874 656 amplius
1910 589 2144 655 llngitur,

566 678 793 746 probare
840 678 1014 732 cnnati
1063 690 1210 734 sunt.
1264 680 1523 734 Dixerunt
1570 682 1712 735 enim
1759 683 1827 735 de
1876 682 1989 749 illo,
2022 681 2147 752 quia

565 769 910 826 Nestorianus
939 782 1041 829 est.
1072 782 1123 826 et
1155 772 1367 826 beatum
1401 772 1657 842 Cyrillum
1689 774 1998 841 episcopum
2041 774 2150 837 ha:-

564 862 789 918 reticum
820 860 1071 927 appellat.
1106 860 1170 915 Et
1198 861 1324 931 quid
1355 878 1491 929 opus
1521 870 1636 916 erat
1680 862 1781 916 isto
1810 864 2055 923 circuitu.
2090 872 2150 918 ut

565 955 654 1024 qui
681 952 839 1008 beam
863 951 1060 1024 Cyrillo
1091 951 1321 1007 Nestorii
1346 952 1645 1007 damnaturi
1668 951 1996 1019 detraxerat,
2027 954 2150 1008 binc

565 1061 689 1102 cum
728 1042 1103 1100 Nestorianum
1145 1043 1347 1096 vellent
1381 1044 1691 1109 ostendere,
1717 1059 1837 1098 cum
1879 1043 1978 1098 hoc
2007 1059 2152 1097 eom-

566 1137 825 1208 pendiose
870 1144 1050 1206 posset
1090 1151 1154 1189 ex
1200 1136 1367 1203 ip-ius
1406 1134 1636 1189 Nestorii
1683 1136 2026 1191 excusatione
2067 1135 2152 1191 vel

568 1230 877 1300 dogmatum
910 1228 1030 1297 ejus
1073 1226 1227 1280 laude
1265 1227 1571 1291 monstrari,
1614 1226 1659 1281 si
1702 1226 2152 1293 quemadmodum

569 1320 657 1377 isti
682 1319 959 1383 dixerunt,
992 1319 1076 1372 illa
1118 1318 1343 1386 epistula
1375 1327 1688 1371 excusasset
1716 1318 1769 1371 ‘1’
1798 1317 1949 1384 Quod
1980 1319 2025 1372 si
2056 1332 2155 1373 nec

556 1408 640 1468 ab
674 1412 803 1481 ipsis
846 1410 1320 1465 calumniatoribus
1352 1425 1416 1463 ex
1447 1409 1635 1485 eadem
1669 1408 1891 1475 epismla
1924 1410 2029 1463 tale
2058 1408 2156 1462 ali-

571 1504 700 1576 quid
728 1504 997 1559 inveniur
1027 1502 1321 1571 objeclum'.
1353 1511 1610 1571 quantum
1643 1500 1891 1555 videntur
1923 1501 1973 1554 bi
2005 1500 2158 1555 mali-

573 1600 697 1653 tiam
728 1612 913 1652 eurum
939 1607 993 1650 et
1021 1596 1406 1665 impudentiam
1437 1598 1795 1664 supergressi,
1822 1606 1877 1647 ut
1907 1594 2047 1663 quod
2083 1593 2157 1648 illi

571 1705 672 1745 nec
709 1690 759 1744 in
798 1690 1036 1760 qui-relis
1075 1688 1217 1759 apud
1262 1688 1615 1757 imperatores
1654 1687 1936 1756 depositis,
1967 1702 2067 1741 nec
2105 1687 2155 1740 in

2250 490 2407 545 rium.
2450 490 2581 545 Nam
2626 506 2747 545 cum
2793 499 2911 559 post
2948 491 3366 547 damnationem
3402 494 3574 562 ipsius
3602 494 3823 559 Nesmrii,

2247 582 2535 645 orientales
2589 581 2825 651 episcopi
2858 592 3014 653 atque
3055 584 3166 652 ipse
3200 586 3686 640 reverentissimus
3712 588 3824 655 Ibat,

2248 689 2368 729 cum
2389 682 2573 729 sancta
2596 673 2800 729 Joanne
2820 675 3154 730 Antioclieno
3170 675 3470 743 Ephesum
3494 678 3824 746 pervenirent,

2251 768 2315 819 de
2345 767 2592 833 capitulis
2620 778 2821 819 tantum
2855 766 2993 821 beati
3024 765 3235 837 Cyrilli,
3268 766 3429 836 quod
3458 766 3526 820 ibi
3551 766 3825 841 fuerintap-

2252 859 2495 927 probata,
2510 859 2784 927 conquesti
2802 869 2948 927 sunt,
2965 860 3103 914 sicut
3117 874 3315 913 eurum
3338 862 3546 927 scripta
3564 859 3824 923 declarant;

2252 949 2381 1002 nihil
2423 962 2602 1003 autem
2648 960 2770 1004 sunt
2813 950 2880 1004 de
2920 950 3147 1005 Nrstorii
3188 951 3565 1005 damnatioae
3608 956 3821 1010 causali:

2253 1043 2393 1109 quod
2439 1044 2597 1098 etiam
2648 1059 2693 1095 vi
2716 1044 2967 1099 nerabilis
2996 1044 3111 1099 lbas
3139 1046 3191 1099 in
3223 1046 3332 1099 bac
3366 1045 3604 1110 epistola
3633 1049 3703 1100 sic
3730 1066 3827 1104 uar-

2255 1135 2392 1189 ravit
2419 1153 2433 1188 :
2464 1153 2482 1186 ‹
2520 1135 2646 1191 Post
2672 1137 2805 1191 duos
2835 1147 3011 1192 autem
3035 1137 3151 1192 dies
3172 1136 3551 1205 depositionis
3580 1138 3686 1207 ejus
3709 1143 3826 1196 veni-

2256 1241 2375 1280 mus
2416 1227 2467 1280 in
2512 1227 2813 1297 Ephesum;
2847 1237 2903 1284 et
2941 1230 3411 1301 cognoscentibus
3463 1230 3618 1284 nobis
3656 1235 3762 1301 quia
3786 1236 3825 1289 in

2256 1318 2602 1375 damnatione
2628 1320 2858 1375 Nestorii
2883 1338 3001 1393 qua:
3030 1323 3166 1377 facta
3193 1333 3284 1377 est
3313 1322 3389 1375 ab
3416 1320 3520 1387 eis,
3556 1323 3616 1374 t9.
3639 1327 3823 1393 capitula

2257 1430 2377 1486 quae
2406 1431 2434 1469 a
2466 1414 2666 1487 Cyrillo
2701 1418 3002 1486 conscripta
3045 1427 3193 1483 sunt,
3247 1420 3538 1472 contraria
3587 1421 3824 1476 existenlia

2259 1522 2399 1561 vera:
2425 1508 2567 1572 ttdei,
2585 1517 2898 1577 posuerunt,
2914 1520 2965 1563 et
2989 1508 3374 1572 ﬁrmaverunt,
3402 1518 3458 1562 et
3479 1523 3823 1567 consenserunt

2260 1603 2358 1666 eis,
2393 1608 2641 1669 tanquam
2673 1617 2813 1657 verae
2841 1602 2961 1656 ﬁdei
2988 1601 3453 1667 consonantibus,
3480 1616 3665 1656 omnes
3685 1605 3822 1658 orien-

2263 1697 2396 1752 tales
2420 1697 2655 1766 ep‘scopi
2683 1696 2930 1753 eumdem
2958 1696 3213 1765 Cyrillum
3247 1698 3672 1760 damnaverunt,
3695 1698 3822 1751 σίδαι.

572 1782 786 1853 iudiciis
823 1780 1217 1850 cpiscopa'ibus
1256 1790 1380 1836 ante
1412 1778 1848 1836 Clialcedonense
1874 1767 2162 1833 concilium‘

2266 1804 2448 1843 versus
2471 1790 2603 1843 alios
2626 1789 2904 1859 cpisc0pos
2926 1790 3015 1859 qui
3040 1796 3453 1844 consenserunt
3480 1786 3597 1857 ejus
3623 1790 3820 1855 capitu‘it

572 1889 678 1928 non
710 1875 874 1929 semel
903 1875 1163 1943 expertis,
1202 1888 1302 1927 nec
1332 1874 1382 1925 in
1417 1873 1533 1939 ipso
1564 1886 1755 1941 magno
1784 1880 1839 1926 et
1866 1872 2157 1926 universali

574 1967 805 2023 concilio
838 1974 1179 2024 tentaverunt
1207 1966 1468 2035 objicere,
1494 1964 1591 2034 ipsi
1620 1971 1743 2034 post
1766 1964 2005 2034 ejusdem
2034 1978 2161 2020 cou-

575 2061 685 2116 cilii
724 2061 1045 2117 sententiam
1085 2058 1473 2114 crim'nenturl
1524 2056 1621 2121 llli,
1652 2057 1896 2126 quamvis
1925 2055 2163 2109 obstina-

577 2152 774 2208 tissimi
810 2162 865 2208 et
910 2151 1023 2222 ipsa
1064 2151 1425 2206 obstinatione
1463 2163 1559 2215 sua
1599 2146 1805 2214 caecati,
1838 2146 2082 2201 viderunt
2109 2154 2165 2200 et

576 2248 680 2305 sibi
713 2256 871 2317 turpe
902 2246 1015 2301 fore
1045 2255 1099 2301 et
1128 2245 1245 2300 aliis
1275 2244 1607 2307 incredibile,
1638 2243 1679 2297 si
1716 2243 1958 2298 dicerent
1979 2243 2038 2297 in
2076 2242 2164 2298 illa

576 2341 801 2414 epistola
851 2340 1154 2397 Nestorium
1214 2339 1378 2394 fuisse
1435 2338 1747 2402 defensum;
1797 2346 1850 2391 et
1898 2340 2166 2405 sapientes

577 2433 747 2491 nostri
772 2449 876 2490 non
909 2434 1081 2488 solum
1113 2431 1330 2488 dicibile
1358 2431 1456 2485 sibi
1491 2430 1591 2485 hoc
1621 2445 1759 2494 esse,
1793 2444 1978 2485 verum
2005 2431 2165 2483 etiam

579 2525 733 2583 nobis
769 2524 1027 2581 credibile
1068 2532 1411 2595 putaverunt.
1463 2521 1708 2578 Viderint
1759 2531 1940 2577 autem
1986 2531 2166 2577 utrum

579 2619 699 2675 illos
728 2618 802 2674 ita
831 2619 1044 2674 mentiri
1075 2619 1285 2686 deceat,
1324 2617 1476 2672 nobis
1517 2626 1694 2671 tamen
1724 2616 1865 2686 quod
1897 2616 2167 2671 mentiun-

578 2725 665 2769 tur
691 2713 1003 2771 incredibile
1028 2727 1149 2768 esse
1176 2718 1524 2780 cOgnoscant.
1559 2710 1808 2765 Advertis
1832 2708 2032 2778 itaque,
2061 2709 2168 2763 cle-

580 2807 910 2863 mentissime
940 2808 1249 2876 imperator,
1282 2806 1421 2873 quod
1452 2805 1677 2874 epistola
1708 2804 2033 2860 venerabilis
2066 2802 2169 2857 Iba:

578 2918 607 2955 a
635 2901 768 2956 falso
795 2900 1023 2956 crimine
1052 2899 1289 2955 excusati
1326 2899 1554 2953 Nestorii
1591 2897 1753 2953 etiam
1794 2907 2167 2954 accusatorum

578 3010 800 3051 suorum
842 2992 1217 3050 testiﬁcatione
1264 3002 1539 3063 purgetur,
1581 3008 1681 3049 nec
1721 2992 1948 3064 alicujus
1987 2995 2037 3048 in
2071 2993 2172 3049 hoc

577 3089 890 3145 assertionis
930 3087 1184 3158 indigeat,
1216 3087 1267 3141 in
1299 3103 1405 3156 quo
1439 3102 1559 3143 eam
1593 3087 1675 3141 sui
1705 3102 1921 3157 quoque
1951 3100 2171 3140 act-usa-

579 3191 724 3237 tores
771 3180 1099 3237 sufﬁcienter
1144 3187 1426 3234 excusant.
1480 3178 1589 3233 Sed
1639 3177 1765 3245 quid
1813 3178 2056 3231 dicemus
2101 3176 2172 3230 de

580 3272 865 3327 calumniis
889 3280 1187 3339 temporum
1222 3277 1555 3335 nostrorum,
1578 3278 1636 3322 ut
1665 3266 1805 3338 quod
1836 3276 1959 3321 tunc
1986 3265 2171 3334 puduit

582 3365 1075 3435 impudentissimos
1117 3373 1485 3429 accusatores,
1516 3362 1679 3416 modo
1718 3376 1823 3415 non
1858 3359 2051 3429 pudeat
2079 3359 2171 3430 ju-

579 3458 750 3523 dices,
790 3465 846 3512 et
886 3455 1072 3525 quales
1113 3454 1360 3524 judices?
1402 3469 1508 3508 non
1552 3452 1818 3518 humana,
1851 3453 1945 3508 sed
1976 3453 2171 3507 dixitne

580 3547 938 3623 auctoritatis,
971 3547 1111 3601 sicut
1130 3546 1463 3601 existimant.
1490 3545 1622 3601 Nam
1644 3543 1860 3615 judices
1889 3556 2011 3599 sunt
2029 3544 2173 3613 judi-

579 3656 702 3696 cum
741 3652 795 3697 et
831 3640 1039 3710 judices
1078 3648 1438 3694 mortuorum.
1478 3638 1542 3693 Et
1582 3653 1649 3691 ex
1694 3636 1776 3691 bis
1804 3636 2019 3705 quidem
2052 3652 2171 3705 qua:

579 3734 723 3789 circa
767 3731 1136 3788 venerabilem
1183 3729 1325 3785 Ibam
1357 3740 1505 3800 gesta
1543 3738 1690 3797 sunt,
1735 3728 1865 3783 satis
1902 3743 2171 3797 superque

584 3825 925 3893 probavimus
962 3823 1210 3879 malivola
1264 3820 1711 3893 interpretatione
1755 3819 1983 3890 jactari,
2025 3820 2170 3890 quod

580 3917 860 3973 Nestorius
903 3916 958 3971 in
996 3913 1117 3985 ejus
1155 3915 1382 3985 epistola
1427 3912 1589 3969 luerit
1618 3923 1930 3968 excusatus.
1964 3912 2019 3967 Si
2052 3912 2172 3979 quis

581 4020 759 4068 autem
786 4021 840 4067 et
868 4010 971 4067 hoc
997 4008 1325 4074 consideret,
1359 4008 1501 4077 quod
1534 4006 1676 4063 idem
1708 4006 2032 4062 venerabilis
2054 4004 2172 4059 lbas

581 4102 766 4159 venire
812 4117 919 4159 non
969 4110 1154 4174 posset
1199 4110 1386 4157 contra
1426 4100 1688 4170 judicium
1740 4097 1910 4154 sancti
1953 4096 2172 4152 Joannis

578 4198 925 4271 Antiocheni,
951 4200 1039 4255 cui
1069 4208 1268 4255 tantam
1294 4196 1455 4253 tribui
1486 4195 1984 4259 tauctoritatem,et
2012 4204 2173 4247 crete-

578 4310 762 4351 rorum
804 4293 1155 4350 Orienta'ium
1199 4302 1364 4362 atque
1402 4292 1628 4346 aliorum
1651 4305 1774 4345 cum
1806 4288 1885 4343 cis
1915 4288 1965 4341 in
1998 4285 2173 4353 Ephe-

578 4405 697 4445 sum
744 4403 811 4446 ex
854 4388 1085 4444 diversis
1130 4387 1421 4458 provinciis
1456 4382 1919 4443 convenientium,
1953 4382 2038 4448 qui
2069 4376 2171 4432 Ne-

579 4481 832 4546 storium,
863 4480 989 4534 licet
1020 4478 1142 4533 sine
1183 4477 1384 4546 judicio
1415 4491 1512 4531 suo
1537 4476 1621 4531 cui
1649 4474 1936 4543 deputatus
1978 4470 2167 4530 fuerat.

580 4570 1031 4633 condemnatum,
1074 4567 1462 4622 absolvendum
1510 4576 1686 4623 tamen
1738 4581 1845 4618 non
1888 4563 2169 4631 judiCave-

581 4672 727 4729 runt,
780 4661 949 4715 multo
1004 4660 1336 4715 manifestius
1391 4659 1684 4730 cognoscit,
1737 4656 1987 4725 quoniam
2042 4670 2163 4707 eum

580 4759 885 4813 nullatenus
929 4758 1224 4813 excusavit.
1257 4754 1411 4823 Quod
1455 4752 1825 4808 considerasse
1856 4748 2018 4803 etiam
2050 4745 2167 4815 ejus

579 4858 925 4905 accusatores
965 4849 1233 4909 existimo,
1267 4858 1325 4901 ut
1346 4861 1466 4901 cum
1497 4843 1747 4897 diuturna
1776 4838 2166 4908 excogitatione

578 4943 834 4997 adversos
865 4951 1216 4996 memoratum
1263 4935 1755 4993 reverentissimum
1784 4932 1927 4987 Ibam
1970 4938 2047 4984 tot
2075 4945 2163 4985 ca-

580 5033 809 5089 lumnias
859 5042 1235 5101 praestruerent
1277 5029 1562 5092 inauditas,
1594 5034 1772 5081 tamen
1815 5021 2163 5093 impedi-otis-

578 5144 769 5183 sanum
792 5126 1095 5193 judicarent
1116 5133 1297 5178 contra
1321 5120 1555 5173 omnium
1573 5116 1956 5173 conscientiam
1982 5113 2163 5167 dicere.

652 5340 679 5369 "
703 5331 935 5387 H‘abetur
966 5330 1168 5398 integra
1209 5324 1429 5381 Joannis
1470 5319 1786 5377 Autioclteni
1819 5312 2044 5385 epistola
2084 5308 2149 5363 ad
2181 5306 2485 5363 Nestorium
2521 5325 2587 5363 ex
2621 5320 2725 5376 qua
2761 5306 2878 5363 hic
2920 5306 3169 5375 decerpta
3206 5310 3359 5366 sunt,
3393 5302 3537 5368 parte
3588 5301 3600 5339 I
3637 5297 3658 5335 ε

581 5404 883 5473 Ephesium,
924 5418 1070 5456 num.
1101 5398 1194 5453 25.

654 5585 668 5615 ¹
688 5582 817 5635 Cod.
835 5581 1055 5640 γεῖσα..
1074 5578 1164 5632 illa
1186 5576 1403 5645 epistola
1419 5575 1654 5641 dogmata
1675 5566 1899 5645 Nestorii
1916 5563 2152 5645 laudibus

580 5634 785 5722 emerit?
810 5634 961 5707 Nunt
994 5634 1254 5722 proferant
1276 5647 1368 5722 ubi
1396 5647 1469 5697 vel
1488 5634 1894 5722 "ipsi‘ntenclares
1929 5634 2033 5722 ibit?
2065 5649 2152 5722 uc-

582 5704 837 5778 illitum;
859 5726 926 5775 ita
954 5704 1150 5774 iurentiri
1174 5718 1287 5771 ausi
1314 5726 1451 5779 sunt,
1482 5704 1533 5766 ut
1561 5713 1703 5765 illum
1734 5713 1879 5784 dicer,
1899 5717 1950 5759 ut
1988 5707 2038 5784 in
2066 5704 2155 5784 ilia

582 5776 1091 5855 Maloiawercumsse
1133 5776 1453 5847 Nestorium,
1479 5788 1549 5840 rel
1575 5786 1680 5847 eius
1715 5782 1953 5845 domum“
1989 5776 2157 5829 laud“

2262 1883 2870 1938 excommunicationem
2893 1882 3272 1938 decreverunt.
3298 1900 3319 1933 ι
3342 1881 3456 1935 Pro
3472 1881 3709 1948 capitulis
3728 1897 3819 1951 ergo

2262 1985 2466 2031 tantum
2490 1976 2631 2032 beati
2661 1975 2846 2044 Cyrilli
2871 1989 3097 2044 quorum
3125 1974 3463 2045 ignorabant
3494 1974 3817 2039 intentimiem,

2269 2084 2375 2123 non
2404 2069 2569 2124 etiam
2602 2083 2698 2138 pro
2727 2066 3174 2123 condemnatione
3205 2065 3455 2121 NestOrii
3501 2065 3816 2119 reverentissi.

2270 2179 2387 2218 mus
2426 2163 2544 2218 lbas
2581 2160 2874 2216 orientales
2917 2160 3201 2230 episcOpos
3245 2158 3400 2213 dixit
3439 2156 3685 2211 otl‘ensus.
3713 2156 3814 2221 Quo-

2266 2257 2426 2313 modo
2463 2270 2592 2326 ergo
2628 2255 2711 2310 vel
2752 2255 2865 2324 ipse
2894 2260 3079 2310 contra
3114 2251 3255 2307 beati
3303 2250 3540 2306 Joannis
3576 2247 3815 2303 Antioche-

2268 2350 2320 2405 ni
2359 2350 2447 2421 qui
2496 2348 2548 2403 in
2597 2362 2662 2402 eo
2705 2347 2990 2417 primatum
3047 2344 3262 2410 habuit,
3323 2343 3601 2412 totiusque
3646 2338 3813 2395 concilii

2267 2441 2570 2505 orientalis,
2613 2455 2676 2494 ac
2716 2454 2871 2494 suum
2915 2440 3205 2509 judicium,
3256 2436 3578 2492 NeStorium
3623 2434 3814 2489 conscri-

2270 2536 2484 2590 bentem
2518 2534 2683 2588 libros
2714 2532 2904 2587 noxios
2933 2540 3251 2598 excusaret,
3296 2531 3385 2586 vel
3433 2529 3535 2598 ipsi
3564 2528 3672 2594 ejus
3697 2540 3810 2580 accl-

2271 2637 2479 2681 satores
2499 2625 2825 2679 crediturum
2855 2624 2954 2678 sibi
2979 2640 3300 2693 quemquam
3327 2629 3643 2690 aperarent,
3670 2618 3708 2671 si
3728 2618 3815 2671 hinc

2270 2734 2391 2771 eum
2436 2727 2623 2770 contra
2669 2716 2933 2785 publicam
2978 2716 3223 2771 notitiam
3276 2713 3729 2771 criminarentur?
3769 2710 3817 2765 Et

2273 2809 2394 2864 ideo
2412 2852 2425 2874 ,
2449 2808 2568 2863 sive
2596 2808 2685 2862 illa
2711 2807 2937 2878 cpiStola
2966 2808 3069 2862 lbaa
3096 2822 3218 2863 csse
3243 2806 3488 2874 dicatur,
3521 2805 3629 2861 sive
3655 2804 3713 2859 ab
3730 2801 3819 2871 ejus

2273 2904 2677 2961 accusatoribus
2734 2903 3076 2973 perhibeatur
3125 2918 3247 2958 esse
3308 2901 3577 2967 conficta,
3620 2913 3711 2954 non
3754 2905 3815 2951 est

2274 2998 2644 3055 arbitrandum
2675 2996 2817 3066 quod
2848 2988 3161 3051 omitterent
3193 2996 3323 3051 hinc
3355 3011 3483 3050 eum
3512 3006 3763 3052 accusare,
3783 2987 3813 3042 si

2275 3094 2513 3148 viderent
2539 3092 2641 3147 hoc
2663 3104 2784 3146 esse
2805 3088 3085 3144 credibile.
3108 3089 3358 3158 Amplius
3382 3098 3557 3143 tamen
3575 3082 3811 3140 absurdum

2195 3156 2240 3218 Ο
2274 3194 2356 3239 est
2396 3182 2602 3252 opinari
2650 3180 2791 3253 quod
2869 3188 3211 3236 accusatores
3270 3180 3425 3235 illam
3474 3178 3729 3249 epistolam
3766 3185 3814 3226 ex

2277 3279 2494 3333 nomine
2537 3275 2856 3333 venerabilis
2907 3274 3011 3330 lbe
3053 3274 3321 3345 {lugentes
3348 3320 3363 3342 ,
3411 3284 3472 3329 ut
3520 3270 3809 3327 N-storianus

2275 3369 2571 3433 videretur,
2603 3368 2736 3424 nihil
2764 3370 2810 3422 ei
2844 3367 2926 3423 vel
2957 3367 3011 3421 in
3039 3368 3200 3421 tantis
3227 3364 3625 3436 episcopalibus
3644 3360 3807 3430 iudiciis

2274 3474 2396 3519 :ute
2426 3462 2864 3520 Cltalcedonense
2894 3461 3179 3517 concilium
3204 3499 3220 3527 ,
3254 3460 3344 3516 vel
3380 3462 3431 3514 in
3465 3460 3577 3529 ipso
3602 3453 3805 3519 concilio,

2272 3559 2340 3613 de
2368 3557 2602 3613 Nestorii
2625 3556 2937 3611 deleusione
2960 3560 3227 3609 tentarent
3252 3553 3516 3622 objicere.
3542 3551 3658 3603 Nam
3686 3546 3723 3598 si
3748 3544 3809 3596 illa

2274 3651 2433 3705 verba
2462 3649 2656 3718 quibus
2683 3647 2885 3703 dictum
2917 3655 3002 3702 est
3046 3663 3061 3699 :
3094 3645 3170 3701 De
3206 3645 3519 3714 episcopatu
3556 3636 3805 3695 Nestorium

2273 3743 2639 3810 deposuerunt
2678 3738 2880 3810 judicio
2922 3748 2979 3794 et
3026 3735 3374 3807 inquisitione
3427 3749 3531 3788 non
3586 3732 3733 3788 taeta;
3771 3730 3805 3777 et

2274 3835 2465 3890 iterum
2502 3850 2516 3885 :
2549 3831 2827 3887 Nestorius
2854 3839 3057 3897 autem,
3090 3828 3346 3900 quoniam
3370 3840 3483 3881 sua:
3512 3819 3692 3878 civitati
3716 3815 3805 3871 odit

2275 3935 2392 3983 erat
2419 3935 2470 3982 et
2502 3926 2594 3996 qui
2627 3935 2783 3980 erant
2810 3924 2861 3977 in
2892 3939 2953 3978 ea
2983 3921 3493 3980 excellentioribus,
3525 3915 3609 3969 illo
3653 3902 3805 3964 reveni

2276 4033 2381 4073 non
2411 4016 2578 4088 potuit
2608 4034 2621 4070 :
2648 4016 2952 4071 Nestorium
2979 4014 3283 4085 signiﬁcant
3308 4017 3637 4070 excusatum,
3663 4015 3741 4056 cur
3761 4010 3803 4050 et

2276 4110 2495 4165 tinxisse
2524 4109 2811 4165 credantur
2838 4107 3096 4163 adversus
3124 4107 3437 4176 episcopum
3455 4143 3469 4166 ,
3501 4093 3692 4168 quando
3713 4099 3802 4143 eum

2276 4216 2380 4257 non
2428 4211 2818 4256 accusaverunt
2870 4213 2968 4269 pro
3018 4198 3367 4253 excusatione
3411 4179 3805 4249 NestoriiH‘utld

2273 4302 2403 4355 satis
2434 4298 2736 4354 insinuatur
2762 4296 2905 4367 quod
2932 4305 2985 4350 et
3017 4296 3116 4349 lb:e
3141 4296 3212 4349 sit
3243 4294 3334 4348 illa
3376 4288 3615 4360 epistula,
3638 4291 3684 4336 et
3705 4278 3798 4331 falsa

2274 4393 2484 4448 dicatur
2512 4404 2801 4448 excusasse
2826 4387 3149 4443 Nestorium.
3178 4386 3285 4441 Sed
3325 4400 3425 4439 nec
3463 4387 3576 4452 post
3600 4370 3799 4429 condent-

2276 4485 2543 4541 nationem
2602 4479 2969 4539 tantummodo
3004 4522 3017 4544 ,
3078 4494 3260 4532 verum
3317 4476 3479 4533 etiam
3544 4468 3796 4539 ρνὶιιςσιυιηιι

2274 4580 2758 4646 condemnaretur,
2806 4576 2944 4631 idem
2985 4574 3260 4629 Nestorius
3291 4568 3553 4625 invenitur
3580 4560 3640 4614 ab
3663 4554 3798 4609 orien‘

2276 4673 2470 4726 talibus
2499 4670 2765 4739 episcopis
2791 4683 2887 4738 per
2925 4676 3276 4746 mctnoQtum
3311 4669 3548 4715 sanetum
3588 4651 3794 4746 Joanueltt

2273 4764 2668 4820 Antiuclienum
2701 4770 2726 4797 ⁸
2756 4774 2878 4815 esse
2910 4727 3170 4825 culpatus.
3202 4752 3335 4809 Nam
3366 4748 3596 4806 scribens
3623 4740 3663 4796 ei
3689 4727 3793 4831 quo.tl

2273 4873 2407 4910 vane
2442 4862 2713 4910 tecusaret
2755 4852 2965 4905 beatam
3006 4848 3227 4905 Mariam
3273 4856 3494 4901 matrem
3537 4834 3621 4891 Dei
3662 4837 3791 4881 ιιοωι·

2274 4965 2432 5013 nare,
2483 4946 2559 5000 sic
2587 4944 2716 5000 dicit
2745 4960 2759 4996 ε
2798 4960 2817 4994 t
2860 4942 2968 5012 Ego
3001 4954 3127 4993 vero
3159 4954 3264 4991 non
3292 4932 3454 4991 veluti
3495 4916 3790 4983 accusabiiem

2275 5052 2414 5093 tuam
2444 5039 2781 5093 sanctitatem
2820 5034 2885 5087 ad
2918 5031 3295 5101 corrigendum
3327 5026 3537 5083 verbum
3567 5014 3784 5105 exhortor.

2273 5148 2445 5201 neque
2479 5131 2641 5185 veluti
2674 5130 2737 5182 ad
2768 5126 3224 5189 contrarietatem,
3252 5131 3311 5177 ut
3340 5120 3413 5176 ita
3449 5115 3626 5171 dicam,
3652 5111 3778 5174 Due"

3512 5202 3526 5223 Ι

3662 5266 3782 5349 ynodi

2268 5564 2358 5618 bus
2386 5560 2648 5628 αΙῙεείδεεΡ
2681 5556 2829 5623 Οιιπά
2858 5554 2951 5628 ξίχ
2998 5623 3012 5628 -
3264 5618 3298 5628 ..
3343 5616 3371 5628 _.
3457 5624 3498 5628 ,_
3543 5585 3748 5628 -..ηιτηιί

2342 5585 2358 5616 s
2386 5585 2643 5628 uacuus:
2681 5585 2827 5623 ιμιιυ
2858 5585 2921 5607 οι.
3740 5585 3748 5595 ,

2342 5633 2472 5687 lline
2495 5631 2558 5683 ad
2585 5628 2827 5697 paginam
2855 5625 2958 5697 449
2982 5623 3173 5677 desunt
3196 5616 3519 5677 collationes,
3540 5592 3662 5676 quod
3679 5585 3772 5646 fulti

2268 5706 2373 5763 duo
2401 5703 2509 5758 sint
2538 5694 2601 5757 de
2630 5694 2813 5754 codice
2844 5694 3039 5750 ab!ata.
