4070 6352
283 350 380 407 697

280 563 423 618 sicut
470 556 811 631 agnovimus,
842 553 984 625 quod
1033 568 1138 607 non
1170 552 1493 608 erubescens
1523 552 1590 605 de
1633 551 1732 604 hac
1776 550 1862 618 pia

282 652 619 711 confessione
647 649 820 704 solum
860 662 1053 700 nomen
1085 658 1303 699 recusas
1333 662 1346 697 :
1384 644 1427 698 si
1450 652 1624 697 autem
1654 657 1683 695 a
1712 641 1862 695 vobis

282 744 449 815 aliqui
479 743 530 797 in
560 740 786 796 ecclesia
816 751 1127 807 magnorum
1160 744 1215 791 et
1250 722 1351 788 hoc
1380 734 1696 803 exquirant,
1729 748 1864 785 nun-

281 854 440 910 quam
489 835 761 893 recus-abis
797 842 853 889 et
899 832 994 887 Dei
1042 831 1355 899 genitricem
1403 828 1584 884 dicere
1624 839 1860 883 sanctam

282 933 580 1001 Virginem.
611 927 839 982 Proinde
868 925 933 980 ad
964 934 1109 979 tuum
1143 936 1194 978 te
1236 924 1513 986 exhortor,
1546 923 1599 976 in
1638 937 1742 991 quo
1771 935 1863 975 vos

282 1039 389 1078 non
421 1036 602 1076 errare
630 1019 850 1088 cognovi
878 1033 892 1068 ι
923 1031 1115 1070 nomen
1148 1022 1201 1068 et
1230 1012 1449 1067 verbum
1480 1011 1558 1064 illi
1585 1011 1662 1064 rei
1689 1009 1796 1078 jam
1833 1023 1862 1062 a

280 1112 464 1169 multis
495 1109 741 1165 Patribus
778 1105 1145 1169 constitutum,
1180 1113 1233 1159 et
1263 1103 1521 1171 scriptum
1543 1141 1556 1165 ,
1582 1109 1635 1153 et
1663 1099 1861 1153 dictum

280 1218 385 1263 est.
428 1203 543 1260 Non
585 1202 760 1272 itaque
800 1208 1008 1271 Oportet
1037 1214 1232 1268 nrgare
1270 1195 1530 1257 Verbum,
1566 1193 1720 1264 enjus
1746 1208 1860 1248 rem

279 1298 336 1352 in
365 1297 544 1350 animo
590 1294 787 1347 habere
818 1307 911 1361 pro
942 1290 1210 1344 intellectu
1243 1287 1505 1358 probaris.
1542 1286 1654 1340 Hoc
1678 1285 1861 1355 itaque

280 1401 480 1443 nomen
533 1385 707 1439 nullus
753 1382 1237 1437 ecclesiasticarum
1297 1378 1574 1433 ductorum
1631 1383 1861 1431 recusat.

281 1480 383 1547 Qui
430 1478 571 1533 enim
602 1490 668 1531 eo
714 1474 792 1529 usi
821 1482 967 1538 sunt,
1002 1480 1056 1528 et
1086 1470 1300 1541 plurimi
1331 1477 1457 1525 sunt
1499 1479 1552 1523 et
1582 1467 1817 1537 insignes
1848 1482 1862 1520 :

283 1570 372 1639 qui
404 1578 579 1624 autem
609 1567 688 1622 usi
719 1582 822 1620 non
849 1574 993 1634 sunt,
1025 1580 1130 1619 non
1159 1563 1512 1633 culpaverunt
1539 1569 1772 1615 utentes.
1803 1559 1866 1613 Et

282 1675 420 1717 vane
450 1677 570 1724 nos,
595 1662 734 1715 sicut
764 1667 1023 1729 apparet,
1050 1666 1301 1725 tanquam
1330 1652 1558 1723 duplicis
1593 1650 1865 1707 exainiua-

284 1756 448 1810 tionis
472 1754 664 1823 gratia,
690 1752 741 1806 in
772 1752 1143 1806 haereticorum
1174 1763 1361 1818 pravas
1385 1746 1665 1815 Opiniones
1688 1743 1867 1798 incur-

1158 342 1291 399 Νὶο
1331 342 1756 401 DEFENSIONE
1795 340 2009 397 'l'RlUM
2050 339 2365 395 C.\PATUI..
2406 339 2538 396 LIB.
2582 339 2689 395 Vll.

282 468 411 525 lem.
434 464 541 523 Sed
574 464 692 534 quia
718 477 748 517 a
771 471 822 517 te
846 470 898 517 et
920 461 1113 529 srepius
1138 470 1196 514 et
1211 460 1275 514 ad
1305 460 1497 514 multos
1517 460 1716 514 dictum
1747 467 1851 523 est,
1886 462 1933 517 Α

3439 329 3542 386 698

2040 454 2380 523 lnntirynodo
2436 456 2595 507 visum
2626 470 2723 506 non
2774 453 2949 523 fuisse,
3012 460 3066 504 ut
3121 460 3386 523 propterea
3430 452 3544 520 ejus

2036 528 2296 593 epistolam
2323 527 2761 579 condemnandam
2804 532 3046 579 censeret.

2036 659 2219 715 Solum
2250 674 2380 729 ergo
2409 669 2522 724 est,
2554 658 2697 724 quod
2725 674 2845 713 cum
2877 657 3161 713 malitiosis
3189 662 3244 712 et
3263 652 3544 709 obstinatis

1966 751 2363 806 ace.isaloribus
2393 749 2715 805 venerabilis
2745 750 2848 804 lbae
2874 749 2926 803 in
2956 749 3072 816 eius
3102 746 3329 817 epistola
3358 744 3543 799 crimi-

1965 846 2078 898 nari
2112 845 2317 913 possint
2369 843 2647 908 haeretici,
2684 843 2771 897 vel
2817 843 3055 896 fautores
3084 854 3301 907 eorum,
3327 838 3451 909 quia
3480 837 3548 892 de

1966 934 2124 989 beato
2154 934 2384 1005 Cyrillo,
2413 933 2553 988 sicut
2577 933 2667 987 alii
2699 948 2908 1002 quoque
2936 931 3175 1002 plurimi,
3199 931 3355 986 aliter
3385 944 3544 999 quam

1967 1040 2057 1080 res
2086 1025 2272 1081 habuit
2302 1025 2670 1081 aestimaverit.
2706 1023 2960 1090 Quamvis
3001 1033 3055 1079 et
3078 1024 3131 1078 in
3172 1024 3275 1078 hoc
3312 1021 3546 1079 malitio-

1966 1120 2137 1173 siores
2164 1130 2217 1174 et
2244 1118 2629 1173 obstinatiores
2652 1117 2736 1170 isti
2764 1115 3079 1185 probentur,
3102 1116 3191 1184 qui
3216 1113 3448 1168 hominis
3479 1110 3549 1167 de

1968 1208 2185 1265 homine
2203 1209 2558 1281 ignorantiam
2583 1207 2649 1262 ad
2674 1207 2898 1263 hmresis
2914 1208 3115 1262 crimen
3141 1205 3353 1260 trahunt
3382 1222 3398 1258 :
3423 1204 3545 1274 quia

1968 1301 2072 1357 hoc
2114 1311 2236 1372 post
2260 1302 2471 1357 concilii
2514 1300 2831 1355 sententiam
2875 1299 3107 1363 faciunt,
3139 1297 3279 1367 quod
3309 1296 3381 1350 illi
3421 1305 3547 1350 ante

1967 1394 2244 1460 fecerunt;
2270 1408 2369 1449 nec
2393 1392 2665 1463 patiuntur
2687 1392 2981 1461 antiquitus
3005 1391 3261 1446 refutatas
3282 1386 3547 1456 antiquari

1968 1487 2293 1555 calumnias;
2324 1486 2416 1541 sed
2440 1485 2566 1539 olim
2595 1484 2703 1539 suis
2723 1484 3029 1539 auctoribus
3049 1481 3287 1551 sepultas
3308 1480 3544 1535 rediviva

1966 1578 2309 1635 contentione
2364 1576 2705 1632 resuscitant.
2750 1575 2951 1632 Verum
2980 1573 3048 1631 de
3091 1572 3192 1628 hac
3221 1570 3546 1643 ignorantia,

1969 1685 2065 1741 per
2093 1684 2252 1740 quam
2293 1677 2624 1724 memoratus
2663 1666 3130 1722 reverentissimus
3159 1663 3278 1718 lbas
3317 1677 3437 1715 cum
3470 1670 3549 1717 tot

1972 1763 2370 1832 provinciarum
2420 1761 2687 1832 episcOpis
2727 1759 3011 1815 fallebatur
3037 1757 3089 1812 in
3134 1770 3361 1827 persona
3406 1753 3548 1808 beati

283 1847 473 1911 rimus,
502 1855 555 1901 et
583 1843 939 1901 conscientias
958 1842 1177 1897 fratrum
1201 1839 1343 1894 nulla
1374 1837 1598 1893 utilitate
1620 1842 1861 1891 exstante
1897 1828 1936 1887 Β
1966 1828 2176 1923 cyrn“,
2210 1852 2372 1907 mum
2398 1828 2511 1922 ja'm
2538 1828 2677 1906 δείξω
2709 1859 2857 1917 sum,
2897 1858 2952 1904 ει
2980 1848 3101 1920 plus
3129 1861 3287 1916 quam
3317 1844 3549 1899 sumere.

284 1951 568 2007 percussas
608 1934 929 2006 despicimus
964 1950 978 1989 :
1012 1939 1323 1988 recusantes
1349 1944 1543 1984 nomen
1586 1926 1738 1997 cujus
1786 1926 1865 1979 in-

286 2031 558 2086 tellectum
592 2030 726 2085 bene
772 2028 1083 2097 cptimcque
1111 2024 1434 2095 recipimus,
1468 2022 1689 2078 multum
1720 2035 1868 2075 erra-

286 2137 437 2185 mus,
467 2122 635 2192 magis
664 2133 840 2176 autem
881 2119 1247 2191 periclitamur
1279 2119 1422 2173 circa
1451 2115 1866 2172 inenarrabilem

288 2215 744 2284 dispensationem
788 2212 1047 2283 unigeniti
1091 2212 1213 2268 Filii
1270 2211 1382 2267 Dei.
1425 2210 1676 2279 Sequitur
1723 2209 1865 2263 enim

288 2306 561 2360 ablatione
586 2304 817 2361 numinis
841 2304 999 2376 hujus
1014 2306 1095 2360 vel
1117 2302 1519 2377 significationis
1540 2301 1678 2371 ejus,
1698 2313 1871 2370 neque

290 2395 457 2451 Deum
486 2412 605 2451 esse
628 2411 749 2451 eum
773 2397 862 2467 qui
888 2394 1302 2451 inenarrabilem
1332 2394 1573 2462 corporis
1593 2392 1871 2463 dispensa-

290 2489 487 2543 tionem
514 2502 611 2558 pro
639 2488 791 2542 nobis
812 2486 1067 2557 suscepit,
1101 2502 1272 2557 neque
1292 2485 1459 2541 Deum
1486 2483 1721 2540 Verbum
1749 2497 1872 2538 eva-

288 2594 453 2635 cnans
500 2594 557 2635 se
586 2579 793 2649 ipsum,
826 2589 881 2635 et
909 2578 1133 2633 formam
1172 2577 1313 2633 servi
1340 2576 1641 2647 accipiens,
1670 2575 1870 2630 intesti-

290 2672 541 2726 mobilem
572 2673 712 2727 circa
746 2687 843 2726 nos
870 2672 1253 2727 m'sericordiae
1294 2686 1407 2726 sua:
1450 2669 1871 2741 magnitudinem

291 2764 682 2829 demonstrans,
703 2764 837 2817 sicut
856 2762 1037 2817 divina
1054 2762 1153 2817 hac
1175 2762 1575 2833 dispensatione
1597 2760 1816 2815 factum.
1848 2778 1868 2813 ι

290 2854 422 2911 Cum
474 2856 634 2926 igitur
673 2856 740 2909 ab
790 2854 1153 2911 Orientalibus
1200 2864 1255 2910 et
1301 2866 1425 2910 ante
1473 2853 1873 2909 damnationem

290 2958 570 3017 correptus
621 2947 898 3003 Nestorius
938 2947 1278 3011 ostendatur,
1327 2956 1382 3001 et
1424 2954 1546 3016 post
1575 2946 1872 3001 damnatio.

291 3055 413 3100 nem
433 3077 449 3101 ,
471 3040 595 3094 licet
615 3040 682 3093 ab
710 3037 1108 3111 indignantibus
1126 3044 1181 3093 et
1206 3036 1451 3106 iniuriam
1480 3035 1877 3113 suamgraviter

292 3132 613 3195 dolentibus,
650 3146 755 3184 non
789 3140 964 3184 tamen
1006 3128 1166 3183 fuerit
1195 3129 1500 3194 absolutus,
1532 3129 1624 3182 sed
1654 3143 1876 3182 venera-

1970 1946 2059 2000 bat
2081 1956 2356 2001 ostensum
2384 1955 2469 2000 est
2494 1943 2635 2014 quod
2660 1943 2968 1999 limreticum
2998 1956 3085 1996 res
3106 1940 3205 1995 ista
3235 1953 3339 1993 non
3370 1937 3550 2007 faciat,

1969 2037 2073 2101 Sed
2106 2037 2225 2107 quia
2254 2036 2540 2092 nonnullos
2567 2035 2818 2091 videmus
2855 2034 2906 2088 in
2936 2033 3044 2087 suis
3076 2032 3412 2087 remissiores
3437 2072 3451 2095 ,
3496 2030 3551 2083 in

1967 2127 2156 2197 alienis
2175 2128 2602 2183 vehementiores
2627 2141 2746 2183 esse
2779 2126 3031 2195 peccatis,
3064 2138 3323 2193 suamque
3355 2122 3555 2177 sancti-

1971 2229 2133 2274 tatem
2183 2219 2236 2273 in
2289 2216 2682 2287 exaggerandis
2749 2215 3120 2285 proximorum
3169 2212 3556 2267 offensionibus

1970 2318 2260 2379 ostentare,
2311 2310 2455 2365 illam
2486 2322 2697 2380 quoque
2743 2305 3384 2364 removeamusinvidiatn
3407 2345 3422 2369 ,
3451 2316 3554 2373 qua

1970 2406 2211 2479 graviter
2237 2415 2658 2475 eonqneruntur,
2686 2403 2926 2459 dicentes
2954 2402 3005 2455 in
3066 2399 3149 2454 his
3171 2397 3419 2468 capitulis
3449 2411 3556 2451 non

1974 2511 2082 2558 tam
2107 2503 2316 2558 beatum
2335 2500 2596 2574 Cyrillum
2618 2514 2777 2569 quant
2801 2498 3062 2569 synodum
3089 2492 3418 2565 Ephesinam
3438 2505 3557 2561 qum

1973 2598 2063 2653 illa
2086 2596 2199 2666 jam
2232 2602 2549 2663 receperat,
2583 2591 2746 2647 fuisse
2775 2591 3043 2660 culpatam
3078 2604 3092 2642 :
3127 2601 3223 2642 nec
3252 2599 3411 2655 posse
3466 2599 3558 2651 ξιιμ

1975 2688 2192 2759 probari
2229 2688 2367 2740 hanc
2394 2683 2679 2755 epistolam
2700 2722 2716 2747 ,
2749 2680 2852 2736 nisi
2875 2679 3061 2735 eadem
3100 2677 3335 2750 synodus
3363 2676 3555 2741 impro-

1974 2780 2152 2853 betur.
2184 2777 2319 2832 lline
2346 2776 2590 2831 volentes
2619 2774 2860 2839 efficere,
2889 2780 2948 2825 ut
2989 2784 3239 2838 magnum
3266 2765 3559 2821 Chalcedo-

1980 2885 2147 2925 nense
2176 2868 2489 2934 concilium,
2521 2864 2661 2936 quod
2687 2864 2832 2919 illam
2859 2861 3120 2932 judicavit
3176 2858 3556 2921 orthodoxam,

1979 2963 2143 3031 ipsius
2176 2958 2462 3030 Ephesium
2508 2957 2699 3028 synodi
2727 2955 2971 3009 videatur
2995 2953 3304 3022 impugnare
3323 2949 3558 3004 decreta.
3634 3004 3643 3005 ,

1984 3054 2054 3109 At
2081 3066 2180 3121 ego
2209 3051 2354 3116 dico,
2386 3049 2510 3120 quia
2541 3056 2820 3116 propterea
2850 3045 3017 3114 magis
3044 3057 3187 3113 saepe
3227 3042 3423 3096 dictam
3449 3040 3559 3106 epi-

1980 3143 2176 3198 stolam
2209 3141 2573 3211 pronuntiavit
2601 3137 2976 3199 orthodoxam,
3010 3134 3259 3204 quoniam
3281 3131 3413 3187 vidit
3441 3145 3557 3185 eam

293 3226 492 3282 bilibus
520 3224 723 3296 Cyrillo
755 3232 807 3277 et
835 3222 1106 3292 Ephesino
1136 3222 1413 3277 Memnone
1456 3221 1720 3291 episcoiis
1761 3222 1875 3276 sola

1983 3233 2272 3290 secundum
2297 3231 2467 3295 ipsius
2493 3229 2780 3299 Ephesium
2801 3225 2993 3299 synodi
3020 3226 3237 3280 decreta
3258 3220 3558 3278 confessam

295 3314 599 3384 Suspicione
627 3313 912 3378 damnatis,
944 3313 1229 3369 Nestorius
1256 3313 1310 3367 in
1339 3328 1399 3368 ea
1429 3328 1587 3384 quam
1611 3322 1882 3368 meruerat

296 3407 746 3465 condemnatione
773 3407 1104 3473 dimisi-rint;
1138 3407 1407 3477 quomodo
1444 3423 1549 3462 non
1590 3408 1881 3464 erubesce-

295 3508 416 3557 rent
458 3500 541 3555 vel
572 3499 983 3571 pertinacissimi
1016 3508 1355 3554 accusatores
1379 3497 1701 3553 venerabilis
1741 3496 1878 3565 Ibat,

295 3593 481 3650 multis
530 3592 730 3647 recenti
772 3607 954 3647 rerum
984 3592 1241 3646 memoria
1272 3590 1651 3661 refragaturis,
1700 3590 1883 3646 dicere

299 3683 440 3755 quod
485 3681 787 3740 Nestorium
819 3683 872 3737 in
905 3698 999 3738 sua
1030 3683 1258 3752 epistola
1298 3681 1489 3738 fecerit
1533 3683 1884 3739 excusatum?

302 3773 558 3830 Viderunt
578 3773 759 3844 itaque
780 3788 878 3842 pro
902 3773 1062 3828 tantis
1090 3788 1212 3844 quae
1241 3773 1656 3829 memoravimus
1684 3774 1886 3830 nemini

301 3867 561 3925 credibile
594 3867 731 3934 fore,
758 3866 900 3936 quod
922 3867 972 3920 in
1001 3864 1403 3920 excusationem
1427 3865 1658 3920 Nestorii
1685 3864 1886 3920 dictum

308 3970 455 4016 esset
485 3977 498 4013 :
532 3961 606 4015 De
636 3959 945 4030 episcopatu
971 3957 1275 4013 Nestorium
1298 3956 1667 4026 deposuerunt
1686 3956 1889 4027 judicio

305 4064 358 4112 et
381 4054 721 4124 inquisitione
752 4068 857 4107 non
888 4052 1057 4116 facta;
1087 4051 1183 4106 sed
1218 4051 1303 4107 vel
1334 4066 1433 4120 pro
1462 4051 1708 4119 capitulis
1746 4051 1890 4106 beati

306 4145 489 4214 Cyrilii
515 4188 531 4213 ,
584 4160 701 4215 qua:
732 4152 915 4213 postea
967 4145 1348 4211 interpretatus
1380 4152 1498 4209 est,
1545 4151 1793 4212 tanquam
1826 4143 1892 4197 de

292 4233 411 4309 illis
430 4234 633 4304 judicio
661 4243 713 4287 et
742 4233 1086 4302 inquisitione
1111 4248 1216 4286 non
1246 4230 1381 4287 facta
1417 4233 1693 4287 Nestorius
1735 4234 1894 4287 fuerit

309 4326 726 4392 condemnatus;
760 4326 843 4380 vel
894 4325 1017 4393 quia
1051 4324 1435 4394 dedignaretur
1463 4324 1611 4391 lbas,
1645 4333 1705 4377 ut
1732 4339 1891 4393 supra

309 4416 415 4488 iam
448 4419 701 4486 diximus,
740 4418 1001 4489 judicium
1034 4428 1087 4474 et
1118 4417 1516 4487 inquisitionem
1550 4430 1775 4484 vocare,
1807 4417 1896 4472 ubi

310 4525 417 4564 non
453 4511 794 4566 interfueriut
819 4511 1121 4566 Orientales
1150 4522 1310 4580 atque
1338 4510 1564 4566 aliarum
1597 4511 1896 4580 provincia-

1981 3342 2144 3382 unuin
2176 3323 2372 3379 Filium
2402 3321 2687 3377 Dominum
2724 3319 2907 3375 Jesum
2939 3317 3213 3391 Christum
3254 3316 3306 3369 in
3353 3312 3565 3381 duabus

1981 3432 2106 3475 esse
2154 3418 2378 3472 naturis.
2434 3414 2585 3470 Unde
2638 3412 2925 3480 prudenter
2967 3407 3221 3480 cognovit
3263 3404 3406 3477 quod
3462 3403 3566 3458 hoc

1983 3511 2157 3565 solum
2186 3508 2521 3578 conscriptor
2547 3508 2693 3575 ejus,
2717 3520 2837 3559 cum
2866 3500 3229 3558 Orientalibus
3260 3507 3315 3555 et
3340 3497 3563 3553 aliarum

1985 3603 2377 3675 provinciarum
2393 3597 2687 3670 episcopis,
2709 3595 2760 3649 in
2781 3594 3028 3649 omnibus
3047 3606 3163 3662 qua:
3180 3590 3287 3645 illic
3298 3596 3415 3644 acta
3444 3594 3567 3641 sunt

1987 3713 2094 3752 non
2119 3695 2457 3751 intellexerat
2505 3688 2775 3761 quomodo
2795 3684 3029 3756 capitula
3053 3682 3198 3739 beati
3224 3679 3405 3757 Cyrilli
3425 3677 3569 3748 justo

1990 3789 2280 3858 receperit,
2312 3787 2365 3841 in
2394 3785 2586 3855 quibus
2607 3784 2674 3838 ab
2697 3782 2777 3838 eis
2805 3779 3088 3848 putabatur
3112 3776 3233 3843 qu'a
3259 3775 3336 3829 sic
3362 3773 3569 3829 dixerat

1997 3880 2162 3934 Deum
2188 3877 2421 3932 Verbum
2448 3873 2717 3930 hominem
2744 3870 2963 3932 factum,
2986 3878 3043 3923 ut
3062 3866 3167 3921 aufi
3186 3873 3299 3921 rret
3318 3862 3569 3918 differen-

1994 3971 2120 4022 tiam
2149 3979 2457 4022 naturarum
2480 4009 2494 4033 ,
2527 3972 2584 4019 et
2610 3976 2770 4017 unam
2810 3959 3118 4029 perhiberet
3162 3971 3284 4012 esse
3327 3962 3568 4009 naturam

1999 4058 2214 4115 deitatis
2252 4066 2307 4113 et
2355 4054 2698 4111 humanitatis
2725 4052 2935 4108 Domini
2978 4048 3148 4104 nostri
3187 4046 3314 4103 Jesu
3342 4043 3571 4109 Christi,

1996 4150 2139 4219 quod
2163 4148 2338 4203 omnis
2358 4145 2655 4202 catholicus
2676 4152 3008 4199 exsecratur.
3032 4138 3373 4210 Cognoscens
3394 4149 3571 4191 autem

2002 4255 2191 4311 magna
2215 4237 2451 4310 synodus
2472 4233 2954 4298 Chalcedonensis,
2983 4231 3193 4290 illorum
3216 4226 3571 4295 capitulorum

1976 4334 2351 4390 .intentionem
2377 4345 2535 4398 quam
2558 4329 2843 4398 diligenter
2862 4342 2889 4381 a
2909 4332 3171 4394 prtesente
3191 4322 3347 4377 beato
3371 4319 3573 4390 Cyrillo

2002 4424 2238 4498 synodus
2266 4423 2531 4494 Ephesina
2563 4420 2858 4485 didicerat,
2901 4417 3045 4473 lbam
3090 4422 3249 4485 atque
3276 4413 3413 4469 alios
3460 4420 3574 4467 tan-

2002 4534 2158 4589 quam
2184 4517 2457 4583 abscntes,
2483 4514 2624 4569 sicut
2649 4512 2826 4569 exitus
2853 4525 3028 4591 causa:
3050 4506 3249 4575 docuit,
3281 4508 3576 4578 ignorasse,

309 4618 429 4657 rum
456 4604 731 4673 episcopi,
764 4604 851 4673 qui
889 4602 1050 4659 simul
1090 4603 1197 4657 dati
1230 4603 1439 4657 fuerant
1466 4602 1812 4673 inquisitores
1839 4610 1894 4657 et

2005 4610 2135 4665 nihil
2159 4608 2377 4664 differre
2397 4605 2677 4676 judicavit,
2702 4603 2842 4674 quod
2865 4600 3125 4658 iniisdem
3150 4599 3416 4671 capitulis,
3441 4597 3577 4657 sicut

311 4693 535 4767 iudices.
575 4695 832 4751 Viderunt
854 4698 1015 4751 etiam
1038 4738 1053 4765 ,
1097 4697 1223 4769 quia
1255 4712 1353 4752 nec
1384 4696 1509 4751 illud
1529 4690 1713 4766 ,quod
1741 4710 1894 4766 aeque

314 4787 660 4839 multifariam
691 4770 1005 4856 repulimus',
1037 4790 1088 4843 in
1113 4788 1228 4856 ejus
1253 4787 1659 4843 excusationem
1692 4785 1893 4841 dictum

315 4873 726 4943 intelligeretur,
758 4877 944 4947 in-quo
972 4880 1085 4932 ait:
1110 4878 1391 4933 Nestorius
1412 4888 1614 4944 autem,
1641 4880 1893 4949 quoniam

316 4979 429 5017 sua:
469 4966 669 5020 civitati
700 4967 824 5022 odio
852 4978 968 5024 erat
995 4979 1047 5025 et
1075 4971 1164 5039 qui
1196 4970 1249 5025 in
1277 4987 1340 5025 ea
1372 4981 1524 5025 erant
1553 4971 1898 5026 excellentio-

316 5056 485 5117 ribus.
521 5055 611 5110 illo
660 5058 854 5112 reverti
898 5074 1003 5113 non
1034 5060 1223 5129 poruit.
1275 5061 1343 5116 Et
1388 5062 1513 5116 hinc
1541 5060 1896 5127 calumniari,

316 5142 444 5204 licet
466 5149 938 5218 impudentissimi,
966 5159 1121 5221 turpe
1139 5153 1239 5206 sibi
1263 5153 1562 5218 duxerunt;
1590 5152 1903 5221 faciliusque

318 5250 637 5308 putaverunt
663 5255 693 5294 a
726 5239 993 5309 judicibus
1028 5254 1186 5311 posse
1215 5244 1397 5308 credi,
1439 5243 1579 5314 quod
1603 5258 1902 5299 memorare

318 5333 494 5400 magni
530 5333 769 5389 horroris
803 5344 884 5389 est
908 5375 922 5399 ,
956 5336 1266 5405 episcopum
1307 5335 1450 5391 [bam
1498 5320 1696 5393 dixisse
1730 5354 1743 5390 :
1784 5336 1901 5393 Non

321 5425 540 5481 invideo
570 5424 781 5482 Christo
819 5424 960 5481 facto
992 5426 1145 5494 Deo;
1200 5428 1251 5483 in
1298 5439 1556 5500 quantum
1599 5432 1742 5486 enim
1782 5431 1898 5501 ipse

320 5517 488 5570 factus
515 5528 627 5583 est,
651 5527 705 5572 et
728 5533 827 5588 ego
857 5518 1029 5573 factus
1050 5534 1167 5573 sum
1201 5534 1216 5574 :
1248 5535 1404 5589 quam
1435 5519 1481 5575 si
1506 5531 1690 5575 contra
1722 5532 1896 5577 tanto-

321 5623 437 5662 rum
461 5611 845 5666 eonscientiam
869 5611 1140 5666 diceretur
1160 5611 1213 5666 in
1239 5612 1326 5666 illa
1343 5612 1564 5682 epistola
1588 5612 1896 5670 defendisse

323 5697 641 5757 Nestorium.

937 5773 1162 5831 CAPUT
1206 5776 1295 5830 Vl.

332 5880 481 5947 Quod
517 5879 634 5938 ltus
679 5885 737 5939 de
794 5885 975 5949 Cyrilli
1022 5888 1255 5949 capitulis
1295 5889 1426 5945 male
1479 5894 1764 5952 suspicatus
1812 5896 1897 5952 sit.

2002 4702 2144 4757 beati
2176 4701 2360 4774 Cyrilli
2390 4700 2614 4756 dicentis
2634 4739 2651 4765 ,
2676 4698 2747 4752 ita
2773 4696 2932 4752 etiam
2961 4701 3160 4749 sanctae
3182 4693 3371 4763 synodi
3403 4690 3578 4759 Epiie~

2004 4797 2134 4852 δίιιω
2177 4794 2482 4864 probantis,
2528 4792 2878 4846 intentionem
2924 4787 3099 4843 minus
3146 4786 3569 4840 intellexerant:

2005 4904 2126 4944 cuin
2145 4898 2490 4954 utrorumque
2510 4883 2642 4938 fides
2657 4882 2842 4937 eadem
2869 4880 3077 4948 fuisset,
3097 4893 3199 4947 qua
3221 4876 3378 4932 simul
3392 4888 3579 4929 omnes

2004 4978 2074 5032 ita
2098 4977 2388 5031 credebant
2418 4977 2581 5029 Deum
2614 4972 2847 5028 Verbum
2880 4968 3150 5024 hominem
3185 4968 3404 5030 factum,
3437 4975 3492 5018 ut
3524 4963 3579 5018 in

1944 5126 1953 5135 _
2006 5083 2112 5122 una
2147 5066 2343 5121 Christi
2374 5079 2604 5133 persona
2636 5070 2878 5118 maneret
2906 5061 3127 5115 duarum
3152 5056 3446 5111 differentia
3489 5070 3580 5108 na-

2006 5165 2267 5211 turarum.
2322 5154 2378 5209 ln
2411 5155 2511 5209 hoc
2541 5154 2736 5224 quippe
2766 5151 2914 5207 nulla
2954 5149 3120 5218 partis
3163 5148 3437 5201 alterutra:
3485 5144 3581 5201 fuit

2005 5248 2329 5320 ignorantia,
2353 5247 2499 5304 nulla
2524 5245 2810 5300 dissensio.
2839 5242 2905 5295 Et
2926 5241 2968 5294 si
2993 5242 3158 5293 altera
3196 5252 3317 5307 pars
3332 5235 3399 5290 de
3417 5235 3581 5294 altera

1986 5328 2087 5409 ,‘vel
2122 5341 2350 5397 invicem
2381 5341 2447 5396 de
2470 5355 2527 5396 se
2556 5338 2711 5393 aliter
2736 5336 3114 5397 crediderunt,
3146 5330 3287 5402 quod
3318 5330 3385 5383 ad
3412 5329 3582 5383 luere-

2002 5436 2102 5490 siin
2151 5449 2257 5489 non
2285 5434 2549 5503 pertinet;
2580 5431 2650 5484 de
2678 5427 2979 5483 Christiana
3010 5434 3186 5477 tamen
3237 5423 3341 5477 fide
3394 5421 3580 5475 eadem

1999 5525 2096 5581 fuit
2126 5517 2292 5596 partis
2339 5525 2615 5591 utriusque
2654 5518 2945 5576 sententia.
2977 5516 3033 5572 Si
3081 5516 3200 5586 quis
3236 5526 3413 5573 autem
3453 5513 3582 5570 dicit

2000 5618 2141 5688 quod
2170 5616 2285 5672 lbas
2312 5626 2469 5685 atque
2499 5614 2801 5669 Orientales
2829 5617 2884 5664 et
2913 5606 3139 5663 aliarum
3182 5606 3581 5677 provinciarum

2002 5709 2238 5780 episcopi
2283 5708 2431 5779 (una
2488 5705 2682 5775 quippe
2733 5701 2921 5771 borum
2968 5699 3205 5755 omnium
3249 5713 3409 5754 causa
3452 5698 3582 5765 est),

2004 5800 2165 5855 etiam
2217 5800 2271 5853 in
2332 5797 2415 5851 his
2454 5810 2571 5864 qua:
2628 5808 2732 5849 non
2770 5788 3169 5860 intelligebant,
3218 5786 3583 5842 auctoritatem

2010 5890 2265 5953 Ephesini
2312 5886 2520 5946 concilii
2551 5885 2700 5955 sequi
2732 5881 3011 5943 debuerint
3045 5898 3057 5936 :
3088 5880 3200 5951 ipse
3230 5888 3439 5950 quoque
3471 5876 3580 5969 pri-
