4070 6352
527 262 630 318 (ἷξε)

1607 252 1903 312 FACL’NDI
1940 249 2154 305 EPISC.
2197 243 2706 300 I'iERlIIANENSIS

3713 245 3806 301 τάξ)

532 387 677 428 nium
710 369 1051 426 considerare
1079 367 1236 424 debet
1266 366 1402 438 quod
1431 365 1588 421 etiam
1623 363 1858 436 synodus
1887 359 2112 414 Chalce-
2143 364 2192 416 A
2221 355 2482 426 synodum
2518 354 2766 408 debuisse
2810 351 2946 406 hanc
2975 351 3261 422 epistulam
3321 351 3640 409 haeretit-sm
3683 359 3798 428 judi.

534 463 789 517 donensis
819 461 1190 515 considerasse
1219 458 1483 514 credenda
1527 466 1610 511 est
1631 496 1644 522 ,
1672 455 1921 524 quoniam
1954 450 2113 504 tantis

533 551 1004 616 dissentientibus,
1050 549 1142 619 qtti
1176 552 1360 605 moniti
1407 549 1616 604 fuerant
1646 547 1804 603 simul
1850 547 1899 600 in
1940 545 2113 613 ipsttm

537 645 824 701 cont-ilium
855 645 1146 699 convenire
1167 685 1182 709 ,
1210 660 1315 698 non
1350 653 1491 697 tanta
1527 642 1620 697 illo
1653 651 1890 710 tempore
1921 646 2114 707 quanta

534 754 676 793 nunc
704 747 808 802 est,
837 736 954 804 ejus
996 751 1116 790 esse
1157 746 1339 806 pos-et
1369 734 1693 795 auctoritas,
1737 748 1856 784 cutn
1891 730 2114 784 necdum

533 829 693 882 rtiam
721 826 925 895 judicio
954 841 1157 894 magna:
1181 824 1629 879 Chalcedonensis
1661 821 1847 892 synodi
1877 821 2117 873 firmare-

532 926 569 971 tt
595 934 638 971 r.
694 916 825 970 Nam
858 925 912 971 et
957 917 1068 985 ipsa
1121 916 1344 969 multum
1395 912 1602 968 roboris
1640 912 1708 964 ad
1749 911 2116 964 auctoritatem

533 1008 680 1063 addit
708 1008 1018 1077 antiquitas.
1050 1006 1249 1061 Deinde
1274 1008 1392 1075 quis
1414 1005 1779 1072 cujuscunque
1805 999 2118 1054 temeritatis

534 1115 599 1155 ac
624 1099 1011 1169 profanationis
1034 1113 1155 1154 esse
1179 1099 1246 1152 dit
1267 1099 1394 1163 itur,
1423 1097 1561 1165 quod
1591 1111 1651 1150 ea
1677 1095 1862 1148 beatus
1890 1089 2120 1162 Cyrillus

537 1205 644 1244 non
672 1187 781 1258 jam
816 1189 1053 1259 propria,
1087 1189 1178 1241 sed
1213 1188 1376 1241 totius
1407 1187 1690 1255 Ephesium
1721 1183 1936 1255 synodi,
1970 1181 2120 1250 cujus

537 1279 747 1334 fuerant
777 1281 1097 1334 auctoritate
1130 1279 1358 1341 firmata,
1392 1293 1484 1345 pro
1510 1280 1742 1345 ipsorum
1769 1273 2120 1354 Orientalium

541 1370 818 1425 vtilutttate
847 1380 1118 1429 aususcst
1153 1376 1477 1432 retractare;
1512 1376 1565 1420 ct
1592 1366 1635 1420 si
1660 1365 1985 1419 Nestoriame
2019 1366 2125 1416 lite-

542 1461 650 1516 resi
693 1461 974 1530 deputetur
1000 1458 1140 1530 quod
1173 1461 1462 1514 orientales
1491 1474 1609 1513 cum
1642 1458 1866 1510 aliarum
1914 1455 2125 1522 Iroviu-

542 1553 745 1608 ciarum
805 1554 1112 1622 episropis,
1167 1552 1522 1622 capitulorum
1578 1552 1696 1620 ejus
1767 1549 2122 1603 intentenem

541 1646 760 1700 I’uinitne
789 1646 1180 1715 itttclligentes,
1234 1646 1578 1699 crediderunt
1617 1645 1758 1712 quod
1799 1659 1860 1698 ea
1895 1658 2000 1696 non
2030 1640 2124 1695 dc-

2217 461 2360 509 eare,
2394 446 2511 513 quia
2545 455 2668 514 post
2699 445 2951 498 unitatem
2984 443 3171 497 factam
3198 445 3334 498 talia
3360 449 3694 516 conscriptor
3708 454 3804 520 ejus

2220 537 2344 590 lbas
2398 535 2577 590 dicere
2628 535 2708 589 vel
2759 534 2960 589 sentite
3007 552 3109 589 non
3139 535 3517 604 debuit,jam
3558 543 3805 606 superiore

2219 626 2358 682 libro
2390 627 2784 696 rcSpontlimus.
2815 626 3096 692 Quomodo
3127 637 3317 682 autem
3361 637 3554 681 sancta
3596 635 3807 694 synodus

2220 720 2462 774 eamdem
2501 720 2781 790 epistolam
2811 736 2907 788 pro
2939 730 3080 772 recta
3113 719 3235 774 fidei
3272 719 3637 776 confessione
3670 740 3806 792 quam

2219 815 2454 870 continet
2486 812 2853 882 approbando,
2885 813 3130 881 Epltesini
3150 812 3376 867 concilii
3399 813 3707 882 perhibetur
3723 819 3808 874 im-

2222 921 2482 976 pngnasse
2534 905 2784 971 decreta,
2831 920 2951 958 cum
2983 905 3190 975 potius.
3223 905 3274 959 si
3306 920 3442 959 eam
3477 921 3576 974 pro
3614 907 3708 963 hac
3734 926 3810 971 su.-

2229 999 2468 1066 Spicione
2487 997 2753 1066 judicaret
2786 997 3113 1061 haereticam,
3137 999 3302 1052 simul
3337 1008 3396 1053 et
3424 997 3638 1054 beatum
3659 1001 3809 1072 Cyril-

2222 1090 2329 1144 lum
2382 1100 2435 1143 et
2474 1090 2642 1158 ipsum
2683 1089 3007 1158 Epltesinutn
3055 1091 3496 1157 reprehendisse
3554 1096 3810 1150 concilium

2224 1181 2516 1248 videretur,
2548 1182 2684 1250 qttod
2739 1181 2810 1236 ita
2855 1183 3250 1252 suspicantibus
3279 1183 3664 1241 Orientalibus
3686 1203 3810 1243 com-

2229 1273 2672 1337 municaverunt,
2701 1271 3028 1326 orthodoxos
3052 1288 3146 1327 eos
3178 1274 3376 1342 procul
3404 1273 3580 1328 dubio
3598 1276 3810 1344 judican-

2229 1364 2343 1418 les?
2396 1363 2583 1418 Cernis
2639 1365 2820 1435 igitur,
2882 1364 3199 1433 imperator,
3252 1366 3353 1420 illa
3390 1381 3519 1434 qua:
3564 1371 3807 1436 superiore

2227 1455 2387 1519 libro,
2435 1455 2577 1508 sicut
2608 1455 3048 1523 promiseramus,
3077 1457 3440 1511 ostendimus
3461 1494 3482 1523 ,
3517 1457 3603 1510 hic
3631 1475 3809 1528 quoque

2227 1543 2421 1597 iterum
2448 1559 2508 1597 ac
2534 1559 2674 1609 smpe
2707 1545 3015 1599 moostrari.
3049 1546 3427 1612 Quamobrem
3460 1547 3508 1600 si
3551 1546 3806 1604 Chalcedo-

2227 1638 2414 1691 nensis
2465 1636 2702 1707 synodus
2731 1637 3039 1691 Nestoriana
3073 1638 3309 1704 dicatur,
3353 1639 3506 1706 quod
3541 1639 3674 1694 lianc
3716 1643 3806 1710 cpi-

542 1737 745 1792 Iitzisset
775 1738 1012 1808 synodus
1045 1737 1311 1806 Ephesina
1367 1737 1672 1808 suscipere;
1715 1737 1885 1791 eidem
1936 1735 2124 1788 Nesto-
2159 1725 2206 1786 B
2233 1727 2423 1781 stolam
2455 1728 2713 1798 judicavit
2743 1727 3093 1781 orthodoxam
3115 1773 3128 1796 ,
3163 1731 3331 1782 etiam
3379 1729 3581 1782 beatus
3611 1729 3804 1802 Cyrillus

540 1825 703 1881 riana-
732 1826 925 1881 haeresi
962 1828 1147 1882 beatus
1171 1827 1404 1897 Cyrillus
1423 1824 1861 1881 communicasse
1891 1825 2120 1887 dicetur,

541 1930 661 1970 cum
693 1917 820 1986 ipsis
849 1915 1232 1980 Orientalibus,
1264 1919 1332 1970 ita
1363 1917 1428 1971 de.
1457 1916 1566 1971 suis
1588 1917 1868 1987 capitulis,
1897 1929 2122 1986 quorum

543 2005 975 2059 retractationem
1008 2014 1336 2074 ext-gerunt,
1359 2015 1412 2059 et
1446 2006 1711 2075 Epliesina
1745 2006 1948 2076 synodo
1977 2006 2124 2058 msti-

544 2093 836 2158 ntantibus,
869 2096 1303 2158 communicavit,
1346 2105 1399 2149 et
1430 2111 1616 2150 eorum
1646 2095 1973 2150 confessioni
1999 2095 2127 2149 sul)-

544 2180 776 2248 scripsit.
834 2180 962 2234 Nam
993 2182 1036 2234 si
1077 2181 1191 2235 huic
1223 2183 1544 2236 existimatio
1579 2183 1709 2236 tanti
1759 2185 2039 2250 penditur,
2074 2193 2130 2238 ut

547 2269 1078 2341 hreresisjudicetur,
1116 2273 1167 2326 in
1198 2275 1343 2328 nullo
1374 2274 1617 2327 inclinari
1648 2275 1849 2328 eisdem
1881 2276 2128 2329 Orienta-

545 2363 706 2431 libus,
724 2365 817 2419 sed
842 2365 1017 2434 potius
1041 2367 1184 2434 ipsos
1207 2382 1398 2436 cogere
1415 2367 1646 2435 Cyrillus
1659 2367 1836 2421 debuit
1851 2410 1864 2433 ,
1887 2375 1946 2420 ut
1964 2369 2126 2422 etiam

546 2457 598 2512 in
629 2457 710 2512 Ιιίς
735 2474 853 2528 qua:
884 2460 1061 2513 minus
1086 2460 1482 2529 iutelligehaut,
1516 2461 1706 2532 synodi
1739 2476 1796 2514 se
1826 2459 2130 2514 auctoritati

545 2552 893 2621 subiicerent,
924 2569 1184 2624 suamque
1209 2556 1678 2623 praesumptionem
1707 2570 1800 2623 per
1822 2569 1977 2622 quam
2007 2569 2131 2624 pro-

547 2648 786 2716 mnlgato
818 2647 1034 2703 decreto
1084 2649 1309 2718 capitula
1355 2659 1647 2704 memorata
1703 2651 2126 2714 damnaverant,

546 2738 794 2792 similiter
824 2739 1069 2808 publice,
1115 2750 1168 2794 et
1209 2742 1258 2793 in
1309 2749 1711 2795 monumentum
1764 2741 2126 2810 poSIeritalis,

545 2829 763 2899 scriptis
804 2831 1029 2899 allegata
1072 2831 1410 2886 confessione
1453 2832 1772 2886 damnarent
1816 2849 1828 2884 :
1863 2839 1918 2886 et
1961 2845 2132 2899 neque

547 2925 628 2976 vel
653 2923 728 2977 sic
750 2924 1102 2978 Orientalium
1127 2924 1429 2979 definitioni
1452 2924 1812 2987 subscribere,
1839 2923 1932 2978 sed
1956 2923 2130 2992 potius

547 3015 615 3067 ab
636 3015 741 3067 illis
768 3015 982 3087 exigere
1007 3017 1479 3071 utsubscriberent
1499 3015 1699 3070 eisdem
1731 3015 1998 3084 capitulis,
2025 3028 2129 3068 non

2229 1829 2284 1874 et
2336 1820 2602 1889 Ephesina
2649 1820 2885 1892 synodus
2921 1833 3322 1890 consequenter
3357 1823 3413 1876 in
3461 1822 3803 1878 Nestorianam

2232 1912 2476 1966 hrcresitn
2512 1923 2692 1980 postea
2737 1911 3019 1967 divertisse
3048 1913 3323 1979 dicentur,
3361 1914 3512 1984 quod
3546 1914 3803 1968 Orientales

2232 2004 2330 2059 hoc
2357 2004 2529 2072 ipsum
2561 2005 2843 2058 credentes
2875 2005 3205 2059 ortltodoxos
3238 2005 3282 2071 ⁸,
3323 2021 3430 2059 nec
3473 2007 3621 2058 solos
3645 2007 3804 2060 (trien-

2231 2098 2393 2164 tales,
2421 2097 2514 2151 sed
2542 2098 2764 2151 aliarum
2797 2114 3008 2168 quoque
3055 2115 3246 2155 nos'ctn
3277 2116 3420 2168 quas
3452 2115 3612 2168 supra
3639 2115 3802 2152 inemo.

2235 2188 2474 2241 ravimus
2502 2188 2901 2258 provinciarum
2933 2191 3242 2260 episcopos,
3268 2192 3364 2260 qui
3398 2191 3559 2244 simul
3591 2191 3801 2246 eumdem

2230 2278 2447 2332 beatum
2478 2279 2738 2352 Cyrillum
2769 2289 2822 2335 et
2878 2280 3216 2336 Memnonem
3249 2283 3596 2351 Ephesinutn
3618 2326 3630 2349 ,
3676 2292 3800 2352 atque

2233 2371 2466 2437 capitula
2521 2372 2774 2442 pricdicta
2803 2373 3222 2438 damnaverunt,
3272 2375 3327 2428 in
3362 2386 3599 2429 caeteros
3628 2391 3800 2443 quoque

2233 2462 2549 2530 episcopos,
2583 2463 2724 2531 quod
2755 2478 2814 2516 ea
2848 2466 3210 2532 recepissent,
3244 2466 3801 2520 exeontntuniration's

2233 2553 2556 2608 sententiam
2592 2553 2944 2620 proferentes.
2978 2555 3099 2608 Ilzec
3122 2566 3296 2608 autem
3328 2557 3678 2610 Orientalium
3702 2556 3798 2609 alio-

2234 2660 2462 2714 rumque
2493 2644 2707 2698 Patrum
2741 2643 2808 2698 dc
2849 2646 3056 2714 synodo
3103 2646 3384 2715 Epltesina
3435 2647 3799 2715 su3picio,qut

2234 2740 2602 2794 existimantes
2651 2755 2768 2794 cam
2818 2739 3132 2795 traditiones
3164 2751 3427 2812 paternas
3482 2756 3600 2796 esse
3660 2750 3796 2794 trans-

2246 2846 2517 2901 gressam,
2563 2846 2658 2900 pro
2691 2830 2801 2900 ipsa
2851 2831 2954 2885 fide
2986 2847 3142 2900 quam
3171 2834 3544 2887 communiter
3566 2833 3796 2893 tenebant,

2241 2917 2501 2978 adversus
2531 2939 2650 2977 eam
2683 2923 2989 2988 certabant,
3022 2925 3153 2979 mihi
3187 2925 3393 2980 similis
3422 2927 3631 2982 videtur
3663 2927 3704 2980 ei
3728 2940 3794 2976 stt-

2237 3016 2458 3082 Spicioni
2513 3030 2630 3084 quae
2658 3013 2787 3070 Jesu
2835 3015 2980 3070 Nave
3028 3017 3364 3087 temporibus
3405 3031 3526 3071 orta
3577 3016 3728 3070 fuerat
3757 3014 3796 3068 ir.

545 3121 644 3176 pro
692 3106 900 3162 illorum
950 3110 1220 3164 voluntate
1279 3109 1643 3180 interpretatis
1668 3153 1681 3170 .
1729 3108 1822 3164 sed
1863 3109 2004 3164 sicut
2059 3106 2126 3161 ab
2156 3099 2200 3162 C
2237 3108 2430 3177 populo
2462 3106 2628 3162 Israel
2664 3105 2802 3175 (Jos.
2847 3109 3009 3178 uti),
3043 3124 3161 3162 cum
3207 3109 3557 3164 laudabiliter
3594 3106 3794 3176 ejusdt-nt

550 3196 819 3267 Epltcsina
871 3201 1075 3270 synodo
1107 3200 1318 3255 fuerant
1361 3211 1486 3255 ante
1525 3209 1802 3269 suscepta;
1855 3200 2134 3268 ipsamque

551 3288 910 3357 suspicionem
963 3305 1060 3360 per
1117 3307 1276 3360 quam
1330 3307 1390 3346 ea
1441 3292 1827 3346 damnaverant
1884 3301 2134 3357 tanquam

554 3371 800 3435 Ita-resim
826 3383 1359 3450 anathemazizarent,
1388 3394 1440 3439 et
1459 3383 1528 3437 ita
1556 3385 1768 3438 demum
1792 3398 1884 3438 eos
1908 3384 1958 3437 itt
1986 3398 2135 3437 com-

555 3473 811 3527 munione
834 3475 1093 3543 recipere.
1127 3474 1276 3530 Unde
1308 3491 1408 3532 nec
1429 3475 1518 3529 alii
1559 3475 1742 3528 Patres
1771 3475 1863 3544 qui
1892 3489 2010 3529 cum
2043 3473 2134 3528 illo

553 3566 826 3635 Ephesum
857 3578 1248 3637 convenerant,
1282 3579 1335 3622 et
1364 3569 1521 3622 simul
1553 3567 1823 3639 pra-dictis
1853 3568 2137 3621 Orientali-

547 3652 675 3723 bus,
712 3659 784 3712 ita
811 3657 879 3716 de
906 3659 1020 3728 ipso
1047 3661 1270 3715 concilio
1297 3661 1563 3730 Ephesino
1593 3659 1957 3723 credentibus,
1991 3675 2134 3714 eom-

555 3752 976 3818 ntunicaverant,
1009 3763 1295 3821 potuerunt
1328 3756 1342 3785 ¹
1374 3753 1639 3809 excusari.
1665 3753 1796 3818 Quia
1829 3767 1957 3806 vero
1989 3752 2130 3805 illam

557 3859 742 3898 errttm
776 3843 1126 3913 ignorantiam
1158 3861 1262 3899 non
1295 3845 1362 3901 de
1396 3846 1506 3915 ipsa
1535 3845 1835 3900 ChriSIiana
1872 3844 2004 3907 fide,
2039 3844 2132 3898 sed

557 3935 623 3988 de
673 3935 968 3990 intentione
1022 3936 1285 3990 dictorum
1335 3953 1552 3991 suorum
1595 3938 1796 4006 fuisse,
1852 3947 1905 3991 et
1949 3938 2135 3992 beatus

557 4024 789 4098 Cyr-illus
819 4040 869 4084 et
911 4029 1002 4082 alii
1031 4028 1120 4098 qui
1169 4031 1304 4098 apud
1350 4029 1616 4098 Ephesum
1658 4045 1718 4083 ea
1754 4029 2135 4096 probaverant,

558 4134 957 4191 cognoverunt,
989 4133 1142 4192 turpe
1163 4125 1269 4180 illis
1297 4133 1350 4180 et
1381 4125 1654 4194 indignum
1688 4126 1859 4178 visum
1910 4132 1991 4178 est
2040 4139 2137 4193 pro

558 4213 656 4268 hac
683 4229 838 4270 causa
865 4220 1216 4279 contendere,
1248 4227 1302 4271 et
1335 4217 1456 4271 hinc
1483 4218 1532 4271 in
1566 4219 1778 4286 longum
1827 4217 2138 4284 protrahete

561 4307 948 4361 dissmsiooent
976 4307 1359 4372 Ecclesiarum,
1391 4325 1548 4378 quam
1582 4324 1680 4362 nos
1705 4318 2008 4363 sanctorum
2041 4307 2140 4362 Pa-i

559 4405 696 4451 trum
736 4399 995 4453 modestia
1027 4401 1045 4430 ¹
1069 4401 1291 4468 sopitam
1326 4411 1444 4468 post
1476 4410 1688 4454 centum
1714 4415 1880 4454 annos
1905 4400 2139 4469 inquieta

2241 3199 2424 3270 populi
2450 3214 2568 3270 pars
2589 3214 2683 3269 pro
2703 3197 2798 3253 Dei
2819 3200 3029 3254 cultura
3054 3201 3300 3268 sollicita,
3324 3202 3593 3256 adversus
3609 3200 3793 3252 alteram

2239 3299 2453 3360 partem
2487 3305 2639 3361 reque
2679 3293 2959 3346 sollicitam
3002 3293 3022 3323 ⁸
3063 3295 3457 3359 concitaretur,
3489 3292 3794 3348 intentionem

2226 3380 2354 3452 'ejus
2384 3383 2655 3452 ignorans.
2679 3381 2810 3436 Nam
2831 3398 2950 3438 cum
2976 3396 3220 3454 pergeret
3245 3384 3393 3440 idem
3428 3384 3644 3455 populus
3664 3379 3792 3436 Israel

2243 3475 2307 3528 ad
2356 3475 2672 3544 capiendam
2704 3491 2920 3531 omnem
2967 3487 3161 3531 terram
3204 3493 3369 3546 quam
3411 3478 3550 3532 Deus
3598 3472 3789 3529 Abralta

2231 3555 2588 3636 promiserat,
2638 3567 2735 3621 ﬁlii
2793 3566 2978 3623 Ruben
3020 3579 3074 3623 et
3122 3569 3256 3635 Gad,
3310 3581 3362 3624 et
3395 3567 3612 3623 dimidia
3656 3563 3791 3618 tribus

2241 3659 2530 3725 Manasse,
2593 3669 2877 3728 antequam
2951 3659 3178 3714 fuissent
3249 3661 3546 3716 Jordanent
3601 3653 3789 3726 ingressi

2241 3749 2430 3822 (Num.
2463 3753 2658 3820 χχχιι),
2697 3753 2969 3821 τεςῖοιιοιη
3000 3750 3152 3806 Jaser
3180 3761 3234 3806 et
3259 3753 3538 3822 regionem
3580 3745 3788 3802 Calaatli-

2241 3844 2334 3897 tim
2367 3842 2608 3898 habitare
2643 3843 2987 3915 delegerant,
3021 3857 3086 3897 eo
3125 3843 3264 3912 quod
3312 3853 3462 3898 esset
3494 3843 3636 3896 locus
3663 3846 3788 3903 artus

2235 3934 2491 4004 jumenlis
2519 3951 2747 4004 quorum
2796 3933 2873 3988 eis
2905 3934 3067 3988 multa
3124 3943 3240 3988 erat
3277 3937 3465 4003 capia;
3508 3948 3602 3986 nec
3642 3927 3788 3980 volueo

2242 4037 2365 4081 runt
2396 4027 2532 4080 ultra
2573 4026 2862 4081 Jordanem
2903 4025 3298 4095 possessionem
3344 4039 3541 4096 capere
3579 4035 3684 4075 cum
3713 4014 3786 4070 tri-

2242 4121 2414 4175 bubus
2445 4119 2606 4175 Israel
2643 4138 2656 4174 :
2690 4121 2780 4189 qui
2816 4132 2988 4174 tamen
3022 4128 3382 4190 perrexerunt
3422 4133 3540 4173 cum
3575 4108 3786 4168 fratribus

2243 4213 2352 4266 suis
2380 4213 2428 4266 in
2463 4221 2659 4266 terram
2692 4212 2946 4265 Chanaan
2992 4211 3058 4266 ad
3089 4209 3437 4265 debellandas
3463 4212 3657 4276 gentes.
3685 4209 3785 4268 (1⁸³³

2243 4304 2446 4373 expulit
2466 4304 2721 4358 Dominus
2736 4313 2862 4358 ante
2880 4302 3066 4356 faciem
3082 4318 3291 4357 eorum.
3312 4302 3476 4356 Porro
3492 4308 3674 4356 autem,
3687 4303 3784 4345 cum

2247 4397 2483 4449 dedisset
2517 4395 2776 4448 Dominus
2807 4395 2971 4449 Israel
3003 4395 3306 4449 universam
3341 4401 3534 4448 terram
3563 4381 3783 4458 qllaﬂlill'

560 4487 819 4556 imperitia
853 4489 1191 4543 suscitamus.
1229 4491 1293 4543 Et
1327 4493 1528 4545 utinam
1561 4491 1842 4545 noonullas
1871 4492 1890 4522 ³
1934 4501 2136 4544 tantum
2171 4484 2224 4544 Β
2249 4494 2462 4542 raverat
2502 4487 2630 4541 dare
2663 4485 2901 4555 patrihus
2929 4500 3144 4553 eorum,
3177 4495 3231 4540 et
3261 4486 3569 4540 haereditate
3597 4475 3782 4543 recepis-

565 4593 595 4631 c
623 4579 1011 4633 -nturbaretntts
1052 4581 1314 4635 Ecclesias
1352 4597 1469 4649 qum
1497 4582 1706 4636 fuerant
1735 4584 1784 4636 in
1827 4585 1992 4651 prima
2033 4584 2140 4638 dis-

561 4681 599 4720 s-
623 4669 808 4721 nsiottc
830 4680 1130 4735 commutat,
1164 4687 1226 4725 ac
1255 4687 1358 4724 non
1391 4673 1548 4726 etiarn
1578 4674 1731 4743 longe
1761 4676 1958 4744 positas
1985 4691 2141 4746 coge-

561 4773 740 4814 remus
787 4773 978 4815 causas
1023 4761 1145 4816 olim
1197 4763 1451 4818 oblivioni
1501 4765 1692 4830 datas,
1738 4781 1868 4836 quas
1912 4767 2142 4823 scientes

561 4867 772 4923 quoque
810 4855 1079 4910 reminisci
1115 4856 1290 4925 piget,
1323 4859 1595 4926 inquirere
1618 4902 1631 4924 ,
1677 4869 1731 4914 et
1773 4860 2010 4914 inventas
2045 4877 2141 4915 ne-

561 4946 810 5001 cessitate
836 4948 1191 5018 respondendi
1218 4965 1322 5003 non
1351 4954 1465 5005 sine
1487 4952 1782 5005 oITensionc
1809 4948 2139 5007 audientium

560 5035 839 5092 ventilare.
875 5037 947 5093 De
987 5039 1075 5092 illo
1099 5054 1224 5094 vero
1273 5041 1412 5111 quod
1453 5042 1577 5096 item
1611 5042 1823 5108 dicunt,
1859 5055 2141 5114 propterea

634 5240 660 5269 ι
695 5233 886 5308 Vocem
907 5235 1220 5292 Ilebraic'tm
1251 5239 1659 5292 relinentetiam
1684 5239 1868 5293 Grrcca
1895 5241 2137 5308 quaedam

563 5306 908 5380 exemplaria.
933 5323 1053 5376 qua:
1080 5310 1292 5380 Γαλιλὼθ
1329 5320 1382 5363 et
1408 5312 1592 5365 Γαλιὼθ
1625 5311 1805 5380 legunt
1838 5327 1851 5363 :
1897 5306 1992 5378 pro
2032 5328 2138 5379 quo

564 5371 916 5442 Symmachus
945 5371 1206 5447 interpres
1253 5379 1367 5453 ὅρια
1401 5384 1576 5442 \ertit,
1609 5371 1805 5435 limites
1850 5371 1946 5436 seu
1975 5371 2140 5436 confi-

640 5505 809 5578 '_(_lotl.
844 5507 1064 5573 Vcron.,
1099 5519 1355 5578 poterunt.

641 5576 661 5604 ²
693 5575 833 5628 Itletn
865 5578 1012 5644 cod.,
1045 5575 1291 5635 modestia
1318 5587 1367 5635 ει
1390 5583 1612 5636 ratione.

638 5645 658 5674 ³
691 5645 830 5698 Idem
860 5649 1005 5713 cod.,
1037 5651 1172 5704 illas.

639 5714 662 5747 ⁸
691 5717 834 5771 Idem
859 5718 1004 5782 cod.,
1043 5719 1395 5778 iudicaverunt
1418 5739 1461 5774 Ol
1477 5721 1747 5796 thodoroq.

2247 4587 2370 4633 sent
2416 4593 2567 4644 eam,
2602 4586 2937 4632 revertentes
2969 4577 3130 4632 iidem
3178 4576 3270 4631 filii
3306 4577 3490 4631 Ruben
3524 4582 3574 4626 et
3601 4567 3720 4628 Call,
3744 4570 3782 4615 el

2247 4673 2465 4728 dimidia
2497 4672 2666 4726 tribus
2721 4673 3004 4740 Manasse,
3038 4672 3092 4728 itt
3135 4683 3330 4728 terrain
3376 4668 3600 4734 Galaad,
3640 4664 3681 4716 id
3721 4664 3778 4712 est

2251 4766 2302 4820 in
2334 4773 2528 4820 terram
2573 4767 2927 4832 possessionis
2956 4781 3066 4820 sure
3093 4783 3252 4836 quam
3283 4769 3597 4835 acceperant
3621 4761 3664 4812 in
3700 4754 3781 4807 ltr-

2252 4857 2562 4923 reditatem,
2593 4871 2889 4923 venerunt,
2922 4857 3059 4912 sicut
3089 4860 3342 4928 scriptum
3389 4867 3470 4914 est
3497 4855 3623 4928 (λος.
3666 4858 3776 4906 snt,
3833 4857 3838 4862 '

2255 4950 2367 5019 10),
2427 4951 2478 5003 in
2531 4951 2742 5004 Calioth
2795 4951 3047 5006 Jordanis
3083 4941 3116 4988 ’⁸
3160 4968 3276 5021 quae
3307 4961 3386 5006 est
3429 4953 3481 5006 in
3531 4946 3776 5001 Chanaan.

2249 5053 2303 5097 et
2351 5043 2750 5099 aedificatio-runt
2800 5043 2872 5098 ibi
2917 5059 3065 5098 aram
3113 5058 3270 5114 supra
3334 5043 3607 5098 Iordanem
3653 5034 3687 5088 ‘.
3735 5029 3774 5080 Ιη

2251 5243 2363 5307 nia;
2397 5251 2610 5296 sanctus
2639 5242 2994 5311 Hieronymus
3027 5243 3248 5297 tumulos
3272 5243 3522 5305 reddidit,
3551 5243 3603 5292 et
3630 5233 3674 5286 in
3695 5224 3773 5282 Νο-

2253 5316 2483 5369 minibus
2516 5314 2791 5368 Ilebraicis
2833 5315 3046 5369 Galiorh
3077 5317 3322 5385 exposuit
3348 5314 3499 5368 colla

2319 5515 2340 5546 ⁵
2368 5513 2508 5567 Idem
2537 5513 2683 5577 cod.,
2712 5531 2804 5583 pro
2833 5513 2930 5566 Dei
2957 5515 3157 5568 cultura
3185 5531 3329 5583 teque
3353 5512 3627 5567 sollicitam.

2322 5585 2342 5614 ⁸
2374 5585 2512 5636 Idem
2537 5569 2694 5647 cod.,
2711 5569 2757 5636 et
2781 5586 3160 5651 wtliﬁcaverttttt
3189 5569 3255 5636 ibi
3281 5602 3424 5637 aram
3450 5596 3593 5657 supra
3615 5569 3765 5657 19"de

2251 5671 2385 5718 nem,
2419 5657 2840 5724 aramit'ngenlem
2870 5647 3001 5721 uisu;
3031 5657 3121 5722 illa
3169 5657 3466 5716 intentione,
3493 5647 3684 5708 Scilicet,
3725 5647 3770 5688 ’³⁸

2251 5726 2370 5782 quia
2396 5725 2533 5778 ultra
2561 5723 2839 5778 Jordanettt
2873 5727 2921 5778 in
2946 5736 3077 5779 terra
3108 5725 3372 5793 Chanaan,
3407 5734 3507 5780 etc.
