4070 6352
216 342 314 401 7M

1080 343 1212 396 PRO
1253 342 1681 398 DEFENSIONE
1726 339 1936 398 TRIUM
1979 340 2290 397 CAPITL'L.
2332 341 2460 397 LIB.
2499 344 2607 398 VII.

3393 340 3495 403 702

216 458 471 511 llhanaan
518 454 907 524 possessionem
966 455 1082 509 alia:
1130 455 1298 509 tribus
1343 466 1700 523 acceperant,
1747 455 1799 508 in
1833 460 1879 515 Α
1913 470 2092 519 nasse,
2119 463 2279 523 atque
2310 470 2373 508 ex
2420 466 2587 509 altera
2622 463 2769 522 parte
2814 454 2981 509 tribus
3013 454 3137 509 Levi
3182 465 3233 509 ct
3273 456 3493 515 aliarum

217 563 323 617 qua
356 547 452 600 fuit
498 546 897 599 tabernaculmn
930 555 984 600 et
1016 547 1189 600 altare
1218 546 1309 600 Dei
1343 563 1355 599 :
1388 547 1486 615 ipsi
1515 562 1641 602 vero
1671 549 1805 603 citra

217 638 535 701 Jordanem,
568 652 631 691 ne
656 637 855 705 posteri
885 652 1066 691 eorum
1100 637 1258 692 alieni
1289 638 1481 690 fierent
1508 652 1535 689 a
1570 637 1661 691 Dei
1693 638 1805 692 cul-

219 743 365 797 tura,
390 732 540 801 quasi
569 732 635 785 ab
664 730 782 800 ejus
833 731 1023 799 populo
1063 730 1310 785 Jordanis
1356 732 1523 785 limite
1553 733 1803 799 separati,

218 826 473 896 religiosa
501 825 682 894 utique
716 825 1029 888 intentione,
1063 835 1115 879 et
1155 825 1268 878 zelo
1305 826 1395 879 Dei
1427 826 1710 890 ferventes,
1742 825 1809 879 il-

221 922 331 976 Iam
363 931 645 976 erexeiant
690 936 860 984 aram,
888 930 943 974 ut
986 921 1292 976 testimonio
1337 929 1483 977 esset
1529 934 1591 973 ac
1622 935 1810 972 monu-

216 1022 408 1066 mento
432 1014 656 1080 pOSteris
679 1028 887 1076 eorum,
917 1013 1058 1083 quod
1090 1013 1188 1081 ipsi
1218 1029 1429 1082 quoque
1459 1014 1523 1065 ad
1558 1012 1651 1067 Dei
1696 1012 1809 1065 cul-

223 1112 401 1157 turam
433 1114 487 1158 et
513 1104 630 1173 ejus
655 1104 901 1173 pepulum
949 1105 1301 1172 pertinerent.
1333 1104 1466 1158 Cum
1509 1119 1636 1157 vero
1677 1102 1809 1155 alias

223 1196 397 1250 tribus
425 1212 541 1264 qua:
590 1196 640 1249 in
700 1208 837 1250 terra
866 1194 1117 1250 Chanaan
1161 1196 1293 1249 ultra
1324 1194 1611 1248 Iordanem
1645 1194 1811 1247 Incre-

223 1286 278 1341 di
306 1298 446 1340 atem
472 1287 683 1341 fuerant
710 1298 1033 1349 consecutae,
1061 1289 1158 1340 ista
1189 1304 1373 1339 eorum
1406 1287 1600 1340 lateret
1632 1287 1809 1338 inten-

223 1381 323 1447 tio,
353 1391 406 1436 et
429 1392 673 1449 putarent
698 1381 915 1437 eosdem
946 1382 1081 1436 filios
1113 1380 1299 1435 Ruben
1327 1392 1379 1435 et
1404 1380 1539 1445 Gad,
1568 1390 1619 1433 et
1650 1379 1809 1434 dimi-

226 1471 370 1527 diam
423 1473 613 1526 tribum
670 1473 934 1538 Manasse,
986 1483 1265 1543 propterea
1320 1472 1465 1526 illam
1519 1472 1811 1526 a-dificasse

224 1579 395 1629 aram,
432 1575 487 1618 ttt
541 1568 860 1635 semetipsos
919 1578 1261 1636 scgregantes
1288 1582 1317 1621 a
1358 1582 1621 1636 synagoga
1656 1567 1812 1619 totius

222 1656 414 1719 Israel,
443 1669 627 1713 contra
658 1659 1053 1714 observantiam
1086 1659 1280 1713 div-inm
1309 1660 1531 1713 cultura:
1561 1658 1812 1711 offerrent

225 1764 391 1819 super
421 1766 536 1805 eam
574 1752 893 1807 sacrificium
930 1753 1154 1806 Domino
1178 1794 1192 1814 ,
1224 1751 1365 1822 quod
1390 1752 1501 1804 ﬁeri
1530 1765 1636 1805 non
1680 1750 1809 1803 licc-

1912 560 2102 600 novem
2137 546 2367 598 tribuum
2400 545 2582 609 lsael,
2615 556 2667 600 et
2698 547 2817 601 inve
2842 548 2934 601 .ies
2984 559 3258 618 utramque
3290 563 3492 619 partem

1912 656 2010 711 pro
2050 642 2233 696 divino
2282 641 2428 695 cultu
2479 641 2642 697 fuisse
2690 643 2991 697 sollicitam.
3028 645 3217 711 Qumre
3249 645 3491 715 ignoran-

1914 737 2062 802 tiam,
2097 744 2151 789 ct
2197 746 2434 789 neutram
2470 735 2708 789 invenies
2757 752 2874 805 qua:
2904 737 2969 797 ad
3010 738 3246 792 divimnn
3294 739 3489 792 cultum

1914 830 2212 893 pertinent,
2240 828 2334 880 sed
2375 826 2595 878 alteram
2642 838 2848 895 partem
2884 827 3231 882 intentionem
3274 830 3492 885 alterius

1911 919 2211 988 ignorasse.
2253 919 2441 984 Quane
2474 918 2819 972 intentionem
2852 919 3039 988 synodi
3074 920 3378 987 Ephesium,
3411 930 3493 974 at-

1912 1028 2014 1079 que
2042 1027 2108 1064 ex
2138 1011 2302 1063 altera
2341 1022 2490 1077 parte
2521 1012 2820 1063 antistitum
2855 1012 3141 1077 provincia:
3184 1013 3415 1069 Orientis
3441 1024 3495 1071 et

1913 1102 2135 1157 aliarum
2170 1118 2355 1156 novem
2390 1103 2802 1168 provinciarum,
2843 1113 2893 1157 et
2936 1105 3176 1158 invenies
3208 1117 3489 1175 utramque

1914 1203 2116 1263 paitem
2146 1210 2242 1265 pro
2285 1194 2464 1249 divino
2513 1196 2657 1248 cultu
2708 1195 2871 1249 fuisse
2919 1195 3278 1252 sollicitam.“
3305 1199 3497 1265 Quarre

1912 1286 2294 1357 ignorantiam,
2327 1295 2379 1340 et
2410 1296 2651 1340 neutram
2680 1300 2877 1352 partem
2908 1287 3145 1341 invenies
3177 1304 3297 1357 qua:
3318 1288 3384 1342 ad
3413 1288 3492 1343 di-

1913 1380 2092 1431 vinum
2118 1378 2641 1446 cultnmpertinent,
2677 1377 2768 1431 sed
2816 1378 3037 1432 alteram
3089 1386 3290 1447 partem
3326 1379 3495 1433 inten-

1915 1467 2113 1521 tionem
2147 1468 2365 1522 alterius
2394 1469 2691 1538 ignorasse.
2728 1468 2879 1533 Quod
2907 1484 2969 1523 ex
3008 1484 3073 1523 eo
3099 1470 3227 1522 satis
3253 1478 3493 1537 apparet,

1914 1562 2162 1631 quoniam
2210 1578 2302 1631 per
2346 1561 2704 1615 venerabilem
2751 1560 2972 1615 Paulum
3018 1562 3336 1615 Emesenum
3383 1563 3495 1631 epi-

1914 1669 1953 1707 si
1976 1672 2159 1724 opum,
2193 1672 2289 1711 nec
2321 1656 2609 1709 orientales
2658 1655 2845 1709 Patres
2887 1654 3085 1723 aliquid
3136 1656 3434 1725 improbum
3464 1673 3493 1711 a

1916 1748 2070 1803 beato
2121 1748 2316 1819 Cyrillo
2372 1749 2731 1803 ci'mfitendum
2783 1750 3187 1819 expetiverunt;
3237 1766 3333 1804 nec
3383 1751 3495 1819 ipse

224 1841 319 1896 bat
341 1852 531 1911 prarter
558 1860 718 1898 unum
743 1846 909 1898 altare
938 1844 1079 1913 quod
1111 1854 1224 1899 erat
1249 1854 1374 1899 ante
1406 1843 1803 1898 tabernaculum
1840 1831 1881 1890 Β
1914 1840 2100 1894 beatus
2146 1840 2374 1910 Cyrillus
2406 1841 2602 1910 aliquid
2654 1856 2838 1895 eorum
2889 1856 3008 1909 qua:
3063 1842 3292 1910 expetita
3325 1844 3344 1872 '
3379 1842 3491 1898 fue-

142 1966 145 1967 ν
226 1935 382 2001 ejus;
417 1935 603 1989 eodem
634 1951 739 2005 quo
783 1946 838 1991 et
876 1936 947 1989 illi
982 1937 1096 1991 zelo
1134 1938 1221 1990 lfei
1279 1935 1583 2001 ferventes,
1613 1942 1667 1989 ct
1712 1948 1807 2001 pro

225 2024 416 2079 eadem
443 2026 647 2079 cultura
682 2027 771 2079 Dei
798 2036 1088 2092 cvrtautes,
1120 2037 1486 2081 cenvenerunt
1526 2040 1713 2079 omnes
1755 2025 1805 2077 in

224 2115 363 2193 βαι»,
394 2129 447 2169 ut
470 2117 821 2172 ascenderent
852 2134 1157 2186 expugnare
1181 2134 1299 2171 eos.
1331 2118 1534 2182 Quibus
1560 2131 1679 2170 cum
1712 2114 1806 2168 lilii

229 2204 418 2261 Ruben
445 2217 494 2260 et
520 2207 631 2261 Cad
656 2218 709 2263 et
738 2209 957 2263 dimidia
990 2211 1157 2265 tribus
1188 2210 1459 2272 hlanasse,
1488 2208 1612 2262 facti
1640 2207 1809 2261 ratio-

230 2312 351 2351 nem
386 2301 692 2366 redderent,
724 2317 829 2369 quo
857 2304 1130 2370 proposito
1150 2312 1308 2371 atque
1340 2301 1632 2355 intentione
1660 2313 1807 2353 aram

230 2390 525 2457 crcxcrint,
556 2391 631 2445 illi
662 2392 908 2446 dixerunt
942 2411 953 2446 :
986 2392 1156 2447 Ilodie
1204 2394 1524 2461 cognovimus
1554 2393 1674 2461 quia
1717 2407 1810 2446 no-

230 2480 425 2534 biscum
469 2492 539 2535 est
572 2482 815 2535 Dom'nus
836 2528 847 2545 ,
880 2487 999 2553 quia
1030 2502 1129 2537 non
1158 2485 1435 2555 deliquistis
1465 2485 1514 2537 in
1543 2493 1809 2553 conspectu

231 2569 440 2626 Domini
470 2574 729 2639 delictum,
754 2586 797 2628 et
820 2577 940 2644 quia
965 2576 1209 2629 liberustis
1233 2578 1367 2645 [tios
1391 2574 1556 2628 Israel
1576 2575 1637 2627 de
1659 2591 1811 2627 manu

232 2663 441 2717 Domini
471 2664 605 2734 (Jos.
641 2683 766 2732 λιιι,
797 2667 905 2735 δι).
942 2667 1101 2722 Vides
1144 2668 1323 2738 igitur,
1357 2670 1626 2736 Anguste,
1670 2666 1810 2735 quod

232 2770 328 2823 pro
358 2755 542 2810 eadem
573 2759 826 2827 rcl‘gioze
866 2775 967 2829 qua
1002 2771 1144 2814 recte
1184 2759 1373 2813 colitur
1400 2759 1560 2823 Dens,
1588 2774 1689 2812 ηοω
1722 2774 1810 2811 so-

247 2862 336 2901 um
371 2847 653 2903 dissentire
684 2865 713 2903 a
744 2865 801 2903 se
832 2850 1081 2915 invicem,
1113 2866 1298 2905 verum
1330 2853 1487 2904 etiam
1535 2850 1839 2903 Iaudabili-’

235 2946 313 2993 Lcr
342 2955 579 3009 pugnare
614 2943 895 2995 adversum
926 2960 983 2998 se
1020 2943 1253 3011 religiosi
1284 2959 1345 2998 ac
1367 2943 1649 2997 rectissiini
1688 2959 1809 3009 pos-

234 3030 362 3095 tint,
390 3030 514 3083 dum
562 3049 654 3086 eos
685 3050 789 3087 non
833 3036 968 3087 ratio
998 3034 1167 3088 divini
1217 3035 1389 3088 cultus
1410 3077 1423 3099 ,
1450 3035 1545 3089 sed
1595 3034 1813 3088 alterius

234 3126 458 3181 alterum
486 3126 612 3180 latet
643 3127 885 3182 intentio.
918 3128 1251 3196 Quapmpter
1291 3128 1378 3198 qui
1410 3128 1565 3182 nobis
1596 3128 1810 3191 dicunt,

1910 1945 2029 1997 rant
2056 1934 2359 2003 denegavit.
2388 1935 2445 1989 Si
2494 1944 2668 1987 autim
2719 1934 2903 1988 Patres
2950 1936 3237 1991 orientales
3272 1945 3326 1991 et
3361 1936 3495 1991 alios

1910 2025 1999 2096 qui
2054 2039 2173 2077 cum
2202 2026 2282 2078 eis
2326 2034 2499 2089 crant,
2530 2024 2599 2077 ob
2630 2023 2817 2078 aliena:
2863 2025 3182 2080 intentionis
3242 2026 3496 2095 ignoran-

1913 2117 2059 2181 tiam,
2083 2117 2221 2171 sicut
2248 2125 2299 2171 et
2342 2117 2461 2171 illas
2489 2116 2666 2186 plures
2722 2117 2890 2171 tribus
2923 2118 3107 2183 Israel,
3136 2120 3496 2176 condemnare

1910 2222 2014 2259 non
2040 2221 2345 2275 possumus,
2376 2207 2646 2276 quomodo
2688 2208 3014 2262 venerabilis
3058 2208 3173 2263 lbae
3213 2210 3493 2279 epistolam

1910 2297 2364 2352 Chalcedonensis
2394 2298 2630 2369 synodus
2681 2297 3087 2365 condemnaret,
3120 2315 3237 2369 quae
3295 2316 3492 2356 secun-

1911 2390 2036 2444 dum
2064 2405 2250 2444 eorum
2281 2390 2641 2460 sustiicionem
2672 2390 2737 2445 de
2757 2393 3105 2461 capitulorum
3140 2394 3275 2448 beati
3306 2394 3493 2465 Cyrilli

1913 2483 2222 2552 receptione
2269 2493 2560 2550 conquesta
2608 2483 2728 2537 est?
2769 2482 3014 2553 Nunquid
3059 2486 3201 2539 enim
3250 2486 3329 2539 vel
3378 2486 3494 2542 lbas

1912 2576 2217 2644 episcopus,
2244 2575 2323 2627 vel
2352 2575 2439 2629 alii
2472 2576 2756 2630 multarum
2784 2576 3180 2644 ptovinciarum
3203 2579 3491 2646 antistites,

1915 2668 2239 2737 Illiltesiiiant
2267 2667 2530 2737 synodum
2561 2668 2812 2734 culpasse
2852 2670 3138 2740 aliquando
3191 2682 3493 2726 monstran-

1916 2771 2023 2825 tur,
2055 2760 2191 2829 quod
2218 2770 2405 2813 contra
2433 2760 2759 2827 Nestorium,
2792 2762 2912 2818 licet
2960 2764 3010 2817 in
3042 2764 3246 2818 duabus
3275 2766 3492 2828 naturis,

1916 2868 2078 2906 unmn
2112 2864 2291 2906 tamen
2322 2852 2418 2906 Dei
2467 2860 2626 2921 atque
2674 2853 2907 2907 hominis
2941 2854 3105 2907 filium
3133 2855 3313 2909 Jcsum
3344 2852 3492 2908 Chri-

1916 2954 2055 2999 stum
2084 2945 2444 3000 confitendum
2476 2960 2595 2999 esse
2632 2945 2951 3012 firmaverit;
2986 2956 3043 3001 ut
3073 2947 3218 3002 credi
3243 2949 3408 3017 possft
3440 2948 3495 3001 li-

1916 3042 2024 3109 dei,
2056 3059 2211 3113 quam
2243 3043 2310 3097 de
2357 3042 2721 3097 incarnatione
2764 3042 2959 3095 Christi
3010 3042 3225 3109 habuit,
3258 3052 3314 3098 et
3344 3044 3491 3098 τρειιί-

1921 3136 2069 3200 tisse,
2101 3144 2151 3189 ct
2187 3134 2330 3189 aliud
2387 3134 2740 3204 praedicasse?
2785 3133 2924 3187 Nihil
2971 3145 3052 3188 cst
3082 3133 3244 3205 igitur
3273 3135 3411 3203 quod
3443 3134 3495 3190 in
3578 3152 3581 3157 '

235 3222 277 3275 si
311 3219 630 3289 Epliesinam
680 3221 941 3290 synodum
971 3222 1272 3289 recepistis,
1309 3221 1663 3275 condemnate
1692 3236 1813 3289 pro-
1840 3200 1884 3262 (ἶ
1921 3228 2017 3281 hac
2047 3228 2271 3297 epistola
2319 3200 2479 3283 etiam
2521 3229 2588 3282 de
2619 3228 2969 3297 capitulorum
3025 3230 3164 3284 beati
3204 3228 3390 3299 Cyrilli
3436 3241 3491 3287 .cl

236 3314 423 3367 vincit:
452 3314 684 3368 Orientis
707 3325 757 3368 et
787 3314 1008 3367 aliarum
1041 3330 1232 3368 novem
1282 3314 1672 3384 provinciarum
1700 3313 1810 3382 epi-

234 3418 455 3473 scapos;
486 3407 675 3458 merito
720 3404 954 3468 audient,
985 3414 1043 3459 ut
1080 3407 1120 3460 si
1148 3416 1199 3459 et
1242 3406 1340 3473 ipsi
1374 3406 1513 3461 filios
1543 3404 1729 3460 Ruben
1759 3414 1813 3461 et

237 3495 372 3563 Gud,
407 3504 463 3550 et
515 3496 788 3550 dimidiam
824 3497 1019 3551 tribum
1068 3498 1311 3552 Illanasse
1362 3498 1652 3567 recipiunt,
1680 3513 1813 3552 con-

237 3588 485 3641 demnent
537 3587 728 3640 tribum
786 3586 909 3641 Levi
955 3596 1007 3640 et
1045 3587 1174 3642 alias
1223 3602 1413 3642 novem
1464 3588 1665 3651 tribus,
1694 3603 1813 3657 quae

236 3693 356 3732 cum
386 3677 607 3731 fratrum
639 3692 855 3731 suorum
910 3679 1099 3732 lateret
1128 3679 1385 3746 intentio,
1419 3696 1511 3734 eos
1543 3680 1813 3735 debellare

236 3778 617 3824 Conveni-rant.
649 3769 713 3823 Et
743 3779 888 3823 cette
946 3772 997 3822 in
1056 3771 1146 3823 illo
1207 3772 1400 3839 populo
1449 3781 1602 3826 erant
1652 3774 1811 3827 etiam

236 3860 529 3930 prophetas,
556 3876 653 3915 nec
674 3862 751 3915 eis
782 3860 1006 3928 imputat
1034 3862 1311 3929 quisquam
1341 3862 1481 3931 quod
1511 3858 1810 3916 animorum

236 3956 456 4008 fratrum
480 3968 696 4008 suorum
724 3953 957 4022 prudens
984 3955 1259 4006 consilium
1293 3970 1393 4005 non
1419 3952 1664 4019 viderint,
1690 3969 1810 4008 Cum

236 4045 394 4100 facile
424 4056 605 4115 posset
650 4044 928 4099 orantibus
959 4060 1025 4098 ex
1076 4053 1291 4111 accepta
1321 4047 1615 4113 prephetiac
1642 4046 1811 4114 gratia

234 4136 461 4191 revelari
497 4152 510 4188 :
544 4149 730 4188 omnes
787 4146 961 4188 autem
1017 4134 1316 4188 Orientales
1368 4142 1529 4202 atque
1584 4136 1809 4189 aliarum

236 4226 627 4293 provinciarum
660 4223 947 4288 antistites,
979 4239 1113 4291 quos
1142 4225 1495 4294 capitulorum
1528 4225 1667 4281 beati
1702 4226 1809 4296 Cy-

236 4315 337 4372 tilli
371 4316 522 4386 latuit
568 4316 811 4379 intentio,
849 4324 903 4368 ut
933 4315 1253 4383 Ephesiuam
1305 4316 1565 4387 synodum
1595 4333 1690 4386 pro
1721 4334 1811 4372 eo-

236 4420 351 4461 rum
383 4407 723 4477 susceptione
770 4407 1067 4476 culparent,
1099 4410 1380 4476 episcopos
1427 4407 1670 4476 dicimus,
1706 4425 1809 4465 non

235 4501 542 4570 prophetas.
574 4500 674 4568 Qui
712 4515 839 4570 ergo
871 4499 1144 4570 prophetis
1191 4517 1292 4554 non
1318 4502 1639 4571 imputamus
1670 4505 1808 4573 quod

234 4590 533 4661 religiosam
569 4593 911 4646 intentionem
970 4590 1192 4649 fratrum
1243 4607 1458 4647 suorum
1492 4595 1810 4662 nescierint,

233 4684 325 4739 sed
356 4684 629 4739 laudamus
658 4700 752 4739 eos
808 4686 983 4753 potius
1032 4684 1173 4754 quod
1207 4686 1393 4740 eadem
1441 4686 1687 4756 religiosa
1728 4688 1812 4743 in,-

236 4775 472 4829 tentioae
526 4776 780 4829 adversus
826 4792 919 4830 eos
975 4779 1169 4832 fuerint
1216 4778 1466 4833 concitati
1501 4796 1513 4831 :
1546 4780 1811 4848 quomodo

236 4878 517 4935 possumus
549 4881 651 4918 non
692 4868 966 4935 prophetis
1003 4870 1246 4923 Patribus
1275 4871 1623 4926 orientalibus
1652 4882 1811 4942 atque

234 4956 355 5013 aliis
387 4958 681 5024 imputare,
714 4960 851 5026 quod
878 4960 897 4993 ⁸
927 4962 1172 5030 religiosa
1214 4963 1509 5017 intentione
1555 4964 1812 5020 adversus

235 5064 420 5105 eorum
447 5047 828 5117 approbatores
872 5048 1067 5104 fuerint
1095 5051 1384 5105 concitati?
1410 5054 1599 5119 Quane
1632 5054 1807 5107 inten—

242 5143 437 5201 tionem
464 5140 688 5196 ﬁliorum
714 5138 895 5195 Ruben
918 5145 972 5194 et
999 5141 1134 5210 Gad,
1164 5152 1216 5196 et
1246 5142 1478 5198 dimidim
1508 5142 1674 5199 tribus
1700 5145 1810 5198 Ma-

312 5406 328 5436 ¹
354 5401 484 5478 Cod.
513 5402 737 5478 Veron”
756 5401 902 5478 quod
929 5400 1219 5478 religiosam
1243 5404 1566 5459 intentionem
1599 5410 1802 5478 capitu-

236 5475 395 5527 lorum
427 5474 604 5543 Cyrilli
631 5474 917 5539 nescierint,
946 5475 1016 5526 rei
1043 5473 1086 5527 si
1134 5478 1333 5527 dicatur
1362 5492 1459 5528 non
1490 5493 1596 5530 esse
1625 5473 1807 5533 lauda-

236 5545 330 5597 bile
355 5546 490 5613 quod
537 5546 712 5597 eadem
759 5547 995 5613 religiosa
1046 5548 1317 5598 intentione
1360 5548 1603 5601 adversus
1629 5567 1806 5605 cortem

235 5617 588 5683 approbatores
613 5616 801 5683 fuerint
831 5617 1105 5670 concitati?
1138 5616 1339 5683 Quiere,
1366 5626 1472 5671 etc.

1920 3319 2203 3390 Ephesium
2233 3319 2422 3390 synodi
2447 3321 2739 3376 intentione
2769 3321 2789 3351 ³
2820 3322 3131 3391 Entychiani
3178 3333 3493 3393 querantur.

2545 3455 2771 3512 CAPUT
2800 3456 2886 3510 Vll

1921 3551 2071 3616 Quod
2100 3552 2338 3620 templum
2366 3558 2410 3601 et
2466 3548 2703 3602 habitans
2746 3550 2799 3601 in
2827 3566 2885 3602 eo
2915 3559 3043 3603 recte
3092 3552 3285 3603 dictum
3316 3553 3402 3616 sit,
3453 3561 3496 3607 ct

2028 3622 2125 3674 nod
2156 3632 2363 3688 pzopter
2395 3621 2646 3673 Theodori
2680 3622 2857 3674 laudes
2885 3622 3212 3675 condemnari
3240 3638 3270 3673 a
3306 3622 3496 3691 synode

2024 3694 2098 3747 ita:
2120 3694 2333 3757 cpistola
2378 3709 2475 3747 non
2506 3692 2697 3757 debuit,
2744 3693 3022 3745 cumidem
3063 3711 3094 3746 η
3138 3692 3495 3763 Chrysostontc

1987 3776 2031 3818 et
2062 3782 2090 3815 a
2124 3763 2452 3816 Nazianzeno
2480 3763 2722 3816 (nudatus
2751 3764 2835 3817 sit.

1992 3876 2155 3930 Video
2185 3886 2361 3929 autem
2394 3875 2565 3938 nobis,
2601 3890 2668 3929 ex
2723 3875 2974 3929 omnibus
3021 3888 3139 3945 qua:
3189 3876 3389 3944 scripta
3446 3874 3497 3929 in

1916 3966 2004 4024 ila
2058 3966 2282 4035 epistola
2332 3964 2824 4033 reprehenderunt,
2874 3966 3121 4019 ultimum
3176 3968 3498 4027 remansisse

1915 4058 2232 4126 capitulum,
2266 4056 2332 4110 de
2362 4056 2517 4111 laude
2558 4072 2716 4125 quam
2763 4057 3003 4112 continet
3043 4057 3310 4112 Theodori
3349 4057 3497 4127 Mop-

1915 4153 2152 4208 suestcni
2177 4152 2435 4219 episc0pi.
2470 4151 2543 4206 De
2574 4166 2678 4219 quo
2706 4151 2826 4218 quia
2872 4151 3035 4204 multa
3064 4150 3333 4220 dixerunt,
3364 4163 3415 4204 et
3444 4152 3500 4211 in

1915 4258 1979 4297 eo
2028 4257 2152 4298 suas
2196 4242 2428 4297 maxime
2475 4243 2781 4297 exercuisse
2845 4242 3137 4295 calumnias
3183 4242 3497 4313 gloriantur,

1917 4334 2055 4388 unde
2086 4349 2184 4388 nos
2216 4348 2431 4402 quoque
2476 4348 2639 4401 super
2670 4335 2772 4388 hoc
2813 4334 3048 4403 capitulo
3080 4336 3244 4388 multa
3277 4350 3497 4403 respon-

1915 4426 2043 4481 dere
2073 4426 2481 4493 compellimur;
2510 4441 2576 4480 eo
2621 4426 2891 4494 paulisper
2937 4426 3127 4491 dilato,
3161 4425 3301 4494 eligo
3356 4441 3497 4483 nunc

1921 4523 2097 4588 potius
2127 4518 2146 4545 “
2178 4517 2485 4585 defendere,
2518 4534 2820 4586 quanquam
2875 4518 3140 4586 pOSIerius
3190 4518 3380 4573 ordine
3415 4520 3497 4574 vi-

1844 4590 1893 4648 Ῑ)
1919 4612 2141 4681 deatur,
2171 4612 2313 4681 quod
2356 4612 2409 4666 id
2436 4612 2458 4645 ⁸
2490 4630 2593 4666 non
2642 4612 2874 4681 scripto,
2908 4614 3001 4667 sed
3060 4613 3239 4669 verbis
3295 4623 3496 4669 tantum

1918 4704 2219 4775 procaciter
2246 4702 2500 4772 culpent,
2537 4702 2677 4773 quod
2734 4702 2786 4758 in
2844 4703 3002 4757 linem
3048 4704 3213 4773 ipsius
3256 4705 3496 4772 epistola:

1918 4796 2115 4849 dictum
2146 4802 2281 4848 est:
2335 4810 2352 4845 ι
2401 4793 2517 4847 Non
2568 4793 2710 4847 enim
2766 4794 3044 4863 quisquam
3109 4794 3269 4850 audet
3318 4795 3496 4852 dicere

1918 4903 2075 4941 unam
2104 4902 2223 4941 esse
2276 4894 2520 4941 naturam
2575 4886 2865 4942 divinitatis
2905 4898 2961 4942 et
3005 4888 3375 4955 humanitatis,
3401 4888 3495 4944 sed

1916 4980 2238 5055 confitentur
2283 4979 2335 5032 in
2388 4980 2640 5047 templum
2682 4989 2737 5035 et
2791 4980 3176 5036 inltahitantem
3207 4982 3261 5036 in
3288 4996 3376 5047 eo,
3403 4982 3494 5049 qui

1917 5078 2002 5129 est
2028 5085 2163 5124 unus
2190 5068 2357 5125 Filius
2386 5070 2642 5126 Dominus
2674 5070 2831 5125 .Iesus
2861 5071 3125 5125 Christus.
3162 5092 3179 5123 ι
3214 5070 3366 5137 Quod
3391 5071 3494 5127 tale

1917 5159 2128 5229 quidem
2159 5167 2235 5215 est
2291 5162 2446 5231 quale
2496 5162 2628 5218 illud
2655 5165 2796 5232 quod
2836 5177 2997 5230 supra
3021 5163 3374 5229 defendimus,
3405 5162 3492 5218 ubi

1986 5419 2005 5489 ξ
2039 5416 2176 5489 Idem
2207 5419 2353 5487 cod.,
2380 5422 2442 5472 ob
2464 5438 2522 5476 eo
2542 5425 2780 5489 expetita.

1988 5487 2007 5517 ³
2040 5488 2179 5542 Idem
2208 5491 2354 5555 cod.,
2381 5487 2781 5556 repreliens’one.

1988 5557 2008 5632 ξ
2034 5559 2175 5632 Idem
2206 5563 2350 5627 cod.,
2384 5563 2513 5613 illud
2551 5565 2736 5632 potius.

1989 5628 2008 5658 ⁸
2031 5628 2172 5683 Idetn
2197 5632 2342 5698 cod.,
2372 5632 2522 5699 idque
2543 5628 2640 5687 non
2665 5634 2873 5704 scripto.

306 5824 328 5855 ’ν
361 5820 483 5876 Ilaec
513 5821 673 5880 habes
706 5824 859 5891 paulo
890 5834 1047 5891 ante;
1079 5825 1317 5895 adeoque
1349 5826 1435 5884 hic
1486 5826 1678 5883 frastra
1708 5831 1929 5897 repct'ta
1959 5832 2224 5887 videntur.
