4070 6352
575 296 673 357 103

1625 305 1924 366 FACUNDI
1972 306 2181 365 El‘lSC.
2214 307 2728 389 .llElllllANENSlS

3756 346 3868 405 ῖδι

572 440 666 504 ait,
704 447 948 510 tauquam
975 456 1078 495 non
1104 443 1173 497 sit
1201 440 1497 499 ditl'erentia
1525 444 1665 502 inter
1694 448 1950 519 templum
1981 458 2037 506 et
2066 452 2149 505 in-
2189 427 2243 487 Α
2267 438 2587 542 “illm-lum:
2639 448 2781 542 quad
2831 448 3192 512 ίιιῑθτηιῖεειιιη
3244 458 3435 533 fuerat.
3488 478 3866 542 κτενί-τηιυύ

572 531 893 588 habitantem
927 537 976 588 in
1007 550 1093 591 eo.
1126 534 1321 590 Verum
1367 552 1434 592 ne
1459 548 1705 605 putemus
1737 542 1752 573 ¹
1783 543 1986 611 aliquid
2017 540 2155 598 omi-

571 627 724 691 sisse,
754 625 806 679 in
838 626 937 682 hoc
960 642 1170 697 quoque
1202 629 1321 683 loco
1360 631 1607 686 eamdem
1634 633 1958 688 culumniam
1991 634 2153 691 refele

571 718 759 773 lamus.
788 718 916 774 Nam
956 720 1142 776 dicunt
1182 724 1248 777 ad
1302 723 1624 779 divisionem
1677 727 1833 781 unius
1882 728 1973 782 lilii
2023 728 2151 783 Jesu

567 806 761 863 Christi
797 811 1089 879 pertinere,
1121 813 1261 881 quod
1290 813 1365 867 ait
1394 831 1408 867 :
1442 833 1461 866 t
1491 814 1596 870 Sed
1627 817 1911 871 conlitetur
1934 818 1985 871 in
2017 827 2154 873 tem-

565 897 709 967 plum
740 911 793 953 et
831 900 1211 956 inhabitantem
1243 904 1295 957 in
1326 918 1433 958 eo:
1476 923 1493 957 ι
1545 914 1797 975 tanquam
1840 908 1998 961 aliam
2050 924 2152 963 vo-

566 989 725 1045 luerit
752 992 970 1060 intelligi
1016 993 1201 1062 templi
1249 995 1649 1051 snbsistentiam
1680 999 1795 1053 sive
1842 1014 2148 1067 personam,

565 1094 617 1140 et
648 1087 804 1142 aliam
837 1090 1183 1147 inhabitantis
1212 1095 1266 1148 in
1294 1109 1377 1150 eo.
1404 1095 1492 1153 Sic
1519 1105 1694 1152 autem
1737 1107 1963 1168 possunt
2004 1108 2058 1153 et
2086 1099 2153 1154 de

564 1176 744 1232 verbis
774 1180 982 1237 Domini
1034 1183 1202 1254 ipsius
1245 1185 1424 1242 dicere
1449 1228 1466 1252 ,
1498 1189 1583 1243 ubi
1614 1189 1813 1246 Judteis
1841 1190 1909 1247 de
1954 1191 2152 1260 templo

565 1268 649 1323 sui
699 1274 940 1341 corporis
970 1275 1100 1331 dixit
1133 1296 1146 1331 :
1181 1278 1376 1333 Solvite
1406 1281 1647 1353 templum
1688 1284 1805 1350 hoc,
1838 1295 1883 1339 et
1912 1286 1963 1339 in
1991 1286 2151 1340 tribus

565 1359 742 1415 diebus
782 1366 1010 1420 excitabo
1041 1369 1172 1423 illud
1201 1369 1383 1439 (Joan.
1416 1389 1473 1441 tt,
1522 1375 1609 1445 19)
1638 1394 1653 1429 :
1686 1386 1936 1446 tanquam
1988 1382 2147 1437 aliam

566 1456 796 1512 voluerit
846 1459 1075 1532 intelligi
1135 1478 1415 1533 personam
1466 1471 1733 1526 excitandi
1780 1474 2020 1543 corporis
2064 1477 2147 1531 sui

565 1552 768 1617 templi,
801 1562 856 1608 et
888 1555 1046 1611 aliam
1078 1561 1364 1618 excitaturi
1396 1564 1548 1618 illud.
1597 1567 1732 1632 Quid
1775 1579 1956 1624 autem
1989 1572 2146 1629 nobis

563 1639 613 1693 in
645 1643 871 1710 epistola
903 1662 998 1702 sua
1032 1655 1355 1709 venerabilis
1396 1657 1513 1712 lbas
1566 1659 1785 1716 dubium
1833 1661 2143 1734 dereliquit,

560 1748 680 1788 cum
713 1738 861 1806 prius
908 1741 1258 1802 intentionem
1291 1764 1403 1806 sure
1440 1755 1632 1808 mentis
1662 1756 1931 1825 aperiens,
1963 1768 2017 1813 et
2045 1758 2138 1814 do-

560 1838 687 1882 cens
712 1844 818 1885 non
842 1846 901 1887 se
941 1836 1006 1889 ad
1040 1852 1282 1906 persona:
1324 1843 1641 1900 divisionem
1667 1888 1682 1913 ,
1714 1850 1804 1902 sed
1835 1850 1899 1904 ad
1933 1862 2142 1908 natura-

562 1930 680 1971 rum
708 1920 1132 1992 distittctiOnem,
1164 1931 1284 1985 talia
1313 1937 1721 2005 conscripsisse.
1749 1944 2141 2007 prtemiseritac

558 2008 791 2067 dixerit:
831 2034 849 2067 t
888 2017 1003 2072 Non
1054 2023 1194 2077 enim
1243 2026 1520 2096 quisquam
1566 2031 1728 2087 audet
1774 2033 1954 2090 dicere
1981 2052 2139 2094 uuam

557 2114 681 2156 esse
710 2113 952 2161 naturam
980 2110 1274 2169 divinitatis
1312 2126 1365 2171 et
1406 2117 1780 2189 humanitatis;
1812 2143 1831 2176 ι
1860 2135 1915 2182 et
1945 2126 2141 2187 deinde

557 2196 851 2265 subiecerit
885 2220 897 2255 :
937 2222 955 2254 t
995 2205 1100 2262 Sed
1130 2208 1456 2267 confitentur
1477 2213 1531 2268 in
1565 2217 1818 2287 templum
1850 2229 1905 2275 et
1935 2221 2142 2278 inhibi-

556 2296 755 2345 tantem
788 2292 838 2347 in
871 2310 969 2360 eo;
1008 2317 1026 2350 ι
1062 2290 1221 2370 atque
1252 2303 1319 2356 ita
1346 2320 1496 2360 suam
1530 2310 1779 2366 clauserit
1818 2316 2136 2372 sententiam

554 2377 737 2435 dicens
765 2400 778 2435 :
809 2401 827 2434 ‹
857 2384 956 2452 Qui
1000 2398 1082 2444 est
1111 2407 1247 2447 unus
1279 2395 1445 2450 Filius
1473 2397 1626 2454 .lcsus
1653 2399 1917 2459 Christus.
1952 2424 1969 2457 ι
2002 2405 2136 2472 Quid

553 2476 859 2541 expressius
883 2479 965 2532 vel
988 2481 1115 2551 quid
1146 2485 1374 2553 amplius
1400 2488 1505 2543 dici
1537 2493 1739 2559 potuit?
1766 2494 1869 2550 Sed
1904 2506 1959 2551 ut
1983 2496 2135 2555 video

552 2564 687 2620 duos
739 2569 875 2627 tilios
928 2576 1153 2634 credere
1203 2579 1507 2651 indicatur,
1563 2589 1806 2659 quisquis
1852 2593 1930 2649 sic
1970 2610 2133 2651 unum

552 2656 750 2716 dixerit
775 2664 963 2731 lilium,
994 2679 1052 2723 ut
1082 2687 1187 2726 non
1219 2676 1380 2731 etiam
1409 2678 1542 2734 duas
1563 2656 1678 2750 ejus
1702 2656 1950 2755 negando
1980 2699 2136 2744 natu-

551 2764 656 2815 ras,
701 2769 823 2811 cum
856 2758 1203 2832 Eutychianis
1234 2766 1620 2829 incarnationis
1670 2779 1981 2847 mysterium
2014 2780 2132 2851 ejus

550 2855 790 2904 evacuet.
827 2848 935 2905 lloc
962 2853 1122 2908 etiam
1163 2856 1346 2913 dicunt
1377 2878 1389 2914 :
1424 2862 1540 2918 Non
1592 2866 1779 2923 debuit
1808 2869 1952 2938 prius
1999 2848 2135 2928 tem-

549 2931 695 3001 plum
729 2939 1028 3008 nominare,
1062 2952 1117 2998 et
1146 2945 1341 3004 deinde
1395 2951 1723 3011 habitantem
1754 2931 1821 3013 in'
1836 2975 1922 3015 eo.
1966 2961 2131 3027 Quasi

550 3023 632 3077 vel
674 3026 787 3095 ipse
816 3029 949 3085 ordo
998 3033 1248 3103 loquendi
1293 3042 1626 3108 permitteret
1658 3056 1715 3101 ut
1743 3049 1891 3118 prius
1926 3050 2132 3108 diceret

456 3120 463 3126 '
549 3112 932 3175 inhabitantem
965 3123 1015 3177 iu
1046 3139 1147 3191 eo,
1189 3137 1243 3182 et
1290 3140 1472 3198 postea
1506 3112 1783 3207 templum.
1814 3139 2126 3213 Quanquam
2155 3173 2205 3237 ο

548 3208 615 3237 υἷι
649 3212 810 3237 Anz“...
847 3212 1099 3237 ιιι.......ε-μΔ
1142 3234 1183 3237 η
1343 3224 1354 3236 ι
1670 3232 1682 3237 -
1884 3236 1895 3237 γ

547 3208 619 3261 sit
648 3212 811 3265 etiam
844 3212 1103 3272 doctrina:
1129 3224 1482 3291 conveniens,
1510 3238 1567 3283 ut
1594 3232 1715 3298 quia
1748 3249 1842 3302 per
1883 3236 2131 3293 humani-

508 3342 513 3351 .
547 3306 710 3354 tatem
738 3302 937 3359 Christi
965 3307 1031 3361 ad
1061 3309 1359 3368 divinitatis
1400 3317 1515 3384 ejus
1554 3322 1913 3389 cognitionem
1944 3341 2132 3395 perve-

547 3387 744 3455 nimus,
775 3395 925 3461 prius
976 3395 1028 3451 in
1083 3403 1282 3469 templo
1337 3404 1454 3475 ejus
1502 3387 1821 3481 humanitas,
1847 3427 1899 3470 ct
1948 3428 2129 3486 postea

546 3493 997 3541 commemoretur
1038 3491 1281 3548 habitans
1320 3497 1372 3551 in
1401 3500 1600 3568 templo
1620 3502 1891 3560 divinitas.
1925 3509 2006 3565 Ob
2030 3510 2131 3567 hoc

545 3573 704 3624 etiam
727 3576 1043 3632 venerabilis
1074 3580 1266 3636 Paulus
1297 3585 1592 3644 Emescnus
1614 3595 1983 3664 episcopnsjn
2015 3614 2131 3655 ser-

545 3676 705 3717 mone
734 3678 833 3720 suo
879 3681 1037 3738 quem
1084 3687 1266 3731 coram
1318 3682 1432 3749 ipso
1462 3681 1617 3738 beato
1669 3687 1719 3740 in
1770 3688 2127 3751 Alexandrina

544 3752 769 3809 ecclesia
803 3755 962 3826 fecit,
1005 3770 1059 3816 et
1086 3779 1245 3832 quem
1298 3768 1415 3837 ipse
1465 3772 1652 3829 beatus
1699 3776 1928 3849 Cyrillus
1982 3794 2124 3839 tanta

543 3844 719 3910 laude,
754 3847 896 3904 sit-ut
939 3852 1110 3920 primo
1155 3857 1294 3914 libro
1340 3861 1616 3921 docuimus
1641 3911 1656 3936 ,
1687 3871 2019 3941 praedicavit,
2054 3879 2126 3932 ita

543 3934 755 3993 locutus
782 3950 910 3998 est:
948 3959 968 3994 ι
1009 3943 1138 4002 Vide
1183 3949 1446 4008 Joannem
1476 3956 1609 4014 duas
1642 3934 1882 4017 naturas
1934 3967 2126 4035 prccdi-

542 4039 784 4097 cantem,
825 4042 877 4088 et
929 4050 1088 4091 unum
1146 4040 1370 4111 Filium;
1403 4047 1543 4103 aliud
1599 4051 1999 4110 tabernaculum
2026 4102 2039 4126 ,
2073 4066 2126 4114 et

540 4118 685 4173 aliud
727 4123 870 4193 quod
919 4126 971 4183 in
1005 4129 1385 4202 tabernaculo;
1420 4138 1562 4194 aliud
1596 4146 1871 4213 templum,
1903 4159 1954 4203 et
1983 4118 2124 4205 aliud

542 4216 633 4283 qui
674 4216 955 4291 inhabitat,
988 4223 1150 4282 Deus.
1185 4247 1203 4280 ι
1235 4230 1493 4298 Quocirca
1529 4236 1571 4291 si
1603 4238 1849 4308 culpatur
1895 4258 2121 4299 venera-

539 4306 661 4362 bilis
688 4309 804 4367 lbas
828 4316 968 4384 quod
1001 4320 1149 4388 prius
1194 4323 1448 4391 templum
1481 4342 1546 4381 ac
1575 4306 1772 4386 deinde
1818 4333 2120 4391 inhabitan-

538 4408 646 4455 tetn
678 4405 731 4458 in
760 4420 826 4461 eo
847 4408 899 4462 in
926 4412 1153 4478 epistola
1195 4428 1291 4468 sua
1324 4423 1587 4485 posuerit,
1628 4424 1878 4490 culpetur
1901 4442 2121 4485 necesse

538 4502 621 4547 est
645 4496 805 4551 etiam
854 4500 1038 4556 beatus
1067 4503 1322 4574 Cyrillus,
1355 4508 1495 4576 quod
1524 4524 1828 4570 sermonem
1876 4519 2115 4586 przcdicti
2145 4547 2198 4606 Β

538 4582 688 4641 Pauli
717 4589 952 4661 episcopi
980 4593 1303 4665 laudaverit,
1338 4600 1391 4654 in
1414 4617 1518 4670 quo
1540 4605 1690 4673 prius
1714 4582 2112 4670 tabernaculum

538 4689 597 4734 et
618 4684 893 4752 templum,
922 4697 979 4743 et
1003 4702 1185 4757 postea
1209 4696 1350 4765 quod
1379 4698 1430 4752 iu
1458 4701 1800 4759 tabernaculo
1820 4745 1835 4771 ,
1870 4717 1922 4761 et
1951 4707 2113 4764 Deum

538 4774 631 4841 qui
658 4777 910 4845 templum
957 4780 1237 4848 inhabitat.
1278 4790 1587 4847 nominavit.
1614 4792 1909 4865 Cognoscis
1937 4798 2111 4867 igitur,

535 4860 850 4933 imperator,
867 4870 1006 4938 quod
1029 4874 1307 4942 epismlam
1335 4883 1651 4938 venerabilis
1684 4860 1785 4941 lbte
1809 4887 2072 4945 dicentem
2096 4906 2110 4944 :

542 4972 565 5010 ι
599 4955 704 5013 Sed
735 4962 1057 5018 conﬁtentur
1084 4967 1133 5019 in
1159 4970 1432 5040 templum,
1456 4984 1509 5029 et
1540 4976 1922 5034 inltabitantem
1952 4981 2001 5035 in
2025 4998 2111 5050 cn,

535 5051 626 5120 qui
657 5059 741 5106 est
776 5067 911 5110 unus
959 5055 1095 5112 illius
1116 5058 1271 5117 Jesus
1317 5065 1593 5133 Christus;
1643 5088 1662 5121 ι
1709 5070 2000 5126 secundum
2030 5072 2116 5142 ju-

534 5141 730 5196 dicium
759 5143 895 5199 beati
922 5146 1105 5217 Cyrihi
1150 5167 1336 5224 magna
1378 5156 1832 5214 Chalcedonensis
1878 5141 2115 5233 synodus

535 5234 881 5304 approbavit;
910 5248 963 5292 et
980 5241 1102 5310 quia
1130 5244 1213 5298 vel
1232 5246 1287 5299 si
1322 5257 1539 5316 propter
1570 5249 1672 5303 hoc
1697 5265 1815 5304 eam
1841 5253 1987 5307 velut
2017 5254 2116 5310 ha:-

534 5324 750 5380 reticam
785 5328 1131 5400 improbaret,
1162 5333 1286 5390 hinc
1336 5340 1510 5403 potius
1561 5340 1772 5395 beatum
1828 5342 2112 5412 Cyrillum,

534 5412 589 5468 id
612 5415 782 5484 ipsum
811 5418 862 5473 in
897 5434 1145 5478 sermone
1173 5427 1475 5496 roepiscopi
1516 5428 1595 5483 sui
1639 5429 1785 5485 Pauli
1814 5434 2116 5501 approban-

533 5513 662 5571 tem,
709 5507 949 5568 llrmasse
981 5515 1288 5571 haereticum
1348 5518 1637 5575 videretur.
1669 5520 1819 5579 Nunc
1868 5525 1935 5580 ad
1981 5527 2115 5584 illud

605 5684 624 5761 ξ
646 5689 782 5761 tibi).
827 5702 1031 5756 rerum,
1053 5702 1306 5761 putemur.

603 5756 625 5787 '
647 5753 791 5811 idem
814 5761 961 5819 cod..
992 5753 1219 5819 enimIam
1252 5766 1595 5827 Theodorum.

2259 530 2413 597 cujus
2442 532 2515 587 ita
2570 539 2933 599 meminerunt
2978 545 3259 626 dicentes:
3297 570 3318 604 ι
3358 530 3429 609 Et
3471 568 3590 626 post
3632 530 3864 621 modica

2258 623 2511 696 episcopo
2542 629 2758 686 Edessa:
2787 623 3051 707 derogans
3091 641 3220 698 dicit
3250 662 3264 698 :
3297 645 3396 702 Hic
3426 623 3624 705 nostrae
3651 654 3865 710 civita-

2259 714 2326 766 tis
2354 723 2611 785 tyrannus
2641 721 3010 782 beatissimutn
3043 730 3384 791 Theodorum
3419 753 3731 806 praeconem
3767 760 3864 801 ve-

2258 803 2429 863 ritatis
2456 816 2512 864 et
2538 809 2813 871 doctorem
2848 817 3106 878 Ecclesia:
3138 803 3509 899 praesumpsit,
3540 834 3634 904 qui
3665 838 3859 893 omnia

2257 900 2554 967 praesumit,
2591 902 2643 958 in
2666 906 2897 963 ecclesia
2926 913 3099 980 palam
3124 900 3616 983 anathematizare:
3657 947 3675 979 ι
3708 930 3858 999 quod

2257 986 2377 1043 ideo
2415 1006 2482 1047 ex
2528 991 2621 1049 illa
2675 998 2901 1066 epistola
2956 1018 3285 1075 posuerunt,
3347 1013 3470 1083 quia
3529 986 3856 1086 praedictum

2256 1080 2616 1153 Theodorum,
2652 1090 2790 1146 sicut
2834 1107 2979 1163 saepe
3008 1098 3208 1155 dictum
3239 1080 3634 1169 est,'accusant
3690 1115 3857 1180 quasi

2255 1188 2316 1228 ea
2340 1191 2458 1244 qua:
2486 1188 2613 1235 sunt
2637 1181 2865 1240 Nestorii
2892 1189 3269 1257 praedicantem
3296 1214 3310 1249 :
3344 1206 3403 1253 ut
3429 1201 3582 1269 quasi
3613 1218 3717 1271 per
3751 1205 3856 1262 hoc

2254 1266 2621 1329 Nestorianam
2673 1276 2812 1334 hanc
2862 1283 3143 1353 epistolam
3198 1266 3681 1369 demonstrarent,
3730 1316 3853 1372 qua

2254 1359 2550 1419 laudaverit
2603 1369 2850 1426 eumdem
2880 1374 2936 1439 ¹;
2969 1386 3130 1446 atque
3177 1377 3248 1433 ita
3308 1385 3572 1454 synodum
3624 1406 3850 1459 quoque

2250 1448 2746 1515 Chalcedonensem
2770 1462 3138 1524 Nestorianam
3163 1448 3476 1541 probarent,
3497 1448 3847 1548 quod-ipsam

2250 1544 2557 1614 epistolam,
2604 1550 2908 1613 laudantem
2963 1574 3085 1615 eum
3138 1564 3233 1633 qui
3284 1544 3589 1625 Nestoriani
3645 1574 3849 1631 dicitur

2249 1647 2436 1692 auctor
2474 1642 2696 1712 erroris,
2729 1652 3093 1715 pronuntiavit
3137 1656 3514 1716 orthodoxam.
3546 1662 3687 1729 Quia
3716 1682 3845 1724 vero

2251 1745 2357 1785 non
2388 1734 2561 1789 solum
2593 1738 2644 1791 in
2674 1742 2897 1809 epistola
2939 1743 3045 1801 lbte
3103 1746 3349 1807 laudatus
3393 1764 3478 1809 est
3507 1759 3624 1823 ipse
3660 1759 3844 1815 Tbeo-

2708 1795 2721 1809 _
2940 1795 3043 1801 ηπ
3103 1795 3347 1807 --η-...η
3394 1795 3478 1809 ...η
3509 1795 3624 1823 ...σν
3668 1795 3839 1815 ...ςυ-

2172 1795 2223 1858 Β
2250 1822 2435 1894 dorus,
2465 1829 2558 1883 sed
2593 1844 2623 1883 a
2667 1834 2851 1888 multis
2903 1851 3115 1907 quoque
3167 1843 3367 1897 sanctis
3422 1845 3700 1915 Patribus,
3729 1850 3839 1921 jam

2250 1917 2452 1986 pridem
2500 1930 2555 1979 et
2601 1922 2651 1977 in
2697 1927 2935 1982 secundo
2991 1928 3130 1987 libro
3181 1934 3461 1991 docuimus
3488 1955 3551 1994 ex
3586 1917 3839 2011 epistolis

2246 2015 2385 2073 beati
2410 2017 2632 2074 Joannis
2660 2020 2997 2088 Antiocheni,
3033 2027 3305 2097 totiusque
3339 2030 3619 2089 orientalis
3648 2039 3836 2093 conci-

2246 2109 2299 2164 lii
2330 2112 2467 2179 apud
2495 2114 2830 2169 Antiochiam
2854 2122 3181 2190 congregati.
3208 2133 3263 2179 et
3284 2124 3457 2182 adhuc
3486 2143 3547 2183 ex
3577 2130 3834 2200 aliorum,

2242 2199 2382 2254 sicut
2426 2205 2797 2273 promisimus,
2832 2207 3047 2265 Patrum
3098 2213 3294 2271 litteris
3328 2217 3463 2273 infra
3493 2220 3833 2279 docebimus.

2241 2288 2613 2349 Necessarium
2646 2305 2823 2354 tamen
2858 2301 3107 2359 existimo
3134 2316 3189 2359 et
3224 2322 3289 2362 ex
3334 2308 3433 2365 hac
3459 2312 3688 2380 epistola
3738 2315 3834 2370 do—

2240 2399 2380 2448 cere,
2405 2388 2544 2457 quod
2567 2391 2633 2446 de
2662 2393 3037 2462 Mopsuesteno
3058 2400 3345 2458 Theodoro
3376 2421 3479 2461 non
3509 2409 3682 2466 solius
3724 2412 3828 2467 Iba!

2238 2477 2398 2533 fuerit
2424 2481 2522 2535 ista
2552 2488 2842 2541 sententia.
2878 2489 3008 2544 Nam
3039 2500 3094 2545 et
3128 2494 3300 2561 ipsum
3350 2496 3535 2554 Marim
3582 2501 3828 2567 Persam.

2238 2570 2306 2625 ad
2336 2587 2490 2645 quem
2521 2576 2729 2644 scribit,
2757 2594 2940 2636 eorum
2980 2600 3099 2654 qua:
3128 2583 3197 2641 de
3224 2587 3340 2655 ipso
3371 2588 3657 2647 Theodoro
3702 2596 3829 2651 dixil

2238 2679 2513 2720 conscium
2567 2682 2687 2725 esse
2742 2674 3034 2743 perhibet,
3066 2687 3120 2733 et
3169 2680 3509 2737 conﬁdenter
3561 2685 3828 2753 publicam

2236 2770 2448 2826 quoque
2476 2758 2575 2813 sibi
2606 2760 2737 2815 dicit
2758 2768 2999 2820 attestari
3029 2769 3295 2826 notitiam.
3328 2772 3523 2827 Verum
3565 2774 3654 2831 isti
3676 2792 3827 2831 com-

2237 2851 2683 2906 memorationem
2717 2868 2904 2909 eorum
2956 2857 3147 2926 quibus
3196 2859 3299 2917 hoc
3345 2865 3667 2929 ostenditur,
3701 2884 3825 2924 con-

2235 2949 2387 2993 sueta
2414 2939 2601 2998 fraude
2631 2941 2898 3013 fugerunt.
2932 2948 3062 3003 Nam
3112 2953 3229 3021 quis
3260 2954 3311 3006 iu
3344 2955 3451 3011 illis
3489 2958 3670 3013 verbis
3722 2976 3825 3014 non

2235 3028 2412 3084 videat
2439 3034 2758 3089 venerabilis
2796 3035 2899 3091 lba:
2929 3038 2994 3093 de
3015 3041 3240 3099 veri'ate
3267 3044 3690 3118 liduciamlquia
3719 3052 3822 3106 nisi

2236 3133 2381 3175 certa
2406 3131 2460 3177 et
2490 3125 2770 3181 manifesta
2803 3140 3003 3199 essent,
3054 3149 3387 3203 nequaquam
3441 3139 3489 3193 ei
3544 3140 3611 3194 ad
3661 3158 3821 3212 quem

2236 3214 2466 3282 scripsit,
2499 3215 2702 3272 diceret
2730 3218 2796 3273 de
2828 3218 2919 3273 illo
2946 3221 3035 3289 qtti
3077 3223 3419 3282 Theodorum
3463 3230 3823 3288 anathemati-

2234 3305 2374 3359 zavit
2404 3324 2418 3361 :
2455 3326 2474 3359 t
2508 3308 2676 3375 Quem
2723 3327 2823 3368 nec
2874 3323 2926 3368 tu
2960 3315 3075 3384 ipse
3128 3317 3360 3387 ignoras,
3393 3322 3482 3391 qui
3535 3328 3822 3383 occasione

2234 3396 2354 3451 lidei
2381 3414 2485 3453 non
2520 3401 2699 3457 solum
2727 3420 2865 3458 nunc
2897 3406 3139 3464 viventes
3162 3411 3478 3481 insequitur,
3502 3416 3596 3470 sed
3622 3426 3677 3472 et
3703 3433 3819 3473 om-

2231 3505 2329 3546 nes
2360 3492 2380 3523 ³
2409 3494 2496 3563 qui
2537 3496 2663 3551 olim
2692 3498 2756 3551 ad
2784 3498 3065 3555 Dominum
3114 3517 3505 3573 praecesserunt
3540 3529 3554 3565 :
3587 3527 3819 3591 quorum

2232 3596 2369 3637 unus
2392 3595 2472 3639 est
2497 3586 2685 3642 beatus
2713 3588 3050 3656 Theodorus,
3080 3610 3254 3662 prteco
3283 3598 3522 3653 veritatis
3543 3609 3597 3654 et
3626 3588 3815 3658 doctor

2229 3676 2511 3745 Ecclesia,
2534 3679 2625 3750 qui
2656 3697 2759 3735 non
2789 3685 2963 3739 solum
2996 3686 3048 3740 in
3077 3702 3171 3741 sua
3196 3688 3299 3742 vita
3329 3690 3685 3762 colaphizavit
3706 3693 3815 3749 hat-

2230 3768 2424 3825 reticos
2451 3785 2545 3838 per
2570 3774 2848 3828 veritatem
2872 3790 2982 3830 sum
3012 3776 3156 3846 lidei,
3181 3779 3274 3833 sed
3316 3789 3368 3835 et
3410 3791 3525 3849 post
3582 3792 3812 3839 mortem

2226 3862 2487 3930 spiritalia
2520 3880 2667 3919 arma
2696 3867 2747 3920 in
2779 3866 2929 3923 libris
2955 3872 3186 3938 propriis
3212 3874 3471 3931 Ecclesiae
3500 3877 3624 3933 ﬁliis
3649 3878 3810 3933 dere-

2228 3951 2398 4021 liquit.
2438 3972 2457 4005 »
2519 3954 2721 4012 Deinde
2748 3956 2913 4026 ipsius
2944 3964 3106 4016 etiam
3144 3964 3209 4015 ad
3243 3979 3397 4033 quem
3431 3968 3636 4035 scribit,
3668 3980 3809 4027 atte-

2226 4045 2357 4099 Stari
2380 4047 2479 4101 sibi
2511 4049 2753 4103 notitiam
2778 4048 2954 4119 docet,
2989 4068 3109 4106 cum
3142 4054 3214 4108 ait
3241 4073 3253 4110 :
3286 4075 3303 4107 ι
3342 4058 3493 4112 Sicut
3516 4070 3569 4113 et
3603 4070 3690 4116 tua
3722 4078 3810 4118 re-

2224 4136 2461 4190 verentia
2506 4136 2680 4191 eidem
2729 4138 2987 4192 collocuta
3044 4146 3314 4212 cognovit,
3351 4155 3403 4199 ct
3433 4164 3500 4201 ex
3551 4148 3634 4203 his
3688 4165 3808 4222 qua:

2224 4228 2550 4298 conscripsit
2582 4228 2837 4284 instructa
2869 4239 2970 4287 est.
3002 4250 3021 4282 ›
3075 4232 3139 4287 Et
3172 4233 3309 4289 iul'ra
3352 4237 3566 4306 quidem
3598 4240 3666 4295 de
3711 4257 3806 4296 eo-

2223 4318 2345 4374 dem
2377 4318 2663 4374 Theodoro
2691 4337 2703 4373 :
2738 4338 2756 4371 t
2789 4320 2885 4389 Qui
2911 4333 3129 4392 propter
3158 4325 3329 4380 zelum
3372 4327 3466 4382 Dei
3496 4331 3805 4387 nonsolum

2223 4411 2491 4481 pr0priam
2520 4413 2789 4467 civitatem
2811 4415 2877 4467 ab
2901 4430 3089 4473 errore
3117 4417 3183 4472 ad
3206 4419 3488 4475 veritatem
3518 4425 3804 4490 convertit,

2224 4506 2315 4560 sed
2340 4517 2393 4561 et
2421 4506 2578 4577 longe
2600 4507 2801 4577 positas
2821 4522 2915 4564 sua
2936 4510 3177 4565 doctrina
3200 4512 3449 4569 instruxit
3479 4515 3763 4574 Ecclesias.
3778 4540 3802 4571 ι

2229 4603 2506 4658 Postremo
2526 4604 2649 4673 quia
2672 4603 2811 4659 idem
2844 4604 3157 4664 Theodorus
3189 4610 3241 4665 in
3265 4626 3358 4667 sua
3391 4616 3597 4685 synodo
3629 4618 3801 4685 palam

2224 4694 2497 4765 redarguit
2525 4709 2645 4749 eum
2675 4711 2833 4766 quem
2866 4712 2978 4752 sua:
3004 4699 3234 4757 civitatis
3264 4712 3545 4774 tyrannum
3571 4710 3798 4763 vocarit.

2224 4790 2353 4856 Qua:
2378 4787 2478 4843 nisi
2510 4803 2633 4843 vera
2662 4789 2855 4856 forent,
2887 4792 3155 4866 quomodo
3176 4809 3237 4849 ea
3265 4808 3446 4866 posset
3478 4802 3799 4856 reverentis-

2223 4881 2390 4937 simus
2420 4881 2539 4938 lbas
2582 4881 2760 4938 dicere
2787 4926 2800 4950 ,
2839 4886 3076 4940 omnium
3126 4887 3503 4959 episcoporum
3562 4893 3798 4948 orienta-

2224 4976 2350 5031 lium
2402 4974 2706 5031 testimonio
2734 4973 3077 5045 reitagante?
3106 4978 3354 5045 Quinimo
3402 4997 3453 5036 et
3503 4984 3585 5036 sui
3631 4995 3799 5039 status

2224 5068 2515 5138 periculum
2546 5067 2857 5134 sustineret,
2883 5068 2926 5121 si
2954 5066 3269 5123 Theodorus
3298 5081 3352 5124 ut
3396 5072 3681 5129 hzereticus
3710 5074 3796 5129 ha-

2222 5160 2458 5225 beretur,
2504 5172 2533 5213 a
2556 5172 2663 5227 quo
2688 5156 2825 5212 dixit
2851 5158 2905 5211 in
2930 5158 3157 5214 concilio
3190 5160 3528 5232 redargutum
3559 5179 3679 5221 esse
3708 5180 3796 5222 ne-

2221 5255 2337 5309 scio
2366 5268 2522 5323 quem
2570 5265 2683 5305 sua:
2710 5249 2944 5305 civitatis
2993 5258 3298 5320 tyrannum.
3351 5252 3552 5309 Omnes
3601 5256 3794 5325 quippe

2223 5344 2510 5401 orientales
2538 5344 2820 5412 episcopos
2845 5342 3159 5399 criminatus
3185 5354 3291 5407 est,
3319 5344 3365 5399 si
3391 5345 3446 5399 in
3491 5360 3677 5402 eorum
3705 5362 3794 5419 sy-

2224 5438 2363 5495 nodo
2392 5437 2703 5493 hatreticum
2731 5434 2865 5491 dixit
2890 5434 3239 5504 redarguendi
3271 5435 3521 5493 habuisse
3548 5437 3792 5496 ﬁduciam

2220 5531 2285 5587 ad
2312 5524 2852 5585 excommunicandos
2881 5524 3115 5580 iautores
3136 5523 3511 5579 haereticorum
3542 5526 3582 5581 ⁸.
3612 5526 3666 5581 In
3698 5528 3792 5583 hoc

2289 5704 2474 5787 'l_d_em
2508 5702 2654 5787 cod_.,
2686 5703 2854 5787 ethos
2881 5704 2987 5773 qui.
3029 5775 3041 5787 .
3114 5783 3129 5787 _
3352 5780 3363 5787 Δ
3494 5776 3525 5787 γ,

2290 5779 2309 5807 ⁸
2340 5777 2482 5832 Idem
2512 5775 2655 5841 εοάοι
2680 5775 2747 5827 ad
2769 5775 2876 5831 Ιιίτο
2904 5775 3073 5828 omnia
3102 5783 3325 5849 fautores
3345 5776 3722 5836 hereticorum.
