4070 6352
298 270 403 327 105

1175 266 1308 323 ιήΟ
1349 262 1782 322 DEFENSIONE
1825 261 2039 318 TRIUM
2081 262 2397 325 CA‘PITL‘L.
2439 269 2566 324 LIB.
2611 268 2722 326 VII.

3474 278 3577 334 706

285 386 529 457 capitulo
558 398 624 438 ne
664 382 1049 453 proderentur,
1080 383 1324 438 consulto
1353 384 1660 452 contingere
1690 379 1875 433 nolue-
1905 381 1951 437 A
1978 376 2105 433 dicit
2131 377 2321 452 (Epist.
2346 384 2470 453 “2)
2494 400 2509 439 :
2534 403 2554 437 ι
2582 384 2637 440 Si
2667 392 2809 440 esset
2834 385 3048 455 quidem
3077 388 3261 444 venire
3288 390 3572 460 possibile,

287 488 441 533 runt.
465 476 602 543 Qua:
617 489 740 528 vera
772 488 890 529 esse
920 483 1362 543 recognoscentes
1382 473 1715 528 venerabiles
1744 472 1882 525 Plio.

289 568 401 619 eius
430 573 485 618 et
514 562 827 617 Eustachius
854 571 1014 630 atque
1057 561 1309 629 Uranius,
1339 577 1457 616 cum
1492 563 1541 615 in
1574 576 1757 615 eorum
1794 561 1883 629 ju-

290 655 441 711 dicio
468 662 760 708 memorata
783 653 1009 723 cpistola
1035 652 1389 722 relegeretur,
1411 668 1515 707 non
1541 652 1607 706 ab
1638 652 1732 706 illo
1756 666 1882 705 exe-

290 760 490 820 gerunt
517 749 970 809 anathematizare
1019 748 1378 802 Theodorum.
1414 744 1480 798 Et
1504 752 1563 798 ut
1590 758 1685 797 eos
1710 742 1884 813 quali-

291 856 509 912 cunque
539 839 870 907 testimonio,
897 851 1073 895 tamen
1105 854 1204 893 suo
1228 838 1542 893 convincam
1564 876 1577 901 ,
1609 836 1707 905 ipsi
1732 844 1881 889 certe

293 936 351 990 ln
380 935 470 990 illo
494 934 893 991 mendaciorum
918 935 1055 990 libro
1076 935 1349 999 dixerunt,
1373 932 1509 988 sicut
1536 942 1658 987 ante
1689 933 1881 987 memi-

295 1030 475 1085 nimus
530 1046 544 1081 :
578 1047 596 1079 ι
629 1027 868 1099 Denique
889 1038 941 1084 et
969 1028 1190 1083 Photius
1211 1037 1264 1083 et
1298 1026 1637 1091 Eustachius,
1675 1027 1882 1095 conspio

294 1120 500 1175 cientes
522 1119 931 1189 denegationem
982 1119 1087 1174 Iba:
1116 1119 1182 1173 de
1229 1119 1453 1188 epistola
1505 1119 1719 1182 factam,
1741 1118 1884 1187 judi-

294 1218 474 1265 c..tum
498 1210 761 1265 dederunt
783 1210 847 1264 ad
870 1210 1290 1266 destructionem
1317 1221 1371 1265 et
1397 1209 1762 1264 exclusionem
1786 1209 1885 1263 im-

295 1303 516 1372 pietatis
567 1303 806 1371 epistolae
834 1301 898 1355 ad
931 1301 1113 1356 Marim
1134 1343 1150 1369 ,
1178 1302 1318 1371 quod
1360 1301 1652 1371 judicatum
1686 1301 1884 1357 habere

294 1393 587 1459 afﬁrmant,
613 1405 668 1448 ut
692 1393 808 1449 lhas
833 1396 883 1448 in
916 1409 1010 1448 sua
1036 1393 1264 1449 ecclesia
1294 1393 1765 1448 anathematizaret
1791 1408 1886 1464 pa—

296 1485 405 1538 lam
436 1485 681 1557 malignas
710 1486 997 1555 impietatis
1028 1486 1328 1556 principem
1374 1485 1676 1541 Nestorium
1704 1495 1759 1540 et
1790 1501 1885 1541 eos

295 1576 388 1644 qui
419 1583 512 1629 aut
536 1576 686 1631 libris
715 1587 807 1630 aut
851 1575 1125 1631 codicibus
1153 1576 1271 1647 ejus
1320 1586 1559 1632 utttntur.
1605 1595 1623 1628 ι
1655 1576 1751 1632 Ubi
1777 1592 1882 1631 non

296 1666 443 1733 dico,
466 1668 607 1737 quod
632 1669 975 1723 immemores
1004 1670 1109 1737 sui,
1140 1673 1229 1740 qui
1260 1671 1602 1724 Theodorum
1633 1669 1881 1724 dixerunt

1986 481 2237 543 tuamque
2269 479 2624 531 reverentiam
2650 479 3075 552 charitatemque
3108 485 3416 553 complecti,
3437 497 3489 542 et
3516 489 3570 544 in

1985 565 2102 633 ipsa
2135 564 2446 632 iucundari,
2475 580 2597 621 cum
2636 570 2800 623 multa
2843 570 2944 624 hoc
2982 571 3263 629 velocitate
3306 584 3358 629 et
3398 578 3578 632 studio

1988 654 2317 723 faceremus;
2356 658 2607 728 quoniam
2661 670 2839 715 autem
2887 663 2987 718 hoc
3016 662 3171 718 nobis
3200 679 3305 718 non
3336 664 3577 735 adjacct,

1984 761 2128 801 nunc
2183 758 2232 804 et
2265 747 2457 804 litteris
2498 749 2599 804 hoc
2640 751 2939 821 implemus.
2989 753 3100 807 Etsi
3132 756 3276 809 enim
3305 754 3371 809 ad
3430 755 3580 825 ipsos

1983 838 2119 895 ﬁnes
2165 841 2352 896 mundi
2394 842 2674 908 ducamur,
2706 852 2809 897 tua:
2846 844 3153 900 dilectionis
3213 845 3578 916 integritatem

1983 939 2038 984 et
2068 932 2301 987 favorem
2325 934 2347 963 ²
2372 975 2387 1001 ,
2416 942 2473 988 et
2500 933 2618 989 sine
2653 935 2778 989 dolo
2804 936 3165 991 sinceritatem
3201 936 3442 994 oblivisci
3473 954 3578 995 non
3636 931 3641 934 ’

1985 1037 2298 1092 possumus,
2336 1040 2457 1094 qua:
2484 1034 2566 1080 est
2594 1026 2815 1096 antiqua
2844 1039 2896 1081 et
2936 1041 2966 1080 a
2997 1030 3281 1098 principio,
3310 1045 3578 1101 quamque

1984 1129 2125 1170 nunc
2154 1118 2483 1171 monstrasti.
2513 1117 2697 1188 Neque
2724 1119 2867 1174 enim
2915 1136 3013 1174 nos
3053 1121 3208 1175 latuit
3246 1133 3441 1193 quanta
3482 1140 3578 1193 pro

1985 1210 2138 1265 nobis
2164 1222 2218 1266 et
2238 1212 2415 1268 dicere
2440 1222 2492 1267 et
2523 1213 2698 1270 faccre
2725 1214 3005 1283 festinasti,
3057 1215 3275 1271 domine
3299 1232 3447 1272 meus
3478 1220 3578 1271 ho-

1986 1302 2325 1359 noratissime
2345 1312 2505 1374 atque
2536 1304 2889 1361 sanctissime.
2923 1305 3030 1362 Sed
3054 1307 3155 1361 etsi
3183 1308 3313 1361 nihil
3339 1307 3571 1377 amplius

1985 1393 2182 1449 factum
2209 1404 2313 1460 est,
2338 1396 2507 1451 Deum
2542 1405 2719 1452 tamen
2753 1397 2921 1453 habes
2946 1414 3041 1467 pro
3060 1408 3159 1454 tuo
3187 1400 3365 1455 studio
3387 1410 3442 1455 et
3470 1403 3580 1455 ala-

1985 1488 2174 1540 critate
2204 1486 2522 1555 debitorem,
2575 1489 2945 1559 integramque
2994 1492 3324 1547 mercedem.
3369 1492 3434 1547 Et
3483 1508 3580 1547 nos

1985 1587 2163 1633 autem
2190 1593 2294 1634 non
2326 1580 2653 1649 quiescimus
2701 1582 2933 1635 scientes
2962 1592 3066 1637 ture
3115 1584 3339 1654 gratiam
3369 1582 3580 1637 sancti.

1987 1671 2131 1735 tatis,
2164 1682 2217 1725 et
2242 1680 2384 1726 tuam
2412 1675 2766 1729 reverentiam
2798 1676 3046 1729 omnibus
3094 1675 3470 1744 praedicantes,
3501 1686 3579 1729 at-

294 1760 599 1815 Nestoriani
630 1761 830 1816 erroris
868 1770 1139 1816 auctorem
1176 1763 1597 1833 magistrumque
1628 1762 1879 1829 Nestorii,
1919 1772 1960 1831 Β
1987 1777 2090 1832 que
2112 1774 2398 1834 poscentes
2443 1765 2688 1819 eamdem
2736 1767 3076 1821 dilectionen
3141 1766 3423 1821 ﬂorentem
3480 1780 3579 1837 per

296 1867 488 1907 rursus
513 1853 609 1921 ipsi
650 1853 951 1908 Nestorium
984 1856 1229 1925 malignae
1255 1854 1543 1923 impietatis
1591 1853 1881 1924 principem

297 1943 504 2009 dicunt,
539 1955 592 1998 et
623 1959 718 2012 per
768 1944 870 1999 hoc
926 1956 1121 2015 negant
1157 1946 1297 2014 quod
1347 1945 1666 2001 Theodorus
1722 1946 1885 2001 fuerit

294 2035 602 2089 communis
622 2046 808 2090 auctor
833 2037 1066 2105 erroris,
1100 2047 1350 2109 tanquam
1400 2039 1502 2094 nisi
1535 2055 1627 2107 per
1654 2041 1879 2095 oblivio-

298 2138 426 2178 nem
461 2140 643 2179 verum
690 2127 832 2196 loqui
866 2142 970 2180 non
1016 2129 1244 2198 possint.
1276 2128 1380 2184 Sed
1429 2130 1558 2185 illud
1590 2131 1757 2200 magis
1785 2147 1883 2186 no-

296 2215 506 2270 biscum
532 2219 703 2286 pietas
734 2227 820 2272 tua
848 2219 1177 2286 consideret,
1203 2223 1453 2289 quoniam
1479 2223 1567 2291 qui
1599 2224 1885 2279 voluerunt

298 2324 362 2364 ex
388 2310 487 2363 huc
517 2312 808 2365 ostendere
850 2312 1220 2367 Nestorianam
1252 2328 1373 2369 esse
1403 2316 1684 2384 epistolam
1716 2331 1882 2371 vene-

299 2401 483 2456 rabais
530 2403 634 2457 Iba:
660 2446 674 2467 ,
710 2404 849 2472 quid
908 2404 1130 2461 Photius
1170 2414 1225 2460 et
1256 2406 1574 2461 Eustachius
1620 2405 1876 2476 episcopi,

296 2492 691 2563 conspicientes
714 2498 1051 2565 negationem
1075 2498 1188 2566 ejus
1205 2498 1273 2551 de
1296 2512 1393 2551 sua
1412 2500 1637 2566 epistola
1663 2500 1877 2568 iactam,

297 2590 364 2643 ad
397 2592 815 2645 destructionem
848 2606 891 2646 e'
922 2593 1285 2646 exc'usionem
1316 2592 1481 2661 ipsius
1512 2594 1754 2663 epistola:
1780 2594 1883 2650 tale

294 2681 587 2752 judicatum
640 2682 924 2750 dederunt,
952 2693 1008 2737 ut
1053 2683 1359 2738 Nestorium
1405 2693 1460 2738 ct
1487 2685 1880 2757 ejus'dogtnata

296 2775 418 2830 lbas
445 2776 942 2847 anathematizaret,
972 2778 1113 2847 quod
1142 2792 1237 2832 eos
1263 2776 1399 2832 falso
1423 2778 1657 2845 jactasse
1688 2781 1882 2848 pruba-

297 2870 471 2925 vimus
508 2888 520 2922 :
561 2872 743 2939 procul
776 2871 936 2925 dubio
968 2870 1281 2926 haereticutn
1312 2886 1418 2925 non
1451 2871 1615 2926 fuisse
1642 2872 1884 2926 Theodo-

294 2978 413 3017 rum
438 2963 676 3031 ipsorum
700 2961 872 3017 Photii
897 2971 951 3017 et
976 2963 1243 3018 Eustachii
1265 2962 1499 3034 judicato
1519 2964 1875 3020 conﬁrmant:

294 3056 544 3126 quoniam
572 3072 693 3110 cum
734 3057 1029 3126 pranipuas
1058 3056 1243 3112 laudes
1277 3055 1537 3111 doctrina:
1568 3056 1686 3126 ejus
1726 3058 1878 3111 audi-

1987 1856 2166 1909 omnia
2191 1857 2520 1911 conservari.
2548 1855 2661 1909 Non
2691 1858 2834 1911 enim
2862 1858 2913 1911 in
2949 1857 3161 1912 deserto
3188 1858 3438 1913 sedentes
3468 1856 3579 1911 ior-

1990 1946 2137 2000 tuitze
2166 1947 2568 2001 intercessionis
2609 1948 2813 2002 fructus
2846 1949 3129 2014 habemus,
3171 1949 3385 2018 quando
3415 1947 3577 2003 talem

1988 2035 2041 2090 in
2068 2036 2252 2090 Cilicia
2278 2037 2310 2070 *
2339 2036 2647 2091 thesaurum
2670 2048 2694 2073 ι
2713 2048 2766 2092 et
2784 2039 3089 2093 reconditas
3110 2038 3327 2092 divitias
3349 2038 3578 2107 posside-

1986 2145 2123 2184 mus.
2142 2130 2266 2184 llaac
2292 2130 2436 2185 enim
2464 2143 2544 2185 est
2576 2129 2727 2184 furtis
2755 2140 2808 2185 et
2845 2131 3116 2201 vigilantis
3144 2131 3339 2184 anima:
3366 2140 3470 2183 tua:
3492 2130 3574 2184 di-

1987 2217 2170 2274 lectio.
2210 2239 2230 2271 ι
2262 2220 2651 2274 Animadvertit
2688 2234 2897 2275 mecum
2938 2236 3003 2275 ex
3057 2231 3245 2275 tenore
3295 2222 3578 2289 praesentis

1984 2314 2222 2384 epistolae
2243 2315 2503 2368 serenitas
2520 2322 2629 2378 tua,
2645 2314 2808 2382 quod,
2829 2314 2967 2367 sicut
2984 2322 3208 2367 testatus
3233 2322 3316 2367 est
3339 2312 3576 2367 Joannes

1984 2407 2349 2461 Antiochenus
2371 2416 2426 2462 et
2447 2408 2683 2478 synodus
2704 2406 2962 2473 Orientis,
2978 2406 3314 2473 Theodorus,
3340 2407 3427 2476 qui
3449 2421 3578 2460 con-

1984 2497 2272 2553 demnatus
2300 2508 2385 2553 est
2431 2499 2583 2569 quasi
2616 2498 2915 2554 Nestoriani
2971 2508 3158 2553 auctor
3194 2498 3416 2563 erroris,
3450 2513 3579 2553 con~

1983 2590 2276 2660 discipulus
2316 2590 2477 2645 fuerit
2515 2589 2677 2660 hujus
2706 2590 2844 2645 beati
2880 2589 3121 2644 Joannis.
3154 2589 3264 2645 lloc
3306 2590 3448 2644 enim
3488 2603 3580 2643 εει-ο

1989 2681 2057 2736 tis
2086 2681 2327 2736 indicant
2353 2679 2470 2750 ejus
2510 2682 2694 2746 verba,
2723 2695 2844 2735 cum
2888 2680 3018 2734 dicit
3042 2681 3184 2751 quod
3225 2680 3440 2749 antiqua
3469 2688 3525 2734 et
3546 2693 3578 2736 a

1986 2776 2245 2847 principio
2282 2775 2446 2832 fuerit
2466 2776 2705 2846 ejusdem
2748 2776 3016 2832 Theodori
3062 2778 3206 2832 circa
3252 2790 3310 2831 se
3337 2776 3578 2831 dilectio-

1982 2874 2066 2928 nis
2096 2874 2372 2944 integritas
2398 2888 2414 2938 ;
2445 2872 2585 2941 quod
2625 2876 2785 2925 etiam
2816 2871 3011 2925 litteris
3040 2871 3061 2902 ⁸
3095 2870 3306 2926 Domini
3335 2871 3577 2941 episc0pi

1983 2965 2299 3020 Antiocheni
2316 2963 2645 3033 probabitur.
2661 2963 2954 3018 Curantem
2972 2976 3158 3032 magna
3172 2961 3578 3018 Chalcedonen-

1984 3058 2059 3112 sis
2089 3056 2329 3128 synodus
2366 3065 2640 3125 arguatur,
2671 3070 2790 3123 qua:
2818 3057 2996 3110 sciens
3031 3062 3273 3108 sanctum
3303 3053 3576 3110 Joannem

294 3159 417 3205 r.nt
437 3191 450 3215 ,
476 3164 581 3203 non
613 3158 905 3218 exegerunt
943 3164 973 3201 a
1021 3149 1278 3217 praedicto
1321 3148 1758 3203 reverentissimo
1786 3148 1875 3203 Iba
1904 3148 1951 3212 C
1982 3149 2269 3205 Theodoro
2291 3148 2619 3203 scribentem
2640 3146 2839 3201 dixi=se
2867 3164 2878 3198 :
2911 3145 3094 3215 Neque
3120 3148 3265 3200 enim
3303 3158 3403 3200 nos
3424 3144 3578 3202 latuit

293 3242 453 3296 simul
475 3256 597 3296 eum
622 3258 742 3297 cum
767 3241 1029 3307 Nestor-io,
1060 3258 1219 3312 quem
1249 3257 1353 3298 non
1378 3242 1703 3307 laudaverat,
1738 3243 1877 3298 abdi-

295 3352 440 3392 care.
469 3336 604 3403 Quia
629 3351 754 3391 vero
782 3352 925 3405 eum,
951 3336 1081 3391 sicut
1103 3337 1214 3405 jam
1236 3339 1534 3401 docuimus,
1570 3353 1673 3392 non
1703 3339 1876 3394 solum

295 3429 481 3484 Theud
521 3444 582 3483 ro
609 3430 892 3483 anathema
937 3429 1141 3497 dicere,
1172 3430 1266 3484 sed
1297 3432 1454 3485 etiam
1487 3430 1733 3485 Nestorio
1778 3431 1880 3485 mi-

294 3523 442 3577 nime
468 3526 873 3590 compulerunt;
905 3524 949 3576 si
980 3523 1109 3592 quid
1152 3539 1335 3578 eorum
1369 3523 1676 3579 testimonio
1709 3525 1875 3596 Euty-

294 3613 472 3671 chiini
500 3616 583 3668 vel
632 3630 814 3669 eorum
869 3615 1128 3671 satellites
1178 3616 1423 3683 credunt,
1459 3633 1631 3687 neque
1688 3617 1878 3672 Nesto-

294 3708 429 3760 rium
471 3715 785 3760 excusatnm
828 3707 882 3761 in
916 3707 1017 3762 hac
1045 3707 1271 3777 epistola
1324 3719 1671 3778 mentiantur,
1702 3726 1877 3781 neque

296 3797 636 3853 Theodorum
664 3798 846 3854 dicant
886 3799 1537 3869 Nestorianm‘impietatis
1578 3810 1875 3869 auctorem,

294 3906 453 3960 quem
486 3891 537 3944 in
566 3906 749 3945 eorum
776 3891 980 3959 judicio
999 3934 1015 3959 ,
1039 3900 1093 3947 et
1119 3901 1245 3948 ante
1276 3893 1711 3949 Chalcedonense
1748 3909 1879 3950 con-

295 3998 322 4037 c
351 3983 476 4036 lium
509 3983 777 4039 laudatum
813 3985 1091 4039 inveniunt
1117 4000 1217 4041 nec
1237 3988 1512 4041 inveniunt
1542 3987 1873 4042 dedolatum.

294 4074 492 4130 Verum
534 4077 779 4145 promissi
837 4092 1142 4146 memores,
1192 4077 1259 4132 ad
1317 4078 1403 4133 illa
1453 4078 1565 4147 jam
1623 4082 1877 4149 praeclara

294 4172 549 4231 Ecclesia:
613 4175 811 4229 lumina
877 4176 1189 4242 veniamus,
1229 4191 1454 4246 quorum
1510 4176 1677 4245 magis
1731 4176 1879 4230 testi-

294 4271 474 4325 monio
539 4270 777 4341 synodus
833 4268 1295 4324 Chalcedonensis
1349 4268 1616 4334 credidit,
1670 4280 1727 4325 ut
1765 4271 1879 4339 cpi-

293 4360 827 4416 stolam'venerabilis
873 4360 977 4415 lbze
1008 4376 1105 4431 pro
1147 4361 1303 4415 laude
1335 4361 1603 4416 Theodori
1645 4377 1751 4417 non
1784 4361 1875 4433 jn-

294 4453 495 4509 ditaret
525 4454 853 4510 hmreticam.
890 4457 954 4509 Et
1005 4456 1234 4524 primum
1276 4464 1463 4512 testem
1508 4457 1736 4513 citetnus
1764 4460 1876 4513 ela—

1981 3252 2175 3310 quanta
2203 3257 2298 3309 pro
2311 3239 2466 3294 nobis
2487 3247 2543 3294 et
2564 3239 2743 3294 dicere
2768 3248 2819 3293 et
2838 3234 3019 3292 facere
3049 3235 3332 3300 festinasti,
3356 3236 3587 3291 domine'

1983 3349 2133 3387 mens
2162 3332 2573 3387 honoratissimo
2596 3339 2757 3401 atque
2788 3330 3145 3396 sanctissime,
3172 3328 3404 3383 credidit
3429 3328 3575 3399 quod

1982 3427 2075 3482 ille
2096 3441 2201 3481 non
2230 3434 2376 3481 esset
2397 3424 2703 3491 haereticus,
2728 3423 2819 3492 qui
2841 3433 2987 3477 tanta
3011 3437 3111 3491 pro
3133 3422 3341 3478 Joanne
3362 3424 3413 3477 in
3427 3425 3576 3478 exsio

1982 3520 2109 3577 lium
2129 3520 2744 3589 aSportato,etdicerect
2770 3518 2944 3572 facere
2967 3516 3258 3584 festinavit,
3279 3515 3459 3571 studio
3484 3525 3572 3571 at-

1979 3627 2082 3682 que
2093 3611 2368 3667 alacritate
2382 3624 2482 3681 qua
2507 3610 2669 3665 Deum
2697 3608 2919 3664 haberet
2945 3608 3208 3663 mercedis
3234 3609 3454 3677 integra:
3477 3608 3573 3663 de-

1981 3705 2207 3762 bitorem
2236 3721 2250 3770 ;
2295 3703 2609 3760 incredibile
2646 3702 2893 3773 judicans
2923 3700 3068 3771 quod
3098 3700 3356 3769 magister
3384 3698 3568 3755 NeSto-

1979 3802 2143 3857 riante
2174 3798 2408 3870 perfidia:
2446 3797 2715 3866 religionis
2756 3809 2896 3850 verte
2935 3794 3268 3863 magistrum,
3300 3792 3403 3848 sibi
3448 3807 3577 3862 pro-

1980 3893 2120 3950 fecto
2149 3891 2499 3953 contrarium,
2529 3896 2794 3958 qna'rerct
2842 3887 2909 3940 ab
2937 3886 3128 3940 exsilio
3158 3884 3362 3949 reduci,
3401 3893 3456 3939 et
3480 3898 3577 3955 pro

1978 3988 2058 4044 sui
2085 3985 2188 4041 luci
2217 3985 2554 4048 auctoritate,
2594 3981 2877 4035 adversum
2920 3994 3080 4049 prava
3111 3993 3206 4033 sua
3238 3978 3487 4048 degmata
3513 3978 3578 4033 li-

1980 4070 2109 4137 bere
2138 4080 2191 4133 in
2206 4077 2432 4134 ecclesia
2451 4076 2746 4145 disputare.
2773 4073 2885 4129 Nisi
2913 4073 3050 4128 forte
3079 4073 3149 4127 ob
3177 4072 3277 4127 hoc
3304 4071 3390 4126 illa
3420 4085 3579 4144 synoo

1979 4171 2080 4227 dus
2103 4170 2264 4240 impia
2294 4170 2600 4233 denotclur,
2634 4166 2777 4236 quod
2810 4166 2895 4236 pie
2925 4165 2995 4219 de
3038 4165 3251 4219 Joanne
3274 4163 3578 4219 Constanti-

1981 4262 2294 4333 nopolitano
2341 4259 2609 4323 sentiens,
2660 4272 2783 4312 eum
2833 4255 2855 4286 ⁸
2910 4256 3071 4309 talem
3138 4253 3395 4309 arbitrata
3451 4262 3576 4320 est,

1979 4370 2137 4431 quem
2174 4357 2254 4411 vel
2278 4358 2356 4411 sic
2384 4361 2610 4416 amaret,
2647 4350 2866 4405 utvelut
2888 4348 3190 4417 adjutorem
3222 4362 3375 4402 suum
3398 4347 3450 4401 in
3474 4347 3578 4401 Ec-

1981 4456 2140 4509 clesia
2174 4449 2385 4520 pr0pria
2429 4445 2671 4502 revocari
2694 4444 2857 4499 vellet
2899 4443 3217 4508 haereticus;
3242 4442 3325 4496 vel
3353 4440 3431 4496 sic
3460 4442 3577 4510 ipse

292 4547 566 4602 rissimum
589 4548 860 4603 doctorem
894 4548 1147 4603 ECl’lealIB
1166 4558 1220 4604 et
1247 4549 1612 4604 coitlcssorem
1646 4551 1877 4605 lortissi-
1905 4536 1958 4596 D
1982 4563 2192 4617 quoque
2219 4544 2488 4613 diligeret,
2530 4549 2585 4594 ει
2611 4552 2802 4606 magi”
2835 4535 2991 4589 laude
3021 4533 3333 4603 βτίθδίοθτεί
3363 4533 3578 4589 hmm'i‘

294 4656 438 4695 mum
488 4642 748 4707 veritatis,
778 4640 1039 4697 Joannem
1089 4643 1756 4712 Constantinopolitanutn,
1784 4646 1876 4716 qui

294 4736 550 4803 praedicto
581 4735 955 4805 Mopsuesteno
986 4738 1000 4768 ¹
1034 4739 1286 4809 episcopo
1313 4739 1379 4795 de
1406 4740 1597 4795 exsilio
1634 4740 1877 4797 scribens

368 4881 393 4954 ’ξ
426 4872 590 4954 ῌοόίθ
617 4876 752 4954 apud
776 4876 1031 4954 Joannem
1059 4878 1504 4954 Chrysostomum
1528 4926 1541 4947 ,
1568 4901 1665 4954 pro
1693 4889 1744 4942 ἐν
1782 4898 1880 4944 1(a-

297 4942 426 5023 tua,
441 4944 637 5023 legitur
666 4948 715 4997 ἐν
742 4945 929 5021 καρδίᾳ
954 4987 969 5009 ,
997 4942 1218 5016 epi~tola
1251 4953 1374 5017 H2,
1400 4942 1539 5023 quae
1569 4942 1881 5013 inscribitur

296 5017 540 5101 βιοδῴρῳ
566 5017 849 5101 tntum-ai,
875 5017 977 5070 non
1001 5036 1250 5101 inpresso
1272 5017 1495 5101 nomine
1520 5026 1638 5078 loci.
1664 5030 1733 5080 Οὐ
1753 5031 1879 5101 γὰρ,

296 5089 483 5153 inquit,
517 5093 606 5144 τὴν
635 5095 909 5171 τῖχτλῡσειν
936 5092 1017 5171 ξκὶ
1059 5093 1108 5142 ἐν
1136 5093 1316 5165 ἐρημίᾳ
1344 5096 1601 5163 καθήμενοι
1646 5089 1879 5171 rapaci);

295 5162 421 5229 μεθα
449 5165 533 5242 ξῆν
554 5157 875 5242 παράμησιγ
894 5198 907 5221 ,
941 5157 1324 5242 ὅταζτοάοῧτόν
1351 5164 1399 5215 ἐν
1425 5157 1607 5239 κάρδίᾳ
1634 5157 1882 5242 θηᾶαυρὸν

295 5236 378 5285 καὶ
423 5229 639 5286 τι·λοῦτού
687 5230 1007 5305 ἁπφκείμενον
1035 5229 1244 5302 ἔχομεν,
1286 5243 1378 5294 τῆς
1421 5229 1753 5313 ἐγρηγόρυίας
1799 5229 1881 5295 ἇαὲ

368 5369 544 5445 ξςφιι.
577 5371 798 5445 Veron._,
844 5369 1135 5426 Theodoro.

368 5443 387 5473 ¹
418 5443 561 5498 Idem
586 5446 733 5506 cod.,
757 5443 1023 5513 fervorem.

364 5574 395 5610 λι
449 5569 597 5624 lianc
641 5567 873 5623 Facundi
929 5568 1210 5622 lectionem
1242 5565 1458 5632 p'oham
1492 5580 1611 5619 esse
1642 5565 1882 5632 adeoque

298 5640 436 5697 haud
468 5640 880 5701 sollicitandam,
916 5639 1154 5709 pluribus
1184 5635 1882 5709 OSlettditiMOHlfntlcOnlus

296 5714 364 5768 ad
397 5710 763 5768 ClitVsOStomi
793 5707 929 5765 000.
964 5720 1090 5765 tom.
1121 5709 1205 5769 Ill.
1238 5709 1343 5763 cui.
1374 5708 1500 5773 669,.
1537 5717 1649 5760 not.
1677 5724 1707 5758 α
1735 5707 1883 5777 (nos-

1982 4660 2128 4702 cum.
2159 4639 2290 4695 Cum
2309 4652 2443 4692 vero
2465 4644 2519 4691 et
2546 4634 2646 4687 hoc
2676 4633 2816 4687 inter
2849 4630 2947 4685 alia
2980 4629 3153 4684 dixit:
3193 4627 3377 4682 Talem
3405 4627 3457 4681 in
3483 4625 3576 4682 Ci-

1986 4741 2105 4796 licia
2138 4739 2470 4800 thesaurum,
2516 4738 2571 4785 et
2617 4727 2921 4782 reconditas
2949 4723 3163 4779 divitias
3198 4721 3531 4792 possidemus
3560 4737 3575 4789 ;

1984 4885 2215 4961 γενναίας
2256 4898 2351 4933 σου
2392 4875 2576 4961 ﬁnxit;
2602 4874 2691 4928 τήν
2720 4868 2945 4961 ἀχὰζτην.
2976 4865 3104 4961 Qui?
3156 4857 3577 4961 varietasmuﬂd‘e

1986 4935 2208 5009 (inisti
2251 4963 2354 5000 non
2406 4935 2564 4997 'faéi'le
2614 4948 2699 4993 est
2743 4935 3575 5012 divinare._M_or§_nestia-pot;ro,

1986 4997 2433 5080 setl‘esvfhc—odori
2459 5010 2999 5082 episcopuoppidnm
3022 5005 3117 5082 l'nit
3140 5001 3337 5082 Cilicize
3358 4997 3576 5082 [inﬂic-

1984 5071 2191 5153 t‘oelvc‘s;
2211 5089 2439 5163 ἐπαρχίᾳ
2463 5071 2669 5163 Elimia;-
2690 5081 2757 5152 β’.
2784 5071 2885 5162 isi-.5
2902 5080 3142 5163 ἦγέ-μόνα.
3167 5072 3336 5131 πόλεις
3355 5071 3413 5122 θ’.
3437 5071 3575 5123 ’Δνὰιι

1987 5165 2154 5241 Capi?“
2176 5152 2510 5232 μητρόἆξολις,
2539 5152 2870 5223 Μοψουεστέα
2889 5189 2903 5216 ,
2937 5156 3039 5201 clc.

2072 5379 2095 5411 ⁸
2118 5377 2256 5434 Idem
2281 5374 2423 5438 cod.,
2456 5378 2716 5440 sequenter
2741 5368 2939 5421 litteris.

2065 5450 2086 5481 ⁸
2117 5450 2257 5505 ldem
2290 5446 2435 5512 cod.,
2461 5460 2561 5498 non
2592 5456 2725 5495 eum.

1990 5577 2085 5623 trre
2120 5564 2421 5629 editionis),
2464 5563 2516 5614 in
2546 5552 3028 5631 epistolam_s_ancti
3060 5547 3296 5631 doctoris
3328 5547 3445 5614 ll‘Z,
3471 5544 3565 5602 sed

1994 5641 2259 5711 imprimis
2289 5624 2415 5690 tum.
2446 5631 2532 5699 γι,
2559 5624 2679 5702 pag.
2705 5624 2956 5692 515-516,
2992 5625 3041 5679 itt
3075 5624 3299 5677 monito.
