4070 6352
535 265 642 321 7G7.

1641 259 1938 315 FACUNDI
1974 259 2190 317 EPISC.
2231 260 2738 317 [IERMIANENSIS

534 382 658 452 qqu
690 381 814 437 hinc
845 380 1079 452 synodus
1119 377 1389 448 culpetur,
1440 377 1482 430 si
1523 376 1750 430 reverita
1793 387 1876 429 est
1901 376 2117 430 anathe-
2151 378 2203 438 Α
2229 385 2387 442 raret,
2411 387 2464 431 et
2492 377 2561 432 ob
2583 377 2683 432 hoc
2698 391 2758 433 se
2773 385 3082 432 causarctur
3103 389 3268 430 unus
3296 357 3580 429 Ecclesiae
3605 389 3713 432 sua:
3735 377 3849 440 τιτι-ε

535 477 786 530 tnatizarc
803 476 1106 528 thesaurum
1139 470 1358 526 Joannis
1399 477 1454 524 et
1494 469 1796 524 reconditas
1827 467 1944 537 ejus
1993 468 2127 521 divi-

537 567 675 621 tias?
704 572 782 619 An
821 575 873 618 et
895 564 1006 633 ipsa
1045 571 1280 616 statuere
1327 560 1534 625 debuit,
1566 567 1621 614 et
1663 559 1867 624 dicere,
1923 558 1965 612 si
2007 559 2126 629 quis

537 655 874 713 Theodorum
917 669 1020 708 non
1071 653 1524 719 auathetnatizat,
1558 650 1839 705 anathema
1884 650 1994 702 sit?
2024 649 2129 704 Sed

536 758 714 800 nonne
741 743 928 797 melius
948 752 1053 808 est,
1079 751 1136 797 ut
1155 741 1221 796 de
1238 741 1446 796 cartcris
1471 740 1718 794 Patribus
1751 749 1976 801 taceam,
2000 751 2130 791 ana-

535 838 709 891 thema
741 851 861 890 cum
899 836 1106 891 Joanne
1145 834 1352 896 audire,
1393 848 1552 902 quam
1598 832 1788 886 Joanni
1844 831 2128 884 anathema

483 914 494 924 ’
536 928 757 982 dicere?
787 928 839 981 Si
870 925 1011 980 enim
1043 926 1324 979 anathema
1354 933 1436 978 est
1474 923 1562 992 qui
1594 922 1936 976 Theodorum
1973 919 2128 988 Mop-

537 1019 749 1072 suestia:
779 1033 882 1070 non
910 1016 1040 1072 dicit
1068 1016 1372 1077 anathema,
1414 1015 1572 1067 etiam
1603 1011 1836 1066 Joannes
1866 1010 2133 1063 Constan-

537 1109 903 1178 tin0pulitanie
920 1109 1248 1162 clarissimus
1269 1106 1490 1159 antistes
1507 1104 1752 1158 Ecclesia:
1777 1114 1830 1156 et
1850 1101 2132 1156 cuttlessor

540 1197 866 1253 fortissimus
888 1199 1153 1262 veritatis,
1183 1196 1467 1250 anathema
1499 1202 1602 1259 est,
1626 1193 1716 1263 qui
1753 1192 1843 1246 ta‘i
1876 1194 2131 1245 thesauro

539 1300 592 1345 et
625 1292 915 1346 reconditis
947 1291 1145 1345 divitiis
1171 1304 1304 1358 quas
1339 1287 1674 1356 Mopsuestia:
1706 1287 1756 1339 in
1791 1283 1970 1339 Cilicia
2010 1297 2134 1350 pos-

541 1383 769 1449 sitiebat,
810 1398 914 1438 non
956 1383 1084 1438 dicit
1115 1383 1419 1436 anathema.
1469 1379 1662 1434 Verum
1713 1393 1885 1447 neque
1927 1378 2007 1430 vir
2041 1376 2134 1430 ille

542 1474 718 1542 magni
750 1474 1000 1543 ponderis
1024 1484 1076 1528 et
1098 1488 1280 1542 eaSpet
1297 1482 1420 1527 tata:
1445 1486 1657 1541 semper
1677 1471 2012 1524 auctoritatis
2033 1483 2132 1521 no-

542 1566 624 1621 bis
646 1568 816 1622 deerit
845 1569 898 1624 in
939 1568 1303 1624 defensionem
1333 1582 1539 1637 magrne
1569 1565 1757 1636 synodi
1797 1579 1914 1633 qute
1943 1566 2011 1618 ab
2043 1563 2131 1618 lba

543 1659 794 1727 episcopo
841 1672 946 1712 non
999 1661 1178 1728 exegit
1228 1667 1286 1713 ut
1328 1657 1669 1711 Theodorum
1698 1657 2131 1724 Mopsucstenum

2232 483 2336 522 non
2371 482 2545 536 posse,
2576 483 2751 538 neque
2780 468 3186 539 Apolinarianis
3251 481 3496 536 gregem
3535 467 3632 522 Dei
3663 482 3849 527 vastan—

2233 560 2393 629 tibus,
2423 575 2515 629 pro
2543 562 2728 616 eadem
2759 565 2972 632 gemina
3001 562 3307 618 debilitate
3342 561 3634 628 resistere,
3665 563 3848 632 episca-

2237 660 2390 716 patus
2421 666 2599 705 curam
2631 651 2994 721 depositurus,
3027 660 3082 707 et
3111 652 3330 706 relicta
3368 664 3474 704 sua
3510 651 3722 706 civitate
3749 671 3846 712 cum

2233 742 2510 796 monachis
2552 742 2604 795 in
2638 759 2760 798 rure
2789 745 3047 810 victurus,
3082 743 3180 797 ubi
3216 741 3403 796 etiam
3450 739 3731 797 defunctus
3762 755 3844 814 est,

2233 833 2570 890 Theodorum
2604 843 2714 887 toto
2744 834 2962 889 Oriente
3003 833 3050 886 in
3082 833 3503 888 defensionem
3536 841 3592 886 et
3618 834 3846 890 visitatio-

2233 941 2354 980 nem
2380 927 2615 994 ejusdem
2639 926 2893 982 Ecclesiae
2917 944 3025 982 sua:
3049 928 3301 996 delegit;
3337 941 3455 981 non
3482 926 3631 980 aliud
3651 941 3789 996 caput
3807 931 3846 985 il-

2234 1019 2336 1072 lam
2388 1021 2708 1087 provinciam
2763 1021 2958 1076 habere
3024 1020 3398 1085 testificaris,
3462 1020 3620 1087 cujus
3669 1020 3844 1090 flagit-

2235 1119 2316 1164 ret
2347 1111 2625 1164 auxilium.
2659 1111 2746 1165 Sic
2770 1113 2912 1166 enim
2945 1117 2991 1166 ei
3029 1114 3234 1168 iterum
3275 1112 3487 1165 scribit
3524 1129 3538 1165 :
3577 1129 3594 1161 ι
3642 1113 3843 1183 Tempus

2233 1203 2364 1257 mihi
2391 1211 2472 1257 est
2499 1202 2622 1256 illud
2655 1202 2948 1271 Scriptum:
2976 1204 3182 1269 dicere,
3208 1202 3300 1256 Ad
3336 1217 3509 1266 quem
3534 1201 3840 1258 VOL‘lfcl’abnl’

2232 1295 2340 1348 vim
2395 1293 2792 1364 patiens?quis
2818 1295 2944 1348 mihi
2990 1295 3244 1364 porrigat
3294 1306 3533 1346 manum
3577 1293 3843 1359 Oppresso?

2234 1384 2298 1437 ad
2330 1400 2486 1452 quem
2521 1383 2724 1452 pondus
2749 1384 2998 1437 Ecclesia:
3029 1388 3300 1437 transeat
3329 1391 3447 1434 tam
3484 1380 3839 1451 malejacentis

2233 1491 2295 1531 ac
2325 1475 2638 1530 dissolutae?
2659 1474 2938 1530 Testilicor
2965 1488 3145 1529 coram
3185 1473 3318 1528 Deo
3345 1481 3407 1526 et
3437 1471 3628 1526 electis
3651 1474 3836 1541 angelis,

2235 1569 2483 1639 quoniam
2516 1582 2619 1622 non
2646 1568 2787 1636 jus-ta
2816 1569 3014 1636 patitur
3046 1567 3334 1634 Dei‘grex
3374 1565 3505 1619 sine
3539 1577 3739 1632 pasmre
3759 1564 3831 1620 de-

2237 1671 2389 1727 gens,
2419 1666 2474 1710 et
2501 1657 2616 1710 sine
2659 1656 2934 1711 visitatore
2983 1665 3211 1725 propter
3261 1663 3562 1722 torporem
3610 1665 3834 1707 nostrum.

543 1749 947 1818 condemnaret,
980 1767 1101 1806 cum
1128 1750 1243 1821 ejus
1280 1750 1505 1820 epistola
1534 1749 1744 1804 recitari
1801 1750 1984 1804 laudes
2015 1749 2132 1818 ejus
2163 1753 2209 1811 Β
2237 1753 2319 1806 Me
2345 1751 2484 1804 enim
2513 1749 2775 1818 aegritudo
2802 1749 3096 1814 detinet,et
3117 1747 3292 1802 citius
3329 1746 3568 1800 abduxit
3598 1745 3663 1800 ab
3691 1749 3830 1803 eccle-

543 1844 772 1900 eudiret.
805 1846 955 1900 Adsit
988 1846 1150 1916 igitur
1176 1849 1334 1900 etiam
1388 1847 1572 1900 beatus
1603 1847 1891 1914 Gregorius
1912 1843 2139 1898 Nazian-

547 1951 732 2001 zenus,
767 1939 1173 1992 temerariorum
1214 1947 1267 1993 et
1307 1939 1422 2008 ipse
1466 1939 1669 1991 crimen
1715 1948 1968 1991 aucturus
2001 1975 2016 2002 ,
2047 1935 2138 2004 qui

547 2026 832 2083 Theodoro
871 2027 1044 2082 adhuc
1067 2028 1247 2095 juveni
1289 2043 1352 2084 ac
1395 2029 1603 2083 novello
1642 2030 1713 2099 ita
1760 2029 1965 2094 scribit,
2023 2027 2140 2095 ejus

547 2118 865 2188 perfectioni
890 2123 1300 2188 con-gratulans:
1331 2138 1349 2172 ι
1387 2121 1695 2175 Dilectionis
1719 2121 1928 2174 indit-iis
1959 2119 2140 2173 delec-

547 2218 725 2265 tamur
751 2221 810 2278 ι,
852 2214 1113 2282 praecipui:
1143 2213 1195 2266 in
1243 2214 1331 2267 tali
1373 2222 1634 2282 tempore,
1667 2222 1720 2268 et
1747 2229 1774 2265 a
1809 2212 1899 2266 tali
1931 2212 2143 2266 novello

548 2302 706 2359 simul
739 2311 897 2371 atque
942 2304 1202 2372 perfecto,
1250 2315 1324 2369 et,
1369 2315 1424 2357 ut
1455 2313 1505 2358 te
1535 2319 1597 2358 ex
1643 2303 1727 2358 his
1775 2318 1906 2373 quae
1940 2312 2138 2357 sanctae

549 2394 838 2463 Scriptura:
881 2405 1006 2449 sunt
1034 2395 1354 2464 amplectar,
1384 2403 1674 2450 constituto
1703 2410 1864 2464 super
1885 2394 2135 2465 juventu-

551 2495 682 2542 tem.
707 2486 796 2542 Sic
819 2489 962 2542 enim
991 2499 1143 2543 vocat
1169 2489 1254 2542 illa
1279 2503 1371 2542 eos
1400 2489 1490 2556 qui
1518 2488 1789 2543 intellectu
1817 2496 2024 2541 aetatem
2045 2501 2141 2540 ex-

551 2579 768 2634 cedunt.
801 2582 865 2633 lit
886 2589 1095 2634 veteres
1116 2580 1330 2649 quidem
1359 2592 1540 2649 patres
1567 2593 1738 2633 rorezn
1765 2579 1886 2633 coeli
1915 2585 1970 2632 et
1995 2580 2144 2632 uber-

553 2680 716 2725 tatem
750 2683 930 2737 ιρι-τω,
963 2686 1081 2726 cum
1125 2675 1332 2726 caeteris
1363 2673 1482 2726 aliis
1511 2672 1732 2726 concedi
1777 2671 1901 2725 filiis
1944 2671 2142 2740 depre-

553 2777 760 2830 cantur,
783 2766 882 2819 nisi
904 2766 988 2820 cui
1011 2766 1238 2820 amabile
1260 2774 1344 2820 est
1368 2767 1480 2820 haec
1505 2767 1616 2835 ipsa
1640 2765 1798 2820 altius
1822 2765 2140 2834 intelligere,

558 2874 659 2914 nos
678 2869 853 2913 autem
873 2859 1186 2929 Spiritaliter
1207 2860 1384 2914 omnia
1409 2859 1500 2913 tibi
1525 2858 1893 2927 rependimus.
1917 2856 2145 2926 Impleat

555 2951 810 3006 Dominus
841 2966 1028 3006 omnes
1058 2951 1338 3022 petitiones
1370 2931 1522 3017 tuas,
1553 2959 1608 3006 et
1641 2950 1736 3005 tias
1792 2951 1974 3004 talium
2008 2949 2146 3002 liliu-

552 3058 669 3098 rum
696 3057 842 3112 pa'er
864 3043 1136 3115 (quoniam
1169 3043 1382 3114 quidem
1416 3052 1627 3113 oportet
1650 3043 1969 3110 compendio
1995 3039 2144 3096 etfa-

552 3136 834 3191 miliaritcr
858 3152 1013 3192 orare
1034 3152 1132 3207 pro
1161 3136 1236 3208 te)
1266 3137 1477 3206 qualem
1508 3146 1558 3191 te
1588 3135 1976 3191 demonstraris
2003 3135 2018 3165 ¹
2052 3148 2146 3203 pa-
2177 3122 2220 3185 C

553 3233 576 3280 t
605 3226 724 3280 ibus
755 3228 877 3294 tuis,
907 3238 965 3280 ut
991 3229 1042 3281 in
1066 3229 1272 3282 creteris
1299 3242 1397 3281 nos
1419 3227 1579 3282 etiam
1617 3225 1684 3281 de
1704 3236 1755 3280 te
1777 3227 2089 3296 gloriemur.
2124 3245 2142 3277 ι

554 3317 834 3382 Quomodo
864 3318 1043 3388 itaque
1074 3319 1308 3388 synodus
1337 3329 1519 3372 sancta
1549 3319 1796 3386 culpatur
1825 3315 1945 3387 quia
1975 3317 2149 3372 Theo-

556 3407 743 3462 dorum
772 3423 878 3461 non
917 3409 1210 3471 damnavit,
1252 3421 1583 3477 cognoscens
1615 3414 1844 3476 quantus
1892 3407 2065 3461 adhuc
2116 3423 2148 3462 a

557 3510 757 3568 quanto
783 3501 894 3554 viro
925 3500 992 3554 de.
1021 3502 1346 3567 perfectione
1379 3499 1626 3554 laudatus
1646 3509 1746 3565 est,
1782 3502 1832 3554 id
1863 3513 1940 3556 est
1977 3503 2150 3557 novel-

559 3590 640 3644 lus
661 3605 690 3643 a
714 3591 970 3660 Gregorio
1003 3590 1360 3658 Nazianzeno,
1384 3589 1458 3645 ita
1477 3600 1532 3646 ut
1554 3592 1824 3647 intellectu
1847 3594 2148 3648 excessisse

563 3683 834 3737 diceretur
878 3691 1114 3750 aetatem,
1166 3698 1325 3754 supra
1359 3683 1693 3753 juventutem
1726 3699 1876 3738 suam
1907 3686 2150 3740 sublimi-

561 3783 670 3831 tate
714 3775 992 3845 sapientia:
1044 3777 1405 3830 constitutus?
1433 3775 1695 3846 Quodque
1730 3777 1898 3845 magis
1938 3787 2144 3848 gratum

562 3875 646 3921 est
667 3880 730 3920 ac
747 3866 1064 3935 jucundum,
1089 3883 1209 3921 cum
1239 3865 1462 3921 Scientia
1485 3878 1628 3922 esset
1653 3868 1919 3933 exet-lsns,
1946 3879 2144 3924 tantam

564 3957 918 4012 humilitatem
945 3973 1006 4013 ac
1023 3961 1373 4013 reverentiam
1397 3960 1642 4014 exhibuit
1664 3961 1923 4030 patribus,
1956 3971 2011 4014 ut
2036 3961 2150 4016 ha-c

561 4049 609 4104 ei
636 4049 934 4104 benedictio
963 4064 1058 4118 pro
1088 4049 1280 4104 talibus
1311 4050 1516 4106 meritis
1557 4068 1587 4105 a
1615 4050 1873 4122 Gregorio
1896 4052 2151 4108 reddere-

562 4149 671 4207 tur,
716 4155 810 4209 per
837 4155 994 4209 quam
1038 4141 1170 4196 tales
1201 4143 1424 4198 haberet
1470 4142 1608 4198 ﬁlios
1646 4145 1856 4212 qualem
1900 4159 1960 4198 se
1990 4143 2154 4212 patri-

565 4234 664 4287 bus
706 4232 1011 4288 exhibebat.
1042 4235 1214 4299 Quam
1261 4235 1689 4291 benedictlonem
1732 4236 1778 4290 si
1815 4236 2064 4306 religiose
2092 4251 2155 4292 ac

562 4328 648 4396 pie
679 4327 766 4380 illa
797 4328 1035 4396 synodus
1067 4343 1168 4379 non
1200 4329 1427 4381 credidit
1455 4343 1574 4382 esse
1604 4328 1930 4393 frustratam.
1956 4330 2155 4384 idcirco

565 4420 706 4474 velut
730 4419 887 4487 impia
915 4421 1203 4487 ctprofana
1230 4418 1534 4472 frustratur.
1554 4421 1656 4476 Sed
1681 4421 1744 4474 ad
1772 4421 1967 4474 aliam’
1994 4431 2156 4475 trans-

2243 1845 2342 1910 sia,
2374 1859 2514 1896 nunc
2566 1841 2782 1896 omnino
2811 1852 3049 1896 extrema
3093 1851 3434 1911 sperantem
3471 1838 3496 1872 ⁸
3521 1881 3537 1906 ,
3570 1849 3625 1893 et
3648 1843 3833 1905 amplus

2243 1939 2402 1992 rebus
2434 1938 2567 2005 ipsis
2597 1937 2874 1991 afﬂictum.
2915 1935 2970 1991 Si
3005 1936 3228 2004 quidem
3265 1933 3428 1988 aliud
3462 1940 3625 2002 caput
3652 1931 3830 1990 habent

2243 2031 2535 2100 provincia,
2594 2031 2658 2083 ad
2700 2029 2829 2084 illud
2869 2037 3142 2095 eporteret
3181 2027 3443 2081 clamare
3473 2036 3528 2080 et
3559 2028 3826 2080 contestari.

2243 2123 2354 2177 Tua
2380 2138 2510 2177 vero
2539 2122 2840 2177 reverentia
2878 2122 3248 2191 superpOsita,
3287 2119 3362 2173 ad
3393 2129 3448 2173 te
3480 2119 3746 2172 attendere
3766 2134 3825 2172 ne

2242 2231 2390 2271 cesse
2409 2225 2507 2270 est.
2533 2216 2727 2270 Curam
2748 2217 2946 2269 habeas
2969 2225 3072 2268 tua:
3105 2213 3382 2268 Ecclesia:
3409 2210 3825 2279 quovismodo,et

2248 2324 2353 2363 non
2387 2323 2504 2363 eam
2548 2307 2816 2376 despicias
2862 2306 3076 2376 indigne
3123 2313 3420 2373 agentem.
3482 2297 3560 2356 Ut
3597 2300 3724 2353 enim
3749 2299 3822 2352 alia

2247 2397 2646 2468 praetermittam
2667 2438 2680 2462 ,
2713 2396 2888 2465 qualia
2920 2409 3060 2449 nunc
3101 2395 3473 2463 insurgentes
3507 2389 3821 2460 Apolinariani

2243 2489 2418 2558 aliqua
2447 2486 2663 2556 quidem
2690 2485 2955 2551 fecerunt,
2985 2485 3090 2538 alia
3119 2499 3255 2538 vero
3290 2484 3598 2546 minantur,
3631 2495 3658 2534 θ
3684 2477 3821 2532 donti-

2245 2580 2327 2634 nis
2368 2581 2500 2633 meis
2538 2587 2591 2633 et
2630 2576 3084 2646 compresbyteris
3140 2576 3329 2630 disces
3360 2613 3377 2641 ,
3427 2573 3637 2628 Eulalio
3673 2571 3818 2637 coepi-

2244 2689 2408 2744 scopo
2429 2673 2732 2737 etEleusio,
2753 2684 2890 2741 quos
2911 2669 3184 2740 impendio
3212 2669 3286 2724 ad
3316 2679 3470 2723 tuam
3498 2664 3811 2721 reverentiam

2247 2768 2509 2821 misimus.
2541 2765 2605 2818 Et
2633 2767 2747 2819 haec
2776 2764 3135 2833 comprimere
3163 2778 3277 2817 non
3309 2770 3401 2817 est
3430 2767 3630 2815 nostrte
3657 2757 3814 2816 artati,

2246 2858 2341 2914 sed
2389 2866 2494 2911 tua!
2546 2855 2842 2925 prudentiae
2897 2866 3111 2924 turaque
3155 2854 3426 2908 virtutis:
3475 2851 3711 2922 quoniam
3749 2847 3816 2903 liti

2247 2964 2367 3003 cum
2401 2949 2519 3002 aliis
2547 2947 2852 3002 facultatem
2878 2946 3098 3001 donavit
3121 2946 3263 3000 Deus
3297 2945 3368 2999 ad
3393 2956 3722 2999 communem
3743 2940 3815 2992 de—

2249 3042 2543 3097 fensionem
2580 3041 2855 3096 Ecclesiae.
2882 3040 2938 3095 Si
2962 3049 3140 3095 autem
3170 3039 3290 3096 [nec
3325 3039 3522 3093 dicens
3543 3047 3594 3091 et
3616 3035 3816 3090 scribens

2255 3151 2356 3191 nou
2385 3134 2591 3200 audiar,
2624 3134 2761 3204 quod
2795 3141 2957 3188 restat
2990 3136 3162 3188 solum
3195 3135 3307 3188 hoc
3335 3133 3451 3197 liet,
3476 3131 3678 3200 publice
3705 3143 3812 3192 prr-

2253 3230 2433 3284 dicare
2464 3229 2712 3282 omnibus
2734 3236 2787 3282 et
2817 3237 3003 3281 nutum
3035 3227 3233 3292 facere,
3268 3229 3400 3294 quia
3430 3217 3818 3293 episc0poindi-‘

2253 3331 2341 3394 get
2381 3321 2644 3385 Ecclesia,
2688 3335 2756 3374 ne
2791 3328 3006 3388 propter
3033 3333 3207 3373 meam
3252 3319 3626 3382 infirmitatem
3655 3312 3810 3368 tunda-

2255 3424 2339 3471 tur
2369 3415 2408 3470 ⁸.
2439 3415 2514 3471 De
2566 3423 2764 3468 cretero
2796 3429 2890 3468 vos
2921 3413 3180 3467 videritis.
3222 3431 3242 3465 ι
3277 3415 3323 3466 0
3358 3426 3522 3482 quam
3549 3409 3690 3462 fortia
3709 3412 3807 3458 sunt

2252 3519 2306 3564 et
2337 3508 2535 3564 invicta
2563 3507 2829 3577 justorum
2850 3505 3065 3568 merita,
3084 3503 3522 3560 clementissime
3546 3502 3807 3568 imperator,

2252 3615 2372 3669 qua:
2407 3608 2551 3653 tanto
2581 3603 2782 3652 certius
2810 3605 2864 3651 et
2892 3597 3197 3652 evidentius
3223 3596 3592 3652 ostenduntur
3610 3586 3809 3658 superati

2253 3709 2358 3747 non
2393 3707 2572 3759 posse,
2603 3701 2802 3760 quanto
2832 3690 3122 3744 studiosius
3151 3698 3206 3744 et
3237 3687 3614 3744 vehementius
3650 3681 3805 3738 fuerint

2254 3785 2494 3855 impetita
2526 3785 2539 3838 l
2572 3783 2702 3837 Nam
2744 3784 3165 3854 quotusquisque
3202 3785 3348 3838 scire
3379 3789 3562 3852 posset
3595 3785 3676 3832 aut
3695 3787 3806 3842 qm!!-

2255 3894 2374 3934 rere
2413 3888 2489 3933 tot
2538 3877 2978 3948 inexpugnabilia
3028 3893 3124 3947 pro
3177 3877 3454 3932 sententia
3509 3875 3704 3930 Patrum
3738 3864 3804 3934 qui

2254 3970 2588 4027 Chalcedona
2622 3980 3001 4038 convenerant,
3047 3970 3389 4036 testimonia,
3439 3968 3539 4022 nisi
3590 3971 3804 4032 prin-ota-

2255 4073 2340 4120 ret
2368 4065 2661 4119 adversitas
2690 4063 2712 4117 ?
2741 4065 2803 4117 Et
2834 4064 2955 4118 ideo
2988 4079 3092 4116 nun
3121 4062 3295 4118 solum
3345 4064 3621 4132 patienter,
3656 4062 3800 4108 verum

2256 4157 2416 4212 etiam
2449 4165 2721 4227 gratanter
2759 4155 3099 4223 suscipienda
3138 4153 3266 4208 mihi
3315 4154 3544 4207 videtur.
3576 4147 3692 4202 Nam
3717 4141 3801 4195 (Ιει-

2258 4249 2454 4303 riorem
2482 4263 2694 4318 semper
2723 4246 2890 4301 efficit
2915 4255 3217 4300 sanctarum
3251 4245 3536 4315 justitiam,
3577 4239 3686 4291 dum
3724 4231 3797 4283 ob-

2261 4353 2480 4393 scurare
2503 4336 2796 4392 contendt.
2845 4341 2926 4392 An
2973 4353 3078 4391 non
3122 4338 3348 4404 atnpliu~
3383 4336 3584 4389 illorum
3627 4329 3797 4381 Patrum

2256 4431 2460 4501 jnstitia
2505 4431 2838 4496 declaratur,
2897 4446 3016 4485 cum
3068 4430 3424 4484 ostenduntur
3463 4423 3665 4482 Joannis
3699 4415 3794 4470 Carr

564 4523 749 4565 eamus
788 4511 1069 4579 epistolam
1122 4511 1172 4565 δ.
1216 4511 1455 4582 Namque
1498 4528 1617 4568 cum
1671 4522 1828 4568 relate
1882 4514 2157 4570 confectus
2185 4507 2238 4567 D
2267 4514 3690 4593 graminoptditanietGregoriiNizianzenitesimonio
3707 4521 3794 4562 cre-

568 4600 706 4657 idcm
733 4601 918 4656 beatus
940 4602 1228 4673 Gregorius
1248 4605 1401 4674 longa
1427 4620 1637 4676 quoque
1663 4607 1979 4675 aegritudine
2011 4608 2160 4664 labo-

637 4764 664 4832 ξ
693 4753 911 4828 ’Δγὰπης
964 4760 1239 4832 συμϐόλοις
1274 4759 1534 4832 eaepse“,
1559 4761 1647 4816 Sic
1693 4764 1834 4816 enim
1869 4762 2150 4832 legendum

567 4827 807 4904 videtur,
833 4844 937 4904 non
965 4827 1291 4904 συμϐούλοις.
1325 4827 1472 4904 apud
1499 4831 1814 4901 Gregorium
1841 4827 1997 4903 epiSt.
2025 4836 2152 4904 219,

567 4909 623 4974 et
654 4914 768 4957 ιςιιιιξ
794 4897 894 4974 hoc
913 4897 1042 4974 loco
1069 4897 1384 4974 describitur
1411 4903 1508 4974 :20
1534 4897 1654 4956 cunt
1687 4897 1896 4974 duabus
1919 4897 2152 4974 sequen;

567 4963 1064 5051 libi-ISASE'IIIPIICPIII
1107 4971 1341 5051 titnlmn
1363 4973 1558 5051 habent
1588 4972 1893 5051 {92086,er
1933 4963 2012 5030 At.
2042 4978 2159 5046 epi-

567 5038 704 5118 stula
721 5037 826 5118 ⁸225
851 5041 1136 5118 pleniorem
1160 5041 1429 5118 εΘεοδώρῳ
1452 5045 1714 5115 ἐπισκόπῳ
1741 5037 1962 5107 Tuccam,
1984 5037 2157 5102 Thoo-

569 5112 694 5184 tloro
723 5113 956 5180 episcopo
1003 5110 1334 5180 Tyanontnt,‘
1359 5110 1429 5166 ad
1461 5129 1617 5182 quem
1665 5110 1933 5184 pertinere
1959 5136 2148 5175 omnes

567 5180 874 5252 conjectura
906 5190 1006 5247 cst,
1041 5185 1108 5236 de
1133 5198 1234 5252 qua
1259 5201 1378 5236 mox
1411 5180 1602 5242 dicam.

641 5251 665 5288 ιι
703 5252 775 5330 Ea
826 5261 908 5305 est
955 5251 1456 5330 apud__Gregot-itun
1518 5257 1889 5330 κατῄει-088,
1925 5276 2044 5330 quin
2089 5261 2142 5317 in

573 5319 772 5399 Graecis
816 5319 1211 5399 exetnplaribus
1236 5319 1522 5399 Τλνωνύμμρ,
1555 5328 1728 5399 seddin
1761 5319 1961 5387 Latinis
2006 5346 2150 5389 recte

570 5392 900 5470 itincriptane
934 5403 982 5458 t,
1017 5393 1299 5470 ’ΤΙιεοάογνο
1356 5392 1592 5470 episcopo
1650 5397 1929 5468 Tyanensi.
1972 5403 2150 5469 Quare

573 5461 768 5541 fallitur
819 5460 1129 5541 liacuudus.
1164 5469 1275 5541 qui
1308 5460 1394 5520 ad"
1423 5460 1848 5541 Mopsuestenum
1896 5460 2148 5541 scriptam

580 5532 800 5599 putarit.
833 5532 1041 5604 Scripta
1072 5545 1158 5590 est
1184 5532 1335 5592 enim
1389 5539 1454 5592 ad
1513 5532 1979 5610 metropolitanum
2007 5532 2150 5614 "ejus

647 5697 660 5727 ¹
697 5694 828 5752 Cod.
865 5697 1083 5760 Veron.,
1117 5699 1450 5754 demonstras.

643 5767 663 5796 ‘
692 5769 834 5822 ldcm
870 5769 1016 5828 c.1d..
1046 5768 1198 5823 aliam
1232 5768 1360 5829 eius.

2269 4615 2468 4671 didisse
2522 4614 2711 4686 magis,
2755 4631 2914 4686 quam
2944 4630 3128 4670 eorum
3171 4616 3259 4686 qui
3311 4613 3560 4668 volebant
3598 4601 3790 4674 quam!"

2261 4755 2629 4844 pt‘ovincitein
2662 4787 2768 4838 qua
2795 4782 2908 4844 erat
2939 4771 3266 4844 Nazianens,
3303 4781 3358 4824 ιιι
3399 4763 3628 4844 cpistola;
3666 4753 3789 4844 “alba

2262 4835 2550 4896 declarant.
2585 4847 2640 4895 Ei
2667 4835 2756 4913 μὲν
2784 4839 2893 4906 οὖν,
2923 4846 3112 4913 inquit,
3144 4841 3292 4902 ἄλλην
3320 4835 3646 4913 τινᾲ“κεφαλήν
3681 4835 3786 4913 εἱλεξ

2263 4914 2294 4971 ἡ
2320 4915 2569 4988 ἐπᾳρχία,
2765 4915 2947 4988 East-ma
2974 4911 3074 4968 ἔδει
3098 4916 3220 4986 βοᾲν
3249 4917 3332 4988 καὶ
3384 4900 3786 4988 διᾳιξριρτύραξῖέὲθ

2264 4993 2352 5044 τῆς
2377 4983 2428 5040 δέ
2452 4993 2541 5043 σῆς
2562 4983 2818 5043 ε-ἇλὲιϐείας
2836 4983 3217 5059 ύπε;.κειμένηξ,
3233 4987 3362 5058 πρὸς
3387 4987 3442 5038 σὲ
3463 4983 3650 5059 psum
3667 4983 3787 5059 ἀνικιν

2265 5038 2425 5110 κάέοφζ
2479 5038 2545 5109 At
2593 5038 2885 5108 Nazianius
2934 5038 3784 5124 oppiduni'l’mt'tlappaduciaell-

2261 5125 2410 5198 cujus
2463 5126 2776 5198 metropolis
2817 5115 3021 5196 Tyana:
3076 5128 3346 5181 Hierocles
3376 5115 3782 5198 ianyttecd‘L'flwiv

2253 5188 2512 5268 Ἐτξαρχὶα
2533 5188 2892 5269 narrando-{iet}
3006 5199 3108 5253 ὑπὸ
3129 5199 3362 5269 ἡγεμόνα.
3384 5188 3538 5251 πόλεις
3557 5188 3614 5248 η’·

2255 5243 2708 5344 ξῑλαυέ-έῖνούποὶις,
2749 5243 3029 5344 Κόϐισζρα,
3065 5243 3365 5333 Ναζίαῗζὸς,
3391 5270 3588 5344 Σάᾳιμσξ,
3609 5267 3701 5344 θιῇ

2258 5337 2595 5409 'l‘heodurum
2635 5317 2760 5405 ergo
2784 5317 3116 5409 Tyauensem
3145 5317 3620 5409 pertinetepis'tula.
3657 5317 3780 5409 lilii"

2263 5407 2523 5462 sinianus
2549 5396 2759 5478 quoque
2791 5396 2859 5480 illi
2893 5403 3078 5462 Edicto
3125 5396 3180 5466 et
3217 5396 3500 5480 synodusv
3527 5396 3774 5455 observatio

2263 5494 2448 5532 contra
2476 5495 2571 5534 eus
2597 5482 2684 5548 qui
2721 5482 2785 5534 ad
2814 5478 3260 5549 Mopsucstcnutn
3275 5478 3579 5536 referebant.

2340 5706 2360 5778 ξ
2389 5705 2526 5778 idem
2559 5705 2703 5770 cod.,
2738 5708 3028 5778 spinmlrm.

2340 5777 2359 5805 ⁸
2386 5777 2526 5831 Idem
2555 5779 2699 5836 cod..
2736 5780 2971 5830 ’rt'il..tnr.

3763 268 3850 321 73

3983 2939 3993 3130 ι

3985 3134 3989 3192 11

3975 3283 3991 3530 l
