4070 6352
249 283 364 343 1οΊ
1113 274 1247 338 PRO
1289 278 1718 338 DEFENSlONE
1760 279 1976 336 TRIUM
2019 277 2336 334 CAPITCL.
2381 277 2510 332 LIB.
2550 276 2688 335 Vili.
3440 279 3543 335 7i0

247 400 529 458 Theodori
553 401 782 470 capitula
803 399 1169 463 condemnari,
1193 398 1530 453 occasionem
1557 396 1833 465 facientes,
1867 401 1912 460 Α
1936 393 2194 464 julicium
2216 394 2403 464 synodi
2421 392 2873 448 Chalcedonensis
2895 392 3152 450 damnare
3171 393 3539 464 Theodorum,

249 495 603 549 Iicutbeatus
629 491 857 562 Cyrillus
877 492 975 556 ait,
1002 491 1275 547 centrario
1305 490 1538 559 dogmati
1565 503 1670 558 quo
1702 497 1850 543 teneo
1955 488 2362 544 Theodorianns
2394 498 2607 554 vocant,
2631 496 2690 541 ut
2721 487 2822 542 hac
2847 488 3168 542 contumelia
3194 500 3542 545 memoratam

247 589 482 642 bantur?
513 587 627 641 Non
653 601 782 657 ergo
811 585 1118 640 damnabile
1139 583 1406 653 judicctnr
1436 598 1540 637 non
1569 584 1852 637 damnasse
1957 581 2242 653 synodum,
2271 580 2362 634 ubi
2389 595 2509 634 cum
2545 580 2732 634 laudes
2775 581 2894 648 ejus
2940 580 3296 635 recitarentur
3325 581 3541 635 damna.

250 679 393 734 The.
416 679 630 745 dorum,
658 694 815 747 quem
843 677 1294 747 singular-etenus
1320 685 1483 746 caput
1513 678 1529 708 ¹
1562 675 1852 747 Gregorius
1955 684 2041 729 tus
2071 690 2176 728 non
2207 683 2309 739 est,
2338 673 2501 728 simul
2526 673 2812 742 injurient?
2841 673 2898 728 Si
2939 674 3007 728 de
3051 673 3312 741 religione
3335 688 3396 727 ac
3443 673 3541 730 [ile

253 773 547 842 judicavit,
581 783 631 827 et
661 772 750 826 cui
789 785 1002 841 gregem
1038 772 1128 826 Dei
1169 785 1268 827 suo
1299 772 1545 841 regimini
1587 769 1851 825 creditum
1957 768 2170 822 illorum
2197 775 2284 822 est
2311 764 2606 832 dubitatio,
2638 767 3015 835 requirantur;
3047 767 3091 819 si
3120 767 3188 820 de
3216 782 3381 824 causa
3419 783 3545 822 con-

254 863 1106 934 dereliqnit.Gregoriusmanum
1123 865 1224 918 sibi
1244 864 1852 933 ejusporrigiadversus
1957 858 2246 914 demnandi
2275 857 2570 921 Theodori,
2605 858 2883 911 manifesta
2926 867 3007 912 est
3038 859 3252 912 Patrum
3283 858 3544 913 sententia

255 955 551 1012 linereticos
575 957 981 1023 Aj-olinarianos
1029 955 1308 1025 ﬂagitavit,
1345 955 1636 1009 testilicans
1671 971 1852 1010 coram
1958 968 2117 1023 qnam
2145 961 2461 1021 sequuntur.
2505 953 2749 1018 Nunquid
2782 953 2924 1007 enim
2947 995 2961 1019 ,
2993 954 3082 1022 qui
3113 955 3418 1009 consentire
3450 972 3545 1008 no-

177 1118 180 1120 γ
256 1047 378 1102 Deo
405 1055 460 1102 et
508 1047 693 1102 electis
732 1048 958 1116 angelis,
990 1049 1130 1116 quod
1160 1061 1218 1101 se
1265 1047 1581 1116 egritudinis
1636 1056 1853 1115 torpore
1963 1045 2125 1099 luerit
2171 1046 2323 1099 novis
2352 1044 2882 1113 prtesnmptionibus,
2930 1060 3126 1097 novum
3157 1045 3314 1098 debet
3355 1061 3546 1102 noinen

257 1139 506 1200 detento,
540 1139 736 1193 Christi
764 1153 893 1208 grex
926 1138 1246 1193 visit-itionis
1275 1138 1388 1206 ejus
1421 1137 1853 1206 indigeretauxio
1957 1137 2239 1206 accipere?
2266 1135 2377 1189 Non
2402 1147 2578 1189 autem
2607 1145 2757 1203 turpe
2774 1147 2874 1198 est,
2895 1134 3034 1203 quod
3060 1151 3178 1187 (‘lllll
3201 1136 3362 1187 tantis
3382 1136 3547 1188 Patri-

257 1232 364 1297 l-io,
395 1238 450 1285 et
477 1231 599 1284 talis
631 1246 749 1298 qum
772 1233 790 1260 *
819 1230 972 1298 culpa
1002 1231 1129 1284 est?
1157 1229 1405 1299 Synodus
1427 1244 1548 1282 eum
1579 1245 1684 1283 non
1723 1244 1856 1283 con-
1960 1229 2058 1283 bus
2106 1227 2434 1281 sustini-mus
2468 1245 2480 1278 :
2515 1242 2635 1278 nam
2684 1231 2825 1279 sicut
2871 1226 3072 1278 laudari
3119 1236 3302 1279 contra
3337 1225 3549 1281 illorum

260 1325 510 1383 demnat,
541 1333 596 1376 et
620 1322 741 1376 hinc
765 1332 984 1392 putatur
1014 1322 1287 1378 haeretica.
1315 1322 1408 1375 Ille
1434 1321 1719 1375 Theodoro
1744 1336 1860 1388 pruo
1961 1322 2281 1374 sententiam
2332 1320 2681 1373 criminosum
2729 1327 2845 1382 est,
2877 1317 2945 1372 ita
2977 1331 3098 1370 cum
3151 1318 3231 1370 eis
3279 1317 3550 1370 erimznari

261 1416 503 1469 dentiam
541 1414 817 1483 deputavit
857 1423 1018 1484 atque
1046 1413 1322 1472 virtutem.
1353 1422 1408 1468 et
1437 1429 1534 1466 nec
1561 1415 1696 1466 levis
1732 1415 1859 1467 inde
1959 1411 2246 1468 laudabile.
2278 1411 2678 1482 Cognoscentes
2700 1422 2877 1464 autem
2910 1413 3048 1478 quod
3095 1424 3284 1477 magna
3313 1408 3551 1479 synodus

263 1504 604 1575 querimooia
625 1513 1031 1560 commovetur:
1066 1512 1118 1556 et
1149 1503 1574 1557 Chalcedonensi
1605 1502 1854 1567 concifio,
1963 1504 2015 1557 in
2041 1519 2198 1557 causa
2227 1503 2588 1571 Mupsuesteni
2619 1502 2886 1556 Theodori
2917 1517 3018 1554 non
3063 1501 3178 1554 sine
3225 1501 3339 1554 i5tis
3371 1501 3552 1554 Eccle«

266 1599 454 1666 papzc!
483 1595 506 1627 ³
529 1597 666 1666 quod
691 1596 738 1650 ei
764 1612 867 1649 non
885 1595 1586 1665 ascripsitimprudentian‘i,
1614 1604 1759 1646 tanta
1791 1596 1860 1648 in.
1963 1595 2056 1648 site
2087 1593 2374 1648 luminibus
2423 1603 2705 1647 accusetur
2726 1632 2742 1659 ,
2773 1593 2934 1646 nullis
2968 1592 3422 1663 Eutychianornm
3465 1607 3551 1645 ca-

266 1690 410 1744 vidia
462 1691 771 1744 suscitatur.
809 1687 916 1744 Sed
949 1690 1187 1758 nunquid
1235 1699 1286 1742 et
1313 1688 1603 1759 Gregorius
1635 1687 1860 1741 Nazian-
1966 1689 2179 1742 iumniis
2207 1690 2403 1742 turbari
2451 1688 2743 1753 debemus,
2783 1687 2874 1741 sed
2935 1688 3109 1756 potius
3164 1687 3404 1754 ipsorum
3459 1699 3552 1738 eos

268 1795 456 1846 lenus,
503 1790 559 1836 et
585 1779 817 1836 Joannes
845 1781 1488 1849 Constantinopolitanns,
1521 1788 1573 1834 et
1605 1779 1693 1831 alii
1722 1792 1856 1846 quos
1897 1792 1931 1844 ις
1961 1781 2280 1834 auctoritate
2310 1780 2660 1836 confundere.
2703 1779 2768 1832 Et
2819 1779 2938 1832 ideo
2991 1779 3429 1831 commemoratis
3459 1777 3552 1830 lo-

269 1873 687 1928 memoravimus
715 1887 776 1927 ae
818 1873 1163 1927 memoraturi
1193 1887 1400 1937 sumus,
1443 1869 1629 1925 Patres
1657 1869 1850 1923 Νρειο-
1961 1891 2077 1928 rum
2131 1875 2514 1928 venerabilium
2573 1872 2790 1926 Patrum
2850 1871 3215 1934 testimoniis,
3248 1869 3337 1938 qui
3377 1868 3553 1923 eidem

269 1965 425 2018 riano
453 1964 643 2018 morbo
679 1965 921 2019 dicentur
943 1964 1169 2026 obsessi,
1201 1964 1322 2032 quia
1351 1978 1453 2016 non
1483 1963 1651 2016 solum
1677 1961 1855 2015 'l‘heo-
1911 1969 1922 1980 ’
1961 1964 2245 2018 Theodoro
2271 1975 2396 2019 sunt
2425 1964 2662 2017 attestati
2713 1962 2840 2015 dum
2887 1961 3123 2026 viveret,
3155 1961 3220 2014 ad
3275 1963 3553 2015 amborum

270 2058 582 2111 dorumnoo
606 2056 876 2121 abdicant,
902 2071 1085 2110 verum
1109 2055 1266 2109 etiam
1288 2051 1856 2124 prohibentabdicari?
1962 2073 2175 2126 quoque
2200 2055 2504 2109 testimonia
2537 2063 2896 2117 transeamus,
2915 2053 3005 2122 qui
3028 2052 3278 2106 similiter
3306 2050 3422 2119 ejus
3445 2066 3554 2105 mea

271 2157 362 2203 aut
387 2158 441 2204 et
469 2151 611 2219 ipsos
639 2165 776 2205 novo
807 2150 1020 2204 nomine
1047 2157 1102 2204 ct
1125 2151 1380 2203 hactenus
1408 2147 1644 2202 inaudito
1679 2147 1854 2201 Theo-
1963 2147 2217 2211 muriam,
2254 2156 2531 2217 postquam
2583 2148 2820 2198 excessit
2863 2159 2893 2199 e
2930 2145 3038 2196 vita
3061 2181 3077 2208 ,
3111 2144 3313 2211 magnis
3341 2153 3388 2195 et
3421 2142 3557 2196 mul-

272 2242 527 2296 ilorianos
557 2243 836 2312 quisquam
867 2257 1061 2297 vocare
1093 2241 1412 2311 praesumet?
1435 2241 1583 2306 Quod
1611 2240 1653 2293 si
1681 2239 1854 2293 nullus
1965 2243 2032 2297 tis
2055 2251 2180 2296 sunt
2219 2243 2461 2296 laudibus
2493 2241 2782 2311 prosecuti.
2816 2242 2976 2311 Igitur
3005 2220 3253 2309 praesenti
3283 2238 3418 2292 libra
3449 2247 3554 2292 tere

275 2333 378 2386 hoc
419 2334 599 2400 audet,
625 2347 720 2387 cur
747 2334 880 2387 alios
908 2336 996 2404 qui
1047 2343 1290 2388 tenentes
1319 2347 1505 2386 eorum
1535 2331 1854 2384 catholicam
1967 2338 2164 2390 minnm
2198 2338 2407 2404 damus,
2445 2345 2501 2388 ut
2532 2333 2757 2389 intentio
2788 2333 3014 2402 legentis
3041 2331 3110 2387 ab
3137 2331 3243 2388 alio
3273 2331 3555 2385 innovetur

277 2425 435 2480 ﬁdem
481 2427 910 2497 sententiamque
939 2437 1235 2494 servantes,
1269 2430 1373 2479 non
1409 2424 1606 2479 audent
1637 2424 1688 2478 in
1721 2438 1858 2493 prm-
1970 2428 2218 2480 exordio.

344 2541 363 2573 ί
392 2540 756 2603 (Zod.Veron..
793 2542 949 2595 totius
973 2543 1244 2610 provinciae
1266 2551 1434 2610 caput.
2047 2541 2068 2569 ³
2097 2539 2241 2594 idem
2278 2539 2424 2603 cod,
2455 2548 2660 2606 m'opler
2685 2537 2823 2607 quod
2849 2537 2912 2602 ei,
2948 2545 3051 2590 etc.

295 2653 298 2656 .
345 2612 367 2644 ³
393 2612 535 2667 Idem
569 2613 715 2678 cod.,
747 2623 793 2666 et
815 2613 1006 2684 absque
1028 2618 1179 2683 culpa
1213 2623 1306 2667 est.

280 2695 3556 2734 _____________________________________________.____._.

1397 2775 1743 2857 LIBER
1821 2772 2399 2855 OCTAVUS.

798 2977 1028 3034 CAPUT
1063 2977 1344 3033 PRIMUM.
1988 2965 2100 3032 lum
2128 2990 2234 3028 non
2266 2973 2503 3027 viventes
2533 2971 2664 3027 tales
2695 2971 2990 3026 calumnias
3025 2970 3093 3024 ab
3116 2970 3198 3024 bis
3229 2970 3317 3041 qui
3345 2980 3562 3024 contur—

295 3093 325 3128 μ
424 3120 432 3128 .
483 3117 504 3128 -
652 3117 661 3128 .
762 3112 775 3128 ι
832 3117 860 3128 ,.
931 3115 943 3128 .
1029 3115 1040 3126 .
1122 3124 1131 3128 ,
1189 3113 1275 3128 η.
1353 3123 1362 3128 ,
1408 3114 1436 3128 ..
1590 3123 1599 3128 _
1670 3113 1699 3128 _.
1829 3112 1842 3125 .
1983 3067 2115 3122 bare
2153 3065 2336 3119 volunt
2382 3064 2652 3120 Ecelesias
2689 3066 2945 3118 continue
2987 3063 3472 3127 sustinemus;sed
3510 3070 3565 3120 et

287 3117 432 3190 Quod
470 3117 688 3190 Joannis
739 3112 1040 3190 Antiocheui
1086 3124 1132 3167 ct
1184 3113 1525 3190 Orientalium
1581 3112 1874 3190 testimonio
1927 3189 1945 3190 ί

297 3154 991 3260 γιιλνηιὶἇῶυἨξιῦὋέιῧὼνὲηή
1015 3154 1237 3239 comm?“
1265 3187 1328 3238 iis
1355 3184 1650 3254 scripserim
1677 3200 1794 3254 qua,
1821 3154 1872 3237 εἴ,
1907 3189 1950 3250 C
1981 3159 2070 3260 qui
2115 3159 2252 3260 bene
2277 3157 2344 3212 de
2371 3159 2476 3210 vita
2505 3155 2774 3260 profectus
2801 3165 2883 3215 est
2926 3157 3114 3260 beatus
3140 3154 3485 3260 Tricodorus,
3511 3163 3565 3207 et

355 3245 624 3315 Theodoro
676 3245 1035 3319 Illonsuesteno
1075 3259 1374 3327 culpantur.
1458 3245 1468 3254 ⁷
1690 3245 1700 3254 ’
1918 3245 1949 3250 ⁷
1981 3249 2072 3320 qni
2101 3251 2336 3318 quinque
2375 3259 2428 3302 et
2459 3247 2806 3318 quadraginta
2852 3247 3006 3300 annis
3049 3248 3192 3300 clare
3231 3248 3281 3300 in
3314 3245 3564 3300 doctrina

1981 3342 2271 3409 praal'ulsit,
2305 3351 2359 3394 et
2389 3354 2604 3394 omnem
2637 3340 2896 3392 ltmrescm
2949 3337 3316 3407 expugnavit,
3355 3347 3409 3392 et
3447 3337 3569 3390 ttul-

1982 3432 2086 3486 lam
2119 3430 2314 3484 alicubi
2335 3431 2781 3485 detrectationem
2805 3429 2870 3483 ab
2893 3430 3206 3484 orthodoxis
3239 3430 3291 3483 in
3319 3430 3421 3483 vita
3445 3443 3567 3483 sus-

1979 3523 2218 3593 cipiens,
2251 3533 2371 3591 post
2401 3523 2544 3592 longi
2579 3521 2835 3591 temporis
2865 3521 2988 3576 hinc
3019 3520 3342 3587 discesum,
3371 3531 3423 3575 et
3451 3529 3570 3590 post

1981 3618 2146 3672 multa
2189 3616 2510 3682 certamina,
2542 3625 2600 3671 et
2632 3626 2753 3685 post
2779 3615 2966 3669 decem
3005 3614 3168 3667 millia
3193 3613 3360 3667 libros
3386 3613 3571 3668 adver-

1982 3726 2077 3765 sus
2104 3725 2319 3764 errores
2347 3711 2702 3779 conseiiptos,
2733 3719 2787 3764 et
2815 3722 3167 3778 posteaquam
3198 3709 3250 3760 in
3281 3717 3572 3775 conspectu

1981 3804 2325 3858 sacerdotum
2369 3811 2421 3856 et
2464 3802 2848 3871 imperatorum
2880 3811 2935 3855 et
2965 3800 3284 3869 pepulerunt
3319 3800 3573 3869 probatus

1982 3905 2085 3960 εει,
2115 3895 2454 3963 periclitatur
2493 3909 2611 3962 qua:
2644 3891 3019 3946 [latreticiirum
3057 3891 3349 3952 sustinere,
3378 3897 3432 3943 et
3470 3889 3573 3944 illis

1983 3989 2188 4054 primus
2218 3987 2232 4015 ‘
2260 3983 2566 4053 prindicari.
2599 3983 2667 4037 Et
2689 3983 2947 4051 adjiciunt
2969 3997 3087 4051 quae
3118 3981 3427 4035 intermissa
3455 3979 3574 4035 fue-

1987 4083 2130 4140 rant,
2161 4075 2401 4130 dicentes
2428 4091 2440 4126 :
2485 4073 2596 4128 llac
2635 4075 2655 4105 ²
2683 4089 2782 4127 nos
2806 4073 3123 4128 eonfmione
3151 4082 3202 4127 et
3235 4073 3405 4127 turbis
3437 4087 3575 4126 cont-

1989 4166 2294 4235 pleverunt,
2329 4181 2435 4220 non
2478 4176 2656 4219 autem
2689 4179 2786 4218 nos
2809 4167 3006 4228 s‘olum,
3037 4164 3131 4218 sed
3162 4173 3217 4218 et
3245 4163 3577 4217 Christianos

1985 4243 2234 4326 populos,
2268 4259 2355 4326 qui
2391 4257 2505 4311 hare
2531 4264 2920 4324 cognoscentes
2948 4253 3254 4307 nullatenus
3277 4257 3393 4308 sine
3426 4253 3576 4308 lurb‘a

1989 4348 2384 4403 ecclesiasnras
2415 4347 2810 4402 celebrationes
2859 4346 3068 4416 impleri
3116 4346 3452 4416 permittunt,
3484 4345 3577 4402 sed

1987 4441 2281 4496 adversum
2313 4453 2410 4494 nos
2441 4437 2734 4493 seditiones
2773 4437 3016 4503 faciunt,
3065 4453 3162 4492 nec
3193 4451 3360 4506 usque
3391 4437 3456 4491 ad
3488 4449 3578 4490 au~

1991 4533 2160 4588 ditum
2220 4533 2365 4602 passi
2420 4533 2696 4601 suscipere
2745 4529 2887 4599 quod
2942 4531 3201 4584 adversus
3249 4523 3579 4585 dormientes

1994 4635 2176 4696 patres
2207 4625 2604 4679 meditabantur
2649 4625 2956 4687 anathema,
2989 4633 3041 4677 et
3064 4623 3250 4678 decem
3285 4621 3450 4677 tnillia
3489 4617 3613 4676 adv

1992 4733 2180 4774 versus
2211 4732 2309 4772 nos
2349 4719 2488 4771 mala
2518 4717 2809 4779 minantur,
2842 4716 2888 4771 si
2931 4715 3058 4784 quid
3089 4715 3156 4770 ab
3200 4713 3379 4784 aliquo
3419 4713 3580 4770 fuerit

1987 4811 2097 4864 tale
2123 4820 2532 4880 praasumptum.
2564 4809 2710 4864 Sciat
2737 4817 2915 4863 autem
2957 4819 3010 4862 et
3040 4809 3260 4863 lioetua
3293 4808 3572 4871 sanctitas,

2005 4903 2128 4971 quia
2172 4904 2466 4971 scripturas
2507 4901 2843 4970 antiquurum
2887 4901 3166 4955 doctorum
3215 4898 3467 4952 Ecclesiae
3499 4913 3581 4952 re-

1992 4994 2270 5060 quirentes
2301 5032 2314 5056 ,
2366 4991 2551 5044 decem
2584 4992 2750 5043 millia
2784 4989 2904 5042 talia
2937 4997 2991 5042 et
3022 4989 3105 5042 bis
3142 4987 3334 5042 similia
3370 4985 3581 5044 inveni-

1995 5099 2137 5148 mus,
2174 5082 2348 5151 qualia
2380 5081 2597 5152 quidam
2629 5084 2768 5136 malo
2795 5096 2945 5135 more
2973 5097 3036 5134 ex
3063 5081 3209 5133 liL-ris
3238 5079 3377 5134 be..ti
3401 5078 3580 5132 Theo-

1997 5176 2116 5229 dori
2159 5176 2515 5244 colligentes,
2570 5183 2625 5229 et
2670 5189 2865 5244 corpus
2909 5172 3172 5240 reliquum
3217 5172 3584 5237 abscidenteo,

2000 5277 2105 5324 tuae
2143 5269 2459 5323 obtulerunt
2523 5267 2815 5322 sanctitati.
2872 5265 3080 5320 Etenim
3141 5265 3278 5332 apud
3333 5275 3584 5333 magnum

296 3465 301 3472 .
355 3414 573 3483 Accipe,
607 3411 951 3468 serenissime
980 3412 1289 3480 imperator,
1327 3409 1540 3479 quantis
1579 3407 1752 3462 adhuc
1795 3418 1876 3462 te-

289 3507 556 3562 sﬁmoniis
579 3514 883 3560 sanctorum
908 3512 962 3558 et
982 3502 1367 3558 venerabilium
1395 3501 1612 3555 Patrum
1640 3500 1878 3570 synodus

291 3598 747 3655 Chalcedonensis
775 3611 874 3652 nec
917 3595 1310 3650 contradixisse
1333 3596 1601 3664 culpatur,
1626 3609 1655 3648 a
1687 3594 1879 3664 quibus

292 3691 701 3760 Mopsuestenus
730 3688 1047 3744 Theodorus
1070 3733 1084 3757 ,
1135 3691 1297 3743 etiam
1335 3676 1620 3742 defunctus
1646 3727 1662 3752 ,
1711 3686 1878 3741 multo

292 3784 526 3853 amplius
555 3799 711 3853 quam
760 3781 814 3836 in
847 3781 1073 3849 epistola
1117 3779 1439 3834 venerabilis
1484 3779 1587 3833 Iba}
1634 3777 1877 3831 laudatus

293 3883 394 3928 est.
428 3873 580 3929 Unde
617 3873 762 3941 prius
791 3872 858 3926 ad
903 3871 1021 3925 illas
1045 3871 1300 3938 epistolas
1328 3871 1497 3924 sancti
1521 3869 1742 3923 Joannis
1770 3867 1878 3922 An-

293 3965 524 4021 tiocheni
569 3972 622 4018 et
665 3962 944 4016 orientalis
992 3960 1240 4025 concilii,
1285 3961 1427 4013 sicut
1469 3958 1608 4012 libro
1644 3957 1878 4012 secundo

293 4055 666 4126 promisimus,
720 4062 1073 4108 revertamur.
1121 4052 1318 4105 Beatus
1355 4051 1499 4104 enim
1538 4049 1760 4103 Proclus
1789 4063 1878 4120 sy-

289 4148 512 4217 _nodicas
542 4147 594 4201 in
635 4145 910 4201 Orientem
941 4146 1145 4198 litteras
1185 4145 1438 4209 miserat,
1478 4143 1782 4210 conscripto
1810 4141 1876 4193 ad

297 4237 573 4298 Armenios
603 4245 780 4299 tomo,
813 4250 1008 4304 quem,
1052 4233 1189 4288 sicut
1213 4232 1328 4304 jam
1359 4233 1672 4298 docuimus,
1702 4232 1881 4286 orien-

297 4329 417 4383 talis
456 4329 698 4400 synodus
739 4326 1077 4394 approbavit.
1129 4326 1182 4378 In
1215 4323 1370 4393 cujus
1401 4321 1684 4392 legationis
1727 4337 1882 4378 ocea-

297 4405 502 4476 sionem
537 4428 879 4476 tentaverunt
909 4417 1123 4488 quidam
1167 4418 1483 4484 subrepere,
1529 4423 1584 4467 ut
1609 4413 1783 4483 aliqua
1813 4427 1878 4468 ex

297 4514 451 4572 dictis
477 4514 820 4584 antiquorum
854 4511 1107 4566 Ecclesia:
1135 4511 1413 4564 doctorum
1442 4517 1719 4576 excerpta,
1745 4523 1882 4576 prae-

299 4605 488 4676 positis
516 4607 676 4659 etiam
726 4619 910 4658 eorum
953 4602 1264 4658 nominibus
1315 4601 1642 4655 anathemati
1686 4598 1880 4654 subde—
1912 4573 1965 4634 D

300 4707 486 4758 rentur
519 4707 567 4752 ⁸.
600 4698 713 4753 Tali
739 4713 868 4768 ergo
889 4713 1020 4751 ausu
1042 4704 1310 4751 commota
1347 4695 1585 4765 synodus
1624 4693 1884 4760 Orientis,

303 4787 553 4857 quoniam
581 4794 860 4856 potaverat
890 4787 992 4841 hoc
1019 4788 1086 4851 ab
1116 4787 1306 4842 eodem
1333 4787 1488 4840 beato
1523 4785 1708 4840 Proclo
1737 4799 1886 4838 man-

309 4878 522 4944 datum,
570 4886 848 4945 postquam
895 4877 1154 4932 directum
1204 4877 1308 4931 sibi
1354 4887 1554 4930 tomum
1587 4891 1645 4929 se
1687 4890 1883 4943 appro-

309 4969 466 5024 basse
496 4967 796 5036 reSpondit,
849 4969 938 5021 illa
969 4970 1128 5022 etiam
1161 4983 1280 5036 quae
1325 4967 1563 5022 secundo
1611 4965 1748 5018 libro
1779 4981 1887 5019 ine-

309 5077 360 5116 m
401 5060 656 5123 ravirnus,
685 5069 738 5113 et
774 5059 882 5114 alia
924 5061 1089 5113 multa
1121 5075 1238 5128 qua:
1289 5070 1414 5113 tunc
1441 5058 1748 5112 intermissa
1782 5072 1892 5111 me-

311 5169 524 5212 morare
554 5153 920 5221 diSponimus,
967 5153 1014 5206 ei
1065 5167 1159 5219 pro
1187 5151 1476 5205 Theodoro
1505 5151 1748 5204 scribens
1779 5149 1888 5202 ait:

318 5264 335 5298 ι
376 5245 542 5300 Nimis
569 5253 766 5300 nostra
790 5243 985 5297 anima:
1025 5243 1320 5296 vulneratae
1348 5251 1492 5308 sunt,
1525 5241 1648 5311 quia
1679 5257 1781 5296 non
1807 5256 1895 5295 so-

386 5365 411 5393 ει
444 5357 697 5410 Miserant
741 5355 805 5409 ad
847 5353 1090 5408 Proclum
1142 5369 1238 5424 per
1277 5353 1481 5421 legatos
1524 5335 1760 5423 episcopi
1793 5357 1894 5408 Ar-

317 5429 505 5482 menia:
554 5442 616 5479 ac
667 5426 904 5480 Persidis
953 5427 1180 5486 capitula
1231 5425 1475 5493 quaedam
1525 5435 1778 5493 excerpta
1827 5441 1892 5479 ex

317 5499 527 5565 scriptis
571 5497 862 5559 Theodori;
897 5505 952 5549 ut
989 5496 1104 5565 ejus
1133 5497 1454 5550 auctoritate
1482 5495 1892 5558 damnarentur,

318 5584 435 5622 cum
464 5569 530 5621 iis
559 5572 647 5636 qui
688 5569 739 5622 in
771 5568 924 5638 Syria
956 5579 1008 5620 et
1051 5567 1238 5621 Cilicia
1275 5565 1462 5620 eadem
1501 5567 1706 5621 sentire
1745 5566 1895 5638 dice-

321 5640 532 5692 bantur.
567 5641 696 5705 Quae
721 5637 940 5692 Proclus
975 5648 1119 5691 torno
1149 5651 1244 5691 suo
1272 5637 1335 5690 ad
1369 5637 1656 5692 Armenios
1685 5637 1896 5691 subdita

321 5726 442 5763 eum
474 5709 705 5764 misrsset
726 5708 792 5762 ad
818 5709 1142 5776 Orientales,
1173 5707 1251 5764 illi
1283 5708 1627 5765 Theodorum
1655 5706 1898 5763 damnari

2001 5396 2109 5435 non
2140 5380 2395 5444 ferentes,
2438 5380 2521 5433 his
2559 5379 2637 5432 ad-
2668 5377 2916 5432 Proclum
2936 5417 2949 5439 ,
2980 5373 3033 5429 et
3077 5375 3196 5429 aliis
3225 5374 3288 5428 ad
3321 5372 3583 5445 Cyrillum

2001 5454 2241 5519 aliosque
2281 5451 2473 5504 litteris
2502 5450 2848 5503 obstiterunt.
2895 5447 3010 5512 Qua
3062 5447 3130 5501 de
3166 5455 3489 5519 re,_totaque
3517 5447 3586 5519 de

2004 5514 2270 5576 Theodori
2305 5522 2651 5574 anathemate
2700 5519 3067 5573 controversia
3098 5527 3130 5584 ,‘
3163 5517 3327 5570 multa
3373 5514 3487 5570 fuse
3529 5516 3586 5571 in

2003 5594 2214 5647 actione
2253 5592 2285 5644 5
2313 5591 2503 5661 synodi
2532 5605 2584 5657 v,
2620 5597 2674 5644 et
2706 5587 2844 5658 apud
2879 5587 3183 5643 Liberatum
3214 5601 3332 5658 cap.
3367 5586 3432 5643 10
3461 5585 3583 5641 Βτος

2003 5679 2177 5719 Vla’l'll.

397 5820 413 5852 ⁸
443 5818 576 5875 Cod.
612 5819 832 5882 Veron..
872 5825 1154 5881 proximus.
2076 5818 2094 5848 ³
2123 5815 2264 5872 idem
2293 5815 2439 5877 cod.,
2479 5812 2621 5869 Hice.
