  <div class='ocr_page' id='page_1' title='image "/cluster/home/n/w/nwhite01/storage/ocr_20150623/67/hvd.32044015547185/361.png"; bbox 0 0 4070 6352; ppageno 0'>
   <div class='ocr_carea' id='block_1_1' title="bbox 613 251 3836 332">
    <p class='ocr_par' dir='ltr' id='par_1_1' title="bbox 613 251 3836 332">
     <span class='ocr_line' id='line_1_1' title="bbox 613 251 3836 332; baseline 0.006 -32"><span class='ocrx_word' id='word_1_1' title='bbox 613 267 708 322; x_wconf 69' lang='grc' dir='ltr'><strong>τι,</strong></span> <span class='ocrx_word' id='word_1_2' title='bbox 1700 251 1991 332; x_wconf 66' lang='lat' dir='ltr'><strong>FACUNDZ</strong></span> <span class='ocrx_word' id='word_1_3' title='bbox 2027 255 2242 315; x_wconf 78' lang='lat' dir='ltr'><strong>EPISC.</strong></span> <span class='ocrx_word' id='word_1_4' title='bbox 2285 253 2789 311; x_wconf 66' lang='lat' dir='ltr'><strong>llEltlllANENSlS</strong></span> <span class='ocrx_word' id='word_1_5' title='bbox 3759 264 3836 322; x_wconf 69' lang='lat' dir='ltr'><strong>tta</strong></span> 
     </span>
    </p>
   </div>
   <div class='ocr_carea' id='block_1_2' title="bbox 614 364 3837 448">
    <p class='ocr_par' dir='ltr' id='par_1_2' title="bbox 614 364 3837 448">
     <span class='ocr_line' id='line_1_2' title="bbox 614 364 3837 448; baseline -0.003 -16"><span class='ocrx_word' id='word_1_6' title='bbox 614 387 902 448; x_wconf 86' lang='lat' dir='ltr'><strong>martyrem</strong></span> <span class='ocrx_word' id='word_1_7' title='bbox 934 374 1211 444; x_wconf 70' lang='lat' dir='ltr'><strong>lgnatfum,</strong></span> <span class='ocrx_word' id='word_1_8' title='bbox 1242 371 1331 441; x_wconf 73' lang='lat' dir='ltr'><strong>qui</strong></span> <span class='ocrx_word' id='word_1_9' title='bbox 1359 368 1629 425; x_wconf 86' lang='lat' dir='ltr'><strong>secundus</strong></span> <span class='ocrx_word' id='word_1_10' title='bbox 1651 378 1773 439; x_wconf 84' lang='lat' dir='ltr'><strong>post</strong></span> <span class='ocrx_word' id='word_1_11' title='bbox 1805 369 2025 425; x_wconf 74' lang='lat' dir='ltr'><strong>Petrum</strong></span> <span class='ocrx_word' id='word_1_12' title='bbox 2058 383 2187 439; x_wconf 83' lang='lat' dir='ltr'><strong>apo—</strong></span> <span class='ocrx_word' id='word_1_13' title='bbox 2222 375 2270 430; x_wconf 73' lang='grc' dir='ltr'>Α</span> <span class='ocrx_word' id='word_1_14' title='bbox 2298 381 2431 420; x_wconf 85' lang='lat' dir='ltr'><strong>sena</strong></span> <span class='ocrx_word' id='word_1_15' title='bbox 2452 366 2735 421; x_wconf 83' lang='lat' dir='ltr'><strong>Theodoro</strong></span> <span class='ocrx_word' id='word_1_16' title='bbox 2768 366 3013 435; x_wconf 79' lang='lat' dir='ltr'><strong>sapuisse</strong></span> <span class='ocrx_word' id='word_1_17' title='bbox 3043 364 3316 422; x_wconf 76' lang='lat' dir='ltr'><strong>criminati</strong></span> <span class='ocrx_word' id='word_1_18' title='bbox 3342 368 3505 422; x_wconf 75' lang='lat' dir='ltr'><strong>sunt?</strong></span> <span class='ocrx_word' id='word_1_19' title='bbox 3544 366 3667 424; x_wconf 73' lang='lat' dir='ltr'><strong>Nam</strong></span> <span class='ocrx_word' id='word_1_20' title='bbox 3692 372 3731 426; x_wconf 89' lang='lat' dir='ltr'><strong>si</strong></span> <span class='ocrx_word' id='word_1_21' title='bbox 3750 379 3837 445; x_wconf 79' lang='lat' dir='ltr'><strong>cpi.</strong></span> 
     </span>
    </p>
   </div>
   <div class='ocr_carea' id='block_1_3' title="bbox 614 459 2198 533">
    <p class='ocr_par' dir='ltr' id='par_1_3' title="bbox 614 459 2198 533">
     <span class='ocr_line' id='line_1_3' title="bbox 614 459 2198 533; baseline -0.006 -11"><span class='ocrx_word' id='word_1_22' title='bbox 614 467 875 522; x_wconf 87' lang='lat' dir='ltr'><strong>stolornm</strong></span> <span class='ocrx_word' id='word_1_23' title='bbox 921 465 1147 533; x_wconf 88' lang='lat' dir='ltr'><strong>primum</strong></span> <span class='ocrx_word' id='word_1_24' title='bbox 1189 459 1535 516; x_wconf 80' lang='lat' dir='ltr'><strong>Autiochentc</strong></span> <span class='ocrx_word' id='word_1_25' title='bbox 1578 460 1721 515; x_wconf 80' lang='lat' dir='ltr'><strong>sedis</strong></span> <span class='ocrx_word' id='word_1_26' title='bbox 1769 460 2039 514; x_wconf 71' lang='lat' dir='ltr'><strong>ordinavit</strong></span> <span class='ocrx_word' id='word_1_27' title='bbox 2096 460 2198 513; x_wconf 87' lang='lat' dir='ltr'><strong>Ec-</strong></span> 
     </span>
    </p>
   </div>
   <div class='ocr_carea' id='block_1_4' title="bbox 617 553 2198 625">
    <p class='ocr_par' dir='ltr' id='par_1_4' title="bbox 617 553 2198 625">
     <span class='ocr_line' id='line_1_4' title="bbox 617 553 2198 625; baseline -0.006 -10"><span class='ocrx_word' id='word_1_28' title='bbox 617 560 857 623; x_wconf 83' lang='lat' dir='ltr'><strong>elesiam,</strong></span> <span class='ocrx_word' id='word_1_29' title='bbox 888 567 941 613; x_wconf 88' lang='lat' dir='ltr'><strong>et</strong></span> <span class='ocrx_word' id='word_1_30' title='bbox 980 557 1116 625; x_wconf 88' lang='lat' dir='ltr'><strong>apud</strong></span> <span class='ocrx_word' id='word_1_31' title='bbox 1148 555 1521 610; x_wconf 84' lang='lat' dir='ltr'><strong>beatissimum</strong></span> <span class='ocrx_word' id='word_1_32' title='bbox 1554 553 1929 619; x_wconf 85' lang='lat' dir='ltr'><strong>Eustachium,</strong></span> <span class='ocrx_word' id='word_1_33' title='bbox 1956 553 2047 620; x_wconf 92' lang='lat' dir='ltr'><strong>qui</strong></span> <span class='ocrx_word' id='word_1_34' title='bbox 2075 566 2198 606; x_wconf 88' lang='lat' dir='ltr'><strong>san-</strong></span> 
     </span>
    </p>
   </div>
   <div class='ocr_carea' id='block_1_5' title="bbox 614 644 2193 714">
    <p class='ocr_par' dir='ltr' id='par_1_5' title="bbox 614 644 2193 714">
     <span class='ocr_line' id='line_1_5' title="bbox 614 644 2193 714; baseline -0.004 -11"><span class='ocrx_word' id='word_1_35' title='bbox 614 660 822 704; x_wconf 88' lang='lat' dir='ltr'><strong>ctorum</strong></span> <span class='ocrx_word' id='word_1_36' title='bbox 863 648 1078 701; x_wconf 85' lang='lat' dir='ltr'><strong>Patrum</strong></span> <span class='ocrx_word' id='word_1_37' title='bbox 1120 647 1211 713; x_wconf 88' lang='lat' dir='ltr'><strong>qui</strong></span> <span class='ocrx_word' id='word_1_38' title='bbox 1236 644 1375 713; x_wconf 91' lang='lat' dir='ltr'><strong>apud</strong></span> <span class='ocrx_word' id='word_1_39' title='bbox 1422 644 1654 699; x_wconf 71' lang='lat' dir='ltr'><strong>Niemam</strong></span> <span class='ocrx_word' id='word_1_40' title='bbox 1694 645 2002 714; x_wconf 86' lang='lat' dir='ltr'><strong>congregati</strong></span> <span class='ocrx_word' id='word_1_41' title='bbox 2050 653 2193 710; x_wconf 90' lang='lat' dir='ltr'><strong>sunt,</strong></span> 
     </span>
    </p>
   </div>
   <div class='ocr_carea' id='block_1_6' title="bbox 616 736 2198 809">
    <p class='ocr_par' dir='ltr' id='par_1_6' title="bbox 616 736 2198 809">
     <span class='ocr_line' id='line_1_6' title="bbox 616 736 2198 809; baseline -0.001 -16"><span class='ocrx_word' id='word_1_42' title='bbox 616 743 815 809; x_wconf 89' lang='lat' dir='ltr'><strong>primus</strong></span> <span class='ocrx_word' id='word_1_43' title='bbox 851 739 1085 793; x_wconf 73' lang='lat' dir='ltr'><strong>existens</strong></span> <span class='ocrx_word' id='word_1_44' title='bbox 1117 737 1273 792; x_wconf 81' lang='lat' dir='ltr'><strong>iidem</strong></span> <span class='ocrx_word' id='word_1_45' title='bbox 1304 736 1660 791; x_wconf 77' lang='lat' dir='ltr'><strong>orthodoxam</strong></span> <span class='ocrx_word' id='word_1_46' title='bbox 1713 736 2056 791; x_wconf 84' lang='lat' dir='ltr'><strong>conlirmavit</strong></span> <span class='ocrx_word' id='word_1_47' title='bbox 2080 777 2095 801; x_wconf 90' lang='lat'><strong>,</strong></span> <span class='ocrx_word' id='word_1_48' title='bbox 2142 745 2198 792; x_wconf 88' lang='lat' dir='ltr'><strong>et</strong></span> 
     </span>
    </p>
   </div>
   <div class='ocr_carea' id='block_1_7' title="bbox 613 826 2196 899">
    <p class='ocr_par' dir='ltr' id='par_1_7' title="bbox 613 826 2196 899">
     <span class='ocr_line' id='line_1_7' title="bbox 613 826 2196 899; baseline -0.001 -14"><span class='ocrx_word' id='word_1_49' title='bbox 613 830 752 899; x_wconf 88' lang='lat' dir='ltr'><strong>apud</strong></span> <span class='ocrx_word' id='word_1_50' title='bbox 774 829 1170 884; x_wconf 86' lang='lat' dir='ltr'><strong>sanctissimum</strong></span> <span class='ocrx_word' id='word_1_51' title='bbox 1202 838 1256 883; x_wconf 86' lang='lat' dir='ltr'><strong>et</strong></span> <span class='ocrx_word' id='word_1_52' title='bbox 1296 828 1661 883; x_wconf 87' lang='lat' dir='ltr'><strong>beatissimum</strong></span> <span class='ocrx_word' id='word_1_53' title='bbox 1690 826 2064 889; x_wconf 79' lang='lat' dir='ltr'><strong>Athanasium.</strong></span> <span class='ocrx_word' id='word_1_54' title='bbox 2106 830 2196 897; x_wconf 87' lang='lat' dir='ltr'><strong>qui</strong></span> 
     </span>
    </p>
   </div>
   <div class='ocr_carea' id='block_1_8' title="bbox 614 920 2191 990">
    <p class='ocr_par' dir='ltr' id='par_1_8' title="bbox 614 920 2191 990">
     <span class='ocr_line' id='line_1_8' title="bbox 614 920 2191 990; baseline -0.001 -13"><span class='ocrx_word' id='word_1_55' title='bbox 614 924 781 977; x_wconf 90' lang='lat' dir='ltr'><strong>millia</strong></span> <span class='ocrx_word' id='word_1_56' title='bbox 814 922 1039 976; x_wconf 87' lang='lat' dir='ltr'><strong>millium</strong></span> <span class='ocrx_word' id='word_1_57' title='bbox 1084 923 1437 977; x_wconf 86' lang='lat' dir='ltr'><strong>certaminum</strong></span> <span class='ocrx_word' id='word_1_58' title='bbox 1472 932 1568 989; x_wconf 87' lang='lat' dir='ltr'><strong>pro</strong></span> <span class='ocrx_word' id='word_1_59' title='bbox 1613 920 1938 990; x_wconf 74' lang='lat' dir='ltr'><strong>evangelica</strong></span> <span class='ocrx_word' id='word_1_60' title='bbox 1970 921 2191 989; x_wconf 83' lang='lat' dir='ltr'><strong>dogma-</strong></span> 
     </span>
    </p>
   </div>
   <div class='ocr_carea' id='block_1_9' title="bbox 615 1012 2192 1083">
    <p class='ocr_par' dir='ltr' id='par_1_9' title="bbox 615 1012 2192 1083">
     <span class='ocr_line' id='line_1_9' title="bbox 615 1012 2192 1083; baseline -0.001 -16"><span class='ocrx_word' id='word_1_61' title='bbox 615 1014 757 1069; x_wconf 84' lang='lat' dir='ltr'><strong>tibus</strong></span> <span class='ocrx_word' id='word_1_62' title='bbox 801 1028 991 1083; x_wconf 75' lang='lat' dir='ltr'><strong>passus</strong></span> <span class='ocrx_word' id='word_1_63' title='bbox 1016 1023 1131 1077; x_wconf 87' lang='lat' dir='ltr'><strong>est;</strong></span> <span class='ocrx_word' id='word_1_64' title='bbox 1176 1013 1241 1065; x_wconf 90' lang='lat' dir='ltr'><strong>ad</strong></span> <span class='ocrx_word' id='word_1_65' title='bbox 1286 1012 1398 1066; x_wconf 40' lang='lat' dir='ltr'><strong>hate</strong></span> <span class='ocrx_word' id='word_1_66' title='bbox 1426 1022 1625 1078; x_wconf 88' lang='lat' dir='ltr'><strong>autem,</strong></span> <span class='ocrx_word' id='word_1_67' title='bbox 1658 1020 1716 1065; x_wconf 90' lang='lat' dir='ltr'><strong>et</strong></span> <span class='ocrx_word' id='word_1_68' title='bbox 1744 1012 1882 1081; x_wconf 89' lang='lat' dir='ltr'><strong>apud</strong></span> <span class='ocrx_word' id='word_1_69' title='bbox 1917 1012 2192 1078; x_wconf 84' lang='lat' dir='ltr'><strong>Basilium,</strong></span> 
     </span>
    </p>
   </div>
   <div class='ocr_carea' id='block_1_10' title="bbox 614 1102 2194 1175">
    <p class='ocr_par' dir='ltr' id='par_1_10' title="bbox 614 1102 2194 1175">
     <span class='ocr_line' id='line_1_10' title="bbox 614 1102 2194 1175; baseline -0.003 -14"><span class='ocrx_word' id='word_1_70' title='bbox 614 1115 667 1161; x_wconf 86' lang='lat' dir='ltr'><strong>et</strong></span> <span class='ocrx_word' id='word_1_71' title='bbox 695 1115 977 1175; x_wconf 85' lang='lat' dir='ltr'><strong>utrumque</strong></span> <span class='ocrx_word' id='word_1_72' title='bbox 1007 1103 1344 1172; x_wconf 83' lang='lat' dir='ltr'><strong>Gregorium,</strong></span> <span class='ocrx_word' id='word_1_73' title='bbox 1379 1103 1468 1173; x_wconf 92' lang='lat' dir='ltr'><strong>qui</strong></span> <span class='ocrx_word' id='word_1_74' title='bbox 1499 1102 1738 1173; x_wconf 75' lang='lat' dir='ltr'><strong>ejusdem</strong></span> <span class='ocrx_word' id='word_1_75' title='bbox 1771 1103 2051 1157; x_wconf 62' lang='lat' dir='ltr'><strong>sententias</strong></span> <span class='ocrx_word' id='word_1_76' title='bbox 2082 1103 2194 1157; x_wconf 81' lang='lat' dir='ltr'><strong>fue-</strong></span> 
     </span>
    </p>
   </div>
   <div class='ocr_carea' id='block_1_11' title="bbox 613 1194 2192 1267">
    <p class='ocr_par' dir='ltr' id='par_1_11' title="bbox 613 1194 2192 1267">
     <span class='ocr_line' id='line_1_11' title="bbox 613 1194 2192 1267; baseline -0.004 -13"><span class='ocrx_word' id='word_1_77' title='bbox 613 1207 758 1261; x_wconf 83' lang='lat' dir='ltr'><strong>runt,</strong></span> <span class='ocrx_word' id='word_1_78' title='bbox 790 1208 843 1253; x_wconf 93' lang='lat' dir='ltr'><strong>et</strong></span> <span class='ocrx_word' id='word_1_79' title='bbox 870 1197 1009 1267; x_wconf 91' lang='lat' dir='ltr'><strong>apud</strong></span> <span class='ocrx_word' id='word_1_80' title='bbox 1044 1197 1409 1251; x_wconf 84' lang='lat' dir='ltr'><strong>beatissimum</strong></span> <span class='ocrx_word' id='word_1_81' title='bbox 1446 1195 1778 1260; x_wconf 78' lang='lat' dir='ltr'><strong>Flavianum,</strong></span> <span class='ocrx_word' id='word_1_82' title='bbox 1821 1194 2109 1249; x_wconf 84' lang='lat' dir='ltr'><strong>Diodorum</strong></span> <span class='ocrx_word' id='word_1_83' title='bbox 2138 1201 2192 1248; x_wconf 90' lang='lat' dir='ltr'><strong>et</strong></span> 
     </span>
    </p>
   </div>
   <div class='ocr_carea' id='block_1_12' title="bbox 613 1284 2193 1357">
    <p class='ocr_par' dir='ltr' id='par_1_12' title="bbox 613 1284 2193 1357">
     <span class='ocr_line' id='line_1_12' title="bbox 613 1284 2193 1357; baseline -0.004 -13"><span class='ocrx_word' id='word_1_84' title='bbox 613 1288 897 1355; x_wconf 76' lang='lat' dir='ltr'><strong>Joannem,</strong></span> <span class='ocrx_word' id='word_1_85' title='bbox 939 1288 1026 1357; x_wconf 92' lang='lat' dir='ltr'><strong>qui</strong></span> <span class='ocrx_word' id='word_1_86' title='bbox 1067 1288 1211 1341; x_wconf 87' lang='lat' dir='ltr'><strong>clara</strong></span> <span class='ocrx_word' id='word_1_87' title='bbox 1256 1286 1534 1340; x_wconf 86' lang='lat' dir='ltr'><strong>luminaria</strong></span> <span class='ocrx_word' id='word_1_88' title='bbox 1589 1286 1825 1340; x_wconf 85' lang='lat' dir='ltr'><strong>Orientis</strong></span> <span class='ocrx_word' id='word_1_89' title='bbox 1869 1284 2082 1340; x_wconf 77' lang='lat' dir='ltr'><strong>fuerunt</strong></span> <span class='ocrx_word' id='word_1_90' title='bbox 2116 1294 2193 1338; x_wconf 79' lang='lat' dir='ltr'><strong>to-</strong></span> 
     </span>
    </p>
   </div>
   <div class='ocr_carea' id='block_1_13' title="bbox 615 1376 2191 1447">
    <p class='ocr_par' dir='ltr' id='par_1_13' title="bbox 615 1376 2191 1447">
     <span class='ocr_line' id='line_1_13' title="bbox 615 1376 2191 1447; baseline -0.004 -12"><span class='ocrx_word' id='word_1_91' title='bbox 615 1382 755 1447; x_wconf 88' lang='lat' dir='ltr'><strong>tius;</strong></span> <span class='ocrx_word' id='word_1_92' title='bbox 807 1396 1015 1435; x_wconf 85' lang='lat' dir='ltr'><strong>rursum</strong></span> <span class='ocrx_word' id='word_1_93' title='bbox 1063 1389 1240 1434; x_wconf 89' lang='lat' dir='ltr'><strong>autem</strong></span> <span class='ocrx_word' id='word_1_94' title='bbox 1274 1387 1327 1432; x_wconf 89' lang='lat' dir='ltr'><strong>et</strong></span> <span class='ocrx_word' id='word_1_95' title='bbox 1352 1377 1494 1446; x_wconf 86' lang='lat' dir='ltr'><strong>apud</strong></span> <span class='ocrx_word' id='word_1_96' title='bbox 1543 1376 1912 1432; x_wconf 89' lang='lat' dir='ltr'><strong>beatissimum</strong></span> <span class='ocrx_word' id='word_1_97' title='bbox 1958 1376 2191 1431; x_wconf 82' lang='lat' dir='ltr'><strong>Ambro-</strong></span> 
     </span>
    </p>
   </div>
   <div class='ocr_carea' id='block_1_14' title="bbox 614 1471 2189 1543">
    <p class='ocr_par' dir='ltr' id='par_1_14' title="bbox 614 1471 2189 1543">
     <span class='ocr_line' id='line_1_14' title="bbox 614 1471 2189 1543; baseline -0.002 -15"><span class='ocrx_word' id='word_1_98' title='bbox 614 1474 774 1537; x_wconf 85' lang='lat' dir='ltr'><strong>sium,</strong></span> <span class='ocrx_word' id='word_1_99' title='bbox 798 1473 885 1543; x_wconf 88' lang='lat' dir='ltr'><strong>qui</strong></span> <span class='ocrx_word' id='word_1_100' title='bbox 908 1487 1096 1526; x_wconf 90' lang='lat' dir='ltr'><strong>omnes</strong></span> <span class='ocrx_word' id='word_1_101' title='bbox 1118 1481 1297 1543; x_wconf 87' lang='lat' dir='ltr'><strong>partes</strong></span> <span class='ocrx_word' id='word_1_102' title='bbox 1319 1471 1602 1539; x_wconf 80' lang='lat' dir='ltr'><strong>Hesperias</strong></span> <span class='ocrx_word' id='word_1_103' title='bbox 1626 1472 1936 1536; x_wconf 83' lang='lat' dir='ltr'><strong>illustravit;</strong></span> <span class='ocrx_word' id='word_1_104' title='bbox 1969 1480 2023 1524; x_wconf 90' lang='lat' dir='ltr'><strong>et</strong></span> <span class='ocrx_word' id='word_1_105' title='bbox 2049 1471 2189 1540; x_wconf 89' lang='lat' dir='ltr'><strong>apud</strong></span> 
     </span>
    </p>
   </div>
   <div class='ocr_carea' id='block_1_15' title="bbox 611 1560 2188 1631">
    <p class='ocr_par' dir='ltr' id='par_1_15' title="bbox 611 1560 2188 1631">
     <span class='ocr_line' id='line_1_15' title="bbox 611 1560 2188 1631; baseline -0.001 -14"><span class='ocrx_word' id='word_1_106' title='bbox 611 1563 979 1617; x_wconf 87' lang='lat' dir='ltr'><strong>beatissimum</strong></span> <span class='ocrx_word' id='word_1_107' title='bbox 1032 1560 1465 1629; x_wconf 82' lang='lat' dir='ltr'><strong>Amphilochium</strong></span> <span class='ocrx_word' id='word_1_108' title='bbox 1510 1560 1949 1631; x_wconf 78' lang='lat' dir='ltr'><strong>probatissimum</strong></span> <span class='ocrx_word' id='word_1_109' title='bbox 1999 1561 2188 1617; x_wconf 88' lang='lat' dir='ltr'><strong>docto-</strong></span> 
     </span>
    </p>
   </div>
   <div class='ocr_carea' id='block_1_16' title="bbox 611 1651 2186 1721">
    <p class='ocr_par' dir='ltr' id='par_1_16' title="bbox 611 1651 2186 1721">
     <span class='ocr_line' id='line_1_16' title="bbox 611 1651 2186 1721; baseline -0.002 -12"><span class='ocrx_word' id='word_1_110' title='bbox 611 1669 755 1716; x_wconf 82' lang='lat' dir='ltr'><strong>rem.</strong></span> <span class='ocrx_word' id='word_1_111' title='bbox 781 1669 879 1708; x_wconf 86' lang='lat' dir='ltr'><strong>nec</strong></span> <span class='ocrx_word' id='word_1_112' title='bbox 904 1668 1009 1707; x_wconf 89' lang='lat' dir='ltr'><strong>non</strong></span> <span class='ocrx_word' id='word_1_113' title='bbox 1037 1660 1090 1707; x_wconf 89' lang='lat' dir='ltr'><strong>et</strong></span> <span class='ocrx_word' id='word_1_114' title='bbox 1118 1651 1256 1721; x_wconf 89' lang='lat' dir='ltr'><strong>apud</strong></span> <span class='ocrx_word' id='word_1_115' title='bbox 1289 1652 1499 1707; x_wconf 90' lang='lat' dir='ltr'><strong>beatum</strong></span> <span class='ocrx_word' id='word_1_116' title='bbox 1524 1651 1757 1705; x_wconf 80' lang='lat' dir='ltr'><strong>Atticum</strong></span> <span class='ocrx_word' id='word_1_117' title='bbox 1780 1659 1925 1705; x_wconf 89' lang='lat' dir='ltr'><strong>tuum</strong></span> <span class='ocrx_word' id='word_1_118' title='bbox 1960 1661 2186 1720; x_wconf 86' lang='lat' dir='ltr'><strong>patrem,</strong></span> 
     </span>
    </p>
   </div>
   <div class='ocr_carea' id='block_1_17' title="bbox 2297 456 3837 532">
    <p class='ocr_par' dir='ltr' id='par_1_17' title="bbox 2297 456 3837 532">
     <span class='ocr_line' id='line_1_17' title="bbox 2297 456 3837 532; baseline 0.006 -18"><span class='ocrx_word' id='word_1_119' title='bbox 2297 459 2434 514; x_wconf 91' lang='lat' dir='ltr'><strong>stola</strong></span> <span class='ocrx_word' id='word_1_120' title='bbox 2458 458 2560 513; x_wconf 77' lang='lat' dir='ltr'><strong>Iba:</strong></span> <span class='ocrx_word' id='word_1_121' title='bbox 2582 458 2740 527; x_wconf 87' lang='lat' dir='ltr'><strong>impia</strong></span> <span class='ocrx_word' id='word_1_122' title='bbox 2760 456 3051 528; x_wconf 82' lang='lat' dir='ltr'><strong>judicatur,</strong></span> <span class='ocrx_word' id='word_1_123' title='bbox 3075 459 3213 528; x_wconf 90' lang='lat' dir='ltr'><strong>quod</strong></span> <span class='ocrx_word' id='word_1_124' title='bbox 3236 459 3363 529; x_wconf 86' lang='lat' dir='ltr'><strong>ejus</strong></span> <span class='ocrx_word' id='word_1_125' title='bbox 3386 459 3531 515; x_wconf 80' lang='lat' dir='ltr'><strong>leves</strong></span> <span class='ocrx_word' id='word_1_126' title='bbox 3555 464 3837 532; x_wconf 75' lang='lat' dir='ltr'><strong>suspiciones</strong></span> 
     </span>
    </p>
   </div>
   <div class='ocr_carea' id='block_1_18' title="bbox 2297 549 3834 620">
    <p class='ocr_par' dir='ltr' id='par_1_18' title="bbox 2297 549 3834 620">
     <span class='ocr_line' id='line_1_18' title="bbox 2297 549 3834 620; baseline 0.007 -17"><span class='ocrx_word' id='word_1_127' title='bbox 2297 552 2364 605; x_wconf 89' lang='lat' dir='ltr'><strong>de</strong></span> <span class='ocrx_word' id='word_1_128' title='bbox 2393 549 2550 605; x_wconf 88' lang='lat' dir='ltr'><strong>beato</strong></span> <span class='ocrx_word' id='word_1_129' title='bbox 2592 550 2795 620; x_wconf 82' lang='lat' dir='ltr'><strong>Cyrillo</strong></span> <span class='ocrx_word' id='word_1_130' title='bbox 2833 551 3127 611; x_wconf 87' lang='lat' dir='ltr'><strong>contineat.</strong></span> <span class='ocrx_word' id='word_1_131' title='bbox 3173 552 3377 606; x_wconf 86' lang='lat' dir='ltr'><strong>nedum</strong></span> <span class='ocrx_word' id='word_1_132' title='bbox 3429 552 3655 609; x_wconf 81' lang='lat' dir='ltr'><strong>Joannes</strong></span> <span class='ocrx_word' id='word_1_133' title='bbox 3680 556 3834 614; x_wconf 81' lang='lat' dir='ltr'><strong>Antio-</strong></span> 
     </span>
    </p>
   </div>
   <div class='ocr_carea' id='block_1_19' title="bbox 2296 641 3835 713">
    <p class='ocr_par' dir='ltr' id='par_1_19' title="bbox 2296 641 3835 713">
     <span class='ocr_line' id='line_1_19' title="bbox 2296 641 3835 713; baseline 0.005 -18"><span class='ocrx_word' id='word_1_134' title='bbox 2296 641 2501 695; x_wconf 89' lang='lat' dir='ltr'><strong>chenus</strong></span> <span class='ocrx_word' id='word_1_135' title='bbox 2532 649 2589 695; x_wconf 91' lang='lat' dir='ltr'><strong>et</strong></span> <span class='ocrx_word' id='word_1_136' title='bbox 2608 653 2796 697; x_wconf 83' lang='lat' dir='ltr'><strong>omnes</strong></span> <span class='ocrx_word' id='word_1_137' title='bbox 2822 642 3111 695; x_wconf 79' lang='lat' dir='ltr'><strong>orientales</strong></span> <span class='ocrx_word' id='word_1_138' title='bbox 3137 643 3408 711; x_wconf 80' lang='lat' dir='ltr'><strong>episcopi,</strong></span> <span class='ocrx_word' id='word_1_139' title='bbox 3442 643 3652 713; x_wconf 82' lang='lat' dir='ltr'><strong>majoris</strong></span> <span class='ocrx_word' id='word_1_140' title='bbox 3672 646 3835 703; x_wconf 83' lang='lat' dir='ltr'><strong>incon:-</strong></span> 
     </span>
    </p>
   </div>
   <div class='ocr_carea' id='block_1_20' title="bbox 2298 731 3836 811">
    <p class='ocr_par' dir='ltr' id='par_1_20' title="bbox 2298 731 3836 811">
     <span class='ocr_line' id='line_1_20' title="bbox 2298 731 3836 811; baseline 0.007 -26"><span class='ocrx_word' id='word_1_141' title='bbox 2298 733 2613 803; x_wconf 86' lang='lat' dir='ltr'><strong>parabiliter</strong></span> <span class='ocrx_word' id='word_1_142' title='bbox 2659 731 2947 801; x_wconf 85' lang='lat' dir='ltr'><strong>impietatis</strong></span> <span class='ocrx_word' id='word_1_143' title='bbox 2989 735 3241 803; x_wconf 78' lang='lat' dir='ltr'><strong>arguendi</strong></span> <span class='ocrx_word' id='word_1_144' title='bbox 3293 735 3531 811; x_wconf 79' lang='lat' dir='ltr'><strong>fuerant,</strong></span> <span class='ocrx_word' id='word_1_145' title='bbox 3563 738 3646 805; x_wconf 90' lang='lat' dir='ltr'><strong>qui</strong></span> <span class='ocrx_word' id='word_1_146' title='bbox 3686 741 3836 796; x_wconf 85' lang='lat' dir='ltr'><strong>sedqu</strong></span> 
     </span>
    </p>
   </div>
   <div class='ocr_carea' id='block_1_21' title="bbox 2296 824 3835 896">
    <p class='ocr_par' dir='ltr' id='par_1_21' title="bbox 2296 824 3835 896">
     <span class='ocr_line' id='line_1_21' title="bbox 2296 824 3835 896; baseline 0.005 -18"><span class='ocrx_word' id='word_1_147' title='bbox 2296 830 2523 878; x_wconf 87' lang='lat' dir='ltr'><strong>tractatu</strong></span> <span class='ocrx_word' id='word_1_148' title='bbox 2549 824 2599 875; x_wconf 92' lang='lat' dir='ltr'><strong>in</strong></span> <span class='ocrx_word' id='word_1_149' title='bbox 2631 824 2917 878; x_wconf 88' lang='lat' dir='ltr'><strong>concilium</strong></span> <span class='ocrx_word' id='word_1_150' title='bbox 2948 826 3286 896; x_wconf 76' lang='lat' dir='ltr'><strong>congregati,</strong></span> <span class='ocrx_word' id='word_1_151' title='bbox 3319 835 3507 881; x_wconf 86' lang='lat' dir='ltr'><strong>tantos</strong></span> <span class='ocrx_word' id='word_1_152' title='bbox 3536 842 3595 882; x_wconf 90' lang='lat' dir='ltr'><strong>ac</strong></span> <span class='ocrx_word' id='word_1_153' title='bbox 3623 830 3738 886; x_wconf 81' lang='lat' dir='ltr'><strong>tales</strong></span> <span class='ocrx_word' id='word_1_154' title='bbox 3761 834 3835 887; x_wconf 70' lang='lat' dir='ltr'><strong>Pa-</strong></span> 
     </span>
    </p>
   </div>
   <div class='ocr_carea' id='block_1_22' title="bbox 2296 914 3831 981">
    <p class='ocr_par' dir='ltr' id='par_1_22' title="bbox 2296 914 3831 981">
     <span class='ocr_line' id='line_1_22' title="bbox 2296 914 3831 981; baseline 0.007 -14"><span class='ocrx_word' id='word_1_155' title='bbox 2296 921 2405 967; x_wconf 88' lang='lat' dir='ltr'><strong>tres</strong></span> <span class='ocrx_word' id='word_1_156' title='bbox 2430 914 2744 968; x_wconf 85' lang='lat' dir='ltr'><strong>nominatim</strong></span> <span class='ocrx_word' id='word_1_157' title='bbox 2767 914 3135 981; x_wconf 86' lang='lat' dir='ltr'><strong>criminantes,</strong></span> <span class='ocrx_word' id='word_1_158' title='bbox 3162 924 3216 971; x_wconf 91' lang='lat' dir='ltr'><strong>et</strong></span> <span class='ocrx_word' id='word_1_159' title='bbox 3242 916 3387 972; x_wconf 89' lang='lat' dir='ltr'><strong>alios</strong></span> <span class='ocrx_word' id='word_1_160' title='bbox 3410 925 3468 972; x_wconf 89' lang='lat' dir='ltr'><strong>ut</strong></span> <span class='ocrx_word' id='word_1_161' title='bbox 3493 917 3622 974; x_wconf 81' lang='lat' dir='ltr'><strong>dixit</strong></span> <span class='ocrx_word' id='word_1_162' title='bbox 3641 920 3662 953; x_wconf 83' lang='grc'><strong><em>³</em></strong></span> <span class='ocrx_word' id='word_1_163' title='bbox 3684 921 3831 978; x_wconf 82' lang='lat' dir='ltr'><strong>decem</strong></span> 
     </span>
    </p>
   </div>
   <div class='ocr_carea' id='block_1_23' title="bbox 2295 1004 3832 1078">
    <p class='ocr_par' dir='ltr' id='par_1_23' title="bbox 2295 1004 3832 1078">
     <span class='ocr_line' id='line_1_23' title="bbox 2295 1004 3832 1078; baseline 0.007 -19"><span class='ocrx_word' id='word_1_164' title='bbox 2295 1004 2482 1068; x_wconf 84' lang='lat' dir='ltr'><strong>millia,</strong></span> <span class='ocrx_word' id='word_1_165' title='bbox 2519 1020 2755 1060; x_wconf 85' lang='lat' dir='ltr'><strong>consona</strong></span> <span class='ocrx_word' id='word_1_166' title='bbox 2785 1005 3093 1071; x_wconf 87' lang='lat' dir='ltr'><strong>Theodoro,</strong></span> <span class='ocrx_word' id='word_1_167' title='bbox 3123 1023 3284 1078; x_wconf 86' lang='lat' dir='ltr'><strong>quem</strong></span> <span class='ocrx_word' id='word_1_168' title='bbox 3335 1007 3423 1063; x_wconf 90' lang='lat' dir='ltr'><strong>isti</strong></span> <span class='ocrx_word' id='word_1_169' title='bbox 3451 1009 3631 1066; x_wconf 88' lang='lat' dir='ltr'><strong>dicunt</strong></span> <span class='ocrx_word' id='word_1_170' title='bbox 3655 1011 3674 1041; x_wconf 76' lang='grc'><strong>⁸</strong></span> <span class='ocrx_word' id='word_1_171' title='bbox 3700 1014 3832 1070; x_wconf 78' lang='lat' dir='ltr'><strong>luere-</strong></span> 
     </span>
    </p>
   </div>
   <div class='ocr_carea' id='block_1_24' title="bbox 2294 1098 3831 1176">
    <p class='ocr_par' dir='ltr' id='par_1_24' title="bbox 2294 1098 3831 1176">
     <span class='ocr_line' id='line_1_24' title="bbox 2294 1098 3831 1176; baseline 0.006 -23"><span class='ocrx_word' id='word_1_172' title='bbox 2294 1098 2456 1153; x_wconf 89' lang='lat' dir='ltr'><strong>ticum</strong></span> <span class='ocrx_word' id='word_1_173' title='bbox 2486 1140 2499 1165; x_wconf 91' lang='lat'><strong>,</strong></span> <span class='ocrx_word' id='word_1_174' title='bbox 2544 1102 2825 1169; x_wconf 82' lang='lat' dir='ltr'><strong>scripsisse</strong></span> <span class='ocrx_word' id='word_1_175' title='bbox 2870 1100 3151 1155; x_wconf 71' lang='lat' dir='ltr'><strong>ﬁnxerunt.</strong></span> <span class='ocrx_word' id='word_1_176' title='bbox 3186 1102 3292 1168; x_wconf 85' lang='lat' dir='ltr'><strong>Qui</strong></span> <span class='ocrx_word' id='word_1_177' title='bbox 3325 1104 3346 1134; x_wconf 82' lang='grc'><strong><em>⁵</em></strong></span> <span class='ocrx_word' id='word_1_178' title='bbox 3375 1102 3681 1159; x_wconf 81' lang='lat' dir='ltr'><strong>Theodorus</strong></span> <span class='ocrx_word' id='word_1_179' title='bbox 3716 1106 3831 1176; x_wconf 72' lang='lat' dir='ltr'><strong>Mop-</strong></span> 
     </span>
    </p>
   </div>
   <div class='ocr_carea' id='block_1_25' title="bbox 2293 1191 3829 1264">
    <p class='ocr_par' dir='ltr' id='par_1_25' title="bbox 2293 1191 3829 1264">
     <span class='ocr_line' id='line_1_25' title="bbox 2293 1191 3829 1264; baseline 0.005 -20"><span class='ocrx_word' id='word_1_180' title='bbox 2293 1201 2576 1246; x_wconf 87' lang='lat' dir='ltr'><strong>suesteuus</strong></span> <span class='ocrx_word' id='word_1_181' title='bbox 2606 1191 2766 1246; x_wconf 87' lang='lat' dir='ltr'><strong>aliter</strong></span> <span class='ocrx_word' id='word_1_182' title='bbox 2794 1206 2823 1245; x_wconf 88' lang='lat' dir='ltr'><strong>a</strong></span> <span class='ocrx_word' id='word_1_183' title='bbox 2855 1193 3062 1263; x_wconf 83' lang='lat' dir='ltr'><strong>synodo</strong></span> <span class='ocrx_word' id='word_1_184' title='bbox 3089 1192 3528 1249; x_wconf 88' lang='lat' dir='ltr'><strong>Chalcedonensi</strong></span> <span class='ocrx_word' id='word_1_185' title='bbox 3554 1194 3687 1264; x_wconf 87' lang='lat' dir='ltr'><strong>juste</strong></span> <span class='ocrx_word' id='word_1_186' title='bbox 3716 1196 3829 1252; x_wconf 59' lang='lat' dir='ltr'><strong>dam.</strong></span> 
     </span>
    </p>
   </div>
   <div class='ocr_carea' id='block_1_26' title="bbox 2293 1285 3828 1357">
    <p class='ocr_par' dir='ltr' id='par_1_26' title="bbox 2293 1285 3828 1357">
     <span class='ocr_line' id='line_1_26' title="bbox 2293 1285 3828 1357; baseline 0.004 -20"><span class='ocrx_word' id='word_1_187' title='bbox 2293 1285 2408 1337; x_wconf 88' lang='lat' dir='ltr'><strong>nari</strong></span> <span class='ocrx_word' id='word_1_188' title='bbox 2452 1300 2559 1338; x_wconf 88' lang='lat' dir='ltr'><strong>non</strong></span> <span class='ocrx_word' id='word_1_189' title='bbox 2591 1295 2793 1353; x_wconf 60' lang='lat' dir='ltr'><strong>posset,</strong></span> <span class='ocrx_word' id='word_1_190' title='bbox 2827 1285 2928 1340; x_wconf 83' lang='lat' dir='ltr'><strong>nisi</strong></span> <span class='ocrx_word' id='word_1_191' title='bbox 2959 1294 3051 1339; x_wconf 86' lang='lat' dir='ltr'><strong>aut</strong></span> <span class='ocrx_word' id='word_1_192' title='bbox 3100 1301 3222 1341; x_wconf 92' lang='lat' dir='ltr'><strong>eum</strong></span> <span class='ocrx_word' id='word_1_193' title='bbox 3255 1285 3471 1357; x_wconf 84' lang='lat' dir='ltr'><strong>lgnatio</strong></span> <span class='ocrx_word' id='word_1_194' title='bbox 3502 1295 3751 1356; x_wconf 78' lang='lat' dir='ltr'><strong>martyre,</strong></span> <span class='ocrx_word' id='word_1_195' title='bbox 3787 1298 3828 1343; x_wconf 84' lang='lat' dir='ltr'><strong>et</strong></span> 
     </span>
    </p>
   </div>
   <div class='ocr_carea' id='block_1_27' title="bbox 2290 1377 3827 1449">
    <p class='ocr_par' dir='ltr' id='par_1_27' title="bbox 2290 1377 3827 1449">
     <span class='ocr_line' id='line_1_27' title="bbox 2290 1377 3827 1449; baseline -0.001 -19"><span class='ocrx_word' id='word_1_196' title='bbox 2290 1377 2500 1430; x_wconf 61' lang='lat' dir='ltr'><strong>ceteris</strong></span> <span class='ocrx_word' id='word_1_197' title='bbox 2526 1391 2648 1431; x_wconf 91' lang='lat' dir='ltr'><strong>cum</strong></span> <span class='ocrx_word' id='word_1_198' title='bbox 2682 1393 2747 1431; x_wconf 92' lang='lat' dir='ltr'><strong>eo</strong></span> <span class='ocrx_word' id='word_1_199' title='bbox 2788 1379 3224 1433; x_wconf 84' lang='lat' dir='ltr'><strong>commemoratis</strong></span> <span class='ocrx_word' id='word_1_200' title='bbox 3264 1378 3669 1449; x_wconf 79' lang='lat' dir='ltr'><strong>gloriosissimis</strong></span> <span class='ocrx_word' id='word_1_201' title='bbox 3695 1377 3827 1431; x_wconf 73' lang='lat' dir='ltr'><strong>Patri-</strong></span> 
     </span>
    </p>
   </div>
   <div class='ocr_carea' id='block_1_28' title="bbox 2291 1465 3826 1539">
    <p class='ocr_par' dir='ltr' id='par_1_28' title="bbox 2291 1465 3826 1539">
     <span class='ocr_line' id='line_1_28' title="bbox 2291 1465 3826 1539; baseline 0.004 -20"><span class='ocrx_word' id='word_1_202' title='bbox 2291 1465 2408 1530; x_wconf 89' lang='lat' dir='ltr'><strong>bus,</strong></span> <span class='ocrx_word' id='word_1_203' title='bbox 2450 1470 2494 1520; x_wconf 91' lang='lat' dir='ltr'><strong>sl</strong></span> <span class='ocrx_word' id='word_1_204' title='bbox 2536 1481 2768 1523; x_wconf 81' lang='lat' dir='ltr'><strong>consona</strong></span> <span class='ocrx_word' id='word_1_205' title='bbox 2796 1469 3031 1525; x_wconf 89' lang='lat' dir='ltr'><strong>decretis</strong></span> <span class='ocrx_word' id='word_1_206' title='bbox 3059 1470 3078 1500; x_wconf 88' lang='grc'>⁶</span> <span class='ocrx_word' id='word_1_207' title='bbox 3109 1469 3439 1539; x_wconf 81' lang='lat' dir='ltr'><strong>quibusdam</strong></span> <span class='ocrx_word' id='word_1_208' title='bbox 3490 1469 3604 1536; x_wconf 91' lang='lat' dir='ltr'><strong>ejus</strong></span> <span class='ocrx_word' id='word_1_209' title='bbox 3631 1471 3826 1539; x_wconf 76' lang='lat' dir='ltr'><strong>capitulis</strong></span> 
     </span>
    </p>
   </div>
   <div class='ocr_carea' id='block_1_29' title="bbox 2290 1561 3826 1630">
    <p class='ocr_par' dir='ltr' id='par_1_29' title="bbox 2290 1561 3826 1630">
     <span class='ocr_line' id='line_1_29' title="bbox 2290 1561 3826 1630; baseline 0.002 -17"><span class='ocrx_word' id='word_1_210' title='bbox 2290 1561 2765 1630; x_wconf 87' lang='lat' dir='ltr'><strong>conscripserunt;</strong></span> <span class='ocrx_word' id='word_1_211' title='bbox 2816 1572 2907 1616; x_wconf 91' lang='lat' dir='ltr'><strong>aut</strong></span> <span class='ocrx_word' id='word_1_212' title='bbox 2931 1578 3051 1618; x_wconf 91' lang='lat' dir='ltr'><strong>eum</strong></span> <span class='ocrx_word' id='word_1_213' title='bbox 3075 1563 3281 1618; x_wconf 87' lang='lat' dir='ltr'><strong>Joanne</strong></span> <span class='ocrx_word' id='word_1_214' title='bbox 3319 1562 3654 1623; x_wconf 81' lang='lat' dir='ltr'><strong>Antiocheno</strong></span> <span class='ocrx_word' id='word_1_215' title='bbox 3678 1573 3719 1617; x_wconf 89' lang='lat' dir='ltr'><strong>et</strong></span> <span class='ocrx_word' id='word_1_216' title='bbox 3742 1578 3826 1617; x_wconf 87' lang='lat' dir='ltr'><strong>om-</strong></span> 
     </span>
    </p>
   </div>
   <div class='ocr_carea' id='block_1_30' title="bbox 2292 1651 3824 1723">
    <p class='ocr_par' dir='ltr' id='par_1_30' title="bbox 2292 1651 3824 1723">
     <span class='ocr_line' id='line_1_30' title="bbox 2292 1651 3824 1723; baseline 0.003 -19"><span class='ocrx_word' id='word_1_217' title='bbox 2292 1651 2456 1705; x_wconf 87' lang='lat' dir='ltr'><strong>nibus</strong></span> <span class='ocrx_word' id='word_1_218' title='bbox 2484 1654 2834 1708; x_wconf 86' lang='lat' dir='ltr'><strong>orientalibus</strong></span> <span class='ocrx_word' id='word_1_219' title='bbox 2870 1654 3138 1723; x_wconf 73' lang='lat' dir='ltr'><strong>episcopis</strong></span> <span class='ocrx_word' id='word_1_220' title='bbox 3165 1697 3180 1721; x_wconf 95' lang='lat'><strong>,</strong></span> <span class='ocrx_word' id='word_1_221' title='bbox 3230 1656 3274 1709; x_wconf 91' lang='lat' dir='ltr'><strong>si</strong></span> <span class='ocrx_word' id='word_1_222' title='bbox 3308 1669 3407 1710; x_wconf 82' lang='lat' dir='ltr'><strong>eos</strong></span> <span class='ocrx_word' id='word_1_223' title='bbox 3438 1669 3667 1710; x_wconf 86' lang='lat' dir='ltr'><strong>consona</strong></span> <span class='ocrx_word' id='word_1_224' title='bbox 3693 1655 3824 1709; x_wconf 84' lang='lat' dir='ltr'><strong>Theo-</strong></span> 
     </span>
    </p>
   </div>
   <div class='ocr_carea' id='block_1_31' title="bbox 609 1739 3825 1815">
    <p class='ocr_par' dir='ltr' id='par_1_31' title="bbox 609 1739 3825 1815">
     <span class='ocr_line' id='line_1_31' title="bbox 609 1739 3825 1815; baseline -0.001 -13"><span class='ocrx_word' id='word_1_225' title='bbox 609 1755 665 1802; x_wconf 87' lang='lat' dir='ltr'><strong>et</strong></span> <span class='ocrx_word' id='word_1_226' title='bbox 704 1744 842 1815; x_wconf 89' lang='lat' dir='ltr'><strong>apud</strong></span> <span class='ocrx_word' id='word_1_227' title='bbox 871 1745 1002 1798; x_wconf 86' lang='lat' dir='ltr'><strong>alios</strong></span> <span class='ocrx_word' id='word_1_228' title='bbox 1032 1744 1218 1799; x_wconf 86' lang='lat' dir='ltr'><strong>decem</strong></span> <span class='ocrx_word' id='word_1_229' title='bbox 1244 1742 1428 1809; x_wconf 89' lang='lat' dir='ltr'><strong>millia,</strong></span> <span class='ocrx_word' id='word_1_230' title='bbox 1474 1749 1531 1795; x_wconf 88' lang='lat' dir='ltr'><strong>nt</strong></span> <span class='ocrx_word' id='word_1_231' title='bbox 1567 1758 1672 1795; x_wconf 81' lang='lat' dir='ltr'><strong>non</strong></span> <span class='ocrx_word' id='word_1_232' title='bbox 1704 1741 1944 1811; x_wconf 83' lang='lat' dir='ltr'><strong>singulos</strong></span> <span class='ocrx_word' id='word_1_233' title='bbox 1975 1755 2194 1811; x_wconf 87' lang='lat' dir='ltr'><strong>percur-</strong></span> <span class='ocrx_word' id='word_1_234' title='bbox 2224 1750 2269 1809; x_wconf 79' lang='grc' dir='ltr'><strong>Β</strong></span> <span class='ocrx_word' id='word_1_235' title='bbox 2295 1739 2431 1795; x_wconf 92' lang='lat' dir='ltr'><strong>doro</strong></span> <span class='ocrx_word' id='word_1_236' title='bbox 2457 1744 2741 1811; x_wconf 86' lang='lat' dir='ltr'><strong>scripsisse</strong></span> <span class='ocrx_word' id='word_1_237' title='bbox 2767 1746 2979 1799; x_wconf 89' lang='lat' dir='ltr'><strong>mentiti</strong></span> <span class='ocrx_word' id='word_1_238' title='bbox 3006 1753 3151 1801; x_wconf 90' lang='lat' dir='ltr'><strong>sunt.</strong></span> <span class='ocrx_word' id='word_1_239' title='bbox 3184 1744 3391 1801; x_wconf 76' lang='lat' dir='ltr'><strong>Verum</strong></span> <span class='ocrx_word' id='word_1_240' title='bbox 3434 1760 3535 1801; x_wconf 90' lang='lat' dir='ltr'><strong>nec</strong></span> <span class='ocrx_word' id='word_1_241' title='bbox 3560 1746 3675 1800; x_wconf 90' lang='lat' dir='ltr'><strong>illud</strong></span> <span class='ocrx_word' id='word_1_242' title='bbox 3709 1748 3825 1799; x_wconf 84' lang='lat' dir='ltr'><strong>omit-</strong></span> 
     </span>
    </p>
   </div>
   <div class='ocr_carea' id='block_1_32' title="bbox 608 1834 2191 1904">
    <p class='ocr_par' dir='ltr' id='par_1_32' title="bbox 608 1834 2191 1904">
     <span class='ocr_line' id='line_1_32' title="bbox 608 1834 2191 1904; baseline -0.001 -12"><span class='ocrx_word' id='word_1_243' title='bbox 608 1853 829 1903; x_wconf 74' lang='lat' dir='ltr'><strong>tamus,</strong></span> <span class='ocrx_word' id='word_1_244' title='bbox 875 1850 1111 1892; x_wconf 86' lang='lat' dir='ltr'><strong>consona</strong></span> <span class='ocrx_word' id='word_1_245' title='bbox 1152 1834 1422 1904; x_wconf 86' lang='lat' dir='ltr'><strong>decerptis</strong></span> <span class='ocrx_word' id='word_1_246' title='bbox 1462 1836 1545 1889; x_wconf 88' lang='lat' dir='ltr'><strong>his</strong></span> <span class='ocrx_word' id='word_1_247' title='bbox 1590 1835 1837 1904; x_wconf 88' lang='lat' dir='ltr'><strong>capitulis</strong></span> <span class='ocrx_word' id='word_1_248' title='bbox 1869 1834 2191 1891; x_wconf 71' lang='lat' dir='ltr'><strong>invenimus.</strong></span> 
     </span>
    </p>
   </div>
   <div class='ocr_carea' id='block_1_33' title="bbox 609 1928 2196 1997">
    <p class='ocr_par' dir='ltr' id='par_1_33' title="bbox 609 1928 2196 1997">
     <span class='ocr_line' id='line_1_33' title="bbox 609 1928 2196 1997; baseline -0.002 -14"><span class='ocrx_word' id='word_1_249' title='bbox 609 1930 810 1997; x_wconf 83' lang='lat' dir='ltr'><strong>Quibus</strong></span> <span class='ocrx_word' id='word_1_250' title='bbox 836 1928 1320 1991; x_wconf 78' lang='lat' dir='ltr'><strong>anathematizatis,</strong></span> <span class='ocrx_word' id='word_1_251' title='bbox 1350 1941 1566 1982; x_wconf 84' lang='lat' dir='ltr'><strong>necesse</strong></span> <span class='ocrx_word' id='word_1_252' title='bbox 1588 1936 1671 1982; x_wconf 87' lang='lat' dir='ltr'><strong>est</strong></span> <span class='ocrx_word' id='word_1_253' title='bbox 1691 1937 1745 1982; x_wconf 90' lang='lat' dir='ltr'><strong>et</strong></span> <span class='ocrx_word' id='word_1_254' title='bbox 1770 1940 1833 1982; x_wconf 90' lang='lat' dir='ltr'><strong>ea</strong></span> <span class='ocrx_word' id='word_1_255' title='bbox 1858 1942 1976 1997; x_wconf 54' lang='lat' dir='ltr'><strong>quae.</strong></span> <span class='ocrx_word' id='word_1_256' title='bbox 1999 1941 2030 1981; x_wconf 89' lang='lat' dir='ltr'><strong>a</strong></span> <span class='ocrx_word' id='word_1_257' title='bbox 2060 1941 2196 1995; x_wconf 73' lang='lat' dir='ltr'><strong>pra:-</strong></span> 
     </span>
    </p>
   </div>
   <div class='ocr_carea' id='block_1_34' title="bbox 609 2018 2194 2089">
    <p class='ocr_par' dir='ltr' id='par_1_34' title="bbox 609 2018 2194 2089">
     <span class='ocr_line' id='line_1_34' title="bbox 609 2018 2194 2089; baseline -0.003 -12"><span class='ocrx_word' id='word_1_258' title='bbox 609 2022 773 2077; x_wconf 80' lang='lat' dir='ltr'><strong>dictis</strong></span> <span class='ocrx_word' id='word_1_259' title='bbox 801 2019 1047 2075; x_wconf 75' lang='lat' dir='ltr'><strong>Patribus</strong></span> <span class='ocrx_word' id='word_1_260' title='bbox 1084 2028 1207 2073; x_wconf 91' lang='lat' dir='ltr'><strong>sunt</strong></span> <span class='ocrx_word' id='word_1_261' title='bbox 1232 2019 1374 2073; x_wconf 85' lang='lat' dir='ltr'><strong>dicta</strong></span> <span class='ocrx_word' id='word_1_262' title='bbox 1416 2020 1717 2087; x_wconf 82' lang='lat' dir='ltr'><strong>complecti.</strong></span> <span class='ocrx_word' id='word_1_263' title='bbox 1750 2021 1814 2073; x_wconf 81' lang='lat' dir='ltr'><strong>Et</strong></span> <span class='ocrx_word' id='word_1_264' title='bbox 1848 2019 1968 2089; x_wconf 89' lang='lat' dir='ltr'><strong>quis</strong></span> <span class='ocrx_word' id='word_1_265' title='bbox 1998 2018 2065 2073; x_wconf 86' lang='lat' dir='ltr'><strong>de</strong></span> <span class='ocrx_word' id='word_1_266' title='bbox 2090 2033 2194 2075; x_wconf 78' lang='lat' dir='ltr'><strong>ca:-</strong></span> 
     </span>
    </p>
   </div>
   <div class='ocr_carea' id='block_1_35' title="bbox 612 2110 2194 2175">
    <p class='ocr_par' dir='ltr' id='par_1_35' title="bbox 612 2110 2194 2175">
     <span class='ocr_line' id='line_1_35' title="bbox 612 2110 2194 2175; baseline -0.003 -7"><span class='ocrx_word' id='word_1_267' title='bbox 612 2121 732 2168; x_wconf 83' lang='lat' dir='ltr'><strong>tero</strong></span> <span class='ocrx_word' id='word_1_268' title='bbox 759 2114 953 2167; x_wconf 89' lang='lat' dir='ltr'><strong>nostris</strong></span> <span class='ocrx_word' id='word_1_269' title='bbox 984 2112 1125 2165; x_wconf 87' lang='lat' dir='ltr'><strong>adsit</strong></span> <span class='ocrx_word' id='word_1_270' title='bbox 1162 2111 1421 2165; x_wconf 89' lang='lat' dir='ltr'><strong>doctrinis</strong></span> <span class='ocrx_word' id='word_1_271' title='bbox 1442 2150 1458 2175; x_wconf 94' lang='lat'><strong>,</strong></span> <span class='ocrx_word' id='word_1_272' title='bbox 1506 2110 1559 2164; x_wconf 92' lang='lat' dir='ltr'><strong>in</strong></span> <span class='ocrx_word' id='word_1_273' title='bbox 1602 2112 1681 2165; x_wconf 90' lang='lat' dir='ltr'><strong>sic</strong></span> <span class='ocrx_word' id='word_1_274' title='bbox 1708 2111 2110 2164; x_wconf 90' lang='lat' dir='ltr'><strong>admirabilibus</strong></span> <span class='ocrx_word' id='word_1_275' title='bbox 2140 2119 2194 2164; x_wconf 91' lang='lat' dir='ltr'><strong>et</strong></span> 
     </span>
    </p>
   </div>
   <div class='ocr_carea' id='block_1_36' title="bbox 611 2199 2193 2270">
    <p class='ocr_par' dir='ltr' id='par_1_36' title="bbox 611 2199 2193 2270">
     <span class='ocr_line' id='line_1_36' title="bbox 611 2199 2193 2270; baseline 0 -15"><span class='ocrx_word' id='word_1_276' title='bbox 611 2201 985 2257; x_wconf 86' lang='lat' dir='ltr'><strong>lamosissimis</strong></span> <span class='ocrx_word' id='word_1_277' title='bbox 1025 2202 1152 2255; x_wconf 90' lang='lat' dir='ltr'><strong>viris</strong></span> <span class='ocrx_word' id='word_1_278' title='bbox 1188 2208 1313 2270; x_wconf 89' lang='lat' dir='ltr'><strong>post</strong></span> <span class='ocrx_word' id='word_1_279' title='bbox 1340 2208 1567 2253; x_wconf 88' lang='lat' dir='ltr'><strong>mortem</strong></span> <span class='ocrx_word' id='word_1_280' title='bbox 1616 2199 1916 2254; x_wconf 74' lang='lat' dir='ltr'><strong>damnatis?</strong></span> <span class='ocrx_word' id='word_1_281' title='bbox 1948 2203 2066 2255; x_wconf 81' lang='lat' dir='ltr'><strong>Non</strong></span> <span class='ocrx_word' id='word_1_282' title='bbox 2098 2215 2193 2255; x_wconf 64' lang='lat' dir='ltr'><strong>no«</strong></span> 
     </span>
    </p>
   </div>
   <div class='ocr_carea' id='block_1_37' title="bbox 610 2293 2193 2362">
    <p class='ocr_par' dir='ltr' id='par_1_37' title="bbox 610 2293 2193 2362">
     <span class='ocr_line' id='line_1_37' title="bbox 610 2293 2193 2362; baseline 0.001 -13"><span class='ocrx_word' id='word_1_283' title='bbox 610 2303 781 2349; x_wconf 76' lang='lat' dir='ltr'><strong>atrum</strong></span> <span class='ocrx_word' id='word_1_284' title='bbox 825 2302 906 2347; x_wconf 89' lang='lat' dir='ltr'><strong>est</strong></span> <span class='ocrx_word' id='word_1_285' title='bbox 943 2308 1105 2362; x_wconf 90' lang='lat' dir='ltr'><strong>ergo,</strong></span> <span class='ocrx_word' id='word_1_286' title='bbox 1151 2294 1399 2362; x_wconf 85' lang='lat' dir='ltr'><strong>gloriosis</strong></span> <span class='ocrx_word' id='word_1_287' title='bbox 1442 2307 1633 2346; x_wconf 87' lang='lat' dir='ltr'><strong>eorum</strong></span> <span class='ocrx_word' id='word_1_288' title='bbox 1664 2293 1753 2361; x_wconf 89' lang='lat' dir='ltr'><strong>qui</strong></span> <span class='ocrx_word' id='word_1_289' title='bbox 1804 2303 2193 2362; x_wconf 69' lang='lat' dir='ltr'><strong>processerunt</strong></span> 
     </span>
    </p>
   </div>
   <div class='ocr_carea' id='block_1_38' title="bbox 610 2380 2190 2459">
    <p class='ocr_par' dir='ltr' id='par_1_38' title="bbox 610 2380 2190 2459">
     <span class='ocr_line' id='line_1_38' title="bbox 610 2380 2190 2459; baseline 0 -15"><span class='ocrx_word' id='word_1_290' title='bbox 610 2388 951 2459; x_wconf 86' lang='lat' dir='ltr'><strong>opinionibus</strong></span> <span class='ocrx_word' id='word_1_291' title='bbox 982 2380 1262 2454; x_wconf 79' lang='lat' dir='ltr'><strong>inSultare,</strong></span> <span class='ocrx_word' id='word_1_292' title='bbox 1296 2402 1467 2456; x_wconf 86' lang='lat' dir='ltr'><strong>neque</strong></span> <span class='ocrx_word' id='word_1_293' title='bbox 1502 2386 1747 2457; x_wconf 84' lang='lat' dir='ltr'><strong>judicare</strong></span> <span class='ocrx_word' id='word_1_294' title='bbox 1780 2403 1874 2443; x_wconf 91' lang='lat' dir='ltr'><strong>eos</strong></span> <span class='ocrx_word' id='word_1_295' title='bbox 1901 2389 1992 2459; x_wconf 90' lang='lat' dir='ltr'><strong>qui</strong></span> <span class='ocrx_word' id='word_1_296' title='bbox 2019 2388 2190 2444; x_wconf 91' lang='lat' dir='ltr'><strong>bono-</strong></span> 
     </span>
    </p>
   </div>
   <div class='ocr_carea' id='block_1_39' title="bbox 611 2478 2192 2549">
    <p class='ocr_par' dir='ltr' id='par_1_39' title="bbox 611 2478 2192 2549">
     <span class='ocr_line' id='line_1_39' title="bbox 611 2478 2192 2549; baseline 0.001 -15"><span class='ocrx_word' id='word_1_297' title='bbox 611 2493 729 2534; x_wconf 82' lang='lat' dir='ltr'><strong>rate</strong></span> <span class='ocrx_word' id='word_1_298' title='bbox 775 2478 1009 2533; x_wconf 79' lang='lat' dir='ltr'><strong>defuncti</strong></span> <span class='ocrx_word' id='word_1_299' title='bbox 1060 2490 1180 2533; x_wconf 87' lang='lat' dir='ltr'><strong>sunt</strong></span> <span class='ocrx_word' id='word_1_300' title='bbox 1210 2520 1225 2545; x_wconf 92' lang='lat'><strong>,</strong></span> <span class='ocrx_word' id='word_1_301' title='bbox 1272 2478 1365 2533; x_wconf 93' lang='lat' dir='ltr'><strong>sed</strong></span> <span class='ocrx_word' id='word_1_302' title='bbox 1415 2479 1582 2534; x_wconf 91' lang='lat' dir='ltr'><strong>solius</strong></span> <span class='ocrx_word' id='word_1_303' title='bbox 1608 2478 1805 2549; x_wconf 77' lang='lat' dir='ltr'><strong>judicia</strong></span> <span class='ocrx_word' id='word_1_304' title='bbox 1855 2479 2097 2533; x_wconf 84' lang='lat' dir='ltr'><strong>vivorum</strong></span> <span class='ocrx_word' id='word_1_305' title='bbox 2136 2488 2192 2535; x_wconf 90' lang='lat' dir='ltr'><strong>et</strong></span> 
     </span>
    </p>
   </div>
   <div class='ocr_carea' id='block_1_40' title="bbox 611 2568 2188 2643">
    <p class='ocr_par' dir='ltr' id='par_1_40' title="bbox 611 2568 2188 2643">
     <span class='ocr_line' id='line_1_40' title="bbox 611 2568 2188 2643; baseline 0.002 -19"><span class='ocrx_word' id='word_1_306' title='bbox 611 2578 965 2625; x_wconf 72' lang='lat' dir='ltr'><strong>mortuorum.</strong></span> <span class='ocrx_word' id='word_1_307' title='bbox 1022 2588 1041 2621; x_wconf 74' lang='grc' dir='ltr'><strong><em>ι</em></strong></span> <span class='ocrx_word' id='word_1_308' title='bbox 1079 2568 1176 2624; x_wconf 85' lang='lat' dir='ltr'><strong>Hie</strong></span> <span class='ocrx_word' id='word_1_309' title='bbox 1223 2569 1402 2625; x_wconf 89' lang='lat' dir='ltr'><strong>doceri</strong></span> <span class='ocrx_word' id='word_1_310' title='bbox 1448 2571 1516 2626; x_wconf 90' lang='lat' dir='ltr'><strong>ab</strong></span> <span class='ocrx_word' id='word_1_311' title='bbox 1568 2572 1917 2643; x_wconf 85' lang='lat' dir='ltr'><strong>Eutycbianis</strong></span> <span class='ocrx_word' id='word_1_312' title='bbox 1956 2573 2188 2640; x_wconf 80' lang='lat' dir='ltr'><strong>vellem,</strong></span> 
     </span>
    </p>
   </div>
   <div class='ocr_carea' id='block_1_41' title="bbox 609 2659 2191 2730">
    <p class='ocr_par' dir='ltr' id='par_1_41' title="bbox 609 2659 2191 2730">
     <span class='ocr_line' id='line_1_41' title="bbox 609 2659 2191 2730; baseline 0.005 -18"><span class='ocrx_word' id='word_1_313' title='bbox 609 2660 735 2729; x_wconf 88' lang='lat' dir='ltr'><strong>quid</strong></span> <span class='ocrx_word' id='word_1_314' title='bbox 764 2669 950 2714; x_wconf 89' lang='lat' dir='ltr'><strong>sancta</strong></span> <span class='ocrx_word' id='word_1_315' title='bbox 979 2660 1219 2730; x_wconf 84' lang='lat' dir='ltr'><strong>synodus</strong></span> <span class='ocrx_word' id='word_1_316' title='bbox 1243 2659 1695 2719; x_wconf 84' lang='lat' dir='ltr'><strong>Chalcedonensis</strong></span> <span class='ocrx_word' id='word_1_317' title='bbox 1722 2662 1970 2718; x_wconf 74' lang='lat' dir='ltr'><strong>debuerit</strong></span> <span class='ocrx_word' id='word_1_318' title='bbox 2003 2665 2191 2719; x_wconf 80' lang='lat' dir='ltr'><strong>obser-</strong></span> 
     </span>
    </p>
   </div>
   <div class='ocr_carea' id='block_1_42' title="bbox 610 2754 2187 2827">
    <p class='ocr_par' dir='ltr' id='par_1_42' title="bbox 610 2754 2187 2827">
     <span class='ocr_line' id='line_1_42' title="bbox 610 2754 2187 2827; baseline 0.006 -19"><span class='ocrx_word' id='word_1_319' title='bbox 610 2768 757 2819; x_wconf 85' lang='lat' dir='ltr'><strong>vare,</strong></span> <span class='ocrx_word' id='word_1_320' title='bbox 804 2769 925 2809; x_wconf 92' lang='lat' dir='ltr'><strong>curn</strong></span> <span class='ocrx_word' id='word_1_321' title='bbox 958 2754 1096 2823; x_wconf 88' lang='lat' dir='ltr'><strong>apud</strong></span> <span class='ocrx_word' id='word_1_322' title='bbox 1144 2757 1312 2809; x_wconf 82' lang='lat' dir='ltr'><strong>eum&#39;</strong></span> <span class='ocrx_word' id='word_1_323' title='bbox 1361 2757 1413 2810; x_wconf 91' lang='lat' dir='ltr'><strong>in</strong></span> <span class='ocrx_word' id='word_1_324' title='bbox 1456 2757 1684 2827; x_wconf 87' lang='lat' dir='ltr'><strong>epistola</strong></span> <span class='ocrx_word' id='word_1_325' title='bbox 1727 2760 2049 2815; x_wconf 82' lang='lat' dir='ltr'><strong>venerabilis</strong></span> <span class='ocrx_word' id='word_1_326' title='bbox 2079 2760 2187 2817; x_wconf 79' lang='lat' dir='ltr'><strong>lbze</strong></span> 
     </span>
    </p>
   </div>
   <div class='ocr_carea' id='block_1_43' title="bbox 610 2846 2189 2913">
    <p class='ocr_par' dir='ltr' id='par_1_43' title="bbox 610 2846 2189 2913">
     <span class='ocr_line' id='line_1_43' title="bbox 610 2846 2189 2913; baseline 0.004 -14"><span class='ocrx_word' id='word_1_327' title='bbox 610 2846 960 2901; x_wconf 88' lang='lat' dir='ltr'><strong>recitarentur</strong></span> <span class='ocrx_word' id='word_1_328' title='bbox 983 2846 1169 2900; x_wconf 89' lang='lat' dir='ltr'><strong>laudes</strong></span> <span class='ocrx_word' id='word_1_329' title='bbox 1213 2846 1501 2913; x_wconf 85' lang='lat' dir='ltr'><strong>Theodori,</strong></span> <span class='ocrx_word' id='word_1_330' title='bbox 1529 2848 1597 2902; x_wconf 89' lang='lat' dir='ltr'><strong>ab</strong></span> <span class='ocrx_word' id='word_1_331' title='bbox 1636 2848 1985 2905; x_wconf 87' lang='lat' dir='ltr'><strong>orientalibus</strong></span> <span class='ocrx_word' id='word_1_332' title='bbox 2014 2851 2189 2907; x_wconf 82' lang='lat' dir='ltr'><strong>Patri-</strong></span> 
     </span>
    </p>
   </div>
   <div class='ocr_carea' id='block_1_44' title="bbox 608 2936 2191 3016">
    <p class='ocr_par' dir='ltr' id='par_1_44' title="bbox 608 2936 2191 3016">
     <span class='ocr_line' id='line_1_44' title="bbox 608 2936 2191 3016; baseline 0.006 -24"><span class='ocrx_word' id='word_1_333' title='bbox 608 2937 728 3004; x_wconf 87' lang='lat' dir='ltr'><strong>bus,</strong></span> <span class='ocrx_word' id='word_1_334' title='bbox 753 2946 810 2992; x_wconf 90' lang='lat' dir='ltr'><strong>ut</strong></span> <span class='ocrx_word' id='word_1_335' title='bbox 840 2937 906 2992; x_wconf 89' lang='lat' dir='ltr'><strong>de</strong></span> <span class='ocrx_word' id='word_1_336' title='bbox 940 2936 1144 2993; x_wconf 84' lang='lat' dir='ltr'><strong>J0anne</strong></span> <span class='ocrx_word' id='word_1_337' title='bbox 1184 2939 1781 3010; x_wconf 86' lang='lat' dir='ltr'><strong>Constantinopolitano</strong></span> <span class='ocrx_word' id='word_1_338' title='bbox 1819 2952 1872 2998; x_wconf 90' lang='lat' dir='ltr'><strong>et</strong></span> <span class='ocrx_word' id='word_1_339' title='bbox 1899 2943 1966 2998; x_wconf 91' lang='lat' dir='ltr'><strong>de</strong></span> <span class='ocrx_word' id='word_1_340' title='bbox 1997 2944 2191 3016; x_wconf 58' lang='lat' dir='ltr'><strong>Gregd</strong></span> 
     </span>
    </p>
   </div>
   <div class='ocr_carea' id='block_1_45' title="bbox 608 3032 2182 3107">
    <p class='ocr_par' dir='ltr' id='par_1_45' title="bbox 608 3032 2182 3107">
     <span class='ocr_line' id='line_1_45' title="bbox 608 3032 2182 3107; baseline 0.005 -21"><span class='ocrx_word' id='word_1_341' title='bbox 608 3032 690 3087; x_wconf 84' lang='lat' dir='ltr'><strong>rio</strong></span> <span class='ocrx_word' id='word_1_342' title='bbox 717 3032 1047 3087; x_wconf 70' lang='lat' dir='ltr'><strong>Nazianzcno</strong></span> <span class='ocrx_word' id='word_1_343' title='bbox 1079 3042 1303 3097; x_wconf 81' lang='lat' dir='ltr'><strong>taceam,</strong></span> <span class='ocrx_word' id='word_1_344' title='bbox 1337 3049 1480 3106; x_wconf 62' lang='lat' dir='ltr'><strong>princ</strong></span> <span class='ocrx_word' id='word_1_345' title='bbox 1518 3036 1608 3090; x_wconf 89' lang='lat' dir='ltr'><strong>nio</strong></span> <span class='ocrx_word' id='word_1_346' title='bbox 1636 3037 1801 3092; x_wconf 90' lang='lat' dir='ltr'><strong>multo</strong></span> <span class='ocrx_word' id='word_1_347' title='bbox 1833 3038 2037 3107; x_wconf 88' lang='lat' dir='ltr'><strong>majore</strong></span> <span class='ocrx_word' id='word_1_348' title='bbox 2065 3040 2182 3094; x_wconf 85' lang='lat' dir='ltr'><strong>lau-</strong></span> 
     </span>
    </p>
   </div>
   <div class='ocr_carea' id='block_1_46' title="bbox 2300 1832 3821 1906">
    <p class='ocr_par' dir='ltr' id='par_1_46' title="bbox 2300 1832 3821 1906">
     <span class='ocr_line' id='line_1_46' title="bbox 2300 1832 3821 1906; baseline 0.006 -22"><span class='ocrx_word' id='word_1_349' title='bbox 2300 1832 2541 1899; x_wconf 88' lang='lat' dir='ltr'><strong>tendum,</strong></span> <span class='ocrx_word' id='word_1_350' title='bbox 2570 1835 2711 1901; x_wconf 91' lang='lat' dir='ltr'><strong>quod</strong></span> <span class='ocrx_word' id='word_1_351' title='bbox 2743 1836 2887 1906; x_wconf 90' lang='lat' dir='ltr'><strong>ipsos</strong></span> <span class='ocrx_word' id='word_1_352' title='bbox 2907 1852 3121 1906; x_wconf 89' lang='lat' dir='ltr'><strong>quoque</strong></span> <span class='ocrx_word' id='word_1_353' title='bbox 3146 1838 3447 1892; x_wconf 84' lang='lat' dir='ltr'><strong>orientales</strong></span> <span class='ocrx_word' id='word_1_354' title='bbox 3474 1836 3648 1891; x_wconf 85' lang='lat' dir='ltr'><strong>Patres</strong></span> <span class='ocrx_word' id='word_1_355' title='bbox 3672 1837 3821 1903; x_wconf 60' lang='lat' dir='ltr'><strong>abnuit</strong></span> 
     </span>
    </p>
   </div>
   <div class='ocr_carea' id='block_1_47' title="bbox 2296 1923 3821 1999">
    <p class='ocr_par' dir='ltr' id='par_1_47' title="bbox 2296 1923 3821 1999">
     <span class='ocr_line' id='line_1_47' title="bbox 2296 1923 3821 1999; baseline 0.003 -21"><span class='ocrx_word' id='word_1_356' title='bbox 2296 1923 2488 1978; x_wconf 83' lang='lat' dir='ltr'><strong>Proelo</strong></span> <span class='ocrx_word' id='word_1_357' title='bbox 2531 1925 3119 1997; x_wconf 63' lang='lat' dir='ltr'><strong>Constantinopolitano</strong></span> <span class='ocrx_word' id='word_1_358' title='bbox 3143 1929 3291 1999; x_wconf 86' lang='lat' dir='ltr'><strong>juste</strong></span> <span class='ocrx_word' id='word_1_359' title='bbox 3322 1930 3583 1985; x_wconf 87' lang='lat' dir='ltr'><strong>damnare</strong></span> <span class='ocrx_word' id='word_1_360' title='bbox 3619 1945 3709 1985; x_wconf 90' lang='lat' dir='ltr'><strong>non</strong></span> <span class='ocrx_word' id='word_1_361' title='bbox 3734 1944 3821 1998; x_wconf 78' lang='lat' dir='ltr'><strong>pos-</strong></span> 
     </span>
    </p>
   </div>
   <div class='ocr_carea' id='block_1_48' title="bbox 2295 2014 3819 2090">
    <p class='ocr_par' dir='ltr' id='par_1_48' title="bbox 2295 2014 3819 2090">
     <span class='ocr_line' id='line_1_48' title="bbox 2295 2014 3819 2090; baseline 0.005 -22"><span class='ocrx_word' id='word_1_362' title='bbox 2295 2026 2395 2068; x_wconf 89' lang='lat' dir='ltr'><strong>set.</strong></span> <span class='ocrx_word' id='word_1_363' title='bbox 2428 2014 2481 2068; x_wconf 90' lang='lat' dir='ltr'><strong>Si</strong></span> <span class='ocrx_word' id='word_1_364' title='bbox 2517 2018 2658 2071; x_wconf 90' lang='lat' dir='ltr'><strong>enim</strong></span> <span class='ocrx_word' id='word_1_365' title='bbox 2705 2018 2780 2072; x_wconf 89' lang='lat' dir='ltr'><strong>illi</strong></span> <span class='ocrx_word' id='word_1_366' title='bbox 2810 2019 3107 2075; x_wconf 79' lang='lat' dir='ltr'><strong>scribentes</strong></span> <span class='ocrx_word' id='word_1_367' title='bbox 3136 2022 3183 2075; x_wconf 92' lang='lat' dir='ltr'><strong>ei</strong></span> <span class='ocrx_word' id='word_1_368' title='bbox 3216 2022 3433 2077; x_wconf 89' lang='lat' dir='ltr'><strong>mentiti</strong></span> <span class='ocrx_word' id='word_1_369' title='bbox 3468 2029 3589 2076; x_wconf 87' lang='lat' dir='ltr'><strong>sunt</strong></span> <span class='ocrx_word' id='word_1_370' title='bbox 3615 2021 3819 2090; x_wconf 81' lang='lat' dir='ltr'><strong>lgnatium</strong></span> 
     </span>
    </p>
   </div>
   <div class='ocr_carea' id='block_1_49' title="bbox 2295 2109 3817 2178">
    <p class='ocr_par' dir='ltr' id='par_1_49' title="bbox 2295 2109 3817 2178">
     <span class='ocr_line' id='line_1_49' title="bbox 2295 2109 3817 2178; baseline 0.004 -20"><span class='ocrx_word' id='word_1_371' title='bbox 2295 2116 2583 2178; x_wconf 81' lang='lat' dir='ltr'><strong>martyrem</strong></span> <span class='ocrx_word' id='word_1_372' title='bbox 2611 2119 2665 2162; x_wconf 92' lang='lat' dir='ltr'><strong>et</strong></span> <span class='ocrx_word' id='word_1_373' title='bbox 2688 2109 2818 2163; x_wconf 91' lang='lat' dir='ltr'><strong>alios</strong></span> <span class='ocrx_word' id='word_1_374' title='bbox 2844 2125 2963 2164; x_wconf 86' lang='lat' dir='ltr'><strong>cunt</strong></span> <span class='ocrx_word' id='word_1_375' title='bbox 2995 2126 3059 2165; x_wconf 91' lang='lat' dir='ltr'><strong>eo</strong></span> <span class='ocrx_word' id='word_1_376' title='bbox 3090 2121 3544 2167; x_wconf 80' lang='lat' dir='ltr'><strong>commemoratos</strong></span> <span class='ocrx_word' id='word_1_377' title='bbox 3571 2111 3747 2177; x_wconf 86' lang='lat' dir='ltr'><strong>Patres,</strong></span> <span class='ocrx_word' id='word_1_378' title='bbox 3764 2115 3817 2167; x_wconf 83' lang='lat' dir='ltr'><strong>si-</strong></span> 
     </span>
    </p>
   </div>
   <div class='ocr_carea' id='block_1_50' title="bbox 2296 2198 3816 2274">
    <p class='ocr_par' dir='ltr' id='par_1_50' title="bbox 2296 2198 3816 2274">
     <span class='ocr_line' id='line_1_50' title="bbox 2296 2198 3816 2274; baseline 0.004 -22"><span class='ocrx_word' id='word_1_379' title='bbox 2296 2198 2442 2252; x_wconf 89' lang='lat' dir='ltr'><strong>milia</strong></span> <span class='ocrx_word' id='word_1_380' title='bbox 2472 2201 2755 2268; x_wconf 77' lang='lat' dir='ltr'><strong>scripsisse</strong></span> <span class='ocrx_word' id='word_1_381' title='bbox 2782 2200 3086 2267; x_wconf 87' lang='lat' dir='ltr'><strong>Theodoro,</strong></span> <span class='ocrx_word' id='word_1_382' title='bbox 3111 2205 3198 2274; x_wconf 89' lang='lat' dir='ltr'><strong>qui</strong></span> <span class='ocrx_word' id='word_1_383' title='bbox 3228 2219 3373 2259; x_wconf 90' lang='lat' dir='ltr'><strong>nunc</strong></span> <span class='ocrx_word' id='word_1_384' title='bbox 3396 2212 3458 2260; x_wconf 90' lang='lat' dir='ltr'><strong>ut</strong></span> <span class='ocrx_word' id='word_1_385' title='bbox 3486 2204 3737 2259; x_wconf 68' lang='lat' dir='ltr'><strong>haereticus</strong></span> <span class='ocrx_word' id='word_1_386' title='bbox 3755 2219 3816 2258; x_wconf 70' lang='lat' dir='ltr'><strong>ao</strong></span> 
     </span>
    </p>
   </div>
   <div class='ocr_carea' id='block_1_51' title="bbox 2293 2292 3816 2364">
    <p class='ocr_par' dir='ltr' id='par_1_51' title="bbox 2293 2292 3816 2364">
     <span class='ocr_line' id='line_1_51' title="bbox 2293 2292 3816 2364; baseline 0.004 -21"><span class='ocrx_word' id='word_1_387' title='bbox 2293 2300 2551 2357; x_wconf 89' lang='lat' dir='ltr'><strong>cusatur;</strong></span> <span class='ocrx_word' id='word_1_388' title='bbox 2596 2302 2771 2347; x_wconf 86' lang='lat' dir='ltr'><strong>tacere</strong></span> <span class='ocrx_word' id='word_1_389' title='bbox 2800 2292 3021 2348; x_wconf 86' lang='lat' dir='ltr'><strong>subdole</strong></span> <span class='ocrx_word' id='word_1_390' title='bbox 3054 2297 3357 2364; x_wconf 87' lang='lat' dir='ltr'><strong>perniciosa</strong></span> <span class='ocrx_word' id='word_1_391' title='bbox 3391 2296 3714 2351; x_wconf 91' lang='lat' dir='ltr'><strong>simulatione</strong></span> <span class='ocrx_word' id='word_1_392' title='bbox 3740 2311 3816 2349; x_wconf 87' lang='lat' dir='ltr'><strong>non</strong></span> 
     </span>
    </p>
   </div>
   <div class='ocr_carea' id='block_1_52' title="bbox 2294 2381 3815 2457">
    <p class='ocr_par' dir='ltr' id='par_1_52' title="bbox 2294 2381 3815 2457">
     <span class='ocr_line' id='line_1_52' title="bbox 2294 2381 3815 2457; baseline 0.002 -21"><span class='ocrx_word' id='word_1_393' title='bbox 2294 2381 2499 2448; x_wconf 88' lang='lat' dir='ltr'><strong>debuit,</strong></span> <span class='ocrx_word' id='word_1_394' title='bbox 2531 2385 2699 2454; x_wconf 87' lang='lat' dir='ltr'><strong>magis</strong></span> <span class='ocrx_word' id='word_1_395' title='bbox 2729 2394 2906 2440; x_wconf 89' lang='lat' dir='ltr'><strong>autem</strong></span> <span class='ocrx_word' id='word_1_396' title='bbox 2947 2403 3065 2441; x_wconf 88' lang='lat' dir='ltr'><strong>cum</strong></span> <span class='ocrx_word' id='word_1_397' title='bbox 3098 2403 3287 2457; x_wconf 84' lang='lat' dir='ltr'><strong>magna</strong></span> <span class='ocrx_word' id='word_1_398' title='bbox 3317 2388 3664 2443; x_wconf 82' lang='lat' dir='ltr'><strong>detestatione</strong></span> <span class='ocrx_word' id='word_1_399' title='bbox 3685 2390 3815 2441; x_wconf 80' lang='lat' dir='ltr'><strong>conti-</strong></span> 
     </span>
    </p>
   </div>
   <div class='ocr_carea' id='block_1_53' title="bbox 2292 2478 3814 2551">
    <p class='ocr_par' dir='ltr' id='par_1_53' title="bbox 2292 2478 3814 2551">
     <span class='ocr_line' id='line_1_53' title="bbox 2292 2478 3814 2551; baseline 0.001 -21"><span class='ocrx_word' id='word_1_400' title='bbox 2292 2491 2398 2530; x_wconf 86' lang='lat' dir='ltr'><strong>nuo</strong></span> <span class='ocrx_word' id='word_1_401' title='bbox 2440 2478 2718 2548; x_wconf 75' lang='lat' dir='ltr'><strong>refragari,</strong></span> <span class='ocrx_word' id='word_1_402' title='bbox 2751 2482 3001 2548; x_wconf 89' lang='lat' dir='ltr'><strong>quoniam</strong></span> <span class='ocrx_word' id='word_1_403' title='bbox 3044 2497 3161 2551; x_wconf 72' lang='lat' dir='ltr'><strong>quae</strong></span> <span class='ocrx_word' id='word_1_404' title='bbox 3191 2482 3473 2548; x_wconf 77' lang='lat' dir='ltr'><strong>dicerent,</strong></span> <span class='ocrx_word' id='word_1_405' title='bbox 3502 2496 3618 2535; x_wconf 83' lang='lat' dir='ltr'><strong>vera</strong></span> <span class='ocrx_word' id='word_1_406' title='bbox 3647 2496 3733 2535; x_wconf 87' lang='lat' dir='ltr'><strong>non</strong></span> <span class='ocrx_word' id='word_1_407' title='bbox 3756 2495 3814 2533; x_wconf 78' lang='lat' dir='ltr'><strong>es-</strong></span> 
     </span>
    </p>
   </div>
   <div class='ocr_carea' id='block_1_54' title="bbox 2296 2571 3809 2641">
    <p class='ocr_par' dir='ltr' id='par_1_54' title="bbox 2296 2571 3809 2641">
     <span class='ocr_line' id='line_1_54' title="bbox 2296 2571 3809 2641; baseline 0.001 -19"><span class='ocrx_word' id='word_1_408' title='bbox 2296 2577 2419 2623; x_wconf 88' lang='lat' dir='ltr'><strong>sent</strong></span> <span class='ocrx_word' id='word_1_409' title='bbox 2451 2587 2463 2621; x_wconf 90' lang='lat'>:</span> <span class='ocrx_word' id='word_1_410' title='bbox 2495 2571 2725 2626; x_wconf 79' lang='lat' dir='ltr'><strong>maxime</strong></span> <span class='ocrx_word' id='word_1_411' title='bbox 2772 2573 2895 2641; x_wconf 90' lang='lat' dir='ltr'><strong>quia</strong></span> <span class='ocrx_word' id='word_1_412' title='bbox 2927 2588 3031 2626; x_wconf 86' lang='lat' dir='ltr'><strong>non</strong></span> <span class='ocrx_word' id='word_1_413' title='bbox 3077 2573 3176 2628; x_wconf 87' lang='lat' dir='ltr'><strong>levi</strong></span> <span class='ocrx_word' id='word_1_414' title='bbox 3215 2581 3271 2628; x_wconf 89' lang='lat' dir='ltr'><strong>et</strong></span> <span class='ocrx_word' id='word_1_415' title='bbox 3320 2573 3625 2629; x_wconf 56' lang='lat' dir='ltr'><strong>transitoria</strong></span> <span class='ocrx_word' id='word_1_416' title='bbox 3664 2571 3809 2637; x_wconf 81' lang='lat' dir='ltr'><strong>verba,</strong></span> 
     </span>
    </p>
   </div>
   <div class='ocr_carea' id='block_1_55' title="bbox 2291 2661 3811 2736">
    <p class='ocr_par' dir='ltr' id='par_1_55' title="bbox 2291 2661 3811 2736">
     <span class='ocr_line' id='line_1_55' title="bbox 2291 2661 3811 2736; baseline 0.003 -19"><span class='ocrx_word' id='word_1_417' title='bbox 2291 2661 2385 2717; x_wconf 83' lang='lat' dir='ltr'><strong>sed</strong></span> <span class='ocrx_word' id='word_1_418' title='bbox 2416 2665 2684 2718; x_wconf 74' lang='lat' dir='ltr'><strong>sententia</strong></span> <span class='ocrx_word' id='word_1_419' title='bbox 2713 2666 2990 2736; x_wconf 89' lang='lat' dir='ltr'><strong>synodica,</strong></span> <span class='ocrx_word' id='word_1_420' title='bbox 3043 2668 3283 2720; x_wconf 90' lang='lat' dir='ltr'><strong>omnium</strong></span> <span class='ocrx_word' id='word_1_421' title='bbox 3315 2668 3659 2723; x_wconf 87' lang='lat' dir='ltr'><strong>Orientalium</strong></span> <span class='ocrx_word' id='word_1_422' title='bbox 3684 2668 3701 2699; x_wconf 81' lang='grc'><strong>⁷</strong></span> <span class='ocrx_word' id='word_1_423' title='bbox 3722 2667 3811 2721; x_wconf 71' lang='grc' dir='ltr'><strong>ωδε</strong></span> 
     </span>
    </p>
   </div>
   <div class='ocr_carea' id='block_1_56' title="bbox 2296 2755 3809 2825">
    <p class='ocr_par' dir='ltr' id='par_1_56' title="bbox 2296 2755 3809 2825">
     <span class='ocr_line' id='line_1_56' title="bbox 2296 2755 3809 2825; baseline 0.003 -14"><span class='ocrx_word' id='word_1_424' title='bbox 2296 2755 2586 2825; x_wconf 71' lang='lat' dir='ltr'><strong>scriptione</strong></span> <span class='ocrx_word' id='word_1_425' title='bbox 2613 2759 2841 2824; x_wconf 81' lang='lat' dir='ltr'><strong>ﬁrmata,</strong></span> <span class='ocrx_word' id='word_1_426' title='bbox 2888 2758 3049 2815; x_wconf 82' lang='lat' dir='ltr'><strong>tan&#39;is</strong></span> <span class='ocrx_word' id='word_1_427' title='bbox 3076 2762 3244 2816; x_wconf 88' lang='lat' dir='ltr'><strong>beatis</strong></span> <span class='ocrx_word' id='word_1_428' title='bbox 3284 2762 3534 2818; x_wconf 83' lang='lat' dir='ltr'><strong>Patribus</strong></span> <span class='ocrx_word' id='word_1_429' title='bbox 3561 2760 3809 2815; x_wconf 66' lang='lat' dir='ltr'><strong>advertebat</strong></span> 
     </span>
    </p>
   </div>
   <div class='ocr_carea' id='block_1_57' title="bbox 2289 2848 3807 2922">
    <p class='ocr_par' dir='ltr' id='par_1_57' title="bbox 2289 2848 3807 2922">
     <span class='ocr_line' id='line_1_57' title="bbox 2289 2848 3807 2922; baseline 0.001 -19"><span class='ocrx_word' id='word_1_430' title='bbox 2289 2848 2343 2903; x_wconf 92' lang='lat' dir='ltr'><strong>in</strong></span> <span class='ocrx_word' id='word_1_431' title='bbox 2375 2849 2629 2907; x_wconf 74' lang='lat' dir='ltr'><strong>Ecclesia:</strong></span> <span class='ocrx_word' id='word_1_432' title='bbox 2650 2852 3019 2921; x_wconf 73' lang='lat' dir='ltr'><strong>prmjudicium</strong></span> <span class='ocrx_word' id='word_1_433' title='bbox 3046 2855 3299 2910; x_wconf 79' lang='lat' dir='ltr'><strong>horribile</strong></span> <span class='ocrx_word' id='word_1_434' title='bbox 3322 2856 3529 2911; x_wconf 91' lang='lat' dir='ltr'><strong>crimen</strong></span> <span class='ocrx_word' id='word_1_435' title='bbox 3556 2852 3807 2922; x_wconf 73' lang='lat' dir='ltr'><strong>altigi.Qna</strong></span> 
     </span>
    </p>
   </div>
   <div class='ocr_carea' id='block_1_58' title="bbox 2289 2942 3806 3019">
    <p class='ocr_par' dir='ltr' id='par_1_58' title="bbox 2289 2942 3806 3019">
     <span class='ocr_line' id='line_1_58' title="bbox 2289 2942 3806 3019; baseline 0.008 -27"><span class='ocrx_word' id='word_1_436' title='bbox 2289 2952 2409 2993; x_wconf 92' lang='lat' dir='ltr'><strong>cum</strong></span> <span class='ocrx_word' id='word_1_437' title='bbox 2444 2942 2514 2995; x_wconf 92' lang='lat' dir='ltr'><strong>ita</strong></span> <span class='ocrx_word' id='word_1_438' title='bbox 2542 2942 2671 3009; x_wconf 88' lang='lat' dir='ltr'><strong>siut,</strong></span> <span class='ocrx_word' id='word_1_439' title='bbox 2719 2944 2967 3000; x_wconf 88' lang='lat' dir='ltr'><strong>desinant</strong></span> <span class='ocrx_word' id='word_1_440' title='bbox 2994 2962 3239 3016; x_wconf 87' lang='lat' dir='ltr'><strong>magnam</strong></span> <span class='ocrx_word' id='word_1_441' title='bbox 3274 2949 3540 3019; x_wconf 83' lang='lat' dir='ltr'><strong>synodum</strong></span> <span class='ocrx_word' id='word_1_442' title='bbox 3570 2942 3806 3004; x_wconf 84' lang='lat' dir='ltr'><strong>criminari.</strong></span> 
     </span>
    </p>
   </div>
   <div class='ocr_carea' id='block_1_59' title="bbox 2288 3030 3808 3109">
    <p class='ocr_par' dir='ltr' id='par_1_59' title="bbox 2288 3030 3808 3109">
     <span class='ocr_line' id='line_1_59' title="bbox 2288 3030 3808 3109; baseline 0.003 -26"><span class='ocrx_word' id='word_1_443' title='bbox 2288 3030 2431 3100; x_wconf 90' lang='lat' dir='ltr'><strong>quod</strong></span> <span class='ocrx_word' id='word_1_444' title='bbox 2472 3031 2810 3088; x_wconf 81' lang='lat' dir='ltr'><strong>Theodorum</strong></span> <span class='ocrx_word' id='word_1_445' title='bbox 2868 3052 2971 3091; x_wconf 91' lang='lat' dir='ltr'><strong>non</strong></span> <span class='ocrx_word' id='word_1_446' title='bbox 3026 3034 3362 3094; x_wconf 72' lang='lat' dir='ltr'><strong>damnavit&#39;:</strong></span> <span class='ocrx_word' id='word_1_447' title='bbox 3412 3054 3565 3109; x_wconf 86' lang='lat' dir='ltr'><strong>quem</strong></span> <span class='ocrx_word' id='word_1_448' title='bbox 3616 3037 3686 3092; x_wconf 73' lang='lat' dir='ltr'><strong>vel</strong></span> <span class='ocrx_word' id='word_1_449' title='bbox 3725 3035 3808 3088; x_wconf 79' lang='lat' dir='ltr'><strong>sine</strong></span> 
     </span>
    </p>
   </div>
   <div class='ocr_carea' id='block_1_60' title="bbox 609 3121 3807 3197">
    <p class='ocr_par' dir='ltr' id='par_1_60' title="bbox 609 3121 3807 3197">
     <span class='ocr_line' id='line_1_60' title="bbox 609 3121 3807 3197; baseline 0.004 -22"><span class='ocrx_word' id='word_1_450' title='bbox 609 3121 742 3177; x_wconf 89' lang='lat' dir='ltr'><strong>dati.</strong></span> <span class='ocrx_word' id='word_1_451' title='bbox 768 3124 1011 3193; x_wconf 71' lang='lat' dir='ltr'><strong>Nunquid</strong></span> <span class='ocrx_word' id='word_1_452' title='bbox 1039 3139 1155 3176; x_wconf 88' lang='lat' dir='ltr'><strong>eam</strong></span> <span class='ocrx_word' id='word_1_453' title='bbox 1178 3124 1319 3193; x_wconf 86' lang='lat' dir='ltr'><strong>juste</strong></span> <span class='ocrx_word' id='word_1_454' title='bbox 1349 3140 1442 3194; x_wconf 91' lang='lat' dir='ltr'><strong>pro</strong></span> <span class='ocrx_word' id='word_1_455' title='bbox 1471 3124 1627 3181; x_wconf 88' lang='lat' dir='ltr'><strong>laude</strong></span> <span class='ocrx_word' id='word_1_456' title='bbox 1648 3126 1912 3183; x_wconf 82' lang='lat' dir='ltr'><strong>Theodori</strong></span> <span class='ocrx_word' id='word_1_457' title='bbox 1938 3130 2188 3184; x_wconf 82' lang='lat' dir='ltr'><strong>condent-</strong></span> <span class='ocrx_word' id='word_1_458' title='bbox 2218 3129 2262 3191; x_wconf 90' lang='lat' dir='ltr'><strong><em>C</em></strong></span> <span class='ocrx_word' id='word_1_459' title='bbox 2295 3133 2532 3193; x_wconf 82' lang='lat' dir='ltr'><strong>martyre</strong></span> <span class='ocrx_word' id='word_1_460' title='bbox 2562 3122 2789 3194; x_wconf 73' lang='lat' dir='ltr'><strong>lgnaiiO,</strong></span> <span class='ocrx_word' id='word_1_461' title='bbox 2830 3136 2883 3181; x_wconf 80' lang='lat' dir='ltr'><strong>et</strong></span> <span class='ocrx_word' id='word_1_462' title='bbox 2919 3129 3227 3197; x_wconf 74' lang='lat' dir='ltr'><strong>Fuslacbio,</strong></span> <span class='ocrx_word' id='word_1_463' title='bbox 3256 3140 3315 3186; x_wconf 87' lang='lat' dir='ltr'><strong>et</strong></span> <span class='ocrx_word' id='word_1_464' title='bbox 3345 3131 3641 3192; x_wconf 85' lang='lat' dir='ltr'><strong>Athanasi0.</strong></span> <span class='ocrx_word' id='word_1_465' title='bbox 3670 3137 3711 3184; x_wconf 85' lang='lat' dir='ltr'><strong>el</strong></span> <span class='ocrx_word' id='word_1_466' title='bbox 3737 3127 3807 3180; x_wconf 74' lang='grc'><strong>8³·</strong></span> 
     </span>
    </p>
   </div>
   <div class='ocr_carea' id='block_1_61' title="bbox 610 3213 2188 3290">
    <p class='ocr_par' dir='ltr' id='par_1_61' title="bbox 610 3213 2188 3290">
     <span class='ocr_line' id='line_1_61' title="bbox 610 3213 2188 3290; baseline 0.006 -25"><span class='ocrx_word' id='word_1_467' title='bbox 610 3220 784 3276; x_wconf 89' lang='lat' dir='ltr'><strong>naret,</strong></span> <span class='ocrx_word' id='word_1_468' title='bbox 818 3213 917 3267; x_wconf 88' lang='lat' dir='ltr'><strong>hac</strong></span> <span class='ocrx_word' id='word_1_469' title='bbox 946 3213 1170 3283; x_wconf 85' lang='lat' dir='ltr'><strong>cpistola</strong></span> <span class='ocrx_word' id='word_1_470' title='bbox 1194 3214 1543 3269; x_wconf 79' lang='lat' dir='ltr'><strong>Orientalium</strong></span> <span class='ocrx_word' id='word_1_471' title='bbox 1576 3231 1679 3270; x_wconf 88' lang='lat' dir='ltr'><strong>non</strong></span> <span class='ocrx_word' id='word_1_472' title='bbox 1712 3219 1984 3285; x_wconf 84' lang='lat' dir='ltr'><strong>damnata,</strong></span> <span class='ocrx_word' id='word_1_473' title='bbox 2011 3221 2061 3273; x_wconf 93' lang='lat' dir='ltr'><strong>in</strong></span> <span class='ocrx_word' id='word_1_474' title='bbox 2083 3235 2188 3290; x_wconf 89' lang='lat' dir='ltr'><strong>qua</strong></span> 
     </span>
    </p>
   </div>
   <div class='ocr_carea' id='block_1_62' title="bbox 610 3300 2189 3374">
    <p class='ocr_par' dir='ltr' id='par_1_62' title="bbox 610 3300 2189 3374">
     <span class='ocr_line' id='line_1_62' title="bbox 610 3300 2189 3374; baseline 0.006 -20"><span class='ocrx_word' id='word_1_475' title='bbox 610 3300 980 3355; x_wconf 78' lang='lat' dir='ltr'><strong>conﬁrmatum</strong></span> <span class='ocrx_word' id='word_1_476' title='bbox 1014 3310 1096 3355; x_wconf 82' lang='lat' dir='ltr'><strong>est</strong></span> <span class='ocrx_word' id='word_1_477' title='bbox 1140 3317 1301 3355; x_wconf 91' lang='lat' dir='ltr'><strong>unum</strong></span> <span class='ocrx_word' id='word_1_478' title='bbox 1334 3318 1398 3356; x_wconf 82' lang='lat' dir='ltr'><strong>ex</strong></span> <span class='ocrx_word' id='word_1_479' title='bbox 1424 3303 1683 3359; x_wconf 89' lang='lat' dir='ltr'><strong>Trinitate</strong></span> <span class='ocrx_word' id='word_1_480' title='bbox 1710 3321 1803 3374; x_wconf 90' lang='lat' dir='ltr'><strong>pro</strong></span> <span class='ocrx_word' id='word_1_481' title='bbox 1835 3307 1988 3362; x_wconf 55' lang='lat' dir='ltr'><strong>nobis</strong></span> <span class='ocrx_word' id='word_1_482' title='bbox 2016 3311 2189 3364; x_wconf 88' lang='lat' dir='ltr'><strong>eruci-</strong></span> 
     </span>
    </p>
   </div>
   <div class='ocr_carea' id='block_1_63' title="bbox 610 3391 2188 3463">
    <p class='ocr_par' dir='ltr' id='par_1_63' title="bbox 610 3391 2188 3463">
     <span class='ocr_line' id='line_1_63' title="bbox 610 3391 2188 3463; baseline 0.005 -14"><span class='ocrx_word' id='word_1_483' title='bbox 610 3391 819 3449; x_wconf 78' lang='lat' dir='ltr'><strong>ﬁxum?</strong></span> <span class='ocrx_word' id='word_1_484' title='bbox 862 3400 955 3446; x_wconf 91' lang='lat' dir='ltr'><strong>aut</strong></span> <span class='ocrx_word' id='word_1_485' title='bbox 982 3393 1215 3461; x_wconf 90' lang='lat' dir='ltr'><strong>nunquid</strong></span> <span class='ocrx_word' id='word_1_486' title='bbox 1241 3394 1385 3461; x_wconf 88' lang='lat' dir='ltr'><strong>juste</strong></span> <span class='ocrx_word' id='word_1_487' title='bbox 1426 3393 1590 3463; x_wconf 86' lang='lat' dir='ltr'><strong>possit</strong></span> <span class='ocrx_word' id='word_1_488' title='bbox 1618 3397 1788 3449; x_wconf 89' lang='lat' dir='ltr'><strong>solum</strong></span> <span class='ocrx_word' id='word_1_489' title='bbox 1829 3400 2188 3457; x_wconf 88' lang='lat' dir='ltr'><strong>condemnare</strong></span> 
     </span>
    </p>
   </div>
   <div class='ocr_carea' id='block_1_64' title="bbox 610 3483 2187 3555">
    <p class='ocr_par' dir='ltr' id='par_1_64' title="bbox 610 3483 2187 3555">
     <span class='ocr_line' id='line_1_64' title="bbox 610 3483 2187 3555; baseline 0.006 -18"><span class='ocrx_word' id='word_1_490' title='bbox 610 3483 972 3549; x_wconf 85' lang='lat' dir='ltr'><strong>Theodorum,</strong></span> <span class='ocrx_word' id='word_1_491' title='bbox 1004 3486 1205 3553; x_wconf 84' lang='lat' dir='ltr'><strong>absque</strong></span> <span class='ocrx_word' id='word_1_492' title='bbox 1230 3485 1431 3555; x_wconf 83' lang='lat' dir='ltr'><strong>lgnatio</strong></span> <span class='ocrx_word' id='word_1_493' title='bbox 1455 3496 1509 3541; x_wconf 89' lang='lat' dir='ltr'><strong>et</strong></span> <span class='ocrx_word' id='word_1_494' title='bbox 1539 3487 1842 3551; x_wconf 85' lang='lat' dir='ltr'><strong>Eustacltio,</strong></span> <span class='ocrx_word' id='word_1_495' title='bbox 1870 3499 1924 3544; x_wconf 88' lang='lat' dir='ltr'><strong>et</strong></span> <span class='ocrx_word' id='word_1_496' title='bbox 1952 3491 2187 3547; x_wconf 87' lang='lat' dir='ltr'><strong>Athana-</strong></span> 
     </span>
    </p>
   </div>
   <div class='ocr_carea' id='block_1_65' title="bbox 610 3575 2188 3653">
    <p class='ocr_par' dir='ltr' id='par_1_65' title="bbox 610 3575 2188 3653">
     <span class='ocr_line' id='line_1_65' title="bbox 610 3575 2188 3653; baseline 0.009 -26"><span class='ocrx_word' id='word_1_497' title='bbox 610 3575 691 3627; x_wconf 91' lang='lat' dir='ltr'><strong>sio</strong></span> <span class='ocrx_word' id='word_1_498' title='bbox 718 3583 773 3628; x_wconf 88' lang='lat' dir='ltr'><strong>et</strong></span> <span class='ocrx_word' id='word_1_499' title='bbox 802 3575 1011 3638; x_wconf 75' lang='lat' dir='ltr'><strong>Basilio,</strong></span> <span class='ocrx_word' id='word_1_500' title='bbox 1042 3584 1096 3630; x_wconf 88' lang='lat' dir='ltr'><strong>et</strong></span> <span class='ocrx_word' id='word_1_501' title='bbox 1127 3584 1354 3646; x_wconf 90' lang='lat' dir='ltr'><strong>utroque</strong></span> <span class='ocrx_word' id='word_1_502' title='bbox 1391 3578 1670 3648; x_wconf 83' lang='lat' dir='ltr'><strong>Gregorio,</strong></span> <span class='ocrx_word' id='word_1_503' title='bbox 1713 3589 1765 3635; x_wconf 91' lang='lat' dir='ltr'><strong>et</strong></span> <span class='ocrx_word' id='word_1_504' title='bbox 1798 3581 2050 3639; x_wconf 79' lang='lat' dir='ltr'><strong>Flaviano</strong></span> <span class='ocrx_word' id='word_1_505' title='bbox 2070 3629 2085 3653; x_wconf 89' lang='lat'><strong>,</strong></span> <span class='ocrx_word' id='word_1_506' title='bbox 2132 3595 2188 3642; x_wconf 85' lang='lat' dir='ltr'><strong>et</strong></span> 
     </span>
    </p>
   </div>
   <div class='ocr_carea' id='block_1_66' title="bbox 611 3666 2183 3747">
    <p class='ocr_par' dir='ltr' id='par_1_66' title="bbox 611 3666 2183 3747">
     <span class='ocr_line' id='line_1_66' title="bbox 611 3666 2183 3747; baseline 0.008 -27"><span class='ocrx_word' id='word_1_507' title='bbox 611 3666 865 3733; x_wconf 90' lang='lat' dir='ltr'><strong>Diodoro,</strong></span> <span class='ocrx_word' id='word_1_508' title='bbox 896 3677 949 3723; x_wconf 91' lang='lat' dir='ltr'><strong>et</strong></span> <span class='ocrx_word' id='word_1_509' title='bbox 989 3666 1218 3733; x_wconf 82' lang='lat' dir='ltr'><strong>Joanne,</strong></span> <span class='ocrx_word' id='word_1_510' title='bbox 1249 3679 1304 3724; x_wconf 88' lang='lat' dir='ltr'><strong>et</strong></span> <span class='ocrx_word' id='word_1_511' title='bbox 1332 3670 1637 3737; x_wconf 57' lang='lat' dir='ltr'><strong>Ambrosii»,</strong></span> <span class='ocrx_word' id='word_1_512' title='bbox 1667 3680 1724 3727; x_wconf 88' lang='lat' dir='ltr'><strong>et</strong></span> <span class='ocrx_word' id='word_1_513' title='bbox 1768 3674 2144 3743; x_wconf 84' lang='lat' dir='ltr'><strong>Atnpltilocbio</strong></span> <span class='ocrx_word' id='word_1_514' title='bbox 2166 3720 2183 3747; x_wconf 93' lang='lat'><strong>,</strong></span> 
     </span>
    </p>
   </div>
   <div class='ocr_carea' id='block_1_67' title="bbox 612 3758 2188 3827">
    <p class='ocr_par' dir='ltr' id='par_1_67' title="bbox 612 3758 2188 3827">
     <span class='ocr_line' id='line_1_67' title="bbox 612 3758 2188 3827; baseline 0.008 -15"><span class='ocrx_word' id='word_1_515' title='bbox 612 3767 663 3813; x_wconf 90' lang='lat' dir='ltr'><strong>et</strong></span> <span class='ocrx_word' id='word_1_516' title='bbox 692 3760 885 3822; x_wconf 84' lang='lat' dir='ltr'><strong>Attico,</strong></span> <span class='ocrx_word' id='word_1_517' title='bbox 917 3767 971 3813; x_wconf 91' lang='lat' dir='ltr'><strong>et</strong></span> <span class='ocrx_word' id='word_1_518' title='bbox 997 3758 1116 3813; x_wconf 89' lang='lat' dir='ltr'><strong>aliis</strong></span> <span class='ocrx_word' id='word_1_519' title='bbox 1138 3759 1322 3815; x_wconf 87' lang='lat' dir='ltr'><strong>decem</strong></span> <span class='ocrx_word' id='word_1_520' title='bbox 1349 3761 1617 3827; x_wconf 89' lang='lat' dir='ltr'><strong>millibus;</strong></span> <span class='ocrx_word' id='word_1_521' title='bbox 1642 3764 1708 3827; x_wconf 88' lang='lat' dir='ltr'><strong>si,</strong></span> <span class='ocrx_word' id='word_1_522' title='bbox 1738 3773 1794 3819; x_wconf 91' lang='lat' dir='ltr'><strong>ut</strong></span> <span class='ocrx_word' id='word_1_523' title='bbox 1816 3764 2048 3823; x_wconf 81' lang='lat' dir='ltr'><strong>Joannes</strong></span> <span class='ocrx_word' id='word_1_524' title='bbox 2077 3770 2188 3824; x_wconf 85' lang='lat' dir='ltr'><strong>An-</strong></span> 
     </span>
    </p>
   </div>
   <div class='ocr_carea' id='block_1_68' title="bbox 612 3847 2183 3926">
    <p class='ocr_par' dir='ltr' id='par_1_68' title="bbox 612 3847 2183 3926">
     <span class='ocr_line' id='line_1_68' title="bbox 612 3847 2183 3926; baseline 0.01 -26"><span class='ocrx_word' id='word_1_525' title='bbox 612 3847 893 3902; x_wconf 87' lang='lat' dir='ltr'><strong>tiochenus</strong></span> <span class='ocrx_word' id='word_1_526' title='bbox 934 3857 989 3904; x_wconf 91' lang='lat' dir='ltr'><strong>et</strong></span> <span class='ocrx_word' id='word_1_527' title='bbox 1018 3863 1205 3905; x_wconf 89' lang='lat' dir='ltr'><strong>omnes</strong></span> <span class='ocrx_word' id='word_1_528' title='bbox 1244 3850 1535 3907; x_wconf 82' lang='lat' dir='ltr'><strong>orientales</strong></span> <span class='ocrx_word' id='word_1_529' title='bbox 1585 3854 1820 3926; x_wconf 82' lang='lat' dir='ltr'><strong>episcopi</strong></span> <span class='ocrx_word' id='word_1_530' title='bbox 1863 3858 2084 3926; x_wconf 90' lang='lat' dir='ltr'><strong>dicunt,</strong></span> <span class='ocrx_word' id='word_1_531' title='bbox 2134 3863 2183 3915; x_wconf 90' lang='lat' dir='ltr'><strong>in</strong></span> 
     </span>
    </p>
   </div>
   <div class='ocr_carea' id='block_1_69' title="bbox 611 3940 2184 4014">
    <p class='ocr_par' dir='ltr' id='par_1_69' title="bbox 611 3940 2184 4014">
     <span class='ocr_line' id='line_1_69' title="bbox 611 3940 2184 4014; baseline 0.008 -20"><span class='ocrx_word' id='word_1_532' title='bbox 611 3954 793 3994; x_wconf 81' lang='lat' dir='ltr'><strong>eorum</strong></span> <span class='ocrx_word' id='word_1_533' title='bbox 824 3940 981 3994; x_wconf 91' lang='lat' dir='ltr'><strong>dictis</strong></span> <span class='ocrx_word' id='word_1_534' title='bbox 1032 3956 1266 3996; x_wconf 91' lang='lat' dir='ltr'><strong>consona</strong></span> <span class='ocrx_word' id='word_1_535' title='bbox 1297 3945 1456 3998; x_wconf 89' lang='lat' dir='ltr'><strong>certis</strong></span> <span class='ocrx_word' id='word_1_536' title='bbox 1503 3946 1521 3976; x_wconf 84' lang='lat'>&#39;</span> <span class='ocrx_word' id='word_1_537' title='bbox 1553 3946 1871 4014; x_wconf 89' lang='lat' dir='ltr'><strong>quibusdam</strong></span> <span class='ocrx_word' id='word_1_538' title='bbox 1916 3948 2184 4007; x_wconf 85' lang='lat' dir='ltr'><strong>Theodori</strong></span> 
     </span>
    </p>
   </div>
   <div class='ocr_carea' id='block_1_70' title="bbox 610 4030 2186 4108">
    <p class='ocr_par' dir='ltr' id='par_1_70' title="bbox 610 4030 2186 4108">
     <span class='ocr_line' id='line_1_70' title="bbox 610 4030 2186 4108; baseline 0.01 -24"><span class='ocrx_word' id='word_1_539' title='bbox 610 4030 856 4099; x_wconf 90' lang='lat' dir='ltr'><strong>capitulis</strong></span> <span class='ocrx_word' id='word_1_540' title='bbox 899 4032 1276 4088; x_wconf 84' lang='lat' dir='ltr'><strong>inveniuntur?</strong></span> <span class='ocrx_word' id='word_1_541' title='bbox 1306 4037 1455 4102; x_wconf 83' lang='lat' dir='ltr'><strong>Quod</strong></span> <span class='ocrx_word' id='word_1_542' title='bbox 1499 4036 1545 4091; x_wconf 89' lang='lat' dir='ltr'><strong>si</strong></span> <span class='ocrx_word' id='word_1_543' title='bbox 1588 4053 1691 4092; x_wconf 90' lang='lat' dir='ltr'><strong>non</strong></span> <span class='ocrx_word' id='word_1_544' title='bbox 1736 4040 2098 4108; x_wconf 86' lang='lat' dir='ltr'><strong>inveniuntur,</strong></span> <span class='ocrx_word' id='word_1_545' title='bbox 2130 4052 2186 4099; x_wconf 87' lang='lat' dir='ltr'><strong>et</strong></span> 
     </span>
    </p>
   </div>
   <div class='ocr_carea' id='block_1_71' title="bbox 610 4120 2185 4203">
    <p class='ocr_par' dir='ltr' id='par_1_71' title="bbox 610 4120 2185 4203">
     <span class='ocr_line' id='line_1_71' title="bbox 610 4120 2185 4203; baseline 0.01 -28"><span class='ocrx_word' id='word_1_546' title='bbox 610 4120 696 4175; x_wconf 90' lang='lat' dir='ltr'><strong>isti</strong></span> <span class='ocrx_word' id='word_1_547' title='bbox 719 4122 1030 4178; x_wconf 84' lang='lat' dir='ltr'><strong>cohibentes</strong></span> <span class='ocrx_word' id='word_1_548' title='bbox 1055 4124 1339 4181; x_wconf 87' lang='lat' dir='ltr'><strong>Theodoro</strong></span> <span class='ocrx_word' id='word_1_549' title='bbox 1360 4143 1457 4183; x_wconf 84' lang='lat' dir='ltr'><strong>nos</strong></span> <span class='ocrx_word' id='word_1_550' title='bbox 1489 4128 1675 4186; x_wconf 81' lang='lat' dir='ltr'><strong>fallere</strong></span> <span class='ocrx_word' id='word_1_551' title='bbox 1707 4134 2019 4203; x_wconf 88' lang='lat' dir='ltr'><strong>voluerunt;</strong></span> <span class='ocrx_word' id='word_1_552' title='bbox 2049 4153 2185 4192; x_wconf 88' lang='lat' dir='ltr'><strong>nun-</strong></span> 
     </span>
    </p>
   </div>
   <div class='ocr_carea' id='block_1_72' title="bbox 609 4214 2183 4298">
    <p class='ocr_par' dir='ltr' id='par_1_72' title="bbox 609 4214 2183 4298">
     <span class='ocr_line' id='line_1_72' title="bbox 609 4214 2183 4298; baseline 0.011 -32"><span class='ocrx_word' id='word_1_553' title='bbox 609 4214 731 4284; x_wconf 88' lang='lat' dir='ltr'><strong>quid</strong></span> <span class='ocrx_word' id='word_1_554' title='bbox 759 4215 917 4269; x_wconf 89' lang='lat' dir='ltr'><strong>etiam</strong></span> <span class='ocrx_word' id='word_1_555' title='bbox 945 4216 1023 4271; x_wconf 89' lang='lat' dir='ltr'><strong>sic</strong></span> <span class='ocrx_word' id='word_1_556' title='bbox 1047 4215 1190 4286; x_wconf 89' lang='lat' dir='ltr'><strong>juste</strong></span> <span class='ocrx_word' id='word_1_557' title='bbox 1224 4231 1401 4285; x_wconf 78' lang='lat' dir='ltr'><strong>posset</strong></span> <span class='ocrx_word' id='word_1_558' title='bbox 1446 4220 1899 4281; x_wconf 86' lang='lat' dir='ltr'><strong>Chalcedonensis</strong></span> <span class='ocrx_word' id='word_1_559' title='bbox 1946 4231 2183 4298; x_wconf 80' lang='lat' dir='ltr'><strong>synodus</strong></span> 
     </span>
    </p>
   </div>
   <div class='ocr_carea' id='block_1_73' title="bbox 608 4303 2183 4383">
    <p class='ocr_par' dir='ltr' id='par_1_73' title="bbox 608 4303 2183 4383">
     <span class='ocr_line' id='line_1_73' title="bbox 608 4303 2183 4383; baseline 0.011 -26"><span class='ocrx_word' id='word_1_560' title='bbox 608 4303 780 4358; x_wconf 85' lang='lat' dir='ltr'><strong>solum</strong></span> <span class='ocrx_word' id='word_1_561' title='bbox 825 4304 1187 4362; x_wconf 88' lang='lat' dir='ltr'><strong>condemnare</strong></span> <span class='ocrx_word' id='word_1_562' title='bbox 1216 4307 1559 4365; x_wconf 88' lang='lat' dir='ltr'><strong>Theodorum</strong></span> <span class='ocrx_word' id='word_1_563' title='bbox 1601 4314 1801 4383; x_wconf 89' lang='lat' dir='ltr'><strong>absque</strong></span> <span class='ocrx_word' id='word_1_564' title='bbox 1843 4314 2047 4372; x_wconf 88' lang='lat' dir='ltr'><strong>Joanne</strong></span> <span class='ocrx_word' id='word_1_565' title='bbox 2075 4324 2183 4374; x_wconf 83' lang='lat' dir='ltr'><strong>An-</strong></span> 
     </span>
    </p>
   </div>
   <div class='ocr_carea' id='block_1_74' title="bbox 609 4394 2183 4480">
    <p class='ocr_par' dir='ltr' id='par_1_74' title="bbox 609 4394 2183 4480">
     <span class='ocr_line' id='line_1_74' title="bbox 609 4394 2183 4480; baseline 0.011 -32"><span class='ocrx_word' id='word_1_566' title='bbox 609 4394 858 4456; x_wconf 88' lang='lat' dir='ltr'><strong>tiocheno</strong></span> <span class='ocrx_word' id='word_1_567' title='bbox 887 4405 942 4450; x_wconf 91' lang='lat' dir='ltr'><strong>et</strong></span> <span class='ocrx_word' id='word_1_568' title='bbox 964 4399 1214 4453; x_wconf 90' lang='lat' dir='ltr'><strong>omnibus</strong></span> <span class='ocrx_word' id='word_1_569' title='bbox 1248 4401 1602 4457; x_wconf 90' lang='lat' dir='ltr'><strong>orientalibus</strong></span> <span class='ocrx_word' id='word_1_570' title='bbox 1629 4405 1929 4476; x_wconf 89' lang='lat' dir='ltr'><strong>episcopis,</strong></span> <span class='ocrx_word' id='word_1_571' title='bbox 1973 4409 2063 4480; x_wconf 92' lang='lat' dir='ltr'><strong>qui</strong></span> <span class='ocrx_word' id='word_1_572' title='bbox 2096 4426 2183 4467; x_wconf 88' lang='lat' dir='ltr'><strong>er-</strong></span> 
     </span>
    </p>
   </div>
   <div class='ocr_carea' id='block_1_75' title="bbox 2291 3213 3793 3288">
    <p class='ocr_par' dir='ltr' id='par_1_75' title="bbox 2291 3213 3793 3288">
     <span class='ocr_line' id='line_1_75' title="bbox 2291 3213 3793 3288; baseline 0.001 -19"><span class='ocrx_word' id='word_1_573' title='bbox 2291 3213 2440 3280; x_wconf 85' lang='lat' dir='ltr'><strong>silio,</strong></span> <span class='ocrx_word' id='word_1_574' title='bbox 2463 3224 2517 3269; x_wconf 87' lang='lat' dir='ltr'><strong>et</strong></span> <span class='ocrx_word' id='word_1_575' title='bbox 2542 3223 2766 3286; x_wconf 86' lang='lat' dir='ltr'><strong>utroque</strong></span> <span class='ocrx_word' id='word_1_576' title='bbox 2793 3216 3070 3288; x_wconf 77' lang='lat' dir='ltr'><strong>Gregorio,</strong></span> <span class='ocrx_word' id='word_1_577' title='bbox 3104 3231 3158 3275; x_wconf 91' lang='lat' dir='ltr'><strong>et</strong></span> <span class='ocrx_word' id='word_1_578' title='bbox 3179 3225 3390 3277; x_wconf 76' lang='lat' dir='ltr'><strong>ctetcris</strong></span> <span class='ocrx_word' id='word_1_579' title='bbox 3419 3224 3647 3278; x_wconf 84' lang='lat' dir='ltr'><strong>similiter</strong></span> <span class='ocrx_word' id='word_1_580' title='bbox 3671 3232 3793 3272; x_wconf 78' lang='lat' dir='ltr'><strong>autne</strong></span> 
     </span>
    </p>
   </div>
   <div class='ocr_carea' id='block_1_76' title="bbox 2291 3309 3789 3373">
    <p class='ocr_par' dir='ltr' id='par_1_76' title="bbox 2291 3309 3789 3373">
     <span class='ocr_line' id='line_1_76' title="bbox 2291 3309 3789 3373; baseline 0.002 -12"><span class='ocrx_word' id='word_1_581' title='bbox 2291 3309 2446 3373; x_wconf 85' lang='lat' dir='ltr'><strong>ratis,</strong></span> <span class='ocrx_word' id='word_1_582' title='bbox 2481 3310 2563 3364; x_wconf 87' lang='lat' dir='ltr'><strong>vel</strong></span> <span class='ocrx_word' id='word_1_583' title='bbox 2594 3310 2711 3367; x_wconf 83' lang='lat' dir='ltr'><strong>sine</strong></span> <span class='ocrx_word' id='word_1_584' title='bbox 2737 3312 2940 3369; x_wconf 88' lang='lat' dir='ltr'><strong>Joanne</strong></span> <span class='ocrx_word' id='word_1_585' title='bbox 2970 3315 3309 3373; x_wconf 84' lang='lat' dir='ltr'><strong>Autiocheno</strong></span> <span class='ocrx_word' id='word_1_586' title='bbox 3340 3330 3394 3373; x_wconf 90' lang='lat' dir='ltr'><strong>et</strong></span> <span class='ocrx_word' id='word_1_587' title='bbox 3425 3314 3652 3371; x_wconf 90' lang='lat' dir='ltr'><strong>orientali</strong></span> <span class='ocrx_word' id='word_1_588' title='bbox 3675 3309 3789 3367; x_wconf 85' lang='lat' dir='ltr'><strong>cenci</strong></span> 
     </span>
    </p>
   </div>
   <div class='ocr_carea' id='block_1_77' title="bbox 2292 3403 3805 3483">
    <p class='ocr_par' dir='ltr' id='par_1_77' title="bbox 2292 3403 3805 3483">
     <span class='ocr_line' id='line_1_77' title="bbox 2292 3403 3805 3483; baseline 0.007 -26"><span class='ocrx_word' id='word_1_589' title='bbox 2292 3403 2386 3468; x_wconf 88' lang='lat' dir='ltr'><strong>lio,</strong></span> <span class='ocrx_word' id='word_1_590' title='bbox 2434 3414 2487 3460; x_wconf 89' lang='lat' dir='ltr'><strong>et</strong></span> <span class='ocrx_word' id='word_1_591' title='bbox 2519 3406 2711 3462; x_wconf 84' lang='lat' dir='ltr'><strong>Prorlo</strong></span> <span class='ocrx_word' id='word_1_592' title='bbox 2756 3410 3391 3480; x_wconf 60' lang='lat' dir='ltr'><strong>Constantinorialitano,</strong></span> <span class='ocrx_word' id='word_1_593' title='bbox 3430 3412 3570 3483; x_wconf 86' lang='lat' dir='ltr'><strong>juste</strong></span> <span class='ocrx_word' id='word_1_594' title='bbox 3609 3409 3805 3463; x_wconf 62' lang='lat' dir='ltr'><strong>damnare</strong></span> 
     </span>
    </p>
   </div>
   <div class='ocr_carea' id='block_1_78' title="bbox 2289 3500 3804 3576">
    <p class='ocr_par' dir='ltr' id='par_1_78' title="bbox 2289 3500 3804 3576">
     <span class='ocr_line' id='line_1_78' title="bbox 2289 3500 3804 3576; baseline 0.006 -24"><span class='ocrx_word' id='word_1_595' title='bbox 2289 3513 2394 3553; x_wconf 90' lang='lat' dir='ltr'><strong>non</strong></span> <span class='ocrx_word' id='word_1_596' title='bbox 2450 3500 2637 3567; x_wconf 87' lang='lat' dir='ltr'><strong>potuit.</strong></span> <span class='ocrx_word' id='word_1_597' title='bbox 2695 3502 2801 3556; x_wconf 89' lang='lat' dir='ltr'><strong>Sed</strong></span> <span class='ocrx_word' id='word_1_598' title='bbox 2854 3504 3002 3573; x_wconf 90' lang='lat' dir='ltr'><strong>prius</strong></span> <span class='ocrx_word' id='word_1_599' title='bbox 3051 3504 3230 3559; x_wconf 88' lang='lat' dir='ltr'><strong>dicant</strong></span> <span class='ocrx_word' id='word_1_600' title='bbox 3280 3521 3402 3561; x_wconf 90' lang='lat' dir='ltr'><strong>cum</strong></span> <span class='ocrx_word' id='word_1_601' title='bbox 3444 3504 3624 3576; x_wconf 80' lang='lat' dir='ltr'><strong>quibus</strong></span> <span class='ocrx_word' id='word_1_602' title='bbox 3662 3501 3804 3553; x_wconf 73' lang='lat' dir='ltr'><strong>horum</strong></span> 
     </span>
    </p>
   </div>
   <div class='ocr_carea' id='block_1_79' title="bbox 2288 3588 3802 3661">
    <p class='ocr_par' dir='ltr' id='par_1_79' title="bbox 2288 3588 3802 3661">
     <span class='ocr_line' id='line_1_79' title="bbox 2288 3588 3802 3661; baseline -0.005 -15"><span class='ocrx_word' id='word_1_603' title='bbox 2288 3592 2438 3661; x_wconf 90' lang='lat' dir='ltr'><strong>prius</strong></span> <span class='ocrx_word' id='word_1_604' title='bbox 2470 3593 2492 3624; x_wconf 83' lang='grc'><em>³</em></span> <span class='ocrx_word' id='word_1_605' title='bbox 2544 3592 2857 3648; x_wconf 83' lang='lat' dir='ltr'><strong>Theodorus</strong></span> <span class='ocrx_word' id='word_1_606' title='bbox 2896 3595 3240 3650; x_wconf 87' lang='lat' dir='ltr'><strong>condemnari</strong></span> <span class='ocrx_word' id='word_1_607' title='bbox 3271 3596 3536 3657; x_wconf 90' lang='lat' dir='ltr'><strong>debuerit,</strong></span> <span class='ocrx_word' id='word_1_608' title='bbox 3572 3605 3620 3648; x_wconf 88' lang='lat' dir='ltr'><strong>et</strong></span> <span class='ocrx_word' id='word_1_609' title='bbox 3645 3591 3701 3644; x_wconf 84' lang='lat' dir='ltr'><strong>ita</strong></span> <span class='ocrx_word' id='word_1_610' title='bbox 3735 3588 3802 3639; x_wconf 83' lang='lat' dir='ltr'><strong>de-</strong></span> 
     </span>
    </p>
   </div>
   <div class='ocr_carea' id='block_1_80' title="bbox 2291 3676 3791 3758">
    <p class='ocr_par' dir='ltr' id='par_1_80' title="bbox 2291 3676 3791 3758">
     <span class='ocr_line' id='line_1_80' title="bbox 2291 3676 3791 3758; baseline -0.003 -23"><span class='ocrx_word' id='word_1_611' title='bbox 2291 3698 2434 3736; x_wconf 89' lang='lat' dir='ltr'><strong>mum</strong></span> <span class='ocrx_word' id='word_1_612' title='bbox 2468 3685 2843 3754; x_wconf 76' lang='lat' dir='ltr'><strong>negligentiam</strong></span> <span class='ocrx_word' id='word_1_613' title='bbox 2872 3687 2955 3742; x_wconf 79' lang='lat' dir='ltr'><strong>vel</strong></span> <span class='ocrx_word' id='word_1_614' title='bbox 2981 3687 3345 3743; x_wconf 88' lang='lat' dir='ltr'><strong>cobibentiam</strong></span> <span class='ocrx_word' id='word_1_615' title='bbox 3375 3685 3557 3758; x_wconf 76' lang='lat' dir='ltr'><strong>synodi</strong></span> <span class='ocrx_word' id='word_1_616' title='bbox 3579 3676 3791 3739; x_wconf 85' lang='lat' dir='ltr'><strong>Chalcedo</strong></span> 
     </span>
    </p>
   </div>
   <div class='ocr_carea' id='block_1_81' title="bbox 2288 3776 2771 3834">
    <p class='ocr_par' dir='ltr' id='par_1_81' title="bbox 2288 3776 2771 3834">
     <span class='ocr_line' id='line_1_81' title="bbox 2288 3776 2771 3834; baseline 0.004 -5"><span class='ocrx_word' id='word_1_617' title='bbox 2288 3776 2471 3831; x_wconf 89' lang='lat' dir='ltr'><strong>nensis</strong></span> <span class='ocrx_word' id='word_1_618' title='bbox 2500 3787 2771 3834; x_wconf 84' lang='lat' dir='ltr'><strong>accusent.</strong></span> 
     </span>
    </p>
   </div>
   <div class='ocr_carea' id='block_1_82' title="bbox 2916 3891 3234 3949">
    <p class='ocr_par' dir='ltr' id='par_1_82' title="bbox 2916 3891 3234 3949">
     <span class='ocr_line' id='line_1_82' title="bbox 2916 3891 3234 3949; baseline 0.006 -3"><span class='ocrx_word' id='word_1_619' title='bbox 2916 3891 3141 3949; x_wconf 74' lang='lat' dir='ltr'><strong>CAPUT</strong></span> <span class='ocrx_word' id='word_1_620' title='bbox 3170 3892 3234 3948; x_wconf 88' lang='lat' dir='ltr'><strong>ll.</strong></span> 
     </span>
    </p>
   </div>
   <div class='ocr_carea' id='block_1_83' title="bbox 2288 4023 3800 4092">
    <p class='ocr_par' dir='ltr' id='par_1_83' title="bbox 2288 4023 3800 4092">
     <span class='ocr_line' id='line_1_83' title="bbox 2288 4023 3800 4092; baseline 0.002 -17"><span class='ocrx_word' id='word_1_621' title='bbox 2288 4023 2439 4089; x_wconf 80' lang='lat' dir='ltr'><strong>Quod</strong></span> <span class='ocrx_word' id='word_1_622' title='bbox 2480 4024 2613 4092; x_wconf 82' lang='lat' dir='ltr'><strong>falso</strong></span> <span class='ocrx_word' id='word_1_623' title='bbox 2667 4028 2869 4079; x_wconf 86' lang='lat' dir='ltr'><strong>dicatur</strong></span> <span class='ocrx_word' id='word_1_624' title='bbox 2932 4026 3153 4082; x_wconf 84' lang='lat' dir='ltr'><strong>Proclus</strong></span> <span class='ocrx_word' id='word_1_625' title='bbox 3209 4027 3464 4083; x_wconf 79' lang='lat' dir='ltr'><strong>Theodori</strong></span> <span class='ocrx_word' id='word_1_626' title='bbox 3510 4038 3671 4079; x_wconf 75' lang='lat' dir='ltr'><strong>nomen</strong></span> <span class='ocrx_word' id='word_1_627' title='bbox 3720 4031 3800 4086; x_wconf 71' lang='grc' dir='ltr'><strong>μιν·</strong></span> 
     </span>
    </p>
   </div>
   <div class='ocr_carea' id='block_1_84' title="bbox 2324 4093 3773 4171">
    <p class='ocr_par' dir='ltr' id='par_1_84' title="bbox 2324 4093 3773 4171">
     <span class='ocr_line' id='line_1_84' title="bbox 2324 4093 3773 4171; baseline 0.004 -22"><span class='ocrx_word' id='word_1_628' title='bbox 2324 4096 2609 4162; x_wconf 75' lang='lat' dir='ltr'><strong>strinxisse,</strong></span> <span class='ocrx_word' id='word_1_629' title='bbox 2655 4113 2767 4151; x_wconf 87' lang='lat' dir='ltr'><strong>cum</strong></span> <span class='ocrx_word' id='word_1_630' title='bbox 2799 4114 2860 4153; x_wconf 75' lang='lat' dir='ltr'><strong>ex</strong></span> <span class='ocrx_word' id='word_1_631' title='bbox 2889 4100 2997 4169; x_wconf 82' lang='lat' dir='ltr'><strong>ejus</strong></span> <span class='ocrx_word' id='word_1_632' title='bbox 3027 4101 3231 4167; x_wconf 80' lang='lat' dir='ltr'><strong>scriptis</strong></span> <span class='ocrx_word' id='word_1_633' title='bbox 3261 4101 3314 4167; x_wconf 79' lang='lat' dir='ltr'><strong>id</strong></span> <span class='ocrx_word' id='word_1_634' title='bbox 3349 4109 3515 4171; x_wconf 80' lang='lat' dir='ltr'><strong>aperte</strong></span> <span class='ocrx_word' id='word_1_635' title='bbox 3540 4093 3773 4165; x_wconf 61' lang='lat' dir='ltr'><strong>refellam-</strong></span> 
     </span>
    </p>
   </div>
   <div class='ocr_carea' id='block_1_85' title="bbox 2357 4218 3794 4300">
    <p class='ocr_par' dir='ltr' id='par_1_85' title="bbox 2357 4218 3794 4300">
     <span class='ocr_line' id='line_1_85' title="bbox 2357 4218 3794 4300; baseline 0 -19"><span class='ocrx_word' id='word_1_636' title='bbox 2357 4226 2507 4283; x_wconf 88' lang='lat' dir='ltr'><strong>Sane</strong></span> <span class='ocrx_word' id='word_1_637' title='bbox 2537 4226 2818 4283; x_wconf 82' lang='lat' dir='ltr'><strong>videamus</strong></span> <span class='ocrx_word' id='word_1_638' title='bbox 2849 4231 2975 4300; x_wconf 87' lang='lat' dir='ltr'><strong>quid</strong></span> <span class='ocrx_word' id='word_1_639' title='bbox 3008 4232 3170 4286; x_wconf 86' lang='lat' dir='ltr'><strong>etiam</strong></span> <span class='ocrx_word' id='word_1_640' title='bbox 3211 4232 3401 4287; x_wconf 89' lang='lat' dir='ltr'><strong>beatus</strong></span> <span class='ocrx_word' id='word_1_641' title='bbox 3451 4229 3678 4290; x_wconf 82' lang='lat' dir='ltr'><strong>I’roclus,</strong></span> <span class='ocrx_word' id='word_1_642' title='bbox 3714 4218 3794 4274; x_wconf 62' lang='grc' dir='ltr'><strong>εστὶ</strong></span> 
     </span>
    </p>
   </div>
   <div class='ocr_carea' id='block_1_86' title="bbox 2291 4310 3795 4394">
    <p class='ocr_par' dir='ltr' id='par_1_86' title="bbox 2291 4310 3795 4394">
     <span class='ocr_line' id='line_1_86' title="bbox 2291 4310 3795 4394; baseline 0 -25"><span class='ocrx_word' id='word_1_643' title='bbox 2291 4316 2449 4371; x_wconf 83' lang='lat' dir='ltr'><strong>bente</strong></span> <span class='ocrx_word' id='word_1_644' title='bbox 2492 4317 2594 4371; x_wconf 92' lang='lat' dir='ltr'><strong>sibi</strong></span> <span class='ocrx_word' id='word_1_645' title='bbox 2636 4317 2842 4375; x_wconf 87' lang='lat' dir='ltr'><strong>Joanne</strong></span> <span class='ocrx_word' id='word_1_646' title='bbox 2882 4321 3219 4377; x_wconf 83' lang='lat' dir='ltr'><strong>Antiocheno</strong></span> <span class='ocrx_word' id='word_1_647' title='bbox 3257 4333 3313 4379; x_wconf 93' lang='lat' dir='ltr'><strong>et</strong></span> <span class='ocrx_word' id='word_1_648' title='bbox 3360 4321 3556 4394; x_wconf 84' lang='lat' dir='ltr'><strong>synodo</strong></span> <span class='ocrx_word' id='word_1_649' title='bbox 3583 4310 3795 4372; x_wconf 78' lang='lat' dir='ltr'><strong>orientali.</strong></span> 
     </span>
    </p>
   </div>
   <div class='ocr_carea' id='block_1_87' title="bbox 2284 4401 3787 4485">
    <p class='ocr_par' dir='ltr' id='par_1_87' title="bbox 2284 4401 3787 4485">
     <span class='ocr_line' id='line_1_87' title="bbox 2284 4401 3787 4485; baseline -0.004 -23"><span class='ocrx_word' id='word_1_650' title='bbox 2284 4410 2650 4481; x_wconf 85' lang='lat' dir='ltr'><strong>rescripserit,</strong></span> <span class='ocrx_word' id='word_1_651' title='bbox 2689 4422 2745 4466; x_wconf 92' lang='lat' dir='ltr'><strong>ut</strong></span> <span class='ocrx_word' id='word_1_652' title='bbox 2781 4424 3033 4483; x_wconf 88' lang='lat' dir='ltr'><strong>appareat</strong></span> <span class='ocrx_word' id='word_1_653' title='bbox 3063 4431 3220 4484; x_wconf 86' lang='lat' dir='ltr'><strong>quam</strong></span> <span class='ocrx_word' id='word_1_654' title='bbox 3253 4416 3319 4470; x_wconf 87' lang='lat' dir='ltr'><strong>sit</strong></span> <span class='ocrx_word' id='word_1_655' title='bbox 3347 4412 3614 4485; x_wconf 83' lang='lat' dir='ltr'><strong>impudens</strong></span> <span class='ocrx_word' id='word_1_656' title='bbox 3643 4401 3787 4461; x_wconf 74' lang='lat' dir='ltr'><strong>bmreti</strong></span> 
     </span>
    </p>
   </div>
   <div class='ocr_carea' id='block_1_88' title="bbox 610 4487 3793 4574">
    <p class='ocr_par' dir='ltr' id='par_1_88' title="bbox 610 4487 3793 4574">
     <span class='ocr_line' id='line_1_88' title="bbox 610 4487 3793 4574; baseline 0.004 -34"><span class='ocrx_word' id='word_1_657' title='bbox 610 4487 821 4540; x_wconf 82' lang='lat' dir='ltr'><strong>roribus</strong></span> <span class='ocrx_word' id='word_1_658' title='bbox 881 4487 1122 4556; x_wconf 88' lang='lat' dir='ltr'><strong>ejusdem</strong></span> <span class='ocrx_word' id='word_1_659' title='bbox 1175 4488 1447 4546; x_wconf 88' lang='lat' dir='ltr'><strong>Theodori</strong></span> <span class='ocrx_word' id='word_1_660' title='bbox 1504 4495 1816 4553; x_wconf 89' lang='lat' dir='ltr'><strong>cohibentes</strong></span> <span class='ocrx_word' id='word_1_661' title='bbox 1842 4542 1857 4566; x_wconf 92' lang='lat'><strong>,</strong></span> <span class='ocrx_word' id='word_1_662' title='bbox 1925 4500 2182 4569; x_wconf 82' lang='lat' dir='ltr'><strong>ignatium</strong></span> <span class='ocrx_word' id='word_1_663' title='bbox 2213 4498 2265 4557; x_wconf 92' lang='lat' dir='ltr'><strong>D</strong></span> <span class='ocrx_word' id='word_1_664' title='bbox 2290 4514 2475 4555; x_wconf 92' lang='lat' dir='ltr'><strong>corum</strong></span> <span class='ocrx_word' id='word_1_665' title='bbox 2504 4501 2736 4569; x_wconf 82' lang='lat' dir='ltr'><strong>falsitas,</strong></span> <span class='ocrx_word' id='word_1_666' title='bbox 2765 4519 2993 4574; x_wconf 86' lang='lat' dir='ltr'><strong>quorum</strong></span> <span class='ocrx_word' id='word_1_667' title='bbox 3019 4506 3311 4562; x_wconf 82' lang='lat' dir='ltr'><strong>fautoribus</strong></span> <span class='ocrx_word' id='word_1_668' title='bbox 3332 4506 3606 4561; x_wconf 83' lang='lat' dir='ltr'><strong>catholicos</strong></span> <span class='ocrx_word' id='word_1_669' title='bbox 3628 4495 3793 4554; x_wconf 68' lang='lat' dir='ltr'><strong>credere</strong></span> 
     </span>
    </p>
   </div>
   <div class='ocr_carea' id='block_1_89' title="bbox 610 4578 2185 4658">
    <p class='ocr_par' dir='ltr' id='par_1_89' title="bbox 610 4578 2185 4658">
     <span class='ocr_line' id='line_1_89' title="bbox 610 4578 2185 4658; baseline 0.011 -29"><span class='ocrx_word' id='word_1_670' title='bbox 610 4584 940 4644; x_wconf 89' lang='lat' dir='ltr'><strong>martyrem,</strong></span> <span class='ocrx_word' id='word_1_671' title='bbox 991 4578 1079 4648; x_wconf 92' lang='lat' dir='ltr'><strong>qui</strong></span> <span class='ocrx_word' id='word_1_672' title='bbox 1125 4581 1417 4635; x_wconf 89' lang='lat' dir='ltr'><strong>secundum</strong></span> <span class='ocrx_word' id='word_1_673' title='bbox 1468 4592 1589 4651; x_wconf 86' lang='lat' dir='ltr'><strong>post</strong></span> <span class='ocrx_word' id='word_1_674' title='bbox 1635 4585 1852 4641; x_wconf 89' lang='lat' dir='ltr'><strong>Petrum</strong></span> <span class='ocrx_word' id='word_1_675' title='bbox 1883 4592 2185 4658; x_wconf 89' lang='lat' dir='ltr'><strong>apostolum</strong></span> 
     </span>
    </p>
   </div>
   <div class='ocr_carea' id='block_1_90' title="bbox 608 4666 2185 4743">
    <p class='ocr_par' dir='ltr' id='par_1_90' title="bbox 608 4666 2185 4743">
     <span class='ocr_line' id='line_1_90' title="bbox 608 4666 2185 4743; baseline 0.013 -23"><span class='ocrx_word' id='word_1_676' title='bbox 608 4666 958 4721; x_wconf 72' lang='lat' dir='ltr'><strong>Antiochenre</strong></span> <span class='ocrx_word' id='word_1_677' title='bbox 1006 4669 1151 4724; x_wconf 87' lang='lat' dir='ltr'><strong>sedis</strong></span> <span class='ocrx_word' id='word_1_678' title='bbox 1200 4672 1469 4729; x_wconf 87' lang='lat' dir='ltr'><strong>ordinavit</strong></span> <span class='ocrx_word' id='word_1_679' title='bbox 1513 4674 1843 4743; x_wconf 86' lang='lat' dir='ltr'><strong>Ecclesiam,</strong></span> <span class='ocrx_word' id='word_1_680' title='bbox 1881 4690 1933 4734; x_wconf 92' lang='lat' dir='ltr'><strong>et</strong></span> <span class='ocrx_word' id='word_1_681' title='bbox 1959 4692 2185 4741; x_wconf 73' lang='lat' dir='ltr'><strong>caeteros</strong></span> 
     </span>
    </p>
   </div>
   <div class='ocr_carea' id='block_1_91' title="bbox 611 4756 2186 4841">
    <p class='ocr_par' dir='ltr' id='par_1_91' title="bbox 611 4756 2186 4841">
     <span class='ocr_line' id='line_1_91' title="bbox 611 4756 2186 4841; baseline 0.015 -33"><span class='ocrx_word' id='word_1_682' title='bbox 611 4756 1021 4825; x_wconf 87' lang='lat' dir='ltr'><strong>gloriosissimos</strong></span> <span class='ocrx_word' id='word_1_683' title='bbox 1060 4759 1243 4815; x_wconf 77' lang='lat' dir='ltr'><strong>Patres</strong></span> <span class='ocrx_word' id='word_1_684' title='bbox 1272 4777 1406 4833; x_wconf 89' lang='lat' dir='ltr'><strong>quos</strong></span> <span class='ocrx_word' id='word_1_685' title='bbox 1447 4780 2024 4841; x_wconf 85' lang='lat' dir='ltr'><strong>commemoraverunt,</strong></span> <span class='ocrx_word' id='word_1_686' title='bbox 2055 4790 2186 4831; x_wconf 90' lang='lat' dir='ltr'><strong>con-</strong></span> 
     </span>
    </p>
   </div>
   <div class='ocr_carea' id='block_1_92' title="bbox 681 4954 2175 5036">
    <p class='ocr_par' dir='ltr' id='par_1_92' title="bbox 681 4954 2175 5036">
     <span class='ocr_line' id='line_1_92' title="bbox 681 4954 2175 5036; baseline 0.019 -30"><span class='ocrx_word' id='word_1_687' title='bbox 681 4962 706 4992; x_wconf 71' lang='grc' dir='ltr'>α</span> <span class='ocrx_word' id='word_1_688' title='bbox 748 4954 920 5013; x_wconf 81' lang='lat' dir='ltr'><strong>Procli</strong></span> <span class='ocrx_word' id='word_1_689' title='bbox 958 4959 1198 5036; x_wconf 70' lang='lat' dir='ltr'><strong>epistolae</strong></span> <span class='ocrx_word' id='word_1_690' title='bbox 1244 4962 1319 5036; x_wconf 83' lang='lat' dir='ltr'><strong>ad</strong></span> <span class='ocrx_word' id='word_1_691' title='bbox 1340 4964 1600 5021; x_wconf 83' lang='lat' dir='ltr'><strong>Joannem</strong></span> <span class='ocrx_word' id='word_1_692' title='bbox 1652 4986 1770 5027; x_wconf 81' lang='lat' dir='ltr'><strong>rum</strong></span> <span class='ocrx_word' id='word_1_693' title='bbox 1824 4982 1967 5031; x_wconf 91' lang='lat' dir='ltr'><strong>tomo</strong></span> <span class='ocrx_word' id='word_1_694' title='bbox 1995 4980 2175 5036; x_wconf 78' lang='lat' dir='ltr'><strong>missa:</strong></span> 
     </span>
    </p>
   </div>
   <div class='ocr_carea' id='block_1_93' title="bbox 611 5026 2178 5120">
    <p class='ocr_par' dir='ltr' id='par_1_93' title="bbox 611 5026 2178 5120">
     <span class='ocr_line' id='line_1_93' title="bbox 611 5026 2178 5120; baseline 0.021 -46"><span class='ocrx_word' id='word_1_695' title='bbox 611 5026 964 5120; x_wconf 36' lang='lat' dir='ltr'><strong>fragmen-turn</strong></span> <span class='ocrx_word' id='word_1_696' title='bbox 986 5026 1225 5120; x_wconf 31' lang='lat' dir='ltr'><strong>&quot;vidimus</strong></span> <span class='ocrx_word' id='word_1_697' title='bbox 1271 5034 1361 5117; x_wconf 62' lang='lat' dir='ltr'><strong>lib:</strong></span> <span class='ocrx_word' id='word_1_698' title='bbox 1397 5051 1454 5118; x_wconf 78' lang='lat' dir='ltr'><strong>tt_.</strong></span> <span class='ocrx_word' id='word_1_699' title='bbox 1500 5037 1625 5094; x_wconf 68' lang='lat' dir='ltr'><strong>Haec</strong></span> <span class='ocrx_word' id='word_1_700' title='bbox 1658 5026 2178 5120; x_wconf 35' lang='lat' dir='ltr'><strong>alteriussunt‘e‘pi:</strong></span> 
     </span>
    </p>
   </div>
   <div class='ocr_carea' id='block_1_94' title="bbox 610 5097 2178 5184">
    <p class='ocr_par' dir='ltr' id='par_1_94' title="bbox 610 5097 2178 5184">
     <span class='ocr_line' id='line_1_94' title="bbox 610 5097 2178 5184; baseline 0.017 -33"><span class='ocrx_word' id='word_1_701' title='bbox 610 5097 947 5184; x_wconf 43' lang='lat' dir='ltr'><strong>stolaeuquam</strong></span> <span class='ocrx_word' id='word_1_702' title='bbox 976 5097 1166 5156; x_wconf 87' lang='lat' dir='ltr'><strong>Joanni</strong></span> <span class='ocrx_word' id='word_1_703' title='bbox 1196 5106 1488 5175; x_wconf 86' lang='lat' dir='ltr'><strong>rescripsit,</strong></span> <span class='ocrx_word' id='word_1_704' title='bbox 1520 5124 1640 5184; x_wconf 73' lang='lat' dir='ltr'><strong>cum</strong></span> <span class='ocrx_word' id='word_1_705' title='bbox 1681 5111 1799 5182; x_wconf 87' lang='lat' dir='ltr'><strong>ejus</strong></span> <span class='ocrx_word' id='word_1_706' title='bbox 1824 5097 2178 5184; x_wconf 42' lang='lat' dir='ltr'><strong>ads—operire-</strong></span> 
     </span>
    </p>
   </div>
   <div class='ocr_carea' id='block_1_95' title="bbox 610 5167 2176 5252">
    <p class='ocr_par' dir='ltr' id='par_1_95' title="bbox 610 5167 2176 5252">
     <span class='ocr_line' id='line_1_95' title="bbox 610 5167 2176 5252; baseline 0.019 -34"><span class='ocrx_word' id='word_1_707' title='bbox 610 5181 697 5252; x_wconf 54' lang='lat' dir='ltr'><strong>res</strong></span> <span class='ocrx_word' id='word_1_708' title='bbox 718 5167 932 5252; x_wconf 43' lang='lat' dir='ltr'><strong>&#39;litteras</strong></span> <span class='ocrx_word' id='word_1_709' title='bbox 952 5185 1266 5252; x_wconf 63' lang='lat' dir='ltr'><strong>responsum</strong></span> <span class='ocrx_word' id='word_1_710' title='bbox 1291 5167 2176 5252; x_wconf 44' lang='lat' dir='ltr'><strong>expost&#39;uiationeinque—de—i‘lieo-</strong></span> 
     </span>
    </p>
   </div>
   <div class='ocr_carea' id='block_1_96' title="bbox 611 5236 2176 5325">
    <p class='ocr_par' dir='ltr' id='par_1_96' title="bbox 611 5236 2176 5325">
     <span class='ocr_line' id='line_1_96' title="bbox 611 5236 2176 5325; baseline 0.018 -36"><span class='ocrx_word' id='word_1_711' title='bbox 611 5236 1015 5325; x_wconf 41' lang='lat' dir='ltr'><strong>derincapituiis</strong></span> <span class='ocrx_word' id='word_1_712' title='bbox 1038 5236 1463 5325; x_wconf 57' lang='lat' dir='ltr'><strong>accepisset.&#39;Ex</strong></span> <span class='ocrx_word' id='word_1_713' title='bbox 1494 5236 1967 5325; x_wconf 15' lang='lat' dir='ltr'><strong>_bis‘_ergorl&#39;iquetv.</strong></span> <span class='ocrx_word' id='word_1_714' title='bbox 2002 5236 2176 5317; x_wconf 55' lang='lat' dir='ltr'><strong>i’rocvli</strong></span> 
     </span>
    </p>
   </div>
   <div class='ocr_carea' id='block_1_97' title="bbox 609 5311 2175 5396">
    <p class='ocr_par' dir='ltr' id='par_1_97' title="bbox 609 5311 2175 5396">
     <span class='ocr_line' id='line_1_97' title="bbox 609 5311 2175 5396; baseline 0.018 -36"><span class='ocrx_word' id='word_1_715' title='bbox 609 5311 888 5365; x_wconf 86' lang='lat' dir='ltr'><strong>consilium</strong></span> <span class='ocrx_word' id='word_1_716' title='bbox 945 5312 1107 5369; x_wconf 78' lang='lat' dir='ltr'><strong>luisse</strong></span> <span class='ocrx_word' id='word_1_717' title='bbox 1138 5354 1155 5382; x_wconf 92' lang='lat'><strong>,</strong></span> <span class='ocrx_word' id='word_1_718' title='bbox 1195 5317 1335 5386; x_wconf 89' lang='lat' dir='ltr'><strong>quod</strong></span> <span class='ocrx_word' id='word_1_719' title='bbox 1382 5326 1435 5373; x_wconf 89' lang='lat' dir='ltr'><strong>et</strong></span> <span class='ocrx_word' id='word_1_720' title='bbox 1485 5311 1715 5392; x_wconf 65' lang='lat' dir='ltr'><strong>Cyrinus</strong></span> <span class='ocrx_word' id='word_1_721' title='bbox 1757 5311 2175 5396; x_wconf 14' lang='lat' dir='ltr'><strong>satagit-batfvut</strong></span> 
     </span>
    </p>
   </div>
   <div class='ocr_carea' id='block_1_98' title="bbox 683 5481 1439 5558">
    <p class='ocr_par' dir='ltr' id='par_1_98' title="bbox 683 5481 1439 5558">
     <span class='ocr_line' id='line_1_98' title="bbox 683 5481 1439 5558; baseline 0.019 -25"><span class='ocrx_word' id='word_1_722' title='bbox 683 5481 700 5558; x_wconf 66' lang='grc' dir='ltr'><strong>ξ</strong></span> <span class='ocrx_word' id='word_1_723' title='bbox 729 5481 859 5558; x_wconf 60' lang='lat' dir='ltr'><strong>ped.</strong></span> <span class='ocrx_word' id='word_1_724' title='bbox 892 5484 1112 5551; x_wconf 74' lang='lat' dir='ltr'><strong>Verum,</strong></span> <span class='ocrx_word' id='word_1_725' title='bbox 1141 5491 1279 5558; x_wconf 84' lang='lat' dir='ltr'><strong>apud</strong></span> <span class='ocrx_word' id='word_1_726' title='bbox 1306 5508 1439 5547; x_wconf 81' lang='lat' dir='ltr'><strong>eam.</strong></span> 
     </span>
    </p>
   </div>
   <div class='ocr_carea' id='block_1_99' title="bbox 679 5551 1341 5625">
    <p class='ocr_par' dir='ltr' id='par_1_99' title="bbox 679 5551 1341 5625">
     <span class='ocr_line' id='line_1_99' title="bbox 679 5551 1341 5625; baseline 0.014 -20"><span class='ocrx_word' id='word_1_727' title='bbox 679 5552 703 5625; x_wconf 66' lang='grc' dir='ltr'><strong>ξ</strong></span> <span class='ocrx_word' id='word_1_728' title='bbox 734 5551 875 5625; x_wconf 68' lang='lat' dir='ltr'><strong>idem</strong></span> <span class='ocrx_word' id='word_1_729' title='bbox 905 5558 1048 5620; x_wconf 89' lang='lat' dir='ltr'><strong>cod.,</strong></span> <span class='ocrx_word' id='word_1_730' title='bbox 1077 5551 1341 5625; x_wconf 68' lang='lat' dir='ltr'><strong>decerptis.</strong></span> 
     </span>
    </p>
   </div>
   <div class='ocr_carea' id='block_1_100' title="bbox 682 5619 1323 5691">
    <p class='ocr_par' dir='ltr' id='par_1_100' title="bbox 682 5619 1323 5691">
     <span class='ocr_line' id='line_1_100' title="bbox 682 5619 1323 5691; baseline 0.017 -17"><span class='ocrx_word' id='word_1_731' title='bbox 682 5619 705 5691; x_wconf 47' lang='grc' dir='ltr'>ξ</span> <span class='ocrx_word' id='word_1_732' title='bbox 736 5621 876 5676; x_wconf 84' lang='lat' dir='ltr'><strong>Idem</strong></span> <span class='ocrx_word' id='word_1_733' title='bbox 894 5626 1036 5691; x_wconf 88' lang='lat' dir='ltr'><strong>cod.,</strong></span> <span class='ocrx_word' id='word_1_734' title='bbox 1067 5619 1323 5685; x_wconf 72' lang='lat' dir='ltr'><strong>dixerunt.</strong></span> 
     </span>
    </p>
   </div>
   <div class='ocr_carea' id='block_1_101' title="bbox 683 5690 1415 5758">
    <p class='ocr_par' dir='ltr' id='par_1_101' title="bbox 683 5690 1415 5758">
     <span class='ocr_line' id='line_1_101' title="bbox 683 5690 1415 5758; baseline 0.018 -14"><span class='ocrx_word' id='word_1_735' title='bbox 683 5690 709 5721; x_wconf 69' lang='grc' dir='ltr'><strong>δ’</strong></span> <span class='ocrx_word' id='word_1_736' title='bbox 731 5692 872 5747; x_wconf 84' lang='lat' dir='ltr'><strong>idem</strong></span> <span class='ocrx_word' id='word_1_737' title='bbox 898 5690 1029 5753; x_wconf 77' lang='lat' dir='ltr'><strong>cod.</strong></span> <span class='ocrx_word' id='word_1_738' title='bbox 1063 5702 1199 5751; x_wconf 77' lang='lat' dir='ltr'><strong>nunc</strong></span> <span class='ocrx_word' id='word_1_739' title='bbox 1224 5701 1415 5758; x_wconf 82' lang='lat' dir='ltr'><strong>dicunt.</strong></span> 
     </span>
    </p>
   </div>
   <div class='ocr_carea' id='block_1_102' title="bbox 2289 4583 3789 4667">
    <p class='ocr_par' dir='ltr' id='par_1_102' title="bbox 2289 4583 3789 4667">
     <span class='ocr_line' id='line_1_102' title="bbox 2289 4583 3789 4667; baseline -0.002 -23"><span class='ocrx_word' id='word_1_740' title='bbox 2289 4604 2395 4645; x_wconf 91' lang='lat' dir='ltr'><strong>non</strong></span> <span class='ocrx_word' id='word_1_741' title='bbox 2433 4595 2700 4661; x_wconf 83' lang='lat' dir='ltr'><strong>Oportuit,</strong></span> <span class='ocrx_word' id='word_1_742' title='bbox 2753 4594 3074 4664; x_wconf 82' lang='lat' dir='ltr'><strong>ﬁngentibus</strong></span> <span class='ocrx_word' id='word_1_743' title='bbox 3114 4598 3255 4667; x_wconf 91' lang='lat' dir='ltr'><strong>quod</strong></span> <span class='ocrx_word' id='word_1_744' title='bbox 3305 4598 3443 4653; x_wconf 86' lang='lat' dir='ltr'><strong>idem</strong></span> <span class='ocrx_word' id='word_1_745' title='bbox 3489 4583 3789 4648; x_wconf 69' lang='lat' dir='ltr'><strong>sanctusi’m</strong></span> 
     </span>
    </p>
   </div>
   <div class='ocr_carea' id='block_1_103' title="bbox 2286 4678 3785 4751">
    <p class='ocr_par' dir='ltr' id='par_1_103' title="bbox 2286 4678 3785 4751">
     <span class='ocr_line' id='line_1_103' title="bbox 2286 4678 3785 4751; baseline 0.004 -18"><span class='ocrx_word' id='word_1_746' title='bbox 2286 4679 2423 4745; x_wconf 88' lang='lat' dir='ltr'><strong>elus,</strong></span> <span class='ocrx_word' id='word_1_747' title='bbox 2469 4682 2724 4751; x_wconf 76' lang='lat' dir='ltr'><strong>prtedicto</strong></span> <span class='ocrx_word' id='word_1_748' title='bbox 2761 4685 2954 4739; x_wconf 89' lang='lat' dir='ltr'><strong>Joanni</strong></span> <span class='ocrx_word' id='word_1_749' title='bbox 2983 4688 3317 4743; x_wconf 84' lang='lat' dir='ltr'><strong>Antiocheno</strong></span> <span class='ocrx_word' id='word_1_750' title='bbox 3343 4698 3369 4725; x_wconf 78' lang='grc' dir='ltr'><strong>ει</strong></span> <span class='ocrx_word' id='word_1_751' title='bbox 3392 4687 3632 4746; x_wconf 85' lang='lat' dir='ltr'><strong>scribens,</strong></span> <span class='ocrx_word' id='word_1_752' title='bbox 3660 4678 3785 4732; x_wconf 65' lang='lat' dir='ltr'><strong>Theo&#39;</strong></span> 
     </span>
    </p>
   </div>
   <div class='ocr_carea' id='block_1_104' title="bbox 2286 4772 3789 4845">
    <p class='ocr_par' dir='ltr' id='par_1_104' title="bbox 2286 4772 3789 4845">
     <span class='ocr_line' id='line_1_104' title="bbox 2286 4772 3789 4845; baseline 0.001 -20"><span class='ocrx_word' id='word_1_753' title='bbox 2286 4772 2475 4827; x_wconf 91' lang='lat' dir='ltr'><strong>dorum</strong></span> <span class='ocrx_word' id='word_1_754' title='bbox 2508 4776 2644 4829; x_wconf 86' lang='lat' dir='ltr'><strong>male</strong></span> <span class='ocrx_word' id='word_1_755' title='bbox 2668 4777 3046 4845; x_wconf 88' lang='lat' dir='ltr'><strong>nominaverit,</strong></span> <span class='ocrx_word' id='word_1_756' title='bbox 3076 4787 3130 4834; x_wconf 88' lang='lat' dir='ltr'><strong>et</strong></span> <span class='ocrx_word' id='word_1_757' title='bbox 3159 4780 3357 4835; x_wconf 80' lang='lat' dir='ltr'><strong>dixerit</strong></span> <span class='ocrx_word' id='word_1_758' title='bbox 3385 4776 3663 4837; x_wconf 84' lang='lat' dir='ltr'><strong>subdidisse</strong></span> <span class='ocrx_word' id='word_1_759' title='bbox 3682 4774 3789 4822; x_wconf 70' lang='lat' dir='ltr'><strong>tot!lo</strong></span> 
     </span>
    </p>
   </div>
   <div class='ocr_carea' id='block_1_105' title="bbox 2282 4989 3786 5069">
    <p class='ocr_par' dir='ltr' id='par_1_105' title="bbox 2282 4989 3786 5069">
     <span class='ocr_line' id='line_1_105' title="bbox 2282 4989 3786 5069; baseline -0.003 -24"><span class='ocrx_word' id='word_1_760' title='bbox 2282 4989 2550 5047; x_wconf 82' lang='lat' dir='ltr'><strong>Theodori</strong></span> <span class='ocrx_word' id='word_1_761' title='bbox 2584 4995 2817 5069; x_wconf 80' lang='lat' dir='ltr'><strong>nomini,</strong></span> <span class='ocrx_word' id='word_1_762' title='bbox 2851 5008 3069 5069; x_wconf 87' lang='lat' dir='ltr'><strong>propter</strong></span> <span class='ocrx_word' id='word_1_763' title='bbox 3097 5000 3446 5056; x_wconf 88' lang='lat' dir='ltr'><strong>Orientalium</strong></span> <span class='ocrx_word' id='word_1_764' title='bbox 3476 4992 3786 5069; x_wconf 76' lang='lat' dir='ltr'><strong>olfensionem.</strong></span> 
     </span>
    </p>
   </div>
   <div class='ocr_carea' id='block_1_106' title="bbox 2281 5067 3782 5139">
    <p class='ocr_par' dir='ltr' id='par_1_106' title="bbox 2281 5067 3782 5139">
     <span class='ocr_line' id='line_1_106' title="bbox 2281 5067 3782 5139; baseline -0.001 -25"><span class='ocrx_word' id='word_1_765' title='bbox 2281 5072 2619 5131; x_wconf 87' lang='lat' dir='ltr'><strong>parceretur,</strong></span> <span class='ocrx_word' id='word_1_766' title='bbox 2670 5067 2810 5120; x_wconf 90' lang='lat' dir='ltr'><strong>unde</strong></span> <span class='ocrx_word' id='word_1_767' title='bbox 2839 5080 2893 5120; x_wconf 91' lang='lat' dir='ltr'><strong>et</strong></span> <span class='ocrx_word' id='word_1_768' title='bbox 2946 5067 2996 5122; x_wconf 88' lang='lat' dir='ltr'><strong>itt</strong></span> <span class='ocrx_word' id='word_1_769' title='bbox 3044 5073 3301 5139; x_wconf 78' lang='lat' dir='ltr'><strong>capitulis</strong></span> <span class='ocrx_word' id='word_1_770' title='bbox 3344 5068 3593 5127; x_wconf 81' lang='lat' dir='ltr'><strong>Theodori</strong></span> <span class='ocrx_word' id='word_1_771' title='bbox 3623 5068 3782 5139; x_wconf 71' lang='lat' dir='ltr'><strong>nomen</strong></span> 
     </span>
    </p>
   </div>
   <div class='ocr_carea' id='block_1_107' title="bbox 2280 5135 3781 5213">
    <p class='ocr_par' dir='ltr' id='par_1_107' title="bbox 2280 5135 3781 5213">
     <span class='ocr_line' id='line_1_107' title="bbox 2280 5135 3781 5213; baseline -0.003 -29"><span class='ocrx_word' id='word_1_772' title='bbox 2280 5146 2697 5213; x_wconf 52' lang='lat' dir='ltr'><strong>suppresserat,</strong></span> <span class='ocrx_word' id='word_1_773' title='bbox 2739 5135 3133 5213; x_wconf 76' lang='lat' dir='ltr'><strong>prava__tamen</strong></span> <span class='ocrx_word' id='word_1_774' title='bbox 3180 5145 3297 5210; x_wconf 89' lang='lat' dir='ltr'><strong>ejus</strong></span> <span class='ocrx_word' id='word_1_775' title='bbox 3336 5145 3568 5213; x_wconf 87' lang='lat' dir='ltr'><strong>dogmata</strong></span> <span class='ocrx_word' id='word_1_776' title='bbox 3607 5135 3781 5213; x_wconf 54' lang='lat' dir='ltr'><strong>damna;</strong></span> 
     </span>
    </p>
   </div>
   <div class='ocr_carea' id='block_1_108' title="bbox 2280 5197 3779 5339">
    <p class='ocr_par' dir='ltr' id='par_1_108' title="bbox 2280 5197 3779 5339">
     <span class='ocr_line' id='line_1_108' title="bbox 2280 5197 3779 5325; baseline -0.014 -65"><span class='ocrx_word' id='word_1_777' title='bbox 2280 5197 2484 5325; x_wconf 48' lang='lat' dir='ltr'><strong>rentutr.</strong></span> <span class='ocrx_word' id='word_1_778' title='bbox 2515 5202 2621 5259; x_wconf 90' lang='lat' dir='ltr'><strong>Sed</strong></span> <span class='ocrx_word' id='word_1_779' title='bbox 2659 5197 3019 5266; x_wconf 66' lang='lat' dir='ltr'><strong>Orientalibus</strong></span> <span class='ocrx_word' id='word_1_780' title='bbox 3050 5227 3119 5267; x_wconf 87' lang='lat' dir='ltr'><strong>tte</strong></span> <span class='ocrx_word' id='word_1_781' title='bbox 3151 5197 3248 5268; x_wconf 66' lang='lat' dir='ltr'><strong>hoc</strong></span> <span class='ocrx_word' id='word_1_782' title='bbox 3283 5197 3490 5278; x_wconf 62' lang='lat' dir='ltr'><strong>quid&#39;ém</strong></span> <span class='ocrx_word' id='word_1_783' title='bbox 3530 5197 3779 5280; x_wconf 63' lang='lat' dir='ltr'><strong>persuaderi</strong></span> 
     </span>
     <span class='ocr_line' id='line_1_109' title="bbox 2280 5286 2469 5339; baseline -0.011 -11"><span class='ocrx_word' id='word_1_784' title='bbox 2280 5286 2347 5339; x_wconf 89' lang='lat' dir='ltr'><strong>po</strong></span> <span class='ocrx_word' id='word_1_785' title='bbox 2376 5288 2424 5326; x_wconf 88' lang='lat' dir='ltr'><strong>ut</strong></span> <span class='ocrx_word' id='word_1_786' title='bbox 2456 5312 2469 5326; x_wconf 93' lang='lat'><strong>.</strong></span> 
     </span>
    </p>
   </div>
   <div class='ocr_carea' id='block_1_109' title="bbox 2319 5287 2469 5326">
    <p class='ocr_par' dir='ltr' id='par_1_109' title="bbox 2319 5287 2469 5326">
     <span class='ocr_line' id='line_1_110' title="bbox 2319 5287 2469 5326; baseline 0.007 -1"><span class='ocrx_word' id='word_1_787' title='bbox 2319 5287 2469 5326; x_wconf 87' lang='grc' dir='ltr'><strong>οιυιι.</strong></span> 
     </span>
    </p>
   </div>
   <div class='ocr_carea' id='block_1_110' title="bbox 2358 5508 3195 5595">
    <p class='ocr_par' dir='ltr' id='par_1_110' title="bbox 2358 5508 3195 5595">
     <span class='ocr_line' id='line_1_111' title="bbox 2358 5508 3195 5595; baseline 0.02 -34"><span class='ocrx_word' id='word_1_788' title='bbox 2358 5508 2539 5595; x_wconf 58' lang='lat' dir='ltr'><strong>fidem</strong></span> <span class='ocrx_word' id='word_1_789' title='bbox 2568 5514 2713 5595; x_wconf 75' lang='lat' dir='ltr'><strong>cod.,</strong></span> <span class='ocrx_word' id='word_1_790' title='bbox 2741 5516 2911 5595; x_wconf 74' lang='lat' dir='ltr'><strong>Igitur</strong></span> <span class='ocrx_word' id='word_1_791' title='bbox 2941 5522 3058 5577; x_wconf 89' lang='lat' dir='ltr'><strong>loco</strong></span> <span class='ocrx_word' id='word_1_792' title='bbox 3087 5526 3195 5595; x_wconf 83' lang='lat' dir='ltr'><strong>qui.</strong></span> 
     </span>
    </p>
   </div>
   <div class='ocr_carea' id='block_1_111' title="bbox 2356 5580 3011 5661">
    <p class='ocr_par' dir='ltr' id='par_1_111' title="bbox 2356 5580 3011 5661">
     <span class='ocr_line' id='line_1_112' title="bbox 2356 5580 3011 5661; baseline 0.02 -28"><span class='ocrx_word' id='word_1_793' title='bbox 2356 5580 2377 5661; x_wconf 67' lang='grc' dir='ltr'>ξ</span> <span class='ocrx_word' id='word_1_794' title='bbox 2406 5580 2546 5661; x_wconf 69' lang='lat' dir='ltr'><strong>idem</strong></span> <span class='ocrx_word' id='word_1_795' title='bbox 2569 5585 2712 5661; x_wconf 73' lang='lat' dir='ltr'><strong>cod.,</strong></span> <span class='ocrx_word' id='word_1_796' title='bbox 2746 5580 3011 5661; x_wconf 65' lang='lat' dir='ltr'><strong>d&#39;ecerptis.</strong></span> 
     </span>
    </p>
   </div>
   <div class='ocr_carea' id='block_1_112' title="bbox 2357 5650 3358 5727">
    <p class='ocr_par' dir='ltr' id='par_1_112' title="bbox 2357 5650 3358 5727">
     <span class='ocr_line' id='line_1_113' title="bbox 2357 5650 3358 5727; baseline 0.021 -27"><span class='ocrx_word' id='word_1_797' title='bbox 2357 5652 2377 5727; x_wconf 59' lang='grc' dir='ltr'><em>ξ</em></span> <span class='ocrx_word' id='word_1_798' title='bbox 2407 5650 2548 5727; x_wconf 75' lang='lat' dir='ltr'><strong>idem</strong></span> <span class='ocrx_word' id='word_1_799' title='bbox 2577 5658 2720 5727; x_wconf 72' lang='lat' dir='ltr'><strong>tod.,</strong></span> <span class='ocrx_word' id='word_1_800' title='bbox 2752 5650 2979 5727; x_wconf 60' lang='lat' dir='ltr'><strong>ipsorum</strong></span> <span class='ocrx_word' id='word_1_801' title='bbox 3005 5665 3358 5722; x_wconf 79' lang='lat' dir='ltr'><strong>Orientalium.</strong></span> 
     </span>
    </p>
   </div>
   <div class='ocr_carea' id='block_1_113' title="bbox 2356 5721 3275 5795">
    <p class='ocr_par' dir='ltr' id='par_1_113' title="bbox 2356 5721 3275 5795">
     <span class='ocr_line' id='line_1_114' title="bbox 2356 5721 3275 5795; baseline 0.022 -22"><span class='ocrx_word' id='word_1_802' title='bbox 2356 5721 2377 5752; x_wconf 87' lang='grc'><strong><em>⁸</em></strong></span> <span class='ocrx_word' id='word_1_803' title='bbox 2407 5721 2461 5776; x_wconf 91' lang='lat' dir='ltr'><strong>lu</strong></span> <span class='ocrx_word' id='word_1_804' title='bbox 2492 5725 2677 5782; x_wconf 84' lang='lat' dir='ltr'><strong>eodem</strong></span> <span class='ocrx_word' id='word_1_805' title='bbox 2708 5721 2828 5785; x_wconf 67' lang='lat' dir='ltr'><strong>cod.</strong></span> <span class='ocrx_word' id='word_1_806' title='bbox 2857 5734 3004 5790; x_wconf 88' lang='lat' dir='ltr'><strong>deest</strong></span> <span class='ocrx_word' id='word_1_807' title='bbox 3028 5737 3084 5792; x_wconf 84' lang='grc' dir='ltr'><strong>τὸ</strong></span> <span class='ocrx_word' id='word_1_808' title='bbox 3104 5755 3275 5795; x_wconf 63' lang='lat' dir='ltr'><strong>pinus.</strong></span> 
     </span>
    </p>
   </div>
   <div class='ocr_carea' id='block_1_114' title="bbox 3963 5018 3965 5139">
    <p class='ocr_par' dir='ltr' id='par_1_114' title="bbox 3963 5018 3965 5139">
     <span class='ocr_line' id='line_1_115' title="bbox 3963 5018 3965 5139; baseline 0 0"><span class='ocrx_word' id='word_1_809' title='bbox 3963 5018 3965 5139; x_wconf 73' lang='lat' dir='ltr'><strong>l</strong></span> 
     </span>
    </p>
   </div>
  </div>
