4070 6352
264 281 396 346 si:
1146 288 1278 343 uno
1322 277 1747 343 DEFENSIONE
1787 279 2003 339 TRIUM
2046 281 2365 338 camus.
2408 281 2533 337 Lm.
2582 264 2712 337 vui.
3468 258 3571 325 iit

268 412 456 471 «tinem
483 402 628 455 misit
661 399 948 462 Artncniis,
982 399 1213 453 Judaica:
1242 400 1530 466 impietatis
1552 399 1705 466 plena
1731 394 1877 467 ejus-
1906 398 1952 458 Α
1984 394 2216 449 cerdotis
2257 395 2481 449 Joannis
2507 414 2517 448 :
2563 404 2685 465 post
2715 393 3159 464 subscriptionem
3188 400 3368 447 autem
3413 389 3571 449 tomi.

271 496 415 548 di-m
456 493 728 547 Theodori
776 493 1026 559 capitula,
1073 502 1129 543 ut
1169 492 1269 544 sub
1298 492 1637 543 anathemate
1670 490 1884 543 damna-
1986 497 2041 542 et
2093 500 2211 555 post
2247 489 2601 557 abjectiottem
2645 489 3035 557 capitulorum,
3092 502 3213 557 quae
3263 484 3419 555 cujus
3466 484 3578 538 sitit

274 600 501 642 rentur.
561 588 659 653 Qui
720 586 940 640 Proetus
986 584 1336 651 conquerenti
1387 594 1440 636 ct
1488 581 1880 636 contradicenti
1988 585 2318 653 ignoramus,
2352 588 2609 640 continuo
2641 599 2882 653 praepara
2913 584 3197 639 diaconum
3227 579 3573 637 Theodorum

277 689 596 734 memorato
625 678 820 732 Joanui
855 676 1188 732 Antiocheno
1230 686 1283 729 et
1309 675 1424 743 ejus
1449 675 1658 746 synodo
1702 674 1770 728 ita
1801 689 1886 727 re-
1989 678 2173 732 venire
2198 679 2264 732 ad
2297 679 2497 747 regiam
2540 680 2836 743 civitatem,
2867 689 3130 748 quatenus
3172 683 3496 747 tempestate
3522 671 3581 729 et

279 773 515 842 spondit
544 790 557 825 :
605 790 623 821 ι
676 772 903 837 Quando
933 771 1077 825 enim
1111 786 1213 839 ego
1244 770 1435 839 scripsi
1480 781 1584 823 tua:
1614 768 1884 823 sanctitati
1991 769 2217 823 tumultu
2244 784 2350 823 non
2384 770 2705 837 impleantur
2732 771 2978 826 ecclesiae
3002 770 3163 825 urbis
3194 766 3577 828 sanctissimae,

282 878 547 936 oportere
572 870 665 919 aut
692 866 1064 932 Theodorum,
1093 873 1187 918 aut
1210 863 1346 918 alios
1376 864 1636 931 quosdam
1669 865 1756 932 qui
1789 862 1890 932 pri-

284 958 420 1012 dem
452 958 693 1013 defutth
724 972 847 1011 sunt
877 1002 889 1019 ,
938 958 1267 1011 anathemati
1318 956 1494 1019 subdi,
1528 966 1617 1009 aut
1645 956 1889 1011 n0tnina-'

290 1051 394 1101 tim
424 1049 652 1117 alicujus
687 1047 803 1101 fieri
842 1049 857 1078 ί
899 1046 1263 1101 mentionem?
1315 1046 1420 1100 Sed
1464 1055 1622 1113 puto,
1671 1047 1809 1113 sicut
1834 1054 1889 1099 et

288 1139 430 1206 ipsa:
460 1138 647 1194 littera:
690 1140 756 1192 ad
804 1148 945 1191 tuam
978 1140 1317 1192 sanctitatem
1367 1138 1586 1191 d.rect:e
1633 1136 1885 1203 clamant,

290 1230 437 1284 nihil
468 1230 690 1285 difficile
725 1232 805 1284 vel
837 1245 1058 1298 pratum
1085 1229 1311 1296 epistola
1332 1231 1603 1292 continet;
1631 1231 1723 1283 sed
1766 1231 1889 1299 quia

292 1332 517 1387 oportet
558 1322 703 1375 omni
752 1322 1059 1389 suspicietie
1113 1321 1362 1386 liberari,
1400 1331 1456 1375 et
1487 1321 1886 1376 detrahentium

294 1425 397 1464 ora
423 1426 705 1475 consuere,
740 1428 805 1467 ex
833 1414 933 1467 hoc
976 1413 1117 1481 quod
1149 1413 1200 1465 in
1233 1422 1378 1466 tomu
1424 1414 1630 1466 diiecm
1658 1412 1890 1468 subscri-

298 1504 408 1574 psi,
435 1512 489 1557 et
516 1504 603 1559 illa
626 1504 856 1572 capitula
890 1519 1010 1571 qum
1035 1504 1273 1573 solijecta
1306 1515 1428 1559 sunt
1459 1506 1653 1573 repuli,
1680 1515 1739 1559 ut
1770 1514 1894 1574 pote

298 1596 665 1651 subtilitatem
709 1612 813 1650 non
840 1597 1092 1652 habentia
1128 1599 1363 1665 pietatis.
1400 1598 1584 1667 Neque
1618 1606 1796 1653 autem
1826 1598 1895 1653 de

303 1690 618 1753 Theodoro,
653 1705 828 1759 neque
858 1691 924 1745 de
951 1691 1056 1745 alio
1079 1707 1371 1760 quoquam,
1402 1693 1489 1761 qui
1516 1693 1625 1761 jam
1655 1692 1894 1747 defuncti

300 1791 454 1849 sunt,
483 1783 673 1851 scripsi
698 1782 814 1850 tibi,
846 1783 957 1837 Deo
976 1783 1367 1847 amantissime,
1390 1793 1479 1837 aut
1507 1792 1565 1838 ut
1592 1784 1895 1839 anathema-

305 1877 525 1941 tizetur,
554 1880 647 1927 aut
674 1874 969 1930 abdicetur.
994 1874 1103 1930 Sed
1136 1889 1310 1952 neque
1335 1875 1689 1931 charissimus
1719 1875 1899 1931 Theo-

307 1968 494 2030 dorus,
526 1967 614 2037 qui
645 1982 673 2021 a
704 1967 857 2024 nobis
900 1968 1140 2023 directus
1170 1976 1275 2033 est,
1304 1968 1561 2023 diaconus
1592 1970 1719 2023 talia
1750 1985 1901 2024 man-

303 2062 436 2116 data
464 2062 729 2131 percepit.
768 2080 788 2114 ι
818 2062 885 2116 Et
910 2076 972 2116 ea
1002 2062 1412 2117 evidentissima
1445 2063 1730 2133 negatione
1756 2062 1901 2118 beati

312 2153 489 2207 Procli
535 2154 761 2209 necdum
807 2152 1217 2208 confunduntur
1260 2154 1499 2209 haeretici
1536 2155 1619 2208 vel
1664 2155 1903 2210 fautores

311 2258 539 2309 eorum;
588 2246 680 2299 sed
727 2244 928 2300 audent
957 2245 1135 2300 adhuc
1172 2245 1353 2301 dicere
1382 2246 1524 2315 quod
1557 2247 1898 2302 Theodorum

314 2326 754 2407 blopsuestcnum
784 2348 903 2408 post
931 2348 1156 2393 mortem
1182 2340 1321 2395 male
1348 2341 1725 2405 nominaverit,
1754 2356 1904 2395 eum-

317 2444 423 2498 que
476 2429 623 2484 velut
650 2427 963 2484 haareticum
1020 2430 1309 2500 impietatis
1351 2432 1621 2501 arguerit,
1661 2448 1783 2487 cum
1817 2434 1906 2488 ille

322 2522 584 2577 reclamet
614 2522 757 2592 quod
791 2537 895 2576 non
936 2522 1109 2578 solum
1140 2522 1484 2577 Theodorum
1512 2565 1526 2587 ,
1579 2539 1765 2579 verum
1805 2540 1905 2579 nec

322 2616 486 2669 alium
536 2630 858 2684 quemquam
902 2630 967 2670 ex
1009 2615 1093 2669 his
1124 2616 1214 2686 qui
1260 2614 1371 2685 jam
1404 2615 1640 2672 defuncti
1699 2617 1910 2671 fut-rant

323 2706 765 2762 anathematizati
798 2716 889 2760 aut
930 2707 1168 2763 abdicari
1216 2707 1509 2777 qumsierit,
1540 2718 1635 2763 aut
1661 2709 1909 2765 nomina-

318 2795 413 2850 tim
453 2797 679 2867 alicujus
730 2798 918 2853 fecerit
966 2800 1318 2855 mentionem.
1366 2801 1523 2856 Absit
1569 2801 1673 2856 hoc
1715 2820 1741 2853 a
1775 2818 1907 2857 cou-

317 2888 544 2944 scientia
574 2888 792 2959 Procli,
843 2900 901 2945 ut
924 2908 988 2945 ex
1041 2893 1177 2947 ntala
1220 2893 1586 2948 dill‘amatione
1630 2897 1909 2950 venerabi-

320 2965 448 3033 lium
485 2981 760 3035 nominum
802 2993 855 3037 et
891 2983 1164 3055 divulgata
1200 2983 1592 3054 vituperatione
1633 2986 1909 3043 defuncto—

323 3076 443 3126 rum
476 3072 527 3127 in
558 3082 688 3143 pac‘e
717 3069 974 3131 Ecclesia:
998 3074 1361 3146 sacerdotum,
1394 3080 1651 3149 puerilem
1682 3079 1904 3150 gloriam

1991 874 2040 917 et
2064 863 2275 917 donetis
2290 862 2491 933 aliquid
2505 860 2774 919 deSiderio
2791 862 2941 930 impii
2957 862 3210 928 Nestorii,
3233 862 3322 930 qui
3348 874 3408 916 se
3431 864 3582 929 putat

1991 953 2190 1007 multos
2205 952 2405 1009 habere
2421 953 2618 1008 similia
2647 953 2939 1023 sapientes.
2964 972 2982 1005 ι
3005 953 3104 1009 Hic
3120 950 3580 1022 quemadmodum

1994 1045 2271 1115 perspicis,
2300 1047 2619 1115 imperator,
2653 1061 2759 1101 non
2780 1056 2845 1102 ex
2868 1045 3028 1102 ductu
3052 1045 3477 1100 ratiocinationis
3497 1056 3586 1098 tto-

1993 1144 2120 1190 strae
2136 1136 2421 1206 colligitur,
2446 1137 2540 1191 sed
2556 1137 2685 1206 ipsis
2708 1136 2848 1192 beati
2865 1135 3038 1190 Procli
3054 1134 3231 1190 verbis
3253 1133 3587 1189 evidentissi-

1992 1244 2081 1284 me
2101 1229 2523 1297 demonstratur,
2542 1231 2795 1300 quoniam
2821 1231 2865 1284 si
2888 1228 3344 1285 Chalcedonensis
3366 1240 3582 1298 quoque

1994 1321 2254 1390 synodus,
2268 1333 2322 1375 ut
2336 1322 2551 1390 quidam
2566 1322 2830 1388 fecerunt,
2843 1321 3121 1391 epistolam
3143 1319 3464 1375 venerabilis
3482 1319 3589 1374 Iba:

1999 1427 2097 1479 pro
2123 1412 2281 1468 laude
2305 1413 2577 1468 Theodori
2602 1423 2855 1483 tanquam
2882 1412 3129 1468 Nestorio
3152 1410 3347 1471 similia
3376 1411 3589 1480 sapien-
3638 1486 3641 1489 ι

1995 1506 2066 1560 tis
2102 1506 2394 1576 abjiceret;
2442 1506 2567 1562 hinc
2612 1507 2811 1574 potius,
2843 1506 2983 1561 sicut
3010 1504 3239 1559 diximus
3266 1513 3428 1572 atque
3462 1516 3590 1570 pro-

2000 1598 2261 1663 bavimus,
2292 1609 2576 1653 excuSasse
2610 1598 2915 1653 Nestorium
2944 1597 3234 1660 videretur,
3273 1604 3329 1649 et
3359 1593 3591 1648 donasse

2002 1691 2199 1759 aliquid
2224 1690 2493 1747 desiderio
2514 1691 2970 1754 Nestoriauorum,
2993 1688 3083 1758 qui
3107 1703 3166 1743 se
3188 1696 3376 1757 putant
3397 1686 3592 1740 multos

1928 1787 1974 1846 Β
2003 1784 2201 1840 habere
2219 1784 2408 1840 similia
2427 1785 2712 1854 sapientes.
2742 1782 3001 1837 lntellexit
3020 1781 3197 1850 itaque
3217 1778 3295 1833 vir
3307 1776 3592 1846 sapientis-

2000 1876 2205 1930 simus"
2232 1875 2467 1942 Proclus,
2495 1875 2634 1946 quod
2663 1875 2860 1929 domini
2887 1875 3153 1943 sapientes
3176 1871 3472 1942 intelligere
3497 1884 3594 1924 ito-

2005 1967 2249 2033 luerunt,
2277 1969 2529 2037 quoniam
2559 1967 2937 2036 Mepsuesteno
2977 1965 3295 2029 Theodoro,
3323 1978 3445 2018 cum
3474 1962 3592 2016 aliis

2006 2059 2326 2129 quibusdam
2373 2074 2600 2130 quorum
2650 2060 2870 2113 nomina
2909 2058 3156 2129 capitulis
3187 2055 3368 2111 nescio
3398 2056 3591 2126 quibus

2005 2149 2509 2206 anathematizanda
2564 2151 2847 2220 praeposita
2907 2148 3155 2210 fuerant,
3213 2147 3593 2213 condemnato,

2004 2246 2349 2314 expostulare
2368 2244 2649 2301 Nestorius
2674 2254 2872 2315 posset,
2893 2253 2945 2299 et
2961 2243 3160 2310 dicere,
3184 2242 3461 2311 Quomodo
3486 2243 3597 2296 vel-

2009 2346 2069 2392 ut
2117 2339 2365 2393 inventor
2393 2352 2547 2393 novze
2576 2337 2837 2392 doctrinm
2879 2335 2950 2390 ab
2979 2335 3215 2390 Ecclesia
3260 2348 3378 2390 sum
3412 2334 3597 2398 depul-

2011 2445 2124 2499 sus,
2149 2447 2269 2486 cum
2292 2431 2609 2487 Theodorus
2635 2430 2715 2485 vir
2739 2429 3102 2489 doctissimus,
3134 2436 3190 2482 ct
3217 2442 3245 2481 a
3270 2426 3444 2481 doctis
3475 2424 3598 2479 imis

2010 2523 2259 2579 Patribus
2301 2524 2619 2594 przedicatus
2647 2567 2662 2593 ,
2704 2532 2864 2591 atque
2912 2522 2999 2575 alii
3032 2521 3119 2590 qui
3161 2521 3301 2573 sicut
3346 2519 3434 2573 ille
3481 2518 3598 2571 sine

2012 2619 2230 2690 querela
2262 2619 2313 2673 in
2345 2619 2600 2675 Ecclesiae
2631 2632 2761 2687 pace
2806 2615 3042 2671 defuncti
3085 2622 3246 2679 sunt,
3289 2612 3476 2668 eadem
3512 2624 3599 2664 sa-

2014 2714 2192 2781 puisse
2222 2712 2510 2769 dicantur?
2556 2711 2659 2765 Vos
2700 2719 2828 2780 ergo
2862 2708 3034 2778 petius
3065 2706 3277 2762 dicendi
3308 2706 3435 2759 estis
3474 2703 3601 2758 novi

2010 2806 2277 2876 dogmatis
2315 2804 2651 2869 inventores,
2682 2804 2773 2873 qui
2802 2803 2870 2857 ab
2908 2816 3093 2857 eorum
3135 2798 3381 2855 doctrina
3427 2796 3601 2851 descis-

2011 2898 2181 2960 scitis,
2212 2912 2344 2965 quos
2377 2896 2616 2951 Ecclesia
2647 2904 2863 2964 semper
2894 2886 3079 2949 habuit
3116 2892 3426 2947 honoratos.
3463 2889 3599 2945 Nam

2010 3004 2110 3059 ego
2148 2990 2309 3043 etiam
2354 2988 2536 3044 vestro
2574 2987 2882 3042 testimonio
2929 2982 3218 3041 catholicus
3266 2976 3510 3053 probor:
3552 2980 3600 3037 si

2013 3079 2156 3136 enim
2185 3096 2248 3136 ea
2278 3079 2469 3145 doceo,
2499 3085 2620 3149 qua:
2646 3071 3052 3146 Mopsuestenus
3081 3066 3395 3130 Theodorus
3426 3080 3479 3128 ct
3511 3071 3603 3127 alit

320 3170 583 3234 captaret,
612 3176 773 3237 atque
812 3168 936 3224 inde
966 3151 1136 3225 videri
1169 3170 1360 3226 doetus
1382 3182 1475 3227 aut
1506 3173 1788 3257 religiosus
1816 3190 1909 3245 ap-
1939 3164 1985 3227 Β
2017 3176 2068 3230 itt
2100 3175 2339 3229 Ecclesia
2371 3168 2705 3240 docuerunt,
2753 3170 2987 3241 ipsorum
3030 3185 3157 3224 vero
3183 3165 3424 3224 doctrina
3452 3169 3537 3221 vel
3571 3182 3603 3223 a

322 3260 549 3327 peteret.
593 3260 763 3332 Negat
802 3277 931 3332 ergo
973 3278 1033 3317 se
1085 3264 1399 3320 nominatim
1440 3266 1669 3337 alicujus
1714 3268 1911 3325 fecisse

322 3349 687 3417 mentionem;
739 3362 795 3407 et
822 3354 930 3407 non
961 3348 1135 3409 solum
1169 3358 1375 3421 testari,
1405 3373 1592 3413 verum
1622 3370 1677 3416 et
1723 3360 1909 3417 centra

325 3438 638 3498 surditatem
704 3447 1170 3503 contentiosornm
1229 3432 1464 3506 clamare
1514 3451 1644 3507 dicit
1703 3454 1911 3510 litteras

324 3540 477 3617 suas,
499 3536 639 3606 quod
673 3536 801 3592 nihil
838 3552 1059 3608 pravum
1090 3538 1443 3595 contineant:
1478 3557 1698 3611 pravum
1731 3546 1913 3617 utique

326 3643 448 3683 csse
480 3629 766 3696 deﬁniens,
821 3630 963 3701 quod
1008 3634 1286 3702 quaesiisse
1337 3633 1472 3690 falso
1521 3622 1825 3703 putabatur,
1858 3649 1913 3693 ut

326 3728 511 3773 contra
558 3719 808 3776 Ecclesia:
841 3736 1049 3777 morem
1097 3735 1215 3792 post
1263 3734 1490 3779 mortem
1530 3727 1913 3783 damnarentur

327 3815 570 3885 episcopi
600 3832 867 3879 nunquam
914 3818 965 3871 in
997 3818 1101 3871 vita
1133 3833 1227 3873 sua
1259 3820 1479 3888 culpati.
1512 3821 1709 3876 Scribit
1736 3833 1911 3876 autem

325 3908 486 3963 etiam
519 3909 749 3963 Maximo
780 3910 824 3973 ²,
854 3910 944 3962 nni
979 3925 1042 3964 ex
1066 3910 1274 3964 duobus
1316 3927 1411 3979 per
1440 3928 1596 3980 quos,
1633 3922 1690 3967 ut
1713 3914 1911 3969 dictum

327 4013 427 4067 εει,
457 4003 769 4074 synodicam
798 4004 1080 4071 epistolam
1114 4005 1329 4058 miserat
1348 4004 1699 4060 orientalibus
1717 4007 1915 4073 episco-

329 4098 430 4166 pis,
455 4098 638 4153 dicens
674 4116 687 4151 :
728 4116 745 4149 ι
784 4099 988 4152 Memor
1011 4109 1093 4153 est
1126 4108 1213 4152 tua
1247 4100 1567 4164 reverentia,
1603 4102 1816 4167 quando
1845 4101 1911 4155 ad

332 4191 726 4246 sanctissimum
753 4191 1149 4246 Antiochenum
1183 4191 1496 4262 episcopum
1532 4193 1551 4222 ³
1586 4194 1679 4246 tibi
1710 4193 1915 4247 litteras

330 4274 704 4353 injungebun,
751 4284 873 4353 quia
918 4285 1096 4338 omnia
1137 4299 1258 4339 cum
1294 4285 1408 4350 ejus
1443 4284 1695 4338 admonui
1731 4285 1917 4338 volun-

331 4388 435 4432 tate
470 4378 580 4431 fieri
614 4385 892 4445 oportere;
934 4386 989 4431 et
1038 4377 1166 4429 nihil
1200 4376 1264 4429 ad
1300 4374 1671 4430 cetifitsionettt
1722 4376 1800 4429 rel
1835 4388 1916 4431 tu-

329 4470 550 4524 multum
570 4469 925 4524 Eccle-iarum
944 4483 1124 4537 pacem
1147 4468 1451 4523 habentium
1475 4469 1580 4538 agi,
1598 4469 1687 4521 διό
1713 4481 1911 4520 li‘ttttllln

2015 3267 2215 3323 sanctis
2238 3266 2485 3321 Patribus
2512 3264 2723 3319 laudata
2746 3273 2849 3327 est,
2879 3262 2958 3317 vel
2987 3262 3125 3331 qtiod
3156 3256 3368 3315 interim
3394 3268 3600 3315 certum

2014 3369 2120 3425 est,
2155 3374 2248 3429 per
2278 3373 2440 3414 omne
2467 3372 2575 3428 quo
2600 3357 2849 3411 vixerunt
2878 3365 3087 3423 tempus
3116 3370 3139 3406 a
3169 3354 3313 3407 nullo
3339 3354 3605 3408 invenitur

2014 3468 2137 3508 esse
2166 3453 2378 3522 culpata
2408 3493 2422 3519 ,
2462 3449 2807 3522 iuculpabilis
2838 3458 2919 3505 est
2965 3449 3126 3503 etiam
3176 3462 3293 3502 mea
3338 3445 3601 3501 doctrina.

2014 3546 2167 3615 Quod
2192 3547 2237 3601 si
2268 3549 2382 3602 haec
2411 3547 2546 3601 ratio
2572 3560 2677 3600 nou
2710 3560 2829 3601 mea
2854 3586 2867 3612 ,
2915 3544 3006 3599 sed
3053 3544 3151 3599 viri
3197 3539 3597 3614 prudentissimi

2015 3650 2175 3710 atque
2204 3639 2526 3695 sanctissimi
2566 3638 2781 3705 Procli,
2826 3639 2986 3695 modo
3031 3627 3412 3705 contemnitur,
3446 3638 3604 3706 quam

2016 3733 2275 3788 hactenus
2308 3732 2552 3788 Ecclesia
2581 3732 2893 3788 custodiens
2936 3732 2987 3785 in
3020 3746 3149 3800 pace
3196 3720 3459 3798 degebat;
3510 3734 3608 3782 cur

2014 3839 2199 3893 quasso
2226 3824 2293 3878 de
2322 3824 2550 3878 aliorum
2593 3823 2901 3877 nominibus
2938 3830 3164 3885 tacetur,
3198 3834 3315 3890 qua:
3352 3810 3443 3873 illo
3471 3826 3607 3872 tent-

2018 3932 2147 3986 pore
2176 3916 2333 3970 simul
2362 3914 2647 3986 pr.eposita
2676 3913 2891 3969 fuerant
2920 3913 3166 3980 capitulis
3198 3912 3262 3965 ad
3289 3911 3607 3965 anathema-

2019 4006 2327 4061 tizandum‘l
2366 4021 2485 4073 cur,
2517 4014 2789 4075 putamus,
2817 4004 2919 4058 illis
2949 4004 3147 4073 pariter
3174 4003 3437 4057 accusatis
3464 4016 3607 4055 nunc

2018 4100 2279 4167 parcitur,
2313 4107 2367 4153 et
2396 4097 2544 4153 solus
2575 4098 2627 4152 in
2667 4097 2766 4152 hac
2802 4097 3249 4152 condciunatione
3277 4096 3605 4166 Μορειιθειε-

2019 4207 2118 4245 tttts
2151 4190 2470 4246 Theodorus
2515 4190 2856 4245 nominatur?
2914 4191 3079 4245 Estne
3128 4189 3273 4243 aliud
3323 4186 3465 4257 quod
3521 4188 3607 4242 hic

2019 4283 2320 4353 intelligere
2361 4284 2445 4337 vel
2472 4280 2735 4350 suspicari
2769 4282 3058 4349 possimus,
3092 4280 3193 4334 nisi
3222 4281 3344 4350 quia
3373 4280 3519 4334 solus
3553 4269 3611 4337 in

2019 4375 2247 4445 epistola
2276 4376 2597 4432 venerabilis
2630 4374 2733 4430 lbae
2770 4376 3012 4429 laudatus
3041 4382 3154 4441 est,
3185 4390 3342 4444 quam
3368 4376 3614 4445 synodus

2020 4468 2478 4521 Chalcedonensis
2533 4465 2885 4522 orthodoxam
2946 4466 3248 4536 judicavit?
3305 4467 3473 4521 Porro
3534 4468 3611 4521 vir

329 4565 541 4634 quidem
566 4564 854 4630 subscribi,
884 4563 1111 4633 capitula
1127 4570 1307 4617 autem
1322 4548 1531 4618 subdita
1545 4562 1911 4624 sinenvtnine,
1946 4548 1993 4606 Ι)
2021 4560 2236 4629 sapiens
2266 4561 2486 4614 Proclus
2514 4558 2655 4613 hunc
2689 4557 3031 4613 Theodorum
3072 4571 3177 4613 non
3215 4566 3299 4613 est
3338 4572 3501 4612 ausus
3530 4557 3612 4612 in-

331 4657 445 4711 litec
504 4668 752 4724 tanquam
814 4673 918 4711 non
976 4643 1224 4712 habentia
1292 4655 1642 4709 subtilitatem
1704 4654 1912 4723 pietatis

330 4749 495 4801 averti
527 4757 581 4801 et
604 4748 863 4803 abdicari.
895 4749 1174 4816 Quomodo
1207 4750 1367 4817 igitur
1400 4764 1492 4815 per
1521 4748 1726 4803 litteras
1756 4746 1912 4801 didici

332 4853 469 4892 nunc
498 4839 619 4906 quia
643 4840 907 4905 Theodori
940 4842 1297 4910 MopsueSIeni
1329 4849 1385 4894 cl.
1408 4841 1630 4895 aliorum
1660 4857 1915 4907 quorum-

331 4928 451 4979 dam
496 4929 710 4981 nomina
742 4935 1025 4997 praeposita
1058 4941 1181 4984 sunt
1207 4932 1453 4999 capitulis
1485 4932 1549 4984 ad
1594 4934 1912 4985 anathema-

333 5020 625 5087 tizandum,
655 5035 773 5074 cum
804 5020 882 5074 illi
912 5021 977 5074 ad
1014 5024 1175 5075 Deum
1207 5024 1312 5089 jam
1344 5023 1720 5090 migraveriut,
1750 5031 1804 5074 et
1825 5037 1917 5075 eos

332 5115 413 5183 qui
443 5112 557 5183 jam
588 5114 748 5166 vitam
796 5113 1123 5181 reliquerunt
1149 5128 1536 5180 sultcrvacuum
1568 5123 1650 5165 est
1675 5113 1917 5178 injuriari

333 5217 449 5278 post
480 5218 731 5270 mortem,
760 5220 895 5276 quos
927 5222 1022 5259 nec
1054 5207 1211 5258 vivos
1243 5205 1529 5270 aliquando
1556 5205 1918 5271 culpavnntts?

332 5288 474 5371 Rogo
516 5315 643 5369 ergo
662 5341 675 5361 ,
702 5299 888 5353 festina
911 5298 1046 5351 sicut
1079 5298 1215 5349 filius
1239 5295 1523 5362 exquirere
1552 5294 1594 5361 ες
1624 5298 1714 5349 sed
1739 5296 1913 5348 omnia

333 5396 639 5465 perttiitterc
667 5394 964 5448 auctoritati
995 5390 1234 5461 ejusdem
1263 5390 1683 5443 reverentisiuti
1718 5402 1914 5441 constt-‘-

397 5572 411 5608 ί
443 5576 577 5629 (Ind.
613 5575 834 5629 Verum.
864 5573 980 5629 feci.

397 5574 411 5608 ί
443 5576 577 5629 Cm].
613 5575 810 5627 Vi'rnn.
885 5574 980 5626 eci.

393 5646 415 5680 ί
449 5650 589 5699 Ιιιμιη
619 5646 763 5705 (ξιτψ,
805 5574 1033 5697 βιιζπὶηιο
1064 5643 1297 5698 diacono.
1335 5628 1620 5697 Maximum
1665 5641 1913 5698 eumdem

332 5726 477 5775 vorat
507 5718 783 5769 diaconum
817 5715 1100 5768 Facundus
1129 5716 1289 5769 etiam
1323 5713 1452 5768 infra
1480 5715 1584 5768 col.
1618 5712 1743 5767 7:28.

408 5789 427 5819 ³
450 5790 591 5842 ltlctn
622 5796 765 5847 cum,
798 5785 1261 5853 archiepiscopum.

568 5885 836 5943 PATBOL.
886 5882 1138 5944 LXVllt

2015 4652 2209 4722 jnriari
2255 4662 2376 4723 post
2414 4662 2642 4707 mortem
2669 4684 2685 4717 ,
2728 4651 2981 4719 quoniam
3023 4650 3126 4706 hoc
3170 4666 3269 4706 nec
3307 4651 3614 4706 Christiana

2022 4748 2190 4816 pietas
2221 4746 2578 4811 admittebat;
2612 4759 2711 4800 nec
2743 4744 2923 4799 habuit
2958 4744 3096 4814 quod
3132 4744 3457 4813 respondere
3490 4760 3613 4811 pus-

2022 4848 2125 4903 set,
2155 4840 2197 4892 si
2230 4840 2275 4892 ei
2303 4839 2570 4892 diceretur
2599 4856 2609 4889 :
2645 4837 2751 4890 Cur
2781 4836 3016 4891 Judaicae
3050 4837 3336 4904 impietatis
3363 4848 3613 4897 accusas,

2022 4942 2074 4985 et
2097 4932 2460 4984 condemnare
2490 4934 2686 4999 qumris
2730 4938 3023 4994 mortuum,
3053 4945 3209 4998 quem
3247 4942 3369 4981 cum
3407 4927 3612 4980 viveret

2022 5024 2195 5090 palam
2222 5022 2275 5074 in
2313 5021 2551 5075 Ecclesia
2582 5020 2864 5075 docentem
2906 5027 3177 5094 nunquam
3208 5024 3436 5087 arguere
3464 5030 3607 5086 pne-

2023 5113 2333 5181 sumpsisti?
2378 5112 2509 5167 Nam
2561 5114 2606 5167 si
2660 5096 3101 5168 condemnandus
3150 5112 3422 5166 videretur
3465 5111 3614 5165 velut

2025 5206 2309 5261 Itazreticus
2337 5249 2351 5270 ,
2394 5208 2661 5263 viventem
2704 5207 2985 5261 admoneri
3015 5221 3042 5259 a
3078 5217 3129 5261 te
3173 5205 3320 5274 prius
3349 5206 3610 5275 oportuit,

2020 5300 2140 5351 eum
2191 5307 2280 5351 :ittl
2328 5297 2663 5367 interpretari
2715 5298 3063 5366 semetipsum
3118 5307 3295 5366 posset
3340 5296 3391 5350 in
3430 5296 3514 5351 his
3555 5296 3607 5350 itt

2022 5391 2211 5461 quibus
2238 5390 2549 5457 offenderis,
2580 5402 2634 5446 et
2660 5391 2941 5446 meliorem
2984 5390 3231 5459 accipere
3264 5390 3347 5445 vel
3377 5390 3607 5446 reddere

2092 5558 2113 5603 ί
2145 5562 2286 5654 idem
2308 5571 2455 5635 cod.,
2485 5572 2613 5625 sicut
2636 5569 2776 5637 ﬁlius
2805 5570 2940 5629 patri
2968 5569 3203 5626 obedie‘ns
3223 5570 3355 5626 nihil
3381 5553 3607 5639 ampliat

2022 5661 2082 5699 ex
2121 5660 2301 5697 mrere.

2084 5662 2114 5747 2
2156 5716 2297 5771 Idem
2324 5712 2473 5783 cod.,
2507 5712 2929 5783 prudentissimus
2962 5711 3201 5768 Procles.
