4070 6352
562 261 679 322 Ἠὸ

1664 261 1958 321 FACUNBI
2000 261 2207 318 EPISC.
2252 262 2755 321 HERMIANENSIS
3732 276 3812 335 7l3

579 388 859 453 rationem,
894 393 987 441 aut
1021 386 1210 440 merito
1238 399 1335 438 suo
1358 398 1451 451 pro
1491 396 1583 434 sua
1610 380 1971 436 obstinatione
2008 378 2162 433 dam-
2191 378 2237 437 A
2268 388 2443 434 ctores
2483 380 2740 437 Ecclesiae
2783 382 3093 435 nonnnatim
3141 394 3664 450 commemorarent,
3704 393 3815 449 sicut

580 478 719 534 nari.
769 476 919 531 Nunc
945 482 1123 530 autem
1155 473 1285 528 nihil
1329 471 1470 527 aliud
1501 471 1641 542 agis,
1697 472 1799 527 nisi
1831 479 1889 525 ut
1918 470 2157 525 intermi-

580 569 752 625 nahile
783 564 1091 621 scandalum
1123 565 1349 634 posteris
1378 564 1754 633 derelinquas,
1796 572 1885 617 aut
1916 562 2035 617 aliis
2066 578 2153 618 se-

579 660 860 730 quentibus
891 657 1229 727 antiquorum
1267 656 1482 711 Patrum
1533 658 1853 712 sententiam
1899 657 1989 726 qui
2034 670 2155 711 enm

579 749 953 813 laudaverunt,
985 747 1105 802 aliis
1130 760 1263 802 vero
1293 756 1460 812 tuam,
1491 747 1579 815 qui
1609 761 1731 801 eum
1763 746 2041 815 praesumis
2070 760 2158 800 ac-

576 855 766 897 cusare
797 849 916 911 post
948 847 1199 904 mortem,
1230 836 1436 906 magnis
1469 835 1647 892 litibus
1675 851 1888 906 semper
1919 836 2158 892 Ecclesia

574 935 862 1005 quatiatur.
908 934 1015 990 llsc
1042 933 1113 988 ita
1141 932 1427 1002 perspicua
1456 930 1662 984 cunctis
1691 933 1898 985 ratione
1927 930 2157 985 duceba-

577 1037 665 1081 tur
692 1027 773 1081 vir
806 1027 975 1081 bonus
1006 1034 1059 1080 et
1087 1023 1303 1092 sapiens
1333 1021 1572 1085 Proclus,
1606 1031 1661 1074 ut
1690 1035 1861 1088 neque
1886 1022 1953 1075 de
1980 1019 2156 1073 Theo-

580 1121 735 1186 dero,
766 1122 903 1175 sicut
939 1118 1173 1172 hrcretici
1207 1116 1430 1184 ﬁngunt,
1463 1126 1633 1183 neque
1664 1114 1727 1165 de
1757 1114 1861 1166 alio
1889 1127 2154 1181 quoquam

579 1215 632 1265 in
674 1212 926 1267 Ecclesiae
966 1223 1096 1279 pace
1139 1207 1421 1270 defuncto,
1460 1206 1583 1258 mali
1625 1203 1822 1271 aliquid
1872 1202 2150 1255 scriberet.

578 1303 806 1372 Propter
835 1300 974 1370 quod
1004 1301 1288 1367 increpans
1324 1310 1479 1351 suum
1522 1295 1826 1359 diaconum,
1856 1293 1979 1347 dicit
2013 1295 2154 1363 quod

505 1453 517 1469 ο
578 1394 710 1449 nihil
745 1394 810 1448 ad
840 1391 1208 1449 confusionem
1248 1400 1302 1444 et
1335 1386 1616 1442 tumultum
1662 1385 2020 1439 Eeclesiarnm
2065 1400 2156 1455 pa-

579 1502 692 1541 cem
718 1483 1023 1539 habentium
1049 1482 1098 1535 ei
1124 1478 1385 1551 agendum
1416 1477 1733 1544 injunxerit.
1763 1475 1909 1530 Unde
1940 1492 2040 1528 non
2068 1490 2154 1529 so-

578 1577 686 1629 lum
728 1572 997 1627 Theodori
1036 1569 1392 1639 Mopsuesteni
1448 1578 1501 1622 ct
1552 1570 1773 1621 aliorum
1802 1567 2149 1636 quorumdam

580 1667 793 1723 nom-ina
820 1661 1069 1733 capitulis
1100 1661 1281 1717 nescio
1308 1661 1504 1730 quibus
1538 1659 1817 1727 prat'posita
1852 1659 2015 1711 fuisse
2042 1658 2153 1711 rul-

2263 472 2422 525 etiam
2466 472 2654 526 Proclo
2703 472 3001 528 scribentes
3045 474 3309 543 episcopo
3363 472 3630 537 fecerant,
3670 484 3813 549 perhj.

2264 572 2451 625 bentes
2492 588 2585 628 eos
2628 574 2822 627 similia
2864 575 3111 627 docuisse
3147 573 3468 640 Theodoro,
3509 578 3569 627 ad
3611 580 3812 639 ultimum

2262 664 2446 718 dicunt
2476 682 2488 717 :
2529 684 2547 715 ι
2582 666 2916 721 Arbitrantur
2948 676 3122 721 autem
3169 667 3338 723 etiam
3388 668 3489 736 ipsi
3521 670 3602 738 pio
3631 672 3812 743 imperio

2265 771 2385 811 esse
2420 757 2606 811 inutile
2635 798 2649 821 ,
2693 757 2819 811 dum
2866 759 3109 814 homines
3149 760 3257 813 huc
3301 770 3469 829 atque
3511 762 3626 814 illnc
3661 764 3812 831 jactari

2264 860 2547 919 coguntur,
2578 865 2676 905 nec
2708 852 2989 920 quiescere
3015 852 3081 906 ab
3110 852 3210 907 hac
3246 853 3552 921 importuna
3586 854 3811 916 hominum

2264 944 2651 1013 inquietudine.
2703 943 2860 998 Stcnt
2890 959 3018 1015 ergo
3062 960 3239 999 causa:
3282 944 3623 1014 deposcimus
3653 961 3813 1017 tempe.

2262 1036 2448 1102 statis,
2491 1045 2545 1091 ct
2580 1037 3021 1107 tranquillitatem
3064 1039 3157 1094 Dei
3190 1039 3461 1094 Ecclesiis
3493 1039 3685 1110 disponi
3707 1061 3812 1114 pne-

2262 1129 2445 1197 cipite.
2483 1147 2501 1180 ι
2538 1128 2702 1192 Nihil,
2737 1138 2993 1199 quantum
3026 1131 3260 1199 assumo,
3291 1132 3553 1201 religiose
3584 1136 3807 1202 princeps,

2262 1219 2526 1288 agendum
2577 1220 2730 1274 nobis
2772 1222 2911 1289 apud
2954 1232 3188 1277 vestram
3222 1226 3682 1279 mansuetudinem
3718 1231 3808 1283 rdi-

2262 1322 2450 1382 querat
2478 1320 2663 1367 sancta
2695 1313 2811 1368 haec
2848 1315 3184 1370 orientalium
3218 1317 3469 1387 synodus
3499 1318 3807 1376 sacerdotum.

2260 1408 2410 1476 Quod
2441 1410 2584 1463 enim
2627 1427 2732 1464 non
2777 1412 2947 1465 solum
2978 1409 3347 1467 Ecclesiarnm
3396 1414 3550 1481 paci,
3592 1428 3805 1472 vernmet

2262 1502 2361 1570 ipsi
2392 1503 2615 1571 imperio
2644 1514 2821 1557 vistrn
2852 1504 3038 1558 inutile
3075 1505 3174 1569 sit,
3218 1514 3282 1558 ut
3326 1503 3577 1558 videlicet
3615 1506 3805 1561 homines

2267 1593 2367 1648 huc
2398 1606 2557 1665 atque
2588 1596 2714 1650 illuc
2737 1597 2926 1664 jactari
2969 1607 3248 1667 cogantur,
3286 1610 3391 1651 nec
3434 1597 3693 1667 quiescere
3716 1616 3803 1669 ριϊ-

2264 1692 2533 1753 mittatur,
2578 1689 2650 1743 illi
2702 1700 2857 1744 caute
2892 1692 2906 1721 ¹
2942 1691 3190 1745 (Ιίχθιιιιιῑ
3223 1709 3235 1744 :
3267 1692 3365 1745 sed
3414 1701 3585 1745 actum
3632 1701 3731 1755 est,
3767 1705 3803 1747 ul

577 1759 739 1830 PM":
772 1771 953 1855 mem
981 1755 1142 1809 “iam
1171 1753 1456 1807 (οηθίθίητ
1487 1766 1732 1855 {vorare
1761 1760 2145 1855 °"}“5_ess_‘f""
2186 1774 2231 1834 B
2261 1780 2375 1834 haec
2406 1781 2561 1835 vobis
2598 1780 2773 1836 serius
2821 1783 3247 1847 innotescerent,
3282 1782 3416 1838 dum
3450 1784 3537 1852 qui
3570 1795 3801 1855 potuerunt

574 1848 853 1919 Quomodo
900 1855 1078 1902 autem
1119 1854 1302 1901 sancta
1350 1843 1698 1916 synodus-ex
1750 1845 1972 1913 epistol:
2025 1845 2150 1914 Iba},
2194 1884 2197 1888 -

576 1944 847 2000 Theodori
880 1942 1092 1997 laudem
1124 1941 1433 2005 advertens,
1472 1938 1717 1993 eumdem
1746 1938 1888 1993 ibam
1921 1940 2155 2008 compel-

578 2039 712 2090 Ierct
753 2036 923 2104 ipsum
965 2031 1420 2087 anathematizare
1450 2030 1811 2094 Theodorum,
1844 2046 1966 2085 cum
1996 2033 2157 2086 sciret

578 2143 681 2181 non
710 2130 884 2182 solum
926 2142 1021 2195 pro
1058 2125 1169 2189 illo,
1201 2124 1295 2178 sed
1340 2139 1436 2190 pro
1462 2123 1709 2177 omnibus
1739 2122 1827 2192 qui
1852 2123 1960 2190 jam
1993 2125 2153 2177 vitam

550 2219 825 2288 inculpati
877 2218 1231 2285 reliquerant,
1281 2216 1448 2269 sancti
1501 2214 1673 2269 Procli
1712 2215 1976 2269 sententia
2007 2216 2156 2285 cujus

575 2312 867 2369 doctrinam
897 2311 1090 2375 tenuit,
1120 2308 1394 2363 deﬁnitum
1419 2308 1559 2377 quod
1589 2322 1983 2374 supervacuum
2010 2320 2151 2364 esset

573 2417 666 2459 eos
692 2402 929 2472 injuriari
960 2410 1076 2470 post
1108 2399 1373 2457 mortem?

1191 2493 1413 2549 CAPUT
1448 2493 1532 2548 ΙΙΙ.

564 2590 729 2660 Qtth
751 2590 975 2660 synodus
1009 2588 1238 2660 Orientis
1259 2589 1325 2641 ad
1348 2587 1692 2641 Theodosium
1734 2590 2087 2656 imperatorem
2108 2600 2157 2644 et

649 2659 963 2716 Theodosius
987 2660 1052 2712 ad
1078 2659 1349 2729 synodum,
1383 2660 1445 2712 de
1464 2675 1565 2712 non
1584 2662 1969 2713 eundemnando
1988 2660 2153 2715 Theo-

638 2734 764 2786 doro
794 2731 1107 2801 scripserint.

637 2825 741 2881 Sed
770 2840 908 2879 nunc
937 2823 1002 2878 ad
1034 2823 1195 2877 aliam
1226 2836 1431 2894 partem
1469 2822 1608 2878 illius
1638 2825 1876 2892 epistulae
1916 2835 2151 2879 reverta-

572 2932 704 2981 mur,
738 2931 767 2971 a
798 2916 1053 2987 prazdicta
1085 2915 1292 2985 synodo
1324 2902 1562 2970 Orientis
1597 2918 1902 2985 imperatori
1941 2918 2153 2985 scripta:

570 3008 870 3065 Theodosio
903 3009 919 3029 '
942 3049 959 3075 ,
993 3023 1152 3079 quam
1192 3008 1245 3062 in
1277 3010 1515 3063 secundo
1561 3010 1572 3062 l
1600 3009 1697 3061 hro
1729 3026 2027 3066 memorare
2056 3026 2151 3082 op-

568 3111 853 3172 portunum
883 3100 1103 3155 minime
1126 3100 1450 3170 iudicantes,
1480 3101 1619 3154 distu
1646 3118 1857 3156 eramus
1884 3103 1934 3156 in
1963 3102 2149 3157 subse-

566 3193 852 3261 quentibus
880 3192 1268 3262 explicandam.
1301 3190 1431 3246 Cum
1465 3192 1621 3263 igitur
1650 3193 1836 3247 eidem
1870 3195 2146 3249 orientalis

566 3284 801 3355 synodus
832 3281 1145 3352 imperatori
1176 3282 1478 3338 Theodosio
1506 3284 1757 3336 {lth'rhllS
1788 3284 1907 3337 illos
1938 3287 2024 3354 qui
2056 3302 2148 3340 vo-

569 3374 751 3429 lebant
777 3375 1019 3443 quaedam
1057 3373 1326 3427 Theodori
1365 3374 1597 3443 capitula
1628 3375 1994 3439 condemnari,
2026 3386 2148 3444 post

570 3466 731 3520 inulta
768 3466 835 3521 de
863 3464 976 3534 ipso
1006 3463 1290 3519 Theodoro
1327 3463 1563 3527 diceret,
1598 3465 1737 3533 quod
1772 3480 1876 3518 non
1904 3480 1931 3518 a
1960 3481 2142 3522 sacer-

564 3556 780 3614 dotibus
826 3555 1232 3623 tantummodo,
1272 3538 1368 3611 sed
1407 3570 1437 3608 a
1469 3558 1829 3610 sacratissimo
1868 3556 1983 3627 ejus
2022 3574 2142 3622 avo,

566 3660 648 3706 ter
678 3651 835 3705 beato
864 3657 920 3704 et
945 3663 973 3702 a
1006 3648 1114 3702 Deo
1146 3647 1357 3718 imperii
1380 3658 1590 3716 sceptra
1621 3658 1866 3703 sumente
1898 3649 2145 3703 Theodo-

564 3744 673 3809 sio,
708 3741 993 3811 singularis
1020 3753 1101 3795 est
1133 3742 1372 3807 habitus,
1414 3750 1663 3812 tanquam
1695 3743 1931 3797 Flaviani
1967 3746 2141 3814 magni

568 3835 1007 3891 Antiochensium
1037 3846 1234 3890 saneta:
1264 3835 1357 3891 Dei
1386 3836 1638 3892 Ecclesiae
1672 3837 1931 3904 pontiﬁcis
1961 3853 2143 3895 aman-

567 3928 807 3983 tissimus
834 3928 986 3993 disci;
1011 3927 1130 3982 ulus
1150 3970 1163 3993 ,
1194 3936 1246 3983 ct
1274 3927 1410 3982 beati
1442 3927 1662 3983 Joannis
1692 3929 2144 4000 Constantinopo-

560 4017 711 4070 litani
757 4016 1156 4087 condiscipulus
1179 4059 1194 4082 ,
1246 4017 1346 4072 hoc
1385 4021 1543 4073 etiam
1591 4020 1793 4074 addidit
1828 4033 1986 4090 atque
2020 4023 2093 4076 ait
2124 4039 2137 4075 :

536 4102 539 4103 ⁷
569 4126 587 4159 ι
624 4106 679 4164 Si
711 4118 888 4163 autem
933 4109 1251 4178 quidquam,
1287 4110 1578 4179 imperator
1607 4123 1818 4175 sancte,
1850 4112 2136 4169 obscurum

557 4198 754 4269 aliquis
785 4200 1006 4255 inveniri
1038 4198 1180 4255 dicat
1209 4201 1259 4254 in
1293 4202 1407 4268 ejus
1434 4202 1514 4255 vel
1545 4202 1769 4255 aliorum
1802 4202 2010 4267 litteris,
2036 4202 2069 4256 h
2094 4218 2139 4257 ~c

556 4291 839 4345 retractari
868 4289 1231 4345 necessarium
1264 4306 1366 4343 non
1396 4301 1496 4345 est.
1524 4290 1759 4357 Quorum
1786 4293 1925 4347 enim
1949 4294 2056 4347 vita
2084 4298 2137 4349 in

548 4381 859 4436 sacerdotio
884 4391 937 4434 et
970 4380 1268 4435 ministerio
1295 4381 1553 4449 optimum
1600 4382 1781 4437 habuit
1811 4385 1969 4439 linem
1991 4426 2007 4451 ,
2052 4384 2135 4441 his

555 4470 863 4539 praeclaram
907 4470 1130 4538 gloriam
1171 4469 1476 4523 dedicamm
1504 4512 1517 4535 ,
1565 4481 1617 4525 ct
1655 4488 1759 4526 non
1799 4488 1868 4529 ex
1911 4475 2011 4529 illis
2041 4491 2134 4533 eos

554 4558 852 4628 iudicamus
890 4560 955 4613 de
983 4561 1177 4628 quibus
1214 4560 1373 4623 aliqui
1428 4562 1678 4616 atrociter
1721 4578 1812 4617 eos
1857 4577 2128 4622 accusant.
2162 4539 2215 4600 D

556 4648 889 4718 impossibile
917 4652 1057 4705 enim
1089 4662 1198 4715 est,
1234 4667 1352 4705 cum
1387 4654 1627 4709 homines
1654 4656 1761 4710 sint
1791 4658 1882 4727 qui
1922 4660 1971 4712 in
2026 4662 2129 4718 Ec-

554 4741 711 4796 clesia
744 4742 958 4808 docent,
989 4752 1047 4798 ut
1080 4744 1512 4798 calumniantium
1548 4751 1967 4818 v'tuperationcs
1997 4755 2131 4811 ellu-

553 4834 719 4901 giant.
749 4832 817 4889 Et
844 4835 967 4905 quid
997 4836 1064 4890 de
1086 4836 1341 4891 Ecclesiae
1366 4838 1673 4895 doctoribus
1703 4843 1966 4901 dicimus?
1996 4865 2128 4918 quo-

530 4926 696 4982 niam
726 4934 781 4981 et
808 4925 923 4996 ipsa
951 4935 1134 4982 sancta
1163 4926 1443 4999 Evangelia
1477 4932 1626 4985 multi
1658 4932 2025 4994 haereticorum
2059 4942 2125 4995 ad

550 5033 699 5075 suam
731 5017 995 5088 recipiunt
1024 5019 1347 5074 voluntatem
1376 5064 1389 5088 ,
1432 5021 1607 5077 divina
1654 5024 1794 5081 dicta
1830 5040 2121 5098 vertentes,

550 5119 605 5165 et
650 5110 701 5164 in
750 5109 943 5164 multas
977 5118 1153 5179 partes
1199 5124 1395 5178 corpus
1432 5112 1684 5170 Ecclesiae
1737 5117 2121 5177 discindentes.

550 5199 673 5255 Hch
705 5200 756 5255 in
789 5200 935 5257 brevi
981 5201 1226 5270 pietatem
1258 5213 1488 5259 vestram
1522 5220 1618 5260 nos
1661 5222 1847 5265 omnes
1886 5212 2121 5283 episcopi

549 5291 635 5357 qui
669 5290 721 5344 in
760 5291 1102 5346 Antiochiam
1147 5291 1241 5347 Dei
1276 5306 1461 5349 sumus
1490 5298 1658 5365 gratia
1687 5302 1994 5371 congregati
2027 5305 2122 5355 do-

550 5378 774 5433 cuimus.
809 5397 827 5431 ι
876 5382 940 5435 Et
968 5391 1084 5450 post
1116 5382 1265 5448 haec,
1298 5398 1418 5439 cum
1450 5387 1644 5441 multos
1671 5396 1725 5441 et
1752 5394 1999 5459 antiquos
2027 5394 2120 5448 do-

620 5495 645 5524 ι
689 5489 762 5570 l)_e
801 5490 899 5568 hac
933 5489 1155 5570 Joannis
1200 5494 1769 5570 synodique‘Orientis
1800 5503 2023 5570 epistola
2056 5507 2122 5562 ad

557 5555 920 5643 Theodosium
951 5560 1154 5643 dictum.
1175 5555 1258 5617 est
1284 5563 1376 5643 ιιι),
1410 5555 1479 5643 it._
1499 5566 1572 5622 Ea
1599 5569 1739 5643 enim
1767 5555 1852 5627 est
1873 5555 2031 5643 quani

556 5627 880 5682 allocutione
906 5628 972 5683 ad
1000 5630 1318 5688 Marcianum
1360 5636 1539 5693 laudat
1564 5640 1797 5709 synodus
1823 5627 2117 5703 Clialcedo:

622 5722 637 5751 ¹
680 5719 809 5773 Cod.
842 5718 1063 5779 Veron.,
1094 5731 1228 5775 ante.
2118 5748 2160 5800 ι

2259 1873 2360 1928 hoc
2395 1875 2568 1929 facere
2610 1875 2894 1929 noluerunt
2916 1916 2931 1935 .
2961 1884 3013 1930 et
3042 1878 3131 1943 qui
3165 1877 3460 1932 voluerunt
3481 1921 3494 1941 ,
3526 1894 3588 1932 ne
3617 1878 3801 1936 iacerent

2259 1974 2324 2027 ab
2359 1974 2437 2030 eis
2468 1976 2713 2044 oppressi
2765 1986 2908 2028 sunt.
2960 1975 3090 2029 Nam
3132 1979 3255 2045 quis
3298 1976 3628 2031 Christianus
3660 1978 3800 2033 horum

2260 2082 2464 2134 magna:
2512 2067 2857 2135 auctoritati,
2908 2067 3024 2137 quis
3073 2069 3314 2136 prudens
3361 2069 3553 2123 horum
3594 2072 3799 2125 consulte

2262 2158 2451 2212 rationi
2483 2175 2587 2213 non
2615 2159 2873 2214 cederet?
2918 2160 3159 2230 Denique
3191 2163 3416 2226 scriptis
3449 2179 3621 2217 eorum
3652 2166 3797 2219 instra.

2258 2262 2377 2306 ctus
2429 2257 2587 2308 etiam
2648 2256 2985 2310 Theodosius
3043 2257 3376 2325 imperator,
3426 2262 3590 2313 sancti
3632 2260 3702 2313 ari
3740 2262 3798 2314 sui

2260 2348 2549 2403 Theodosii
2585 2362 2797 2405 secutus
2830 2366 2909 2406 est
2942 2354 2993 2405 in
3025 2353 3319 2409 Theodoro
3362 2356 3712 2426 Mopsuesteno
3737 2360 3795 2426 ju-

2260 2440 2478 2505 dicium.
2526 2451 2577 2496 et
2628 2444 2859 2497 salubria
2896 2462 3079 2497 eorum
3128 2446 3347 2501 decreta
3399 2458 3453 2502 et
3501 2451 3682 2503 monita
3720 2465 3795 2504 non

2257 2533 2479 2599 sprevit,
2510 2544 2601 2586 aut
2630 2535 2831 2587 distulit
2856 2537 2907 2589 in
2935 2536 3183 2591 cchrtum
3208 2538 3437 2603 ducere,
3471 2539 3600 2594 sicut
3624 2540 3794 2595 inierius

2259 2626 2626 2681 ostendemus.
2674 2630 2735 2681 Et
2772 2646 2876 2683 non
2917 2631 3101 2683 eadem
3149 2642 3278 2687 tunc
3325 2634 3497 2687 fuerat
3538 2649 3679 2687 causa
3717 2633 3792 2687 ilo-

2260 2724 2528 2789 psuesteni
2558 2722 2825 2778 TilCOtiOti
2866 2742 2878 2776 :
2913 2740 3010 2781 nec
3039 2726 3087 2779 in
3121 2726 3497 2795 prmjudicium
3532 2742 3709 2797 magnae
3731 2740 3791 2796 sy-

2259 2813 2414 2878 nodi,
2446 2814 2581 2868 sicut
2615 2832 2776 2879 nunc,
2809 2816 3048 2871 damnari
3092 2820 3442 2888 qnmrehatur
3468 2835 3581 2872 cum
3608 2820 3701 2873 suis
3723 2819 3790 2871 do-

2255 2903 2557 2971 gmatibus,
2601 2922 2697 2961 nec
2738 2907 3026 2977 cegebatur
3064 2912 3354 2980 quisquam
3401 2914 3789 2967 anathematizare

2256 3018 2349 3058 eos
2396 3006 2485 3074 qui
2541 3006 2822 3061 anathema
2878 3011 2925 3065 ei
2979 3028 3081 3064 non
3137 3012 3407 3069 dicerent.
3460 3014 3587 3082 Quid
3630 3024 3785 3075 autem.

2257 3097 2406 3166 quasi
2434 3114 2628 3152 novum
2656 3100 2738 3153 vel
2769 3101 3099 3171 hmreticnm,
3128 3106 3370 3175 synodus
3393 3105 3787 3160 Chalcedonenss

2255 3189 2305 3242 in
2335 3190 2565 3259 epistola
2599 3192 2921 3246 venerabilis
2952 3193 3058 3247 Iba:
3089 3196 3400 3263 damnaret,
3428 3198 3561 3265 quod
3590 3196 3784 3250 'lhcodn-

2252 3296 2373 3349 rus,
2409 3296 2437 3336 a
2471 3284 2631 3338 tantis
2668 3282 2912 3341 Patribus
2948 3287 3265 3354 praedi-atus
3288 3328 3305 3354 ,
3344 3298 3398 3344 et
3426 3290 3492 3342 ab
3521 3291 3726 3358 imperat
3746 3302 3784 3340 re

2252 3374 2559 3430 Theodosio
2602 3377 2835 3447 majore,
2870 3392 2899 3431 a
2936 3378 3044 3432 Deo
3075 3379 3287 3450 imperii
3328 3393 3534 3453 sceptra
3570 3390 3782 3443 sumente.

2248 3468 2531 3537 singularis
2561 3469 2774 3525 habitus
2800 3512 2814 3539 ,
2858 3471 3020 3527 etiam
3048 3473 3116 3528 ab
3150 3475 3265 3544 ipso
3317 3476 3403 3531 [ba
3447 3477 3667 3531 laudatus
3690 3474 3782 3531 est?

2249 3562 2431 3632 Neque
2469 3563 2615 3618 enim
2665 3565 2811 3634 parxi
2862 3567 3095 3636 pendere
3145 3581 3332 3626 sancta
3382 3572 3607 3642 syrodns
3643 3568 3779 3625 dtbllii

2249 3654 2386 3708 beati
2420 3670 2629 3723 quoque
2662 3658 2997 3727 imperatoris
3030 3663 3170 3717 illius
3202 3664 3490 3734 judicium,
3520 3666 3595 3719 cui
3622 3676 3780 3718 tantum

2246 3748 2313 3803 ab
2341 3749 2574 3803 Ecclesia
2616 3751 2896 3807 tribuenda
2938 3753 3037 3808 fuit
3080 3759 3405 3816 auctoritas.
3450 3768 3678 3826 quantum
3704 3753 3778 3807 sihi

2248 3838 2338 3892 ille
2364 3839 2496 3893 nihil
2527 3842 2865 3897 auctoritatis
2901 3859 3130 3914 unquam
3176 3859 3364 3902 contra
3400 3848 3670 3903 Ecciesiam
3695 3844 3779 3895 \‘iu-

2245 3929 2462 3983 dicavit.
2495 3930 2728 3987 Proinde
2757 3949 2941 4003 quaeso
2969 3945 3037 4003 te,
3068 3940 3491 3995 clementissime
3518 3940 3774 4007 imperator.

2243 4031 2296 4075 et
2318 4022 2545 4077 obsecro
2576 4039 2671 4093 pro
2710 4029 3005 4081 reverentia
3038 4045 3194 4100 quam
3227 4032 3442 4086 Christo
3482 4032 3581 4085 Deo
3617 4037 3662 4081 ct
3688 4025 3777 4094 ri'“

2243 4112 2616 4168 sacerdotibus
2667 4115 2878 4183 debes,
2921 4129 2977 4173 ut
3034 4104 3465 4179 exlmrtatiOnem
3518 4129 3774 4175 sanctorum

2243 4200 2459 4259 Patrum
2487 4216 2696 4261 tuorum
2720 4208 3035 4266 obedienter
3061 4215 3316 4281 accipias.
3350 4216 3467 4269 Tihi
3494 4214 3624 4270 enim
3650 4210 3774 4266 modo

2242 4295 2550 4366 loquuntur,
2580 4300 2671 4355 tibi
2702 4302 2928 4357 suadent
2956 4304 3039 4359 isti
3070 4323 3255 4362 omnes
3281 4308 3487 4379 antiqui
3533 4304 3769 4361 orientales

2240 4388 2499 4456 episcopi.
2516 4390 2629 4445 Tibi
2656 4407 2795 4448 nunc
2817 4393 3016 4457 dicunt.
3033 4398 3170 4466 quod
3187 4399 3489 4455 Theodosio
3511 4396 3681 4454 minori
3702 4393 3772 4446 ali~

2239 4480 2455 4549 quando
2490 4481 2742 4538 dixerunt
2776 4501 2788 4537 :
2837 4504 2855 4535 ‹
2888 4486 2942 4540 Si
2976 4496 3154 4543 autem
3187 4494 3497 4563 qu’dquam,
3527 4492 3769 4557 imperatur

2241 4584 2447 4641 sancte,
2490 4574 2776 4631 obscurum
2810 4579 3003 4650 aliquis
3032 4582 3261 4639 inveniri
3293 4588 3438 4642 dicat
3468 4586 3518 4639 in
3548 4577 3767 4638 Theodori

2239 4663 2475 4732 episcopi
2508 4666 2589 4721 vel
2621 4668 2842 4724 aliorum
2878 4672 3094 4740 litteris,
3131 4676 3229 4734 hoc
3261 4678 3533 4735 retractari
3564 4687 3764 4730 necessit-

2238 4760 2371 4811 rinm
2404 4775 2507 4813 non
2536 4772 2636 4817 est.
2688 4765 2926 4834 Quorum
2978 4770 3117 4823 enim
3169 4773 3271 4826 vita
3326 4776 3376 4829 in
3424 4768 3694 4828 sacerdotio
3728 4773 3765 4815 ιι

2237 4850 2536 4906 ministerio
2565 4857 2823 4923 optimum
2859 4857 3038 4914 habuit
3070 4861 3252 4925 linem.
3289 4865 3368 4920 his
3402 4863 3649 4934 prmlatam
3674 4856 3762 4925 8""

2236 4942 2367 4995 riam
2399 4943 2709 5001 dedicamus
2733 4990 2746 5011 ,
2780 4959 2836 5005 ct
2883 4968 2986 5005 nrn
3020 4969 3083 5008 ex
3116 4956 3220 5008 illis
3262 4972 3355 5012 eos
3380 4956 3685 5026 jndicamus.
3710 4946 3760 4998 de

2232 5032 2426 5102 quibus
2449 5035 2608 5107 aliqui
2634 5044 2887 5097 atrociter
2905 5060 2995 5099 eos
3018 5058 3289 5101 accusant.
3318 5044 3628 5116 [inpossibile
3644 5038 3753 5091 cnim

2227 5138 2329 5192 est,
2358 5143 2475 5184 cum
2510 5132 2754 5189 homines
2781 5135 2886 5190 sint
2916 5140 3001 5207 qui
3040 5140 3092 5193 in
3129 5137 3362 5196 Ecclesia
3389 5139 3587 5197 docent,
3618 5142 3661 5184 ut
3684 5142 3756 5181 ἐπ’

2230 5220 2603 5279 lumniantium
2654 5230 3079 5298 vituperationes
3124 5232 3393 5303 elfugiant.
3449 5230 3509 5283 Et
3552 5220 3661 5295 quid
3703 5217 3753 5267 εἶθ

2232 5309 2485 5365 Ecclesia:
2515 5314 2824 5373 doctoribus
2852 5321 3080 5374 dicimus
3106 5364 3119 5385 ,
3158 5324 3371 5392 quando
3402 5332 3453 5377 et
3480 5320 3581 5388 ipsa
3608 5319 3753 5368 sanlla

2218 5400 2514 5470 Evangelia
2553 5408 2703 5462 multi
2737 5412 3109 5467 haereticorum
3140 5414 3204 5469 ad
3238 5430 3386 5470 suam
3419 5409 3657 5478 recipiunt
3682 5414 3752 5449 νο·

2235 5513 2431 5603 pensis.
2458 5517 2703 5603 'O_aor,t:6§,
2733 5523 2899 5590 inquit
2920 5567 2933 5589 ,
2967 5525 3374 5603 τῆςίΛντιοχέων
3406 5526 3640 5603 Ἰωάννξῆ

2228 5588 2422 5673 ἐὼαςιέκ
2440 5596 2565 5712 illa}:
2586 5588 2896 5664 ᾆλὼττηςήτῷ
2918 5604 3005 5656 τῆς
3029 5588 3313 5671 οἶκουμέννῆς
3338 5588 3746 5671 σκῆπτραδιίποντι

2228 5661 2315 5712 τήν
2345 5678 2437 5712 ouo
2470 5664 2606 5712 οσνὶαν
2637 5664 2904 5712 ἐξέπεωιε.

2224 5664 2315 5715 τὴν
2345 5664 2606 5733 ὁμολογίαν
2637 5664 2904 5737 ἐξέπεμψε.
2930 5719 2933 5723 .
