4070 6352
271 346 374 403 ῚΠ

1108 341 1242 395 ῐιι.(.)
1283 330 1956 408 DEFENSIONETRIUM
1995 331 2306 388 CAPITUL.
2345 333 2472 410 LIB.
2519 331 2644 389 VIII.

3420 325 3524 382 718

272 465 556 522 lurtatem,
589 459 764 511 divina
800 458 940 510 dirta
975 466 1262 517 \'I‘.I'l.t‘lllt'$,
1295 467 1346 506 et.
1377 455 1424 505 in
1459 455 1647 504 IllltllaS
1676 458 1852 518 partes
1882 447 1932 505 Δ
1960 446 2682 516 religionemsanctissimam
2707 441 3044 496 conturbare.
3081 440 3304 493 Intentio
3324 439 3522 493 etenim

271 567 472 620 corpus
507 550 758 605 Ecclesia:
791 547 1197 602 discinde‘tttcs?
1234 534 1252 598 ι
1311 545 1507 598 Exaudi
1543 544 1739 607 itaque,
1771 553 1857 593 re-

271 643 465 713 ligiose
496 640 765 710 princeps,
796 637 1011 700 exaudi,
1043 651 1342 706 precamur,
1377 636 1649 688 hortantes
1687 639 1739 683 te
1771 645 1859 684 sa-

277 734 525 799 lubriter,
559 742 734 802 patres
765 742 914 792 tuos,
948 733 989 784 si
1021 731 1173 799 cupis
1214 737 1272 782 ut
1310 743 1403 783 eos
1434 742 1528 796 pro
1553 737 1604 781 te
1641 733 1858 784 orantes

278 831 523 884 Christus
562 827 831 883 exaudiat.
884 823 1056 880 Grave
1095 834 1178 878 est
1216 822 1359 878 enim
1386 862 1400 886 ,
1449 829 1506 872 ut
1551 833 1685 888 quos
1730 817 1858 870 olim

279 928 582 989 praesentes
628 919 679 970 in
723 929 951 986 corpore
976 955 990 979 ,
1026 899 1082 970 Et
1125 913 1523 982 peregrinantes
1551 923 1580 961 a
1613 908 1856 970 Domino,

281 1009 620 1067 Theodosius
663 1011 836 1062 utimr
888 1007 1128 1075 recepit,
1175 1005 1334 1058 modo
1384 1001 1785 1071 peregrinantes
1831 1013 1859 1051 a

283 1117 535 1172 corpore,
565 1109 621 1156 et
650 1111 942 1170 praesentes
988 1100 1051 1150 ad
1085 1099 1249 1153 Dento
1289 1098 1614 1151 Justinianus
1653 1093 1864 1164 abjiciat

286 1197 336 1250 in
370 1196 486 1250 zelo
517 1194 637 1250 fidei
667 1193 1006 1261 praedicatus.
1044 1193 1105 1244 Et
1133 1189 1464 1245 Theodosius
1493 1189 1692 1242 nullius
1730 1186 1863 1242 obe-

286 1286 483 1342 dientis
533 1286 584 1340 in
631 1285 732 1340 hac
762 1298 919 1338 causa
965 1281 1299 1350 imperatoris
1327 1279 1646 1334 invitabatur
1683 1291 1866 1332 exem-

285 1381 418 1450 plo;
462 1387 520 1434 tu
561 1386 736 1432 autem
767 1376 908 1446 quod
947 1376 1186 1442 sequaris
1218 1375 1402 1428 habes.
1438 1372 1505 1426 Et
1532 1368 1867 1425 Theodosius

289 1473 571 1525 utilitatem
603 1469 769 1540 ipsius
800 1467 1123 1523 obedientiam:
1163 1465 1397 1519 nondum
1429 1473 1544 1520 erat
1570 1472 1864 1532 expertus;

289 1573 346 1618 tu
375 1571 552 1616 autem
579 1576 757 1615 rerum
785 1562 936 1614 exitu
959 1559 1252 1629 cognovisti
1275 1557 1543 1626 quomodo
1562 1555 1677 1626 ejus
1701 1558 1866 1610 inter-

289 1654 528 1709 dictione
557 1653 742 1707 sedata
770 1651 929 1706 fuerit
957 1651 1045 1705 illa
1082 1657 1394 1719 tempestas.
1433 1646 1870 1716 Incomparabili-

291 1758 375 1801 ter
405 1748 580 1816 itaque
605 1745 791 1800 utilius
821 1755 874 1798 ιιι
907 1743 1223 1812 respondes,
1254 1741 1673 1797 clementissime
1702 1738 1871 1808 impe-

293 1848 462 1902 rator,
495 1837 884 1906 exspectationi
935 1837 1095 1889 totius
1147 1834 1431 1898 Ecclesiae,
1473 1848 1631 1902 quam
1664 1832 1751 1886 ille
1783 1847 1869 1884 re-

291 1930 510 1996 Spondit
540 1947 552 1983 :
588 1929 841 1998 quoniam
881 1927 1376 1996 iIICOmle'nbllllel‘
1413 1929 1585 1994 major
1612 1935 1696 1980 est
1733 1938 1874 1980 nunc

295 2037 458 2076 causa
489 2037 592 2075 non
621 2021 1012 2075 condemnandi
1043 2020 1384 2074 Theodorum
1415 2034 1575 2088 quam
1604 2018 1711 2071 illis
1743 2027 1874 2071 tent-

288 2115 515 2178 éporlbus
543 2113 658 2166 fuit.
693 2112 750 2168 Si
773 2114 915 2168 enim
940 2109 1174 2166 Joannes
1198 2111 1583 2174 Antieclienus,
1610 2119 1664 2165 et
1689 2123 1874 2164 omnes

286 2208 582 2262 orientales
609 2207 847 2276 episcopi
872 2221 1008 2275 quis
1040 2206 1472 2269 memoravimus,
1497 2205 1610 2259 sive
1640 2203 1875 2256 Domnus

295 2315 446 2370 :r-que
477 2298 860 2363 Antiochenus,
891 2313 958 2351 ex
989 2297 1145 2366 cujus
1185 2296 1412 2365 epistola
1445 2295 1686 2364 qumdam
1717 2295 1732 2325 ί
1765 2309 1877 2348 meo

300 2392 558 2446 moraturi
599 2405 783 2445 sumus
807 2431 822 2453 ,
869 2401 1092 2460 possunt
1138 2389 1404 2459 aliquibus
1441 2388 1606 2442 videri
1640 2402 1735 2457 pro
1762 2389 1877 2440 solo

299 2483 582 2538 Theodoro
610 2497 878 2549 certasse;
909 2498 1008 2537 nos
1041 2496 1238 2550 amem,
1271 2483 1357 2551 qui
1383 2482 1630 2536 timemus
1657 2480 1877 2536 anathe-

299 2577 556 2631 matizare
592 2575 934 2629 Theodorum
983 2584 1036 2628 et
1086 2589 1274 2630 omnes
1326 2575 1412 2641 qui
1460 2573 1508 2629 ei
1552 2588 1658 2628 non
1696 2573 1878 2626 dicunt

274 2668 604 2731 'anathema,
629 2683 736 2722 non
769 2682 863 2736 pro
890 2667 1004 2721 solo
1026 2666 1308 2722 Theodoro
1339 2680 1436 2720 nec
1464 2679 1562 2735 pro
1585 2665 1699 2720 solo
1723 2661 1881 2718 Chal-

297 2759 590 2813 cedonensi
619 2758 866 2824 concilio,
903 2758 990 2812 ubi
1020 2771 1141 2811 cum
1175 2767 1356 2826 postea
1388 2757 1572 2812 laudes
1599 2755 1714 2825 ejus
1745 2756 1882 2810 reei-

299 2858 545 2904 tarentur
565 2850 846 2904 damnatus
865 2864 968 2904 non
992 2859 1098 2910 est.
1123 2864 1306 2903 verum
1330 2849 1490 2903 etiam
1515 2863 1611 2916 pro
1645 2849 1880 2915 ipsorum

293 2942 526 2998 Joannis
549 2951 604 2997 et
630 2941 822 2996 Domni
857 2941 1334 3003 Antiochenorum,
1359 2955 1412 2995 et
1439 2941 1676 2995 omnium
1705 2941 1883 2994 orien-

303 3033 490 3087 talium
528 3035 867 3089 sacerdotum
889 3073 902 3096 ,
934 3041 987 3087 et
1015 3032 1158 3088 beati
1191 3032 1361 3086 Procli
1393 3032 1739 3087 damnatione
1768 3047 1884 3086 eer-

305 3135 503 3191 tatnus,
535 3126 624 3196 qui
670 3141 776 3180 non
807 3135 1007 3180 tantum
1040 3126 1088 3180 ei
1132 3123 1418 3180 anathema
1466 3139 1570 3178 non
1614 3125 1880 3188 dixerunt,

299 3221 396 3274 sed
435 3232 532 3272 nos
571 3233 784 3287 quoque
824 3218 1003 3272 dicere
1032 3227 1317 3271 vetuerunt
1353 3235 1366 3269 ε
1395 3217 1522 3286 quid
1554 3233 1681 3286 ergo
1710 3217 1884 3271 'Iheo-
1912 3189 1956 3250 C

302 3311 488 3366 dosius
517 3309 689 3364 minor
719 3309 953 3364 adeunte
986 3323 1045 3362 se
1084 3308 1250 3364 etiam
1284 3308 1538 3376 praedicto
1571 3308 1728 3364 beato
1754 3307 1882 3362 Pro-

304 3403 390 3458 clo
421 3402 785 3471 responderit,
817 3417 922 3471 quo
952 3402 1132 3456 utilius
1164 3417 1258 3456 vos
1286 3401 1611 3470 respondere
1643 3402 1879 3470 possitis,

305 3493 578 3548 insinuare
612 3494 893 3548 debemus.
930 3493 1323 3562 «Imperatores
1348 3491 1606 3558 Caesares,
1639 3492 1884 3547 Theodoo

306 3587 419 3640 sius
430 3585 908 3651 etVaIentinianns,
922 3587 1172 3650 victores,
1191 3587 1620 3654 triumphatores,
1638 3586 1883 3655 piissimi,

307 3693 522 3746 semper
548 3681 739 3748 Augg.,
764 3677 875 3731 Deo
905 3680 1128 3732 amatori
1159 3679 1350 3732 Joanni
1397 3677 1802 3746 archiepiscopo
1832 3688 1885 3731 et

307 3772 515 3843 synodo
553 3785 673 3826 cum
715 3785 783 3826 eo
821 3771 873 3825 in
914 3771 1194 3825 Antiochia
1247 3779 1604 3840 congregatur.
1652 3769 1883 3823 Turbam

308 3877 470 3932 atque
513 3862 797 3916 tumultum
839 3864 927 3932 qni
976 3862 1154 3917 evenit
1197 3863 1246 3916 in
1287 3862 1508 3917 Oriente
1541 3872 1565 3896 ἰ
1592 3901 1606 3923 ,
1644 3871 1884 3916 nostrum

309 3957 558 4025 cognovit
587 3955 870 4023 imperium
917 3972 1008 4024 per
1041 3957 1500 4024 religiosissimum
1532 3964 1586 4009 et
1613 3955 1890 4008 sanctissi-

309 4063 456 4101 mum
488 4047 696 4101 Patrem
738 4055 976 4102 nostrum
1006 4056 1062 4101 ct
1089 4047 1398 4116 episcopum
1431 4047 1698 4100 I‘roclum.
1741 4045 1887 4110 Quo-

310 4141 452 4196 niam
483 4154 610 4208 ergo
646 4155 742 4207 pro
770 4139 948 4207 quiete
978 4147 1033 4193 et
1072 4153 1203 4207 pace
1245 4139 1481 4192 omnium
1523 4139 1886 4207 providemus,

310 4232 579 4302 prmoipue
616 4245 794 4286 autem
836 4245 936 4300 pro
985 4233 1087 4285 lide
1129 4231 1392 4285 catholica
1418 4274 1434 4295 ,
1481 4246 1597 4292 quae
1648 4239 1888 4282 nostrum

309 4340 522 4395 quoque
551 4325 784 4380 custodit
813 4325 1126 4393 imperium,
1157 4334 1348 4378 vestra:
1377 4324 1666 4378 scribimus
1694 4324 1891 4377 sancti-

313 4420 424 4483 tati,
453 4427 713 4488 quatenus
743 4432 924 4488 pacem
956 4417 1242 4500 obtineatis
1264 4458 1278 4481 ,
1326 4424 1383 4472 et
1413 4416 1612 4472 nullum
1662 4418 1884 4470 verbum

313 4509 599 4565 iutendatis
624 4524 809 4564 eorum
831 4511 920 4580 qui
944 4511 1127 4564 volunt
1153 4517 1339 4564 contra
1367 4507 1592 4563 salutem
1619 4509 1884 4577 prepriam

387 4658 410 4684 ἰ
449 4647 760 4715 Tempestas
790 4649 1029 4716 proxime
1054 4647 1190 4701 dicta
1219 4655 1301 4701 est
1330 4647 1379 4700 in
1411 4646 1665 4717 synodica
1697 4645 1890 4700 Orien-

314 4719 528 4781 talium;
574 4717 671 4771 sed
703 4718 1032 4772 Theodosius
1059 4733 1086 4770 a
1117 4718 1306 4770 Proclo
1344 4719 1411 4773 de
1455 4719 1538 4770 illa
1571 4718 1670 4771 sibi
1699 4732 1889 4785 sugge—

314 4797 454 4840 stum
485 4788 576 4839 ait.
610 4786 876 4841 Tttrbabat
913 4800 1086 4842 autem
1117 4786 1449 4853 Orientales,
1484 4797 1542 4840 ut
1578 4797 1662 4842 est
1692 4788 1741 4839 in
1769 4787 1888 4851 epi-

316 4855 664 4926 stolaiCyrilli
694 4857 758 4908 ad
792 4857 1060 4921 Procluut,
1098 4859 1237 4925 quod
1274 4861 1354 4912 vir
1387 4858 1582 4910 nobilis
1611 4867 1666 4911 et
1693 4857 1886 4910 delun-

308 4935 434 4980 ctus
460 4925 510 4980 in
532 4925 911 4980 communione
941 4927 1294 4981 Ecclesiarnm
1322 4928 1885 4981 anathematizaretur.

319 4997 429 5051 IIoc
458 4999 634 5064 itaque
672 5005 752 5049 est
780 4997 917 5063 quod
943 4998 1208 5062 rescripto
1239 5013 1336 5050 suo
1369 5010 1509 5050 nunc
1539 5004 1682 5048 vetat
1715 4997 1890 5050 Theo-

315 5069 520 5132 dosius,
567 5081 633 5119 ne
678 5065 794 5131 quis
833 5080 924 5119 eos
971 5068 1197 5120 lacessat
1234 5067 1322 5134 qui
1357 5067 1414 5118 in
1465 5064 1722 5118 Ecclesiae
1764 5081 1890 5133 pace

315 5135 551 5191 defuncti
600 5145 741 5188 sunt.
793 5135 909 5202 Quo
961 5135 1055 5198 fit,
1090 5143 1148 5188 ut
1179 5145 1483 5201 suspectum
1526 5137 1593 5187 sit
1623 5135 1888 5190 Theodori

317 5224 549 5274 noiiten,
593 5207 731 5276 quod
780 5207 830 5258 in
881 5205 1168 5260 Theodosii
1215 5205 1391 5260 edicto
1435 5205 1797 5276 dedatnnati.
1825 5221 1891 5262 ne

319 5279 548 5333 {\cstorii
601 5277 863 5347 adjectum
907 5277 1096 5344 legitur
1129 5287 1232 5328 act.
1280 5277 1312 5330 5
1353 5275 1539 5345 synodi
1579 5293 1628 5338 ν,
1674 5291 1793 5329 cum
1835 5278 1888 5330 in

319 5350 587 5417 Ephesina
616 5360 666 5404 et
693 5350 742 5402 in
781 5347 1052 5401 codicibus
1084 5360 1186 5399 non
1219 5347 1444 5417 legatur.

390 5480 404 5510 ¹
447 5479 578 5562 Cod.
629 5480 850 5545 \'er0ti.,
883 5480 1114 5548 quaedam
1143 5479 1493 5532 nihilominus.

391 5681 413 5706 θ
453 5683 572 5736 llaec
611 5687 828 5740 Joannis
872 5684 1184 5739 Antiocheni
1227 5682 1448 5748 epistola
1500 5689 1675 5735 exstat
1708 5679 1890 5733 Lat’ne

319 5761 525 5826 tantum
555 5756 688 5810 inter
715 5758 966 5822 epistolas
991 5756 1171 5826 (Zyrilli
1201 5753 1562 5816 Alexandrini,
1588 5757 1723 5819 Opp.
1758 5761 1885 5804 lum.

323 5823 388 5886 γ,
421 5836 557 5893 part.
592 5844 643 5892 tl,
680 5844 793 5898 pag.
830 5827 948 5880 19:2.

1914 4573 1966 4632 D

1960 547 2154 592 nostra!
2195 535 2488 592 divinitatis
2516 537 2606 588 illa
2642 545 2719 588 εει
2748 573 2763 596 ,
2810 541 2867 587 ιιι
2913 548 3100 587 omnes
3133 530 3376 586 homines
3404 544 3524 586 cum

1925 635 1930 640 '
1958 627 2134 698 quiete
2156 629 2351 698 degant
2376 645 2387 680 :
2415 628 2679 696 prtecipue
2699 632 2873 679 autem
2906 633 3104 678 sancta:
3129 621 3219 676 Dei
3247 620 3527 687 Ecclesia’,

1961 735 2057 789 per
2087 735 2218 789 quas
2247 728 2302 774 et
2333 734 2430 773 nos
2459 718 2748 783 salvamur,
2787 725 2842 770 et
2884 725 3121 770 nostrum
3152 713 3317 784 pollet
3358 715 3526 781 impe-

1961 813 2118 866 rium.
2151 813 2257 865 Ilac
2302 813 2480 880 itaque
2523 823 2658 864 voce
2701 807 2864 877 quieti
2897 807 3149 861 Ecclesia:
3191 804 3530 874 providentes

1964 920 2062 958 nos
2091 903 2289 973 aliquid
2317 903 2385 956 de
2423 900 2572 956 vobis
2599 898 2780 955 utilius
2822 901 2842 930 ³
2870 941 2885 965 ,
2929 899 3028 951 nisi
3073 907 3127 950 ut
3155 911 3367 966 quoque
3410 908 3532 949 cum

1963 995 2104 1050 omni
2138 995 2381 1066 statuatis
2408 992 2649 1048 Ecclesia
2673 1031 2688 1056 ,
2720 1004 2788 1046 ne
2811 990 2930 1058 quis
2961 989 3216 1044 adversus
3243 1001 3336 1042 eos
3362 987 3449 1056 qui
3483 986 3536 1040 in

1963 1087 2078 1154 ejus
2110 1101 2238 1154 pace
2275 1085 2508 1140 defuncti
2547 1090 2670 1139 sunt
2695 1124 2710 1150 ,
2751 1081 3039 1153 quidquam
3085 1080 3152 1136 de
3193 1088 3388 1134 caetero
3434 1077 3539 1134 tale

1967 1186 2272 1245 praesumat.
2307 1197 2326 1229 ι

2571 1288 2798 1345 CAPUT
2839 1287 2924 1344 IV.

1972 1403 2122 1470 Quod
2153 1405 2378 1473 synodus
2423 1404 2592 1457 eadem
2641 1401 2863 1473 0r_ientis
2895 1399 2963 1451 ad
3007 1398 3254 1473 Lgrillunt
3305 1397 3453 1450 etiam
3484 1395 3545 1447 de

2243 1492 2342 1528 non
2369 1474 2658 1526 damnando
2687 1471 2956 1526 Theodoro
2983 1469 3260 1532 scripserit.

2048 1604 2304 1673 Adjiciam
2339 1620 2464 1658 vero
2495 1614 2546 1659 et
2575 1603 2731 1657 aliam
2777 1617 2920 1669 saepe
2957 1600 3082 1656 dicti
3127 1601 3292 1653 sancti
3333 1599 3441 1655 Jv-a-
3470 1599 3549 1653 nis

1977 1697 2293 1753 Antiochcni
2325 1709 2378 1751 et
2409 1696 2596 1767 synodi
2621 1695 2734 1764 ejus
2761 1693 3034 1762 epistolam
3060 1692 3123 1746 ad
3155 1692 3367 1746 beatum
3392 1691 3550 1746 etiam

1891 1811 1949 1870 ~B
1975 1789 2229 1859 Cyrillum
2261 1788 2286 1825 δ
2320 1803 2416 1857 ριο
2469 1802 2575 1841 non
2622 1784 3042 1841 condemnandis
3087 1783 3245 1838 dietis
3290 1781 3550 1837 Theodori

1977 1881 2248 1947 scriptam.
2285 1896 2303 1929 ι
2342 1877 2452 1931 Deo
2493 1876 2703 1928 amabili
2757 1876 2776 1895 ‘
2821 1884 2874 1928 et
2923 1875 3261 1927 sanctissimo
3303 1872 3552 1940 episcopo

1976 1970 2174 2038 (lyriilo
2208 1967 2438 2022 Joannes
2475 1965 2791 2028 Antiochiae,
2818 1974 2872 2019 et
2905 1963 2993 2033 qui
3028 1978 3147 2018 cum
3177 1977 3241 2018 eo
3274 1962 3382 2017 Deo
3411 1978 3550 2017 ama-

1983 2063 2115 2114 biles
2161 2059 2397 2128 cpiscopi
2441 2056 2821 2112 convenientes
2849 2071 2913 2110 ex
2942 2069 3261 2123 unaquaque
3292 2054 3554 2123 provincia

1977 2165 2096 2222 qum
2127 2151 2177 2204 in
2205 2151 2421 2203 Oriente
2446 2155 2527 2202 est
2555 2147 2646 2202 Dei
2678 2147 2869 2216 gratia,
2896 2146 2949 2199 in
2979 2145 3246 2200 civitatem
3271 2144 3555 2199 amabilem

1977 2243 2192 2296 Christo
2223 2239 2578 2302 Antiochiam,
2612 2245 2828 2306 propter
2861 2236 3063 2291 litteras
3095 2235 3415 2290 sanctissimi
3447 2237 3554 2304 epi-

1979 2334 2126 2403 scopi
2181 2332 2361 2386 domui
2410 2331 2604 2386 Procli.
2645 2349 2664 2382 ι
2703 2331 2767 2383 Et
2809 2328 2966 2391 infra,
3013 2328 3291 2397 loquentes
3323 2330 3388 2382 de
3431 2327 3560 2398 ipsis

1981 2424 2092 2492 qui,
2121 2432 2176 2474 ut
2215 2423 2413 2477 dictum
2453 2429 2553 2484 est,
2595 2419 2846 2474 volebant
2889 2418 3190 2488 importune
3227 2418 3468 2488 qumdam
3496 2419 3562 2473 de

1984 2512 2250 2567 Theodori
2300 2511 2452 2565 libris
2497 2521 2744 2576 excerpta
2794 2509 3024 2578 capitula
3073 2509 3438 2574 condemnari,
3487 2511 3562 2566 sic

1985 2605 2230 2674 inquittnt
2264 2621 2276 2656 :
2313 2621 2330 2654 ι
2371 2602 2519 2656 Nunc
2548 2609 2726 2656 autem
2757 2601 2920 2655 iidem
2953 2593 3073 2670 ipsi,
3106 2601 3250 2655 velut
3281 2615 3347 2656 ex
3376 2615 3564 2656 somno

1981 2705 2351 2766 exsurgentes,
2382 2701 2730 2762 perrexerunt
2755 2691 2818 2745 ad
2843 2693 3038 2762 regiam
3066 2693 3356 2758 civitatem,
3379 2702 3562 2748 cteam

1984 2791 2379 2856 perturbantes,
2402 2787 2824 2844 ecclesiasticam
2852 2801 3055 2864 pacem,
3084 2796 3338 2858 quantum
3362 2787 3411 2840 in
3433 2787 3565 2855 ipsis

1983 2890 2086 2949 eet,
2120 2881 2485 2936 turbaverunt.
2527 2879 2872 2934 Sanctissime
2902 2880 3042 2932 enim
3078 2879 3330 2948 episcopo
3369 2876 3562 2933 Proclo

1989 2982 2188 3027 tomum
2231 2979 2376 3026 recte
2409 2985 2592 3026 revera
2619 2979 2672 3024 et
2703 2969 2788 3039 pie
2817 2969 3121 3031 habentem,
3153 2982 3310 3036 quem
3352 2968 3418 3021 ad
3463 2970 3567 3022 Ar-

1987 3064 2195 3117 menios
2237 3057 2472 3130 scripsit,
2521 3061 2674 3116 nobis
2713 3059 3034 3124 destinante,
3059 3067 3112 3113 et
3144 3068 3383 3112 nostrum
3424 3071 3568 3128 qua:-

1990 3161 2140 3208 rente
2188 3167 2530 3215 consensum,
2571 3150 2750 3205 omnia
2792 3151 2928 3205 facta
2966 3160 3087 3204 sunt
3132 3164 3162 3202 a
3205 3149 3380 3216 nobis,
3423 3159 3478 3205 et
3516 3151 3568 3207 in

1990 3243 2135 3298 nullo
2164 3245 2340 3297 minus
2369 3243 2611 3297 fecimus.
2644 3241 2770 3295 Erat
2800 3250 2976 3295 autem
3007 3248 3061 3294 et
3090 3239 3189 3294 hoc
3226 3241 3279 3294 in
3323 3242 3570 3308 prasenti

1991 3344 2233 3405 tempore
2260 3349 2667 3404 supervacuum,
2691 3343 2971 3404 propterea
2996 3333 3133 3401 quod
3154 3333 3262 3401 jam
3287 3331 3379 3386 Dei
3401 3333 3570 3402 gratia

1991 3442 2182 3482 omnes
2211 3427 2406 3491 ubique
2434 3442 2595 3479 unum
2628 3433 2682 3479 et
2709 3423 2952 3478 eumdem
2985 3422 3292 3478 custodiunt
3322 3422 3463 3492 pittm
3496 3423 3571 3476 in~

1993 3520 2285 3576 tellectum.
2329 3518 2518 3574 Solent
2551 3517 2692 3571 enim
2733 3515 3013 3586 aliquoties
3045 3529 3130 3568 res
3156 3527 3271 3583 quae
3299 3511 3448 3582 quasi
3475 3527 3574 3566 ne»

1987 3611 2237 3667 cessarize
2275 3609 2545 3673 videntur,
2575 3606 2674 3662 nisi
2713 3614 3009 3676 opportune
3053 3605 3197 3669 ﬁant,
3229 3612 3572 3673 augmentqu

1990 3701 2408 3772 perturbationis
2453 3696 2918 3768 accipere...\liud
2968 3694 3126 3750 etiam
3174 3694 3366 3747 malum
3399 3701 3481 3747 est
3520 3693 3572 3747 in

1988 3796 2212 3850 istorum
2238 3793 2576 3848 festinatione
2599 3790 2842 3844 manilius
2866 3785 3104 3842 extensis
3117 3785 3161 3806 “
3182 3795 3229 3849 ε,
3252 3794 3308 3838 et
3334 3783 3468 3838 alter
3497 3793 3573 3836 to-

1991 3903 2110 3941 mus
2137 3897 2384 3952 excerpta
2413 3885 2652 3952 qua-dam
2683 3881 2883 3933 habens
2916 3879 3052 3932 beati
3078 3874 3342 3930 Theodori
3365 3875 3454 3944 qui
3479 3874 3574 3928 fuit

2002 3975 2338 4044 Mopsuestia:
2385 3972 2690 4040 episcopus,
2739 3979 2793 4024 et
2836 3985 2899 4022 ea
2948 3982 3066 4037 qua:
3111 3966 3199 4020 ille
3249 3966 3301 4020 in
3347 3963 3574 4019 diversis

1993 4068 2145 4122 libris
2203 4065 2400 4120 dixisse
2461 4063 2695 4124 videtur,
2735 4061 2972 4115 volentes
3015 4059 3090 4114 eis
3161 4058 3440 4110 anathema
3487 4055 3572 4108 in-

1994 4163 2152 4216 ferre.
2187 4160 2407 4227 Propter
2457 4156 2555 4210 hoc
2601 4155 2829 4223 petimus
2870 4160 2927 4204 ut
2969 4159 3201 4204 mentem
3237 4157 3381 4201 tuam
3421 4144 3573 4200 nobis

1994 4252 2227 4321 applices
2273 4247 2566 4303 studiosius
2594 4259 2748 4309 quam
2783 4243 2832 4296 in
2873 4241 2989 4294 aliis
3035 4240 3219 4303 rebus,
3261 4246 3316 4294 et
3341 4236 3566 4307 dignare

1994 4340 2342 4396 considerare
2372 4337 2570 4392 malum
2594 4349 2729 4402 opus
2761 4334 2858 4387 hoc
2886 4347 3026 4396 esse,
3059 4330 3160 4384 nisi
3193 4345 3261 4385 ex
3294 4329 3567 4384 communi

1997 4435 2260 4490 sententia
2291 4430 2422 4485 illud
2469 4428 2808 4496 exstinguere
2848 4424 3082 4481 labores.
3119 4421 3276 4479 Dcdit
3302 4422 3446 4478 enim
3478 4421 3572 4476 tibi

1999 4528 2135 4582 Deus
2161 4541 2320 4594 super
2350 4523 2487 4577 velle
2509 4522 2667 4575 etiam
2699 4531 2876 4588 posse,
2906 4527 2963 4571 ut
2993 4516 3046 4570 in
3069 4530 3354 4570 commune
3383 4527 3572 4569 omnes

2068 4660 2092 4698 δ
2132 4659 2208 4712 De
2239 4659 2333 4710 liae
2363 4653 2590 4727 Cyrillus
2621 4652 2734 4720 ipse
2778 4652 2828 4706 in
2860 4651 3046 4727 eadem
3087 4647 3150 4701 ad
3168 4647 3428 4727 _Proclum
3461 4650 3574 4727 epi-

1995 4731 2129 4786 stola
2167 4744 2284 4798 quze
2316 4720 2504 4781 Latine
2530 4733 2730 4798 tantum
2777 4729 2952 4798 exstat
2993 4723 3044 4798 in
3093 4720 3270 4798 quinta
3298 4723 3570 4798 synodo:

2000 4802 2152 4855 Nunc
2179 4791 2314 4867 igere,
2347 4800 2535 4865 inquit,
2567 4797 2695 4867 sicut
2724 4794 2925 4867 scripsit
2955 4792 3021 4867 ad
3059 4806 3138 4844 me
3168 4791 3408 4867 dominus
3437 4807 3575 4867 meus

1994 4859 2342 4924 sanctisiimus
2362 4859 2626 4933 episcopus
2647 4864 2928 4916 Antiochia:
2950 4861 3197 4933 Ioannes,
3215 4859 3574 4933 initium‘apud

1994 4943 2132 5003 ipsos
2152 4939 2359 4992 alterius
2379 4929 2687 5004 tempe-alatis
2703 4933 2950 5004 surrexit;
2972 4943 3018 5004 et
3044 4929 3290 4994 plurimus
3306 4937 3380 4980 est
3397 4929 3570 5004 (inter,

1999 4996 2048 5062 ut
2072 5009 2287 5072 forsitan
2307 4996 2514 5074 quidam
2535 5003 2796 5057 instabiles
2816 5003 2881 5054 ad
2905 5002 3074 5068 priora
3096 5007 3429 5074 revertantur:
3450 4996 3575 5074 Haec

2000 5066 2124 5134 vero
2153 5066 2415 5131 tertia'est
2459 5089 2641 5128 earum
2691 5087 2823 5142 quas
2871 5066 3087 5140 propter
3131 5068 3361 5142 capitula
3395 5066 3567 5142 Procli

1999 5161 2142 5202 totno
2166 5145 2396 5208 subdita,
2417 5159 2513 5213 pro
2535 5137 2816 5198 Theodoro
2839 5137 3116 5213 scripsisse
3135 5137 3392 5192 Joannem
3417 5137 3507 5191 lib.
3532 5150 3572 5188 ιι

1999 5222 2308 5273 adnotatum
2341 5210 2430 5270 est
2453 5231 2520 5269 ex
2553 5214 2824 5268 Breviario
2853 5210 3109 5265 Liberali.

2066 5321 2094 5349 ο
2141 5309 2357 5363 Videtur
2389 5308 2474 5361 hic
2504 5306 2700 5373 aliquid
2734 5305 2950 5386 deessea

2062 5490 2087 5523 ³
2125 5488 2264 5542 Idem
2311 5488 2466 5550 cod.,
2509 5486 2681 5539 utilius
2719 5492 3080 5550 exspectamus.
3134 5479 3222 5534 Est
3264 5491 3430 5536 autem
3470 5481 3568 5537 hac

1996 5561 2169 5613 utilius
2201 5559 2316 5623 nisi,
2349 5566 2453 5611 etc.

2005 5689 2109 5812 ως
2147 5687 2283 5740 ldctn
2319 5687 2490 5739 hiatus
2521 5684 2751 5739 occurrit
2781 5681 2973 5740 ibidem
3002 5682 3159 5757 (Opp.
3191 5656 3419 5754 Cyrilli),
3446 5693 3564 5752 pag.

2033 5799 2043 5806 -
2068 5780 2118 5811 vJ.

2033 5780 2098 5811 UO
2107 5799 2118 5811 .
