4070 6352
557 312 663 372 Ήθ

1635 293 2163 375 ῑλυυμιιικηδω

2260 294 2727 351 ιιέιωιιΑΝΕΝδιδ
3758 292 3842 350 Ἱιὶὶ)

552 429 712 505 juves
731 428 772 485 ¹¹.
798 429 929 486 Sunt
960 427 1010 483 in
1044 426 1136 480 illo
1190 434 1333 478 lomo
1363 420 1603 493 quredam
1636 412 1865 482 incerta,
1903 420 1957 467 et
1985 411 2135 466 aliter
2166 417 2214 474 Α
2244 415 2339 467 bus
2382 414 2685 484 contingere
2717 416 2891 470 solet;
2921 411 3061 482 quod
3096 426 3203 466 non
3238 407 3458 465 scienti
3500 417 3699 465 tantum
3737 414 3835 469 hu

556 540 717 597 quam
765 525 905 579 dicta
936 528 1061 576 sunt
1111 518 1335 588 intelligi
1387 517 1641 582 Valentia,
1683 514 2004 570 confitemur
2036 512 2139 566 hoc

558 619 719 673 etiam
752 630 850 671 nos
881 632 893 666 :
929 613 1159 682 plurima
1191 625 1321 665 vero
1351 624 1538 665 eorum
1579 616 1763 677 aperta
1792 604 2055 670 videmus,
2089 612 2143 658 et

559 711 679 765 sine
700 708 874 777 aliqua
908 704 1256 774 ambiguitate
1287 711 1453 757 recta.
1506 700 1613 756 Sed
1658 699 1764 755 illis
1804 712 1925 768 quae
1953 702 2145 766 putan-

563 800 926 863 tur'obscura,
956 797 1149 853 similia
1180 795 1344 849 multa
1371 802 1427 849 et
1452 808 1479 846 a
1517 793 1759 863 plurimis
1787 788 2146 845 amarioribus

559 889 679 962 eius
708 899 761 945 et
789 888 1037 959 gloriosis
1086 887 1331 942 Patribus
1359 884 1501 939 dicta
1556 882 1895 945 invenimus;
1926 890 1981 934 et
2010 878 2143 947 peri-

500 970 503 973 1
563 983 738 1038 culum
775 984 898 1035 hinc
929 978 1126 1051 pendet
1155 993 1258 1032 non
1302 978 1441 1041 leve,
1482 991 1550 1030 ne
1594 977 1645 1030 in
1678 974 1795 1029 istis
1818 976 1981 1028 etiam
2025 970 2147 1025 illo-

562 1091 682 1130 rum
716 1077 755 1095 “
797 1076 1089 1145 solvamus,
1120 1071 1238 1141 ejus
1269 1071 1371 1124 viri
1424 1069 1773 1138 reprobantes
1804 1066 1944 1119 dicta
1976 1064 2064 1133 qui
2096 1063 2151 1117 in

565 1169 876 1238 episcopatu
919 1165 1135 1237 quidem
1180 1162 1485 1227 defunctus,
1538 1160 1795 1231 agonibus
1821 1167 2000 1212 autem
2049 1157 2149 1209 ad-

571 1274 762 1315 versus
800 1256 1028 1311 Arianos
1060 1258 1075 1285 ’
1099 1265 1152 1310 et
1182 1254 1316 1309 alios
1342 1252 1624 1306 haereticos
1644 1292 1657 1315 ,
1700 1251 1883 1305 decem
1920 1247 2154 1301 millibus

570 1368 666 1419 per
695 1364 908 1404 onmem
940 1363 1089 1401 suam
1124 1347 1285 1399 vitam
1320 1344 1515 1413 ubique
1544 1343 1829 1397 decoratus
1859 1351 1961 1395 est.
1998 1340 2152 1407 Quod

569 1439 614 1495 si
648 1442 757 1504 fiat,
793 1440 959 1494 multa
987 1439 1146 1494 etiam
1180 1436 1248 1491 ab
1278 1436 1396 1489 aliis
1439 1432 1938 1499 sanctis‘l’atribus,
1972 1442 2156 1501 aperte

572 1533 713 1586 dit-ta
756 1529 1091 1585 retractaturi
1143 1543 1327 1584 sumus
1372 1537 1427 1581 et
1474 1525 1831 1594 reprobaturi.
1878 1522 2157 1591 Excerptis

571 1626 713 1679 enim
749 1623 865 1676 istis
908 1621 1106 1676 similia
1130 1618 1373 1690 quaedam
1406 1618 1712 1672 invenimus
1732 1615 1878 1685 apud
1914 1625 1992 1670 ter
2031 1616 2157 1669 hea-

571 1724 683 1770 tttm
726 1725 779 1769 ct
825 1713 1058 1768 nobilem
1107 1710 1479 1773 Athanasium,
1521 1708 1765 1779 quaedam
1812 1707 1973 1763 etiam
2016 1704 2156 1774 apud

572 1810 782 1863 beatum
816 1804 1092 1867 Basiliutn,
1135 1802 1374 1873 quaedam
1413 1803 1550 1870 apud
1592 1799 1912 1870 Gregorium
1952 1808 2157 1851 utrum-

573 1914 706 1970 que;
736 1897 905 1951 multa
922 1910 1051 1951 vero
1072 1905 1126 1950 ct
1145 1896 1282 1964 apud
1308 1892 1741 1965 Amphilochium
1772 1894 1967 1962 saepius
1992 1890 2159 1957 dicta,

576 2008 682 2046 non
711 2003 877 2061 parva
906 2003 1035 2044 vero
1064 1996 1120 2044 et
1144 1987 1287 2056 apud
1321 2003 1663 2043 communem
1698 1986 1910 2041 Patrem
1949 1986 2159 2041 beatum

576 2080 961 2150 Theophilum.
993 2079 1129 2136 Sunt
1161 2081 1303 2133 enim
1331 2095 1451 2149 qua:
1483 2078 1643 2133 etiam
1684 2086 1770 2132 tua
1800 2078 2058 2132 sanctitas
2090 2078 2159 2131 ita

581 2171 890 2236 confitetur,
936 2178 989 2225 et
1030 2169 1279 2225 eumdem
1327 2169 1393 2223 dc
1436 2168 1541 2224 illis
1569 2168 1756 2224 "habes
1809 2169 2160 2224 intellectum.

564 2262 833 2330 Quiedam
869 2263 1030 2316 etiam
1058 2261 1126 2315 ab
1152 2260 1268 2330 ipso
1290 2261 1504 2313 amabili
1634 2260 1741 2314 Deo
1766 2260 1957 2314 Proclo
1998 2260 2048 2313 in
2086 2274 2167 2315 eo-

580 2357 702 2409 dem
733 2355 854 2424 ipso
882 2364 1027 2408 IOIIIO
1056 2367 1213 2421 quem
1244 2351 1308 2406 ad
1338 2352 1622 2407 Armenios
1654 2352 1820 2418 misit,
1851 2364 1957 2422 quo
1988 2352 2165 2407 multis

577 2446 825 2500 sensibus
855 2443 971 2498 istis
1014 2442 1283 2512 decerptis
1313 2443 1603 2497 concurrit.
1655 2442 1719 2496 Et
1748 2442 1863 2497 dies
1907 2458 2005 2497 nos
2035 2443 2166 2498 deli-

580 2540 685 2593 ciet
712 2536 1333 2607 percurrentesbeatunt
1366 2535 1714 2590 Eustachium
1745 2536 2044 2590 Antiochiae

581 2628 818 2684 civitatis
851 2630 1184 2698 episcopum,
1216 2629 1304 2697 qui
1361 2627 1458 2681 fuit
1509 2642 1603 2697 pro
1639 2638 1781 2681 recta
1832 2628 1933 2682 fide
1978 2628 2028 2681 in
2072 2625 2165 2681 Ni-

582 2736 732 2778 cazno
760 2722 1010 2803 concilio,
1040 2732 1093 2777 et
1120 2737 1323 2793 magna:
1346 2721 1503 2776 fama:
1533 2721 1871 2777 Alexandria:
1896 2731 2091 2777 vestra:
2110 2723 2165 2787 ’ς

585 2816 682 2873 sed
712 2816 875 2874 etiam
922 2826 1042 2888 post
1082 2816 1203 2873 illos
1250 2816 1621 2871 sanctissimos
1668 2818 1974 2885 episcopos,
2009 2814 2171 2870 Mele-

586 2910 741 2978 tium,
765 2908 1103 2979 Flavianum,
1133 2923 1163 2963 a
1207 2908 1400 2979 quibus
1432 2907 1581 2975 plura
1622 2907 1742 2963 istis
1789 2908 2170 2963 coneordantia

580 3001 723 3057 dicta
755 3010 897 3057 sunt.
924 3000 1202 3071 Quid‘jam
1231 3000 1403 3055 dicam
1430 3000 1499 3056 de
1550 3000 1632 3055 his
1662 3002 1750 3071 qui
1796 3002 1847 3055 in
1885 3000 2174 3056 Occidente

572 3095 887 3153 secundum
917 3095 1217 3151 doctrinam
1238 3094 1258 3125 ³
1284 3102 1338 3149 et
1361 3093 2033 3151 eamdem‘confessionem
2078 3094 2174 3149 de-

2244 512 2495 572 dicimus,
2541 510 2635 564 sed
2668 512 2829 563 etiam
2876 508 2993 575 plus
3035 502 3722 559 omnibus7considerare
3763 522 3838 558 va-

2247 605 2328 658 lcn
2357 604 2373 656 i
2406 603 2605 672 inagnit
2628 602 2821 654 :dincui
2866 597 3025 667 hujus
3073 594 3483 650 absurditatis.
3518 593 3658 661 Quid
3690 609 3841 653 anniti

2249 713 2351 749 non
2387 697 2716 764 praebeamus
2744 708 2808 747 ex
2848 691 2947 744 hoc
2984 687 3369 745 desiderabile
3403 686 3643 751 Nestorii
3682 686 3840 741 def‘lt-

2249 787 2491 842 scribus?
2520 786 2651 851 Quis
2681 784 2825 838 enim
2858 798 2980 837 eum
3013 796 3119 836 non
3148 778 3493 845 honorabit,
3537 778 3583 833 si
3618 782 3841 843 CIIIIIISIu

2253 892 2305 937 et
2337 880 2455 934 aliis
2486 881 2576 949 qui
2610 881 2659 932 iu
2693 879 3005 947 episcopatu
3052 875 3219 929 vitam
3270 872 3677 942 deposuerunt,
3710 873 3839 927 simul

2254 974 2737 1027 anathematitetur
2760 973 2780 1002 ⁸
2812 971 2833 1021 ?
2863 978 2955 1022 aut
2985 968 3073 1021 ubi
3117 966 3240 1037 eius
3273 964 3477 1035 opinio
3509 978 3605 1034 per
3631 963 3723 1021 hoc
3758 980 3841 1019 una

2255 1067 2484 1136 accipiat
2515 1063 2945 1120 incrementum?
2984 1061 3116 1127 Quis
3146 1070 3344 1115 autem
3380 1058 3732 1126 deceptorum
3768 1058 3840 1109 ho-

2257 1161 2481 1218 mitium,
2514 1158 2581 1212 de
2613 1158 2727 1211 istis
2757 1154 3094 1210 occasionem
3126 1164 3461 1214 assumens,
3507 1164 3615 1204 non
3651 1146 3834 1204 confes-

2256 1267 2435 1306 sorem
2472 1247 2763 1312 vocaverit,
2809 1246 2970 1300 veluti
3004 1254 3222 1315 propter
3279 1242 3449 1298 illum
3491 1255 3702 1310 passum
3737 1257 3833 1309 quae

2261 1359 2449 1413 passus
2477 1352 2559 1397 est
2581 1345 2623 1407 ⁵,
2651 1356 2770 1410 qua:
2809 1341 2972 1395 etiam
3006 1338 3080 1392 illi
3104 1337 3194 1406 qui
3224 1336 3287 1390 in
3323 1334 3581 1389 Ecclesia
3613 1333 3833 1389 fulserunt

2262 1436 2401 1507 passi
2448 1434 2607 1489 sunt?
2636 1433 2763 1501 Quis
2804 1442 2980 1486 autem
3034 1440 3276 1484 mentem
3332 1428 3656 1482 habentium
3697 1430 3831 1483 nescit

2262 1529 2386 1598 quia
2413 1543 2476 1583 ea
2504 1542 2622 1598 quae
2667 1527 2798 1580 dure
2829 1542 2856 1578 a
2906 1524 3062 1579 beato
3094 1524 3401 1578 Theodoro
3434 1523 3578 1576 dicta
3606 1531 3734 1586 sunt,
3761 1537 3830 1578 ne-

2222 1632 2225 1637 '
2263 1621 2515 1677 cessitate
2547 1618 2857 1685 compulsus
2886 1617 3053 1671 dixit?
3081 1615 3441 1684 I‘roponehat
3470 1614 3614 1669 enim
3639 1629 3744 1668 eum
3769 1623 3828 1666 to-

2269 1722 2350 1767 tus
2378 1713 2431 1766 in
2462 1726 2747 1766 commune
2776 1710 2970 1765 Oriens
3011 1709 3149 1762 inter
3197 1722 3301 1761 eo.
3332 1707 3429 1775 qui
3478 1714 3604 1759 ante
3629 1720 3715 1759 nos
3740 1705 3828 1760 Iuc-

2190 1811 2234 1871 Β
2264 1815 2407 1871 runt,
2441 1804 2581 1859 sicut
2607 1804 2857 1857 virtutem
2893 1803 3111 1856 multaut
3142 1800 3293 1854 docti
3313 1800 3424 1853 IIIZB
3454 1798 3728 1852 habentem
3758 1799 3825 1852 ad-

2266 1911 2452 1953 versus
2508 1895 2764 1958 haereses,
2811 1904 2998 1947 contra
3028 1906 3159 1961 quas
3200 1905 3462 1961 pugnans
3510 1898 3565 1943 ct
3612 1890 3826 1942 dimicans

2268 1986 2432 2042 multa
2463 1985 2692 2055 quadam
2723 1983 2987 2038 divisione
3021 1998 3146 2036 usus
3170 1994 3284 2048 est,
3339 1996 3453 2034 non
3488 1996 3551 2034 ex
3597 1996 3739 2048 pravo
3764 1981 3821 2033 in-

2268 2079 2487 2133 tellectu
2535 2076 2773 2140 veniens,
2824 2075 2917 2129 sed
2967 2074 3238 2128 efficacius
3288 2075 3564 2126 adversus
3598 2072 3824 2123 lia-retices

2268 2168 2357 2222 illo
2413 2167 2573 2223 modo
2628 2169 2701 2222 uti
2735 2165 3227 2236 judicansmeque
3278 2164 3555 2218 unitatem
3608 2178 3819 2217 summam

2268 2264 2522 2332 ignorans
2553 2262 2633 2316 vel
2685 2274 2908 2330 negans,
2943 2259 3101 2325 absit,
3140 2260 3305 2329 pleni
3360 2260 3514 2312 enim
3566 2257 3819 2325 hujustuotli

2269 2366 2395 2411 sunt
2441 2370 2627 2410 onmes
2677 2354 2792 2423 ejus
2825 2354 2967 2416 libri,
3018 2354 3110 2408 scd
3146 2362 3477 2407 naturarum
3516 2351 3817 2418 proprietates

2270 2448 2499 2517 amplius
2531 2447 2797 2511 dividens,
2828 2447 2965 2501 sicut
2992 2448 3040 2500 ei
3075 2461 3249 2516 pugna
3275 2460 3448 2513 quam
3478 2445 3717 2498 adversus
3743 2443 3819 2494 ha-

2274 2544 2474 2596 reticos
2514 2541 2721 2608 habuit,
2756 2539 3059 2596 iaciendum
3103 2541 3371 2598 dictabat.
3407 2539 3518 2593 Hoc
3546 2548 3598 2592 et
3625 2547 3699 2591 tua
3723 2534 3815 2590 reli-

2271 2636 2493 2706 giositas
2515 2636 2847 2706 dispensavit
2875 2645 3059 2704 aperte
3086 2635 3136 2689 in
3161 2633 3534 2690 anterioribus
3562 2632 3733 2687 litteris
3754 2645 3817 2683 ve-

2273 2731 2402 2785 stris
2425 2728 2489 2783 ad
2512 2727 2929 2783 satisfactionem
2971 2727 3328 2798 quorumdam
3358 2724 3726 2781 venerabiliutu
3748 2735 3813 2776 co-

2274 2820 2649 2889 episcoporum
2677 2829 2982 2874 nostrorum
3016 2836 3027 2871 :
3054 2819 3192 2889 quod
3224 2830 3281 2873 et
3313 2820 3493 2888 ipsum
3529 2826 3630 2870 tute
3650 2813 3813 2867 virtutis

2278 2924 2487 2981 tttzeque
2516 2913 2789 2982 sapientia:
2828 2913 3102 2984 pr0pr~iutn
3136 2924 3237 2968 est.
3268 2934 3295 2966 ι»
3334 2914 3532 2968 Verum
3580 2927 3689 2981 ego,
3722 2907 3809 2962 rcli

2274 3010 2425 3079 giose
2456 3010 2725 3076 princeps,
2774 3020 3032 3077 quantum
3065 3023 3129 3063 ex
3176 3008 3261 3061 his
3303 3008 3473 3063 dictis
3500 3007 3705 3070 aflicior,
3731 3001 3810 3070 qui-

2282 3103 2381 3155 bus
2410 3101 2745 3156 venerabiles
2778 3101 2961 3155 Patres
3011 3116 3105 3170 per
3148 3102 3410 3156 donatam
3440 3100 3539 3156 sibi
3582 3115 3607 3153 a
3639 3098 3729 3152 Deo
3750 3112 3807 3151 sa-

586 3188 754 3245 corati
786 3196 931 3255 sunt,
964 3200 1100 3257 quos
1130 3188 1295 3242 etiam
1340 3195 1428 3240 tua
1457 3196 1716 3241 sanctitas
1742 3184 1949 3241 melius
1980 3184 2163 3241 novit!

2278 3194 2532 3263 pientiam
2565 3204 2940 3263 praevenerunt
2983 3194 3239 3265 quidquid
3289 3195 3345 3248 in
3396 3207 3558 3249 causa
3600 3188 3811 3245 Theodori

588 3281 814 3339 Intende
842 3282 1046 3351 itaque,
1085 3293 1236 3351 rogo,
1283 3279 1347 3333 ad
1378 3278 1521 3350 quod
1556 3278 1908 3348 pramipitium
1942 3293 2041 3333 nos
2073 3280 2173 3332 im-

592 3376 812 3445 pellant,
843 3373 935 3442 qui
964 3371 1029 3426 ad
1060 3371 1259 3426 nullam
1290 3371 1575 3425 utilitatem
1610 3369 1793 3425 verbis
1819 3369 2172 3444 contendunt.

587 3464 725 3536 Quid
753 3480 858 3520 non
891 3464 1017 3519 hinc
1046 3463 1281 3520 lazsionis
1307 3463 1391 3519 vel
1420 3463 1780 3533 corruptionis
1808 3472 1862 3519 et
1901 3463 2175 3518 confusio-

590 3561 675 3616 nis
709 3560 920 3628 plenum
949 3567 1256 3628 generetur,
1290 3557 1337 3612 si
1377 3556 1678 3627 aperiamus
1717 3556 1938 3626 januam
1974 3557 2053 3610 his
2086 3557 2176 3627 qui

591 3653 734 3708 dicta
756 3649 1188 3705 ‘transeuntium
1212 3648 1429 3703 Patrum
1463 3658 1708 3703 evertere
1728 3648 1800 3700 αἳ
1828 3647 1983 3717 quale
2013 3648 2167 3702 dam—

598 3760 724 3800 num
761 3759 869 3800 non
916 3750 1160 3813 apertum
1202 3743 1305 3796 erit
1346 3737 1487 3796 dicta
1547 3758 1651 3795 non
1694 3741 1864 3796 solum
1905 3740 2174 3809 refutare,

2282 3301 2379 3355 pro
2422 3298 2611 3358 magna
2661 3287 2870 3358 synodo
2918 3287 3247 3357 respondere
3302 3302 3613 3353 possemus;
3654 3290 3807 3338 tantum

2280 3380 2462 3445 doleo,
2494 3388 2549 3435 et
2579 3370 2684 3434 Illis
2706 3380 2849 3450 quod
2884 3380 3078 3435 factum
3109 3391 3190 3437 est
3232 3382 3464 3453 imputo,
3497 3382 3580 3448 qui
3619 3394 3707 3433 non
3729 3377 3808 3427 hac

2279 3482 2403 3527 ante
2445 3471 2599 3527 vobis
2653 3472 2939 3528 ostendere
2990 3483 3393 3529 consueverunt
3432 3473 3502 3526 “.
3542 3471 3657 3538 Quis
3698 3468 3802 3521 enim

2279 3567 2471 3635 credit,
2520 3568 2663 3638 quod
2689 3570 2773 3624 vel
2828 3578 2987 3623 tanta:
3032 3570 3337 3624 auctoritati
3381 3568 3566 3639 religio
3613 3576 3704 3626 tua,
3745 3559 3804 3613 vel

2282 3660 2562 3730 prudentia
2613 3662 2702 3715 tali
2754 3662 2947 3715 rationi
2996 3662 3314 3717 resisteret?
3346 3663 3470 3718 Haec
3516 3661 3644 3715 enim
3688 3654 3803 3710 verba

2279 3752 2468 3824 synodi
2516 3753 2770 3820 Orientis,
2828 3770 2933 3807 non
2990 3754 3162 3808 dicam
3218 3754 3462 3809 timorati
3508 3762 3559 3807 ct
3602 3744 3805 3816 sapientis

594 3840 689 3895 sed
717 3839 879 3895 etiam
911 3836 1401 3893 anathematizare?
1430 3833 1498 3892 Ut
1528 3836 1669 3891 enim
1697 3836 1841 3891 aliud
1874 3834 2030 3890 alicui
2065 3836 2179 3905 pla-

591 3944 734 4003 ceat,
759 3932 902 3988 aliud
930 3947 1057 4001 non,
1105 3933 1158 3986 itt
1211 3931 1507 4000 aliquorum
1556 3929 1737 3995 dictis,
1773 3931 1889 3987 sive
1929 3931 2178 4001 antiquo-

594 4041 736 4090 rum,
788 4025 901 4080 sive
950 4021 1329 4094 posteriorum,
1370 4021 1485 4077 sive
1527 4037 1634 4077 non
1670 4030 1975 4077 nostrorum
2000 4022 2043 4090 ⁸,
2075 4022 2177 4077 alia

602 4116 742 4171 ratio
772 4122 873 4170 est.
907 4114 975 4170 Ut
1001 4121 1180 4169 autem
1212 4122 1265 4168 et
1295 4112 1578 4168 anathema
1623 4111 1703 4167 eis
1731 4112 2057 4183 imponatur,
2086 4128 2177 4168 ar-

581 4194 859 4263 ibitramur
882 4206 1055 4263 audax
1094 4213 1148 4261 et
1188 4219 1438 4272 saperem
1477 4220 1757 4278 apparere,
1787 4207 1889 4262 etsi
1933 4220 2179 4278 persona:

2279 3843 2536 3915 principis
2563 3843 2820 3911 animum,
2852 3845 2943 3901 sed
2983 3846 3269 3915 cujuslibet
3314 3844 3545 3901 hominis
3569 3855 3703 3912 Quem
3729 3852 3752 3889 η
3781 3850 3803 3887 η

2278 3937 2494 4006 penitus
2535 3935 2776 3991 deseruit
2817 3936 3142 4003 humanitas,
3186 3944 3603 3993 commoverent.
3639 3931 3744 3985 Nam
3770 3926 3802 3979 si

2279 4036 2409 4082 tunc
2468 4037 2754 4096 potuerunt
2807 4027 3084 4083 ardentem
3152 4029 3423 4084 flammam
3486 4026 3796 4092 restinguere.

2280 4127 2481 4188 quanto
2508 4119 2676 4189 magis
2698 4133 2842 4173 nunc
2871 4134 2900 4173 a
2936 4118 3090 4174 vobis
3110 4120 3356 4175 obtinere
3385 4125 3595 4189 possent
3632 4128 3689 4167 ne
3708 4108 3796 4178 quis

2280 4212 2631 4268 resuscitaret
2664 4211 3024 4267 exstinctam?
3067 4212 3124 4268 Si
3154 4222 3333 4267 autem
3367 4211 3526 4267 veluti
3565 4222 3622 4262 ex
3653 4212 3797 4258 somno

595 4312 717 4356 cum
739 4299 898 4355 dictis
921 4313 1027 4355 non
1047 4297 1589 4353 anathematizentur.
1617 4298 1747 4365 Quis
1763 4299 1907 4355 enim
1933 4309 2176 4355 nostrum

594 4402 783 4479 speret
804 4390 949 4463 quod
976 4388 1194 4446 alium“
1220 4392 1387 4460 possit
1432 4406 1671 4457 movere,
1704 4400 1796 4445 aut
1822 4393 1947 4462 quid
1987 4393 2175 4448 horum

594 4501 701 4541 non
737 4483 976 4554 praebeat
1026 4482 1365 4539 occasionem
1410 4497 1621 4552 semper
1663 4493 1721 4538 ut
1759 4483 1937 4554 pupuli
1966 4494 2177 4556 pertur-

2279 4313 2631 4375 exsurgentes
2659 4304 2794 4361 dicti
2823 4313 2947 4361 sunt
2968 4305 3065 4371 illi,
3096 4306 3185 4376 qui
3210 4320 3333 4360 cum
3365 4304 3493 4360 nihil
3521 4294 3797 4356 contradixis-

2280 4398 2616 4454 sentviventi
2646 4397 2951 4464 Theodoro,
2980 4408 3098 4468 post
3124 4398 3240 4473 eius
3270 4398 3473 4454 obitum
3495 4394 3582 4449 illo
3610 4397 3798 4456 tempore

2281 4498 2639 4560 perrexerunt
2668 4490 2773 4547 huc
2802 4491 2868 4545 ad
2896 4493 3093 4561 regiam
3120 4492 3411 4562 civitatem,
3440 4482 3792 4545 ecclesiastiCnm

595 4574 825 4630 bentur?
857 4573 925 4628 Et
957 4575 1057 4629 hoc
1088 4571 1328 4643 quidem,
1358 4586 1410 4628 et
1445 4573 1743 4630 viventibus
1768 4586 1820 4632 et
1849 4578 2174 4635 transeunti-
2200 4571 2253 4634 D
2278 4594 2490 4652 pacem,
2523 4590 2786 4653 quantum
2812 4582 2865 4638 in
2897 4584 3026 4653 ipsis
3054 4593 3162 4653 est,
3191 4584 3599 4640 conturbantes:
3621 4570 3724 4645 quid
3749 4568 3795 4621 dc

672 4752 693 4780 ⁸
726 4740 905 4808 Forte,
942 4740 1116 4794 volunt
1144 4748 1380 4794 evertere.

668 4876 831 4931 ’Cod.
865 4874 1087 4938 Veron.,
1116 4871 1336 4927 Ariattos
1367 4882 1412 4925 et
1445 4870 1812 4941 Eunontimws,
1842 4885 1885 4930 et
1913 4876 2061 4931 alios.

666 4950 689 4980 ’
710 4947 851 5003 Idem
882 4945 1029 5010 cod.,
1057 4944 1404 4998 Alexandrum
1426 4953 1665 5001 vestrum.

674 5019 859 5073 ἰάθη,
889 5016 1038 5083 εοάη
1069 5013 1302 5069 eamdem
1334 5014 1640 5070 doctrinam.

670 5088 857 5160 fidem
883 5086 1029 5160 cod.,
1060 5084 1232 5138 volunt
1265 5083 1420 5138 dicta.
1463 5086 1552 5141 Sic
1601 5088 1740 5158 apud
1768 5088 2028 5160 Cyrillum
2061 5089 2096 5142 I.
2124 5103 2173 5143 c.

668 5159 692 5192 ⁸
711 5160 851 5213 Idem
872 5157 1018 5221 cod.,
1045 5170 1180 5209 nunc
1209 5164 1519 5209 nostrorum.

669 5230 846 5283 “Idem
871 5226 1020 5300 cod.,_
1047 5235 1211 5300 speret
1240 5241 1348 5300 non
1371 5227 1603 5299 defungi,
1633 5240 1721 5283 aut
1764 5246 1795 5282 α
1821 5247 1921 5300 quo
1960 5247 2060 5284 non
2093 5230 2177 5284 di-

600 5312 734 5356 etttm
764 5308 836 5353 est
862 5296 1083 5367 aliquid,
1113 5296 1249 5367 quod
1279 5296 1458 5350 alium.

602 5438 619 5493 ι
667 5369 854 5493 ἷὶιίῗθιὲι
893 5365 1043 5436 cod,
1083 5365 1318 5421 omnibus
1364 5367 1526 5421 nobis.
1578 5367 1668 5424 Sic
1716 5380 1769 5425 et
1817 5371 1958 5439 apud
1988 5370 2177 5442 Cyril—

624 5456 675 5493 ut
768 5482 781 5493 .
850 5479 866 5492 .

624 5453 710 5493 υιη
744 5453 781 5494 I.
815 5453 866 5493 c.

671 5594 772 5649 “In
825 5592 1004 5665 Cyrilli
1039 5594 1272 5667 editione
1325 5593 1493 5667 modo
1530 5594 1713 5661 citata,
1772 5613 1891 5667 pag.
1944 5596 2065 5660 I93,
2109 5599 2163 5651 in

601 5664 948 5737 corntttuniOne
977 5666 1203 5737 omnith
1233 5667 1386 5716 vivas.
1416 5664 1602 5737 'illintts
1638 5664 1802 5737 recte,
1843 5664 1905 5721 ut
1933 5669 2160 5722 videtur.

669 5736 716 5758 ”
742 5736 963 5801 Ibidem,
990 5736 1129 5801 illos,
1160 5734 1343 5789 Patres
1373 5734 1596 5791 scilicet.
1633 5738 1736 5794 Sed
1781 5734 2057 5796 retinenda
2086 5740 2162 5793 vi-

2286 4947 2304 5003 1
2342 4877 2534 5003 Ιίιίξῡιέι
2558 4876 2685 4936 cod.
2706 4921 2719 4945 ,
2754 4878 3289 4934 anathematizaretttt'.
3321 4875 3409 4936 Sic
3437 4885 3488 4932 et
3513 4868 3636 4942 apud
3660 4859 3787 4935 cyrn‘

2307 4966 2335 5003 u
2448 4990 2461 5002 .
2527 4990 2541 5003 .

2307 4964 2391 5003 um
2427 4964 2461 5003 I.
2491 4964 2541 5005 ε.

2355 5003 2538 5092 ﬁdem
2569 5021 2716 5092 cod.,
2742 5022 2829 5091 qui
2854 5036 3053 5091 passus.
3081 5019 3191 5092 (Sic
3216 5032 3269 5092 et
3295 5019 3431 5088 apud
3459 5012 3677 5092 Cyrillum
3702 5003 3787 5092 [τίς

2286 5090 2377 5163 ubi
2406 5074 2605 5163 mea
2637 5074 2738 5163 Ifeé-
2754 5074 2871 5145 'est'
2896 5106 2992 5163 pro
3022 5074 3153 5163 ςαῖᾶ,
3173 5074 3466 5163 inutilius.
3487 5074 3653 5139 ιῖιεηάίι
3678 5074 3787 5163 ΡῙἯΞ

2287 5161 2530 5227 epistola:
2572 5150 2795 5216 Joannis
2835 5150 3157 5216 Antiocheni
3198 5162 3265 5216 ad
3311 5159 3552 5231 Cyrillum
3601 5150 3784 5231 correfl‘o'f

2286 5209 2413 5284 sunt
2433 5246 2536 5298 ope
2557 5232 2760 5287 codicis
2784 5232 2951 5286 nostri
2978 5250 2990 5284 :
3017 5209 3161 5286 unde
3192 5209 3376 5299 ﬁlioli:
3390 5209 3703 5297 imposterum
3720 5209 3779 5264 edi

2289 5301 2490 5366 poterit
2520 5302 2709 5357 eadem
2743 5303 2795 5356 in
2829 5302 3235 5357 collectionibus
3264 5302 3609 5357 conciliorum.
3718 5353 3725 5363 ι

2365 5372 2408 5403 ¹⁰
2432 5373 2574 5427 Idem
2606 5373 2754 5439 cod.,
2786 5388 2877 5427 nos
2900 5376 3008 5427 lucc
3029 5383 3147 5426 ante
3176 5373 3315 5427 vobis
3335 5370 3574 5429 ostendere
3594 5360 3783 5415 κομιδὴ-(α

2291 5452 2432 5497 rmtl.

2283 5600 2440 5653 detur
2476 5601 2634 5654 lectio
2663 5600 2893 5664 illorum,
2930 5600 3379 5671 subintelligendo
3398 5601 3543 5654 dicit»

2353 5672 2415 5693 '“
2448 5672 2606 5739 Ibid.,
2638 5671 2951 5725 damnabili.

2347 5742 2432 5763 η’·
2460 5743 2563 5798 [bid
2596 5784 2612 5809 ,
2648 5741 2752 5797 Eus
2776 5742 2971 5797 tit/tium
3003 5744 3354 5798 Antiocheam.
