4070 6352
285 282 397 342 721

1161 280 1291 335 PRO
1337 282 1763 340 DEFENSIONE
1801 279 2012 336 TRIUM
2056 281 2368 340 CAPITUL.
2413 283 2537 339 LIB.
2587 283 2715 339 νιν.

3468 287 3574 345 72?.

290 402 417 463 istis
446 382 755 460 fautoribus
780 403 1159 459 hrcreticorum
1193 400 1475 457 dicendum
1517 411 1618 467 est,
1650 402 1738 471 qui
1774 410 1891 471 post
1920 400 1971 459 A
2005 415 2121 456 sam
2141 399 2433 459 Theodori.
2464 404 2742 460 Nestorius
2759 404 2902 459 enim
2925 402 3200 475 perfidiam
3224 419 3373 463 suam
3397 407 3575 463 noxiae

288 509 510 557 centum
555 512 725 553 annos
760 512 1009 553 somnum
1044 496 1252 551 illorum
1282 495 1372 565 qui
1404 511 1514 548 rem
1551 498 1566 527 ¹
1618 495 1757 549 malo
1784 509 1882 548 suo

285 602 664 657 surrexerant,
708 591 861 661 pejus
887 591 1138 661 evigilare
1166 589 1484 659 coeperunt?
1526 589 1756 644 Proinde
1788 604 1881 659 sy-

289 676 469 740 nodus
498 680 956 738 Chalcedonensis
997 681 1265 751 quomodo
1291 681 1435 749 justa
1466 684 1672 736 ratione
1700 681 1882 745 culpe-

292 786 408 841 tur,
440 772 561 845 quia
607 772 836 829 credidit
880 772 1231 827 orientalibus
1264 771 1512 828 Patribus
1554 772 1606 825 in
1652 771 1881 825 concilio

291 866 660 939 congregatis,
717 880 851 935 quos
906 878 1150 930 noverat,
1208 874 1262 921 et
1305 880 1411 919 non
1464 879 1690 935 negasse
1737 864 1879 934 quod

289 962 539 1032 qumdam
572 962 622 1015 in
650 959 919 1015 Theodori
952 959 1167 1029 scriptis
1206 959 1365 1015 aliter
1389 975 1549 1028 quam
1580 958 1723 1014 dicta
1756 966 1880 1013 sunt

291 1065 516 1125 possent
548 1052 796 1127 intelligi,
821 1063 876 1107 et
897 1052 1201 1108 afﬁrmasse
1226 1053 1364 1121 quod
1398 1062 1548 1107 recte
1570 1066 1731 1108 sensu
1758 1066 1880 1121 pro.

290 1149 401 1203 lata
434 1157 583 1211 sunt,
616 1148 750 1201 sicut
782 1162 846 1202 ex
875 1146 995 1200 aliis
1019 1146 1264 1214 plurimis
1293 1145 1409 1214 ejus
1439 1144 1597 1200 dictis
1626 1143 1882 1215 intellige-

290 1241 444 1305 hant,
476 1255 597 1307 qua:
626 1248 809 1306 aperta
842 1248 894 1292 et
916 1238 1033 1293 sine
1061 1239 1238 1308 aliqua
1271 1238 1617 1314 ambiguitate
1644 1249 1791 1294 recta
1820 1252 1880 1293 se

291 1334 482 1390 videre
522 1333 807 1389 dixerunt?
855 1334 1044 1389 Sciens
1102 1333 1262 1387 etiam
1315 1331 1533 1386 eosdem
1579 1329 1879 1386 Orientales

293 1427 656 1498 perltibuisse,
683 1425 823 1496 quod
853 1425 953 1479 illis
984 1425 1144 1479 dictis
1173 1423 1444 1479 Theodori
1474 1438 1593 1493 qua:
1627 1432 1878 1492 putantur

287 1519 543 1587 obscura,
588 1518 751 1573 multa
801 1516 994 1572 similia
1037 1526 1090 1572 et
1146 1532 1174 1569 a
1226 1514 1469 1585 plurimis
1517 1513 1879 1570 anterioribus

287 1610 411 1683 ejus
463 1621 515 1666 et
547 1610 795 1680 gloriosis
839 1608 1083 1663 Patribus
1134 1607 1274 1663 dicta
1314 1616 1459 1662 sunt.
1509 1606 1613 1662 Sed
1660 1605 1829 1660 noluit
1857 1606 1877 1636 ²

288 1702 413 1772 ejus
457 1703 555 1757 viri
586 1703 729 1756 dicta
756 1702 1065 1770 reprobare,
1098 1702 1185 1770 qui
1218 1700 1269 1755 in
1309 1699 1621 1769 cpiSCOpatu
1659 1697 1874 1768 quidem

289 1794 577 1849 defunctus
621 1803 724 1857 Bst,
756 1809 820 1863 ag
845 1794 1015 1847 inibus
1043 1801 1223 1848 autem
1254 1791 1514 1847 adversus
1554 1792 1783 1848 Arianos
1822 1798 1878 1847 et
1908 1778 1957 1840 Β

291 1887 683 1951 Eunomianos,
703 1895 757 1942 et
786 1886 919 1940 alios
946 1885 1248 1949 haereticos,
1284 1884 1469 1940 decem
1512 1884 1751 1940 millibus
1782 1900 1877 1955 per

292 1996 512 2036 omnem
538 1995 690 2034 suam
721 1981 883 2033 vitam
932 1979 1128 2047 ubique
1155 1979 1442 2033 decoratus
1484 1987 1585 2033 est.
1629 1978 1877 2047 Nunquid

289 2074 453 2129 debet
491 2088 586 2143 pro
609 2075 707 2126 hac
739 2071 999 2127 modestia
1044 2082 1097 2126 et
1145 2070 1354 2126 ratione
1383 2070 1627 2140 culpari?
1654 2086 1880 2142 praesen-

288 2165 386 2222 tim
418 2164 682 2235 quianon
724 2164 841 2220 leve
887 2165 1177 2232 priculum
1205 2164 1573 2245 impendebat,
1624 2180 1692 2219 ne
1720 2164 1880 2220 dictis

286 2256 408 2328 ejus
438 2257 832 2323 condemnatis,
861 2257 1023 2310 etiam
1058 2256 1270 2310 illorum
1301 2254 1518 2309 Patrum
1551 2254 1729 2309 omnia
1761 2254 1876 2309 sol-

286 2354 563 2402 verentur.
632 2345 1043 2401 Consultissima
1094 2344 1254 2415 igitur
1304 2354 1359 2399 et
1414 2342 1633 2415 provida
1702 2343 1879 2411 potius

291 2453 451 2509 quam
478 2438 815 2505 Nestoriana,
841 2437 1063 2493 dicenda
1088 2448 1170 2492 est
1191 2437 1279 2491 illa
1303 2436 1562 2513 synodus,
1599 2450 1717 2505 quae
1746 2451 1877 2506 pru-

285 2531 479 2586 denter
507 2540 562 2586 et
596 2531 912 2585 occasiones
952 2530 1173 2584 abstulit
1203 2528 1394 2598 quibus
1440 2536 1665 2598 possunt
1697 2527 1877 2598 pepuli

297 2623 623 2692 perturbari,
654 2632 707 2677 et
736 2622 1137 2677 excusationem
1174 2620 1253 2674 vel
1296 2620 1459 2674 etiam
1503 2620 1876 2677 auctoritatem

292 2716 613 2771 Nestoriano
642 2716 812 2770 errori
838 2730 942 2769 non
980 2713 1243 2784 praebuit;
1277 2713 1420 2783 quod
1466 2712 1707 2783 profecto
1739 2713 1881 2768 face-

289 2818 394 2874 ret,
428 2810 471 2863 si
504 2806 803 2863 Ncstoriani
837 2805 1104 2875 dogmatis
1143 2817 1416 2859 anetorem
1463 2804 1728 2873 judicaret
1761 2818 1880 2857 esse

287 2903 633 2957 Theodorum
659 2918 687 2956 a
721 2903 882 2956 tantis
908 2903 1157 2956 Patribus
1189 2903 1556 2975 DPLBtIiCHIUID.
1606 2920 1623 2953 ι
1657 2899 1881 2969 Propter

288 2992 430 3063 quod
459 3002 513 3048 et
537 2993 638 3062 ipsi
662 2992 914 3048 dicebant
952 3011 965 3048 :
993 2994 1099 3048 Aut
1122 2992 1252 3062 quid
1283 2992 1471 3047 horum
1506 3007 1609 3046 non
1642 2992 1881 3062 przcbcat

293 3083 627 3150 occasiones,
667 3093 724 3139 ut
778 3099 994 3154 semper
1046 3085 1225 3155 populi
1276 3084 1693 3154 perturbentur?
1752 3082 1876 3155 quid

1988 498 2283 567 diligentia:
2331 500 2538 554 celabat
2585 501 2827 565 obtentu,
2874 513 3072 570 negans
3123 508 3361 555 Sanctam
3405 499 3575 570 Virgi-

1984 606 2104 643 nem
2147 590 2242 643 Dei
2283 599 2540 656 matrem;
2593 600 2647 645 et
2696 590 3002 646 admonitus
3049 601 3209 662 atque
3257 591 3569 664 increpitus,

1983 679 2335 737 offensionem
2370 683 2534 738 totius
2564 684 2877 752 concepisse
2900 684 2920 716 ⁸
2947 684 3222 741 Ecclesiae.
3257 686 3575 744 Theodorus

1984 762 2184 840 autem,
2230 790 2334 829 non
2387 774 2641 830 Ecclesize
2677 777 3073 841 contradicens,
3106 778 3213 832 sed"
3241 777 3507 835 haereticis
3528 780 3571 844 ⁸.

1983 867 2227 933 quaedam
2280 866 2360 923 sic
2410 866 2622 923 locutus
2652 879 2754 933 est,
2790 877 2846 923 ut
2889 870 2999 924 nisi
3020 870 3084 925 ad
3115 872 3464 928 intentionem
3493 872 3576 928 di-

1983 964 2154 1019 centis
2174 965 2344 1019 lector
2370 964 2616 1033 aspiciat,
2648 963 2951 1019 offendatur
2975 965 3026 1019 in
3053 964 3255 1020 verbis.
3280 966 3391 1022 Nec
3409 981 3571 1022 unum

1984 1070 2107 1113 esse
2142 1057 2415 1113 Christum
2472 1059 2525 1113 in
2568 1058 2776 1113 duabus
2823 1057 3031 1114 naturis
3075 1059 3395 1129 abnegabat,
3438 1060 3575 1115 sicut

1982 1149 2338 1215 ostendimus,
2372 1150 2468 1205 sed
2497 1150 2819 1206 necessitate
2852 1147 3230 1204 haereticorum
3256 1164 3571 1220 Oppugnan-

1986 1241 2115 1295 tium
2141 1242 2434 1311 cogebatur
2485 1242 2709 1297 multum
2753 1241 3110 1312 proprietates
3139 1240 3449 1297 discernere
3480 1257 3573 1296 na-

1984 1340 2245 1388 turarum.
2278 1332 2433 1389 Unde
2471 1332 2672 1387 dictum
2703 1342 2820 1387 est:
2856 1350 2874 1383 ι
2909 1332 3249 1401 Proponebat
3279 1332 3418 1386 enim
3450 1347 3573 1388 eum

1985 1433 2128 1480 totus
2150 1425 2203 1480 in
2228 1439 2515 1480 commune
2542 1423 2759 1489 Oriens,
2789 1422 3202 1480 sicutvirtuteui
3228 1422 3448 1477 multam
3479 1422 3576 1477 do-

1983 1518 2176 1573 etrinrc
2208 1517 2494 1572 habentem
2517 1516 2773 1572 adversus
2805 1515 3059 1581 haereses,
3099 1525 3287 1571 contra
3318 1531 3453 1586 quas
3479 1532 3574 1584 pu-

1983 1626 2154 1681 gnans
2183 1620 2238 1667 et
2267 1610 2552 1677 dimicans,
2577 1609 2744 1665 multa
2767 1609 2998 1680 quadam
3022 1608 3288 1664 divisione
3319 1621 3446 1663 usus
3466 1617 3571 1675 est,

1984 1719 2089 1759 non
2118 1719 2185 1759 ex
2229 1718 2393 1774 pravo
2424 1702 2695 1759 intellectu
2729 1703 2971 1766 veniens,
3019 1702 3113 1757 scd
3159 1701 3434 1757 efficacius
3458 1699 3563 1781 ad-

1984 1810 2173 1852 versus
2215 1798 2501 1852 haereticos
2543 1810 2606 1852 se
2657 1795 2750 1851 illo
2797 1795 2958 1850 modo
2986 1794 3368 1864 utijndicans:
3402 1808 3575 1865 neque

1983 1889 2242 1943 unitatem
2273 1903 2539 1944 summam
2573 1888 2827 1957 ignorans
2860 1889 2936 1944 vel
2970 1903 3189 1958 negans,
3222 1888 3383 1957 absit,
3429 1887 3577 1957 pleni

1983 1980 2126 2035 enim
2175 1988 2300 2035 sunt
2340 1978 2646 2049 hujusmodi
2698 1993 2887 2034 omnes
2930 1980 3072 2044 libri,
3116 1979 3211 2034 sed
3265 1989 3574 2035 naturarum

1986 2070 2337 2142 proprietates
2365 2072 2597 2141 amplius
2627 2071 2892 2135 dividens,
2940 2071 3077 2126 sicut
3116 2071 3164 2127 ei
3204 2086 3378 2144 pugna
3408 2087 3569 2143 quam

1982 2164 2244 2219 adversus
2276 2163 2559 2219 haereticos
2600 2162 2785 2218 habuit
2813 2162 3116 2218 faciendum
3176 2162 3434 2219 dictabat.
3467 2183 3485 2217 ι
3519 2163 3573 2220 Si

1983 2271 2110 2310 vero
2136 2255 2316 2311 licebit
2349 2254 2581 2325 posteris
2607 2255 2948 2323 antiquorum
2978 2255 3390 2324 praedicatorum
3432 2255 3573 2313 dicta

1983 2348 2270 2417 simplicia,
2302 2349 2449 2405 velut
2494 2348 2873 2404 hazreticorum
2922 2349 3255 2404 fraudulenta
3287 2350 3573 2415 discutere,

1986 2455 2087 2495 nec
2116 2439 2464 2496 considerare
2491 2439 2635 2509 quod
2675 2439 2729 2495 in
2760 2450 3076 2511 praesentes,
3111 2456 3216 2496 non
3265 2442 3316 2496 in
3348 2441 3572 2510 futuras,

1983 2547 2116 2603 quas
2139 2533 2471 2599 nesciebant,
2499 2532 2734 2589 hmreses
2761 2533 3152 2601 intendebant,
3177 2535 3435 2605 plurimos
3455 2552 3575 2594 cuin

1988 2622 2275 2677 Theodoro
2304 2623 2421 2677 sine
2450 2622 2781 2678 dubitatione
2823 2623 3215 2679 damnabimus.
3264 2625 3395 2680 Nam
3440 2626 3577 2681 sicut

1984 2713 2035 2769 hi
2072 2716 2255 2769 Patres
2305 2715 2600 2770 orientales
2633 2715 2941 2784 perhibent,
2996 2718 3166 2771 multa
3200 2718 3252 2773 in
3304 2719 3384 2773 eis
3424 2718 3574 2774 inve-

1986 2810 2203 2863 ninntur
2249 2825 2365 2877 qua!
2416 2824 2519 2863 non
2552 2824 2799 2863 severum
2826 2809 3086 2879 judicem.
3117 2810 3213 2866 sed
3242 2812 3571 2881 piumque»

1986 2910 2103 2953 rant
2151 2885 2533 2967 interpretem.~
2573 2898 2809 2966 Quorum
2859 2899 3212 2975 Orientalium
3269 2902 3577 2958 testimonio

1985 2994 2102 3062 quia
2134 3008 2237 3047 non
2267 2993 2523 3057 creditur,
2554 2992 2757 3048 idcirco
2787 3008 2885 3049 nos
2912 3008 2977 3049 ex
3020 2994 3174 3051 dictis
3216 2994 3565 3065 antiquorum

1988 3088 2019 3138 d
2047 3096 2268 3141 .cturum
2301 3083 2558 3140 Ecclesia:
2592 3099 2755 3154 pauca
2811 3084 2879 3139 de
2922 3084 3106 3139 multis
3137 3082 3479 3154 proferimus,
3511 3095 3571 3141 ut

290 3186 471 3232 autem
508 3192 615 3233 non
646 3176 979 3245 praebeamus
1021 3194 1086 3232 ex
1118 3176 1217 3233 hoc
1252 3177 1607 3233 desiderabile
1654 3176 1884 3232 Nestorii
1911 3163 1957 3226 C
1996 3177 2423 3255 Eutycltiani'vel
2457 3174 2694 3231 fautores
2723 3189 2911 3231 eorum
2944 3173 3284 3230 dissimulare
3313 3190 3420 3231 non
3452 3189 3575 3245 pos-

291 3268 699 3325 defensoribus?
725 3268 843 3340 quis
871 3269 1013 3324 enim
1044 3284 1163 3324 eum
1194 3283 1299 3323 non
1336 3268 1641 3333 honorabit,
1683 3269 1726 3323 si
1755 3283 1878 3324 cum

290 3357 399 3417 isto
426 3369 480 3415 et
508 3360 627 3414 aliis
657 3361 744 3430 qui
773 3359 825 3415 in
858 3361 1170 3429 episcopatu
1201 3360 1362 3414 vitam
1395 3359 1780 3430 deposuerunt,
1811 3360 1883 3413 si-

290 3452 404 3508 mul
430 3451 946 3508 anathematizetur?
983 3470 1002 3503 ι
1034 3459 1091 3507 et
1135 3461 1332 3507 caetera
1368 3465 1488 3522 qua:
1527 3450 1594 3505 ab
1619 3449 1700 3505 eis
1730 3465 1879 3505 com-

292 3554 612 3611 memorata,
644 3561 742 3602 nos
775 3560 987 3616 quoque
1026 3545 1269 3600 videmus
1301 3543 1533 3599 Nestorii
1582 3543 1757 3611 potius
1785 3558 1881 3599 ex-

294 3642 558 3701 cusationi
585 3642 869 3712 proficere.
912 3640 1018 3697 Sed
1050 3650 1105 3695 et
1131 3641 1345 3695 beatum
1376 3638 1635 3708 Cyrillum
1667 3647 1720 3692 et
1748 3635 1884 3691 alios

292 3734 382 3802 qui
427 3748 548 3787 cum
589 3732 684 3786 illo
724 3731 993 3801 Ephesum
1044 3740 1416 3785 convenerant
1455 3717 1649 3782 Patres
1697 3734 1882 3780 sancta

294 3825 385 3880 illa
427 3824 665 3895 synodus
714 3822 875 3877 tacite
926 3821 1338 3888 reprehendisse
1388 3818 1683 3877 videretur,
1740 3816 1882 3885 quod

294 3916 581 3987 praedictos
609 3914 928 3978 Orientales,
957 3912 1203 3967 eumdem
1231 3911 1571 3966 Theodorum
1588 3910 1882 3964 defenden-

295 4016 401 4068 tes,
433 4016 487 4061 et
520 4006 687 4060 multo
712 4004 944 4073 amplius
983 4003 1279 4068 laudantes,
1328 4003 1586 4071 injustnm
1619 3988 1886 4054 duxerunt

300 4100 875 4175 haereticos‘jndicare.
905 4096 1088 4164 Neque
1131 4095 1272 4149 enim
1323 4094 1468 4147 solus
1496 4092 1683 4145 locatus
1715 4090 1883 4161 Cyril-

296 4196 417 4259 lus,
460 4210 525 4248 an
586 4209 692 4247 non
737 4193 897 4249 etiam
949 4190 1227 4243 memorati
1283 4187 1590 4242 sacerdotes
1628 4189 1741 4257 ejns
1792 4188 1879 4253 qni

296 4300 414 4340 cum
439 4286 528 4339 illo
553 4285 761 4337 fuerunt
794 4283 1007 4349 Ephesi,
1044 4280 1273 4335 maxime
1300 4295 1424 4333 vct'o
1451 4280 1709 4348 IEzyptii,
1745 4282 1882 4334 hanc

296 4377 646 4432 Orientalium
705 4376 772 4430 de
827 4374 1116 4428 Theodoro
1183 4371 1504 4426 sententiam
1564 4373 1883 4441 cognovisse

296 4468 548 4525 credendi
599 4478 744 4533 sunt,
788 4467 876 4537 qni
930 4476 1109 4518 tamen
1153 4478 1338 4517 omnes
1391 4463 1440 4516 itt
1468 4463 1703 4531 ipsorum
1738 4476 1883 4515 com-

1989 3270 2115 3330 sint,
2159 3267 2301 3336 quod
2352 3266 2403 3320 in
2450 3266 2903 3322 condemnatione
2949 3266 3262 3337 dogmatutn
3306 3265 3579 3323 Theodori

1988 3374 2156 3426 quam.
2196 3359 2249 3413 in
2282 3358 2652 3414 destructione
2695 3358 3152 3415 Chalcedonensis
3190 3359 3404 3417 concilii
3435 3375 3579 3432 quaa-

1987 3453 2219 3518 sierunt,
2248 3450 2463 3505 illorum
2485 3465 2700 3520 quoque
2731 3451 2943 3505 Patrum
2975 3465 3110 3521 quos
3138 3451 3387 3508 venerari
3417 3466 3476 3508 se
3502 3451 3585 3507 dis

1987 3554 2134 3611 cunt,
2169 3543 2417 3599 doctrina
2447 3544 2753 3600 damnetur.
2793 3544 2989 3599 Verum
3030 3553 3086 3600 et
3127 3544 3211 3600 his
3244 3544 3463 3601 omissis
3492 3545 3575 3602 vel

1991 3638 2265 3708 paululum
2313 3638 2662 3707 intermissis,
2704 3638 3025 3708 reprehendi
3055 3653 3158 3693 non
3188 3646 3368 3708 potest
3393 3648 3593 3696 sancte

1988 3731 2249 3801 synodus,
2282 3731 2424 3799 quod
2470 3730 2797 3786 venerabilis
2848 3731 2950 3785 ibis
2989 3731 3273 3800 epistolam
3306 3744 3404 3800 pro
3455 3730 3577 3801 ejus

1988 3820 2145 3876 laude
2166 3821 2541 3890 nunjudicavit
2568 3822 2893 3877 liaereticam.
2921 3820 3419 3895 Primumquidem,
3445 3836 3580 3891 quo-

1988 3914 2129 3967 niam
2162 3921 2435 3972 tantornm
2471 3913 2684 3967 Patrum
2727 3913 3051 3968 sententiam
3077 3922 3262 3969 secuta
3297 3923 3399 3980 est,
3434 3913 3595 3981 quod

1989 4005 2163 4058 solum
2195 4002 2313 4072 ejus
2344 4001 2640 4057 defensioni
2671 3996 2897 4067 sufficit;
2932 4002 3128 4083 deinde
3166 4002 3289 4073 quia
3320 4015 3421 4057 nec
3450 4001 3579 4057 illud

1986 4096 2400 4164 improhandum
2424 4103 2526 4160 est,
2555 4096 2600 4150 si
2631 4103 2733 4149 aut»
2754 4110 2848 4149 eos
2874 4096 2973 4164 qui
3001 4096 3067 4151 de
3093 4096 3414 4165 qui-busdam
3447 4098 3578 4153 scri-

1987 4188 2092 4256 ptis
2120 4187 2383 4242 Theodori
2429 4196 2805 4251 causarentur,
2846 4187 3077 4243 credidit
3120 4189 3456 4245 occasionem
3492 4190 3599 4244 τει-Δ

1987 4292 2110 4333 cere
2152 4278 2433 4333 contrario
2476 4278 2713 4348 dogmati
2743 4292 2851 4347 quo
2879 4279 3219 4345 tenebantur,
3251 4281 3333 4335 vel
3376 4296 3438 4337 ea
3468 4282 3577 4336 nti-v

1989 4387 2090 4426 nus
2122 4369 2470 4441 intelligendo
2491 4372 2729 4441 culpare,
2761 4384 2851 4427 aut
2880 4373 3054 4441 ipsum
3086 4373 3435 4429 Theodorum
3465 4377 3572 4430 mi-

1989 4477 2090 4524 nus
2117 4463 2419 4519 commodis
2440 4464 2738 4532 explicasse
2763 4465 2943 4520 verbis
2971 4481 3090 4535 qua:
3120 4466 3404 4534 sentiebat,
3436 4469 3579 4537 quod

296 4567 552 4621 munione
604 4562 950 4619 manserunt?
1009 4560 1161 4617 Unde
1216 4557 1518 4627 engnoscis,
1562 4557 1878 4626 imperator,
1916 4548 1963 4609 D
1993 4540 2178 4612 multis
2235 4558 2735 4627 potest»catlioliris
2792 4558 3106 4615 doctoribus
3153 4561 3395 4616 evenire.
3448 4561 3581 4617 Nam

297 4660 387 4713 illa
442 4661 540 4712 tria
572 4672 689 4726 qua:
738 4654 895 4725 hujus
942 4653 1119 4721 Operis
1168 4651 1440 4721 partitioni
1483 4649 1882 4719 subjunxintus,

301 4750 390 4802 hic
418 4749 610 4802 iterum
643 4756 800 4815 atque
832 4746 1023 4799 iterum
1057 4743 1215 4798 simul
1258 4742 1493 4797 ostendi.
1538 4741 1799 4808 Quoniam
1838 4740 1883 4795 si

302 4837 756 4891 Chalcedonensis
787 4837 1024 4906 synodus
1052 4835 1135 4888 vel
1169 4848 1262 4903 pro
1294 4835 1449 4887 lauilc
1474 4833 1743 4886 Theodori
1774 4832 1878 4899 epi-

300 4929 494 4984 smlam
528 4929 848 4982 venerabilis
874 4929 976 4980 lhat
1002 4929 1329 4991 damnasset,
1358 4925 1678 4980 excusasse:I
1698 4926 1884 4978 Neszo~

302 5022 441 5075 rium
474 5028 525 5073 et
547 5020 790 5087 culpaSse
821 5018 1032 5072 beatum
1057 5017 1309 5084 Cyrillum
1359 5026 1531 5084 atque
1562 5015 1883 5082 Ephesinnm

300 5113 588 5166 concilium
620 5111 954 5178 probaretur.
992 5108 1136 5173 Quas
1167 5107 1236 5161 ob
1261 5124 1346 5162 res
1374 5108 1595 5161 omnino
1624 5108 1707 5173 pie
1731 5116 1888 5173 atque

301 5204 593 5276 prudenter
622 5204 751 5272 egit,
784 5212 842 5255 ut
870 5200 1203 5254 discerneret
1246 5214 1276 5252 a
1312 5198 1548 5253 Nestorii
1576 5212 1733 5253 causa
1764 5211 1889 5251 cau-

374 5337 755 5409 “Synttsiastzc
800 5330 1345 5409 Eo-aeueteeraidicti
1391 5340 1517 5409 sunt
1586 5331 1886 5401 Apolinari-

302 5419 417 5474 δίκε,
448 5403 588 5478 quod
623 5407 716 5461 flei
748 5415 799 5459 et
829 5406 1057 5478 hominis
1078 5403 1276 5457 ChriSli
1300 5416 1457 5478 unam
1487 5403 1742 5457 docerent
1769 5416 1886 5453 esse

303 5473 549 5534 naturam
580 5479 888 5554 m'ryxpacrov,
937 5474 987 5528 id
1019 5481 1100 5529 est
1129 5473 1474 5528 commixtam
1522 5483 1577 5528 et
1615 5486 1884 5541 compOSI-

375 5592 389 5622 ³
414 5590 778 5658 Cod.\’eron.,
793 5588 976 5644 somnii
996 5587 1327 5655 illorum,qui
1350 5596 1470 5640 tunc
1490 5588 1628 5642 malo
1644 5602 1759 5650 suo,
1779 5597 1877 5642 etc.

369 5662 391 5693 ¹
418 5662 559 5715 Idctn
585 5662 731 5726 cod.,
760 5671 906 5722 sunt;
935 5660 977 5712 si
1009 5658 1167 5710 noluit
1198 5660 1311 5728 ejus
1329 5660 1445 5728 viri,
1473 5667 1576 5713 etc.

371 5731 390 5761 ⁸
417 5732 555 5784 idem
587 5734 728 5785 C0ll..
766 5729 1026 5801 epistolattt
1063 5727 1357 5781 renerdbilis
1384 5727 1491 5781 Iba:
1520 5735 1647 5783 velut
1687 5729 1749 5783 IL:
1772 5732 1875 5783 riti-

304 5819 409 5855 cura
440 5804 711 5872 rvfutarct;
744 5802 859 5855 hinc
894 5803 1059 5868 potius
1094 5816 1381 5863 excusasse,
1410 5810 1513 5855 vlo.

1993 4661 2136 4717 saepe
2164 4649 2324 4703 etiam
2381 4648 2680 4704 intentione
2719 4649 3042 4706 adversariis
3084 4651 3371 4708 resistendi
3419 4654 3473 4708 in
3505 4654 3615 4709 di»

1992 4740 2163 4800 cendo
2184 4741 2385 4799 modus
2410 4743 2719 4807 exceditur;
2764 4758 2861 4797 nec
2890 4742 3045 4798 facile
3077 4755 3161 4799 est
3196 4744 3398 4800 homini
3436 4746 3580 4802 futu-

1994 4848 2079 4888 ras
2108 4833 2681 4902 evitarequaestiones,
2710 4847 2830 4888 cum
2863 4835 3122 4890 adversus
3152 4846 3447 4904 praesentes
3473 4846 3583 4891 toto

1997 4926 2117 4979 nisu
2150 4928 2346 4980 mentis
2396 4927 2644 4997 insurgit.
2687 4928 2896 4997 Agebat
2917 4930 3066 4983 enim
3118 4929 3434 4987 Theodorus
3474 4933 3601 4987 fre-7

1999 5031 2225 5089 quenter
2272 5032 2379 5075 tam
2430 5023 2580 5077 libris
2629 5039 2789 5091 quam
2834 5024 3178 5079 sermonibus
3228 5025 3277 5078 in
3332 5026 3591 5094 populum

1998 5120 2184 5166 contra
2216 5112 2560 5183 Synusiastas
2586 5124 2632 5178 η,
2658 5116 2795 5185 sive,
2825 5124 2881 5169 ut
2902 5115 2970 5171 ab
2993 5116 3228 5171 auctoris
3252 5117 3333 5170 sui
3371 5119 3583 5171 nomine

1998 5211 2121 5261 sunt
2149 5206 2340 5270 vocati,
2376 5206 2782 5276 Apolinaristas,
2820 5208 3193 5277 progenitores
3238 5207 3582 5278 Eutychiatne

2001 5346 2125 5404 tam,
2150 5338 2519 5400 humanamct
2549 5339 2786 5394 divinam
2812 5356 2825 5392 :
2854 5338 2993 5409 quod
3027 5339 3202 5410 ipsum
3228 5338 3349 5410 quia
3379 5337 3596 5394 docue-c

2001 5419 2120 5464 runt
2152 5420 2334 5478 postea
2368 5412 2716 5482 Entychiani,
2750 5410 2870 5464 inde
2901 5411 3019 5482 illos
3035 5410 3595 5482 ltorutnﬂprogenitm

1978 5480 2283 5536 'resvocat.
2331 5482 2433 5548 Qui
2475 5480 2741 5537 adversus
2770 5480 3163 5550 Apolinaristas
3186 5480 3342 5542 .olim.
3372 5481 3589 5543 scribe-

2066 5595 2256 5667 ﬁdem
2285 5598 2427 5663 cod.,
2459 5598 2835 5667 contempsisse.

1999 5738 2015 5784 Ι
2070 5666 2249 5748 “Ideni
2280 5668 2425 5731 cod.,
2482 5666 2846 5735 magisttuleut
2892 5686 2981 5739 pro
3019 5669 3245 5729 Ecclesia
3276 5670 3585 5741 respondet"

2014 5749 2267 5784 m'rem‘rs-
2301 5750 2399 5784 t'ln.

2014 5749 2273 5805 iu'relti‘ts,
2301 5750 2399 5793 t'tc.
