4070 6352
308 271 458 328 1'25

1205 275 1336 329 PRO
1379 276 1799 336 DEFENSIONE
1839 275 2048 331 TRIUM
2088 277 2404 338 CAPITUL.
2447 284 2574 340 LIB.
2613 285 2738 342 VIII.

3493 288 3598 346 ἠδ

321 388 445 456 qui
465 385 793 441 divinitatem
825 386 1090 457 Unigeniti
1121 396 1174 441 et
1198 387 1605 454 humanitatem,
1640 405 1798 443 uuam
1831 402 1924 474 tta-
1955 388 1996 445 Α
2029 389 2486 449 criminatimiihus
2527 396 2872 466 impetehant.
2903 400 3086 454 Nonne
3117 402 3213 457 huc
3242 414 3350 459 erat
3381 406 3595 474 sapien-

322 487 522 531 turam
555 475 807 542 vocabat,
835 477 1268 530 rommixtionem
1291 487 1344 530 et
1375 479 1745 532 confusionem
1778 469 1918 532 assc-

319 581 474 621 rcus
503 564 722 629 factam,
755 574 808 619 et
831 565 1118 619 salutarem
1153 567 1452 636 passionem
1485 567 1584 636 ipsi
1607 569 1920 621 incontami-

319 655 508 710 nabili
560 654 741 709 deitati
779 655 1086 709 adnectens.
1137 655 1248 710 Non
1299 672 1426 726 ergo
1469 658 1660 711 mirum
1691 658 1737 712 si
1787 658 1919 713 rami

321 745 582 800 infelices
612 745 958 799 amarissima:
987 746 1149 801 radici
1189 763 1296 802 sua:
1337 748 1675 803 conveniant.
1727 750 1794 803 At
1823 764 1921 818 ego

323 834 432 890 hic
457 835 478 905 j
504 834 713 890 zdicium
743 845 932 890 vestrtc
962 837 1171 906 pietatis
1200 849 1456 908 exspecto
1475 882 1491 906 ,
1535 840 1617 895 cui
1646 839 1921 896 sententia:

320 945 443 984 nos
470 931 521 984 in
546 945 703 984 causa
735 929 1087 999 Mepsuesteni
1121 931 1387 986 Theodori
1427 932 1645 1002 adjungi
1673 941 1921 1003 oportere

321 1023 618 1078 censetis:
683 1033 985 1076 utrumnam
1050 1025 1277 1078 vesania:
1320 1023 1573 1096 Eutychis
1622 1025 1923 1080 ltmredum-

325 1129 445 1183 que
474 1113 608 1183 ejus,
639 1113 727 1183 qui
759 1127 855 1182 pro
903 1128 992 1166 sua
1031 1114 1233 1182 j'ecuali
1263 1115 1482 1170 stultitia
1511 1132 1610 1185 qna
1641 1125 1918 1183 tenentur,

323 1210 393 1263 in
423 1208 538 1277 ejus
565 1207 1066 1262 condemnationem
1099 1205 1296 1260 frustra
1330 1221 1540 1278 semper
1565 1208 1752 1261 armati
1775 1215 1919 1271 sunt,

324 1317 404 1353 an
433 1299 654 1354 Joannis
691 1295 1266 1366 Constantitmpolitani
1299 1298 1415 1369 ejus
1445 1299 1792 1368 condiscipuli
1819 1345 1833 1368 ,
1867 1313 1920 1356 et

325 1391 575 1459 Gregorii
603 1389 940 1454 Nazianzeni,
961 1389 1181 1442 domuis
1203 1389 1398 1444 deinde
1416 1391 1728 1445 Autiuelieni
1762 1401 1922 1461 atque

323 1483 611 1536 orientalis
642 1482 853 1536 concilii
904 1482 1178 1548 universi,
1229 1482 1412 1553 Cyrilli
1437 1497 1499 1536 ac
1531 1483 1704 1538 Procli
1747 1484 1919 1538 eidetn

327 1575 745 1630 rescribentium
772 1616 786 1639 ,
829 1585 884 1627 et
931 1575 1084 1642 hujus
1125 1573 1313 1628 Domni
1361 1575 1712 1629 Antiocheni?
1764 1577 1914 1647 Puto,

326 1670 756 1725 clementissime
807 1669 1127 1736 imperator,
1173 1669 1312 1738 quod
1357 1669 1532 1737 magni
1564 1671 1780 1724 sceleris
1813 1686 1921 1724 tua.

2027 485 2189 538 tiurcs
2227 495 2281 539 et
2332 487 2700 556 dil?gentinres
2743 493 3160 560 Aroliunristas,
3205 507 3258 550 et
3301 497 3596 568 Eutychem

2022 585 2320 641 ostentare,
2384 589 2434 631 et
2474 581 2832 637 condemnare
2886 592 2962 638 tot
3014 588 3348 644 venerabiles
3380 589 3595 656 Patres,

2021 667 2110 734 qui
2141 668 2522 724 convenientes
2553 671 2780 726 Diodoro
2800 683 2956 743 atque
2983 675 3286 741 Theodoro,
3318 679 3446 734 nihil
3475 679 3599 735 inde

2022 759 2155 814 istos
2177 760 2192 789 ‘
2225 775 2456 829 unquam
2499 763 2908 832 reprehendisse
2959 771 3367 824 monstrantur?
3398 770 3594 825 llorum

2023 850 2203 920 itaque
2250 852 2463 907 Patrum
2504 855 2816 909 auctoritate
2869 857 3124 913 calcanda
3173 869 3228 915 et
3274 863 3616 917 conterenda.

2025 939 2195 995 fuerat
2239 943 2686 1014 Eutychianorum
2735 946 2895 1001 stulta
2951 954 3330 1022 praesumptio,
3387 963 3441 1007 et
3491 969 3594 1008 non

2024 1033 2349 1088 mendaciter
2375 1036 2674 1090 excusanda
2701 1037 2960 1107 synodus.
2983 1054 3102 1107 quas
3123 1043 3304 1098 sanius
3329 1055 3379 1097 ct
3408 1042 3597 1098 fortius

2023 1132 2198 1195 potest
2238 1125 2577 1193 acceptabili,
2631 1128 2769 1191 quod
2800 1128 3032 1184 diximus
3063 1133 3105 1195 ²,
3137 1133 3342 1188 ratione
3387 1143 3437 1187 et
3487 1139 3594 1188 evi-

2023 1215 2170 1270 denti
2199 1217 2426 1271 vcritate
2475 1216 2709 1273 defendi.
2741 1217 2924 1274 Tantis
2957 1230 3133 1274 autem
3164 1236 3226 1275 ac
3272 1223 3460 1277 talibus
3493 1225 3592 1278 Et:-

2023 1305 2200 1360 clesia:
2224 1303 2423 1359 Christi
2463 1306 2729 1376 magistris
2756 1307 3164 1377 divulgatissimi
3213 1309 3478 1366 Theodori
3522 1314 3595 1364 vi-

2026 1409 2129 1451 tam
2173 1397 2575 1466 doctrinamque
2604 1387 2940 1454 laudantibus
2960 1441 2975 1466 ,
3027 1411 3081 1456 et
3110 1403 3424 1458 testantibus
3456 1405 3594 1472 quod

2025 1491 2166 1544 clare
2195 1499 2250 1545 et
2271 1490 2478 1545 fort'ter
2503 1491 2750 1546 laborans
2779 1493 3148 1550 hmreticorum
3172 1506 3410 1553 catervas
3440 1515 3595 1555 ever-

2025 1594 2189 1646 teret,
2240 1601 2498 1653 nusquam
2529 1596 2804 1640 accusatus
2831 1602 2862 1641 a
2895 1589 3136 1656 quopiam
3159 1632 3172 1655 ,
3219 1605 3338 1644 cum
3381 1593 3592 1663 quidam

2026 1691 2146 1729 eum
2190 1686 2243 1730 et
2286 1676 2402 1744 ejus
2433 1677 2676 1746 dogmata
2708 1679 3151 1746 condemnarent;
3185 1681 3308 1749 quid
3339 1697 3593 1753 arrogatio

323 1778 554 1832 gnmque
586 1759 970 1832 profanatioiiis
999 1776 1118 1814 esse
1144 1759 1352 1830 judices
1374 1801 1390 1828 ,
1421 1762 1642 1817 istorum
1687 1763 1912 1817 lutnina-
1944 1754 1988 1814 Β
2019 1777 2095 1821 ter
2125 1769 2208 1835 egi
2237 1809 2250 1830 ,
2283 1769 2533 1838 religiose
2564 1770 2880 1837 imperator,
2913 1773 3160 1840 quoniam
3195 1773 3293 1826 hoc
3319 1773 3384 1828 de
3415 1788 3498 1829 me
3521 1778 3596 1827 vi-

325 1855 468 1909 rium
498 1853 680 1909 mundi
710 1869 807 1924 pro
836 1853 1118 1908 Theodoro
1160 1853 1496 1921 Mopsuestia:
1535 1855 1743 1908 calcare
1791 1869 1913 1908 sen-

326 1948 581 2010 tentiam,
611 1956 663 1998 et
701 1944 766 1999 ad
792 1945 1037 1999 tenebras
1066 1945 1318 1998 etc-citatis
1352 1945 1694 2012 Eutychiane
1738 1955 1912 2000 trans-

326 2039 443 2103 ire,
494 2046 550 2091 ut
607 2035 658 2090 in
691 2036 928 2091 Ecclesia
961 2036 1224 2091 catholica
1270 2036 1913 2092 hatreticorumexercea-

327 2146 450 2185 mus
478 2130 784 2185 inimicitias
810 2172 824 2195 ,
856 2139 910 2185 et
940 2129 1112 2184 alieno
1135 2141 1316 2184 contra
1344 2141 1552 2185 nostros
1577 2131 1698 2186 odio
1727 2131 1912 2185 milite-

327 2239 472 2278 tnus.
503 2220 557 2277 Si
591 2231 766 2276 autem
821 2222 1098 2291 profanum
1133 2222 1284 2276 nobis
1319 2229 1430 2286 est,
1479 2221 1532 2275 in
1585 2222 1753 2276 solius
1784 2237 1910 2275 con-

327 2313 669 2368 demnatione
724 2313 990 2368 Theodori
1047 2313 1260 2367 Patrum
1315 2311 1522 2368 calcare
1553 2314 1910 2378 sententiam,

329 2415 386 2458 ut
422 2405 873 2476 Eulycltianorum
922 2404 1190 2459 desiderio
1229 2405 1490 2471 satisfiat,
1545 2404 1736 2459 nedum
1771 2405 1913 2473 ipsos

329 2499 685 2552 condemnare
707 2498 1040 2552 venerabiles
1078 2498 1260 2552 Patres
1284 2541 1298 2564 ,
1349 2498 1684 2553 decernendo
1716 2500 1796 2553 vel
1821 2499 1914 2553 dc-

327 2589 669 2643 cernentibus
692 2589 1031 2644 assentiendo
1055 2631 1070 2655 ,
1103 2599 1160 2643 ut
1202 2590 1484 2645 anathema
1515 2591 1583 2646 sit
1605 2591 1693 2658 qui
1736 2590 1916 2644 Theo-

328 2681 459 2734 doro
487 2679 823 2750 Mopsuestia:
855 2698 955 2733 nun
986 2682 1112 2736 dicit
1138 2681 1442 2736 anathema.
1485 2681 1634 2748 Quod
1661 2698 1788 2752 ergo
1818 2698 1910 2736 vos

329 2771 515 2841 religi»
574 2782 744 2825 vesara
821 2771 1098 2840 profanum
1151 2773 1389 2841 judicare
1444 2774 1748 2843 compellit,
1811 2775 1911 2828 hoc,

328 2865 487 2919 etiam
521 2866 832 2920 venerabilis
867 2868 1104 2936 synodus
1144 2867 1596 2922 Chalcedonensis
1630 2869 1907 2937 profanum

330 2955 616 3026 judicavit,
651 2956 789 3010 sicut
843 2957 1083 3028 judiciire
1131 2959 1418 3024 debuerat,
1474 2959 1727 3031 Eutychis
1767 2960 1908 3030 judi-

329 3047 465 3098 cium
491 3045 543 3099 in
569 3061 725 3100 causa
757 3045 1023 3102 Theodori
1069 3049 1259 3118 sequi,
1308 3057 1494 3103 contra
1539 3065 1694 3119 quem
1735 3047 1909 3104 fuerat

2016 1873 2132 1912 sum
2164 1860 2371 1914 cuidam
2401 1869 2483 1926 est
2531 1861 2616 1914 vel
2663 1861 2863 1915 sentite
2898 1863 2978 1915 vel
3030 1862 3238 1927 dicere,
3271 1864 3411 1932 quud
3457 1864 3594 1919 inter

2017 1959 2270 2018 utrusque
2316 1951 2518 2004 medius
2565 1965 2664 2005 nec
2716 1952 3005 2018 prmdicare
3064 1954 3209 2006 illuu
3286 1955 3422 2009 volui
3499 1972 3593 2008 Itce

2016 2044 2267 2095 damnare
2297 2062 2307 2094 :
2360 2042 2654 2111 praesertim
2701 2043 2820 2111 quia
2848 2085 2860 2106 ,
2895 2045 3027 2098 sicut
3067 2046 3313 2110 supetius
3342 2045 3590 2108 diximus,

2017 2147 2120 2186 nOn
2172 2131 2360 2185 saltem
2411 2132 2583 2185 solum
2633 2131 3012 2196 Theodorum,
3065 2135 3155 2186 sed
3208 2149 3394 2188 omnes
3424 2136 3510 2202 qui
3542 2137 3590 2186 ci

2015 2223 2295 2275 anathema
2324 2239 2427 2276 nan
2459 2221 2680 2287 dicunt,
2715 2224 3038 2278 anathemati
3058 2224 3425 2279 subdiderant.
3453 2224 3592 2290 Quo-

2017 2314 2172 2367 modo
2201 2323 2375 2368 autetn
2407 2314 2661 2370 facillime
2693 2315 3002 2383 probaretur
3033 2318 3136 2370 non
3164 2332 3281 2372 esse
3310 2318 3590 2373 dicendum

2015 2408 2298 2462 anathema
2330 2406 2612 2462 Theodoro
2632 2448 2647 2472 ,
2681 2408 2779 2462 nisi
2802 2416 2856 2461 et
2877 2424 3060 2463 OIIIIIC:
3090 2407 3370 2464 anathema
3394 2409 3464 2464 ilEi
3488 2426 3590 2463 non

2015 2498 2254 2552 dicentes
2281 2498 2398 2566 ejus
2441 2500 2766 2553 damnationi
2799 2500 3182 2570 conjungerent
3204 2501 3228 2555 τ
3254 2502 3404 2568 Quod
3437 2520 3590 2568 quam

2014 2593 2234 2646 crudele
2269 2601 2412 2648 esset
2455 2606 2503 2646 et
2547 2593 2705 2646 nimis
2739 2595 3004 2662 iniquum,
3037 2595 3136 2649 etsi
3194 2594 3296 2650 hoc
3325 2596 3464 2650 nulla
3496 2597 3590 2650 Pa-

2015 2697 2152 2737 trum
2185 2685 2444 2737 sententia
2502 2684 2614 2738 ﬁeri
2661 2694 2926 2739 vetaretur
2947 2725 2962 2750 ,
2999 2685 3178 2740 videre
3207 2685 3458 2755 perfacile
3488 2697 3586 2742 est.

2015 2773 2258 2842 Nunquid
2291 2773 2432 2827 enim
2465 2774 2745 2826 anathema
2777 2791 2890 2829 esse
2910 2776 3166 2830 deberent
3190 2773 3279 2846 qui
3308 2777 3590 2831 Theodoro

2013 2862 2370 2932 Mopsuestiae,
2400 2863 2480 2916 vel
2503 2865 2626 2932 quia
2656 2865 2950 2934 inecgnitus
2978 2873 3031 2920 et
3053 2866 3283 2920 incertos
3312 2866 3590 2935 haberent,

2012 2956 2056 3009 si
2091 2952 2318 3008 fuissent
2365 2952 2522 3021 aliqui
2555 2953 2670 3022 ejus
2701 2953 2932 3020 erroris,
2966 2956 3049 3010 vel
3088 2957 3209 3025 quia
3239 2956 3292 3010 in
3334 2955 3592 3013 Ecclesia:

2017 3063 2145 3116 pace
2194 3046 2478 3102 defunctus
2527 3055 2648 3112 est,
2705 3056 3002 3102 metuerent
3046 3047 3328 3102 anathema
3382 3047 3590 3104 dicere?

328 3148 644 3208 congregata
670 3180 683 3203 ,
717 3138 888 3208 potius
919 3154 1080 3209 quam
1129 3142 1350 3194 istorum
1397 3140 1611 3194 Patrum
1634 3183 1648 3209 ,
1683 3156 1907 3209 quorum
1939 3125 1984 3188 C
2016 3138 2145 3192 Nam
2177 3139 2221 3194 si
2252 3139 2486 3194 cavillari
2517 3139 2794 3206 quisquam
2826 3138 3010 3192 volens
3039 3137 3271 3208 objectet
3297 3140 3392 3206 eis,
3423 3155 3485 3194 ac
3513 3141 3592 3194 di-

328 3251 449 3286 eum
476 3231 792 3288 testimoniis
823 3229 1129 3295 refellebat;
1174 3241 1226 3284 et
1275 3230 1392 3284 ideo
1419 3273 1434 3295 ,
1471 3230 1677 3284 Domno
1722 3230 1912 3285 Antio-

327 3327 504 3381 clteno
535 3341 654 3381 cum
707 3328 888 3381 multis
943 3327 1186 3382 Patribus
1214 3332 1528 3383 attestantes
1558 3323 1696 3388 quod
1745 3323 1913 3376 divul~

326 3419 630 3490 gatissimus
657 3419 992 3486 Theodorus,
1019 3436 1136 3475 cum
1171 3435 1363 3489 magno
1390 3421 1595 3476 Joanne
1623 3437 1709 3490 qm
1731 3417 1911 3476 sedem

331 3511 489 3578 regia:
520 3511 749 3564 civitatis
777 3511 1025 3577 ornavit,
1077 3527 1105 3564 a
1158 3511 1388 3565 Diodoro
1435 3513 1535 3577 piis
1579 3511 1912 3581 dogmatibus

329 3607 483 3659 fuerit
539 3605 844 3670 enutritus,
916 3606 1195 3673 epistolam
1273 3605 1592 3658 venerabilis
1642 3604 1746 3658 lbte
1801 3605 1913 3659 sive

329 3697 668 3752 Theodorum
692 3698 1050 3751 condemnare
1072 3713 1174 3750 non
1208 3697 1414 3761 debuit,
1447 3712 1566 3750 cum
1591 3712 1655 3750 ex
1679 3711 1739 3749 ea
1777 3697 1914 3751 reci-

330 3795 426 3847 tari
463 3793 640 3847 'audes
671 3793 787 3862 ejus
832 3792 1154 3847 adverteret.
1191 3791 1395 3859 Quippe
1442 3805 1564 3845 cmn
1587 3801 1642 3843 et
1672 3790 1771 3844 hoc
1800 3791 1910 3844 sci-

330 3895 447 3949 ret,
497 3887 615 3953 quia
663 3899 999 3938 communem
1049 3883 1113 3936 ah
1160 3883 1540 3952 Apolinaristis
1586 3893 1640 3938 et
1672 3882 1910 3952 Eutyche

329 3981 716 4032 accusationem
749 3992 868 4031 cmn
901 3991 996 4029 suo
1035 3975 1288 4046 magistro
1323 3975 1556 4028 Diodoro
1585 3975 1905 4041 sustinebat,

331 4070 391 4124 Di
417 4074 617 4124 nforutn
644 4085 770 4123 vero
800 4069 1042 4121 similiter
1070 4068 1232 4121 sciret
1263 4075 1450 4120 testem
1503 4065 1711 4134 pietatis
1734 4064 1908 4119 claro-

329 4181 555 4232 rumque
596 4164 944 4217 certaminum
999 4159 1246 4213 habuisse
1296 4174 1542 4228 magnum
1581 4158 1828 4210 Basilium
1857 4167 1910 4211 ct

328 4275 438 4311 sam
460 4269 567 4312 tum
601 4259 866 4311 .‘Ileletiutn
892 4297 904 4321 ,
936 4271 962 4308 a
996 4271 1147 4322 cujus
1176 4254 1390 4307 nomine
1422 4253 1715 4305 Arianinns
1747 4255 1911 4308 Mele-

329 4353 500 4406 tianos
537 4352 848 4420 appellant;
892 4358 946 4402 et
996 4347 1308 4417 Gregorium
1350 4358 1401 4402 ct
1433 4348 1655 4402 alterum
1709 4349 1908 4418 Grego-

327 4449 499 4513 rium,
554 4461 671 4499 cum
719 4444 908 4514 quibus
969 4445 1179 4497 beatum
1239 4441 1541 4495 Net-tarium
1599 4442 1648 4494 in
1707 4442 1905 4510 regiam

2016 3237 2102 3282 eat
2133 3245 2147 3282 :
2176 3229 2311 3296 Quid
2357 3229 2672 3283 commeruit
2719 3229 3019 3283 innocentia
3050 3229 3326 3284 infantium
3377 3231 3464 3286 vel
3496 3247 3592 3284 ne-

2017 3322 2236 3375 cessitas
2271 3334 2567 3382 mutorum,
2614 3327 2669 3372 ut
2708 3335 2738 3372 a
2787 3320 2936 3374 vobis
2963 3320 3240 3378 anathema
3289 3321 3476 3381 flerent
3505 3325 3591 3394 qui

2017 3431 2113 3474 nec
2139 3413 2425 3474 Theodoto
2453 3412 2786 3484 Mopsuestia:
2818 3431 2915 3470 nec
2961 3417 3208 3487 cuiquam
3256 3417 3433 3472 dicere
3464 3434 3590 3486 pos-

2015 3521 2137 3564 sunt
2167 3511 2487 3564 anathema?
2511 3509 2730 3562 Multum
2780 3525 2874 3578 pro
2901 3523 2996 3563 sua
3029 3510 3212 3575 peritia
3235 3550 3250 3576 ,
3294 3512 3429 3564 sicut
3455 3511 3593 3566 arbi-

2017 3617 2160 3672 tror,
2197 3604 2516 3659 azsluabtmt.
2542 3603 2809 3669 Quantum
2848 3617 3007 3671 porro
3037 3613 3091 3657 et
3120 3601 3353 3671 ipsorum
3385 3605 3593 3657 hrereti-

2014 3711 2198 3750 eorum
2241 3705 2480 3760 mentes,
2527 3709 2644 3748 cum
2689 3693 2740 3748 itt
2781 3695 3066 3760 omnibus,
3117 3702 3227 3748 tum
3271 3694 3500 3749 maxime
3537 3695 3591 3749 in

2015 3787 2114 3841 huc
2158 3786 2331 3853 facto,
2366 3784 2559 3839 furoris
2588 3785 2666 3837 sui
2710 3786 2823 3840 zelo
2855 3785 3050 3838 fuerint
3077 3784 3374 3838 obscurata!
3399 3825 3414 3848 ,
3463 3784 3592 3840 satis

2013 3879 2214 3931 clarum
2247 3885 2325 3930 est
2362 3893 2375 3929 :
2409 3879 2492 3942 qui
2525 3877 2646 3928 dum
2677 3876 2739 3928 lu:
2767 3877 2848 3944 gis
2883 3875 3256 3930 suaefactionis
3280 3875 3591 3943 ambagibus

2015 3971 2080 4024 ad
2123 3971 2522 4025 evacuationem
2578 3968 3030 4022 Chalcedunensis
3072 3968 3263 4039 synodi
3308 3968 3591 4038 pervenire

2015 4065 2371 4125 contendunt.
2429 4065 2544 4117 illos
2591 4063 2748 4115 etiam
2781 4061 2964 4115 l'atres
2994 4077 3125 4129 quas
3155 4064 3396 4116 venerari
3419 4076 3476 4116 se
3514 4062 3591 4114 di-

2015 4167 2170 4221 cunt,
2227 4156 2386 4209 simul
2437 4157 2595 4210 etiam
2629 4154 2971 4207 condemnari
3019 4168 3138 4206 cum
3171 4153 3454 4209 Theodoro
3492 4169 3591 4206 ne-

2013 4250 2266 4303 scierunt.
2295 4247 2424 4301 Nam
2456 4246 2679 4299 doceant
2712 4259 2809 4297 nos
2856 4247 2935 4298 vel
2983 4241 3079 4312 ipsi
3130 4243 3208 4297 vel
3240 4244 3472 4297 fautores
3500 4261 3586 4297 eo.

2015 4358 2170 4405 rmn,
2227 4340 2270 4393 si
2309 4352 2432 4393 vere
2462 4335 2660 4406 aliquid
2708 4345 2969 4405 possunt,
3017 4333 3283 4404 quomodo
3329 4334 3484 4388 simul
3542 4346 3592 4385 et

2016 4432 2332 4488 Theodorus
2379 4431 2496 4483 talis
2541 4426 2908 4494 pronuntietur
2937 4425 3247 4489 haereticus,
3281 4433 3339 4479 ut
3384 4426 3450 4478 ab
3479 4425 3604 4490 ejus

325 4539 592 4590 civilitcm
625 4536 932 4604 episc0putn
957 4534 1258 4600 ordinavit,
1294 4548 1522 4602 cumque
1540 4533 1909 4588 Alexandrinis
1937 4523 1990 4586 Ι)
2015 4526 2231 4580 nomine
2268 4525 2375 4591 jam
2405 4518 2762 4575 Theodoriaui
2813 4529 3074 4572 vocentur
3099 4557 3113 4581 ,
3162 4517 3251 4586 qui
3296 4516 3590 4571 Nestoriaai

324 4628 612 4694 episcopis,
643 4627 693 4680 id
724 4637 806 4681 est
853 4625 1147 4679 Athanasio
1191 4640 1412 4694 magno,
1445 4636 1498 4678 et
1556 4626 1712 4678 Petro
1741 4634 1795 4678 et
1821 4625 1908 4678 Ti-

329 4718 543 4770 motheo
564 4716 914 4770 conlinruisse
939 4760 953 4782 ,
987 4717 1127 4785 quod
1161 4718 1320 4770 etiam
1352 4731 1416 4770 ex
1449 4731 1633 4769 eorum
1663 4715 1906 4784 epistulis

327 4815 518 4875 quarto
549 4806 683 4858 libro
711 4806 1022 4871 docuimus;
1057 4808 1192 4861 sicut
1222 4807 1392 4871 ipsum
1424 4822 1633 4874 quoque
1663 4806 1906 4860 Theodo-

327 4911 446 4948 rum
478 4909 597 4947 cum
639 4895 971 4963 Theophila,
1023 4897 1148 4950 vir’is
1197 4897 1308 4950 vice
1355 4898 1693 4950 luminarium
1721 4898 1902 4950 orbem

328 4986 736 5042 iilustrantibus.
763 4986 822 5040 Et
844 4986 1025 5052 utique
1056 5002 1159 5038 non
1194 4996 1374 5051 posset
1397 5001 1583 5054 magna
1609 4982 1891 5037 Chalcedo-

329 5077 510 5133 nensis
541 5078 777 5148 synodus
821 5080 1022 5131 crimen
1074 5078 1421 5131 intolerabilis
1472 5065 1903 5146 praesumptionis

327 5172 587 5237 evadere,
619 5171 661 5224 si
692 5171 883 5239 Apolin
905 5170 1078 5223 vristas
1122 5179 1176 5222 et
1226 5170 1517 5242 Eutychem
1547 5176 1863 5239 sequeretur
1888 5211 1900 5229 .

325 5263 415 5332 qui
455 5261 746 5316 Diodorum
779 5271 831 5314 et
862 5259 1198 5313 Theodorum
1225 5273 1342 5312 eum
1374 5258 1566 5313 Basilio
1591 5267 1646 5314 et
1672 5257 1899 5320 Meletio,

325 5363 380 5408 et
400 5362 622 5423 utroque
654 5352 942 5422 Gregorio,
969 5359 1022 5402 ct
1051 5349 1272 5412 Joanne,
1306 5357 1360 5404 et
1382 5347 1648 5415 Nectario,
1668 5357 1719 5403 et
1741 5348 1876 5402 Alba

326 5442 495 5507 na-io,
536 5452 590 5497 et
635 5443 793 5498 Petro
818 5487 830 5502 .
879 5453 932 5496 et
975 5441 1262 5494 TimoUieo
1287 5449 1446 5508 atque
1481 5438 1781 5507 Theophilo
1809 5484 1821 5505 ,
1853 5441 1902 5491 in

327 5533 704 5602 prtedicatione
734 5533 882 5588 verbi
909 5541 1255 5587 conversatos
1305 5530 1423 5586 sine
1465 5530 1714 5601 querela,
1762 5531 1906 5584 falsis

399 5687 412 5714 ¹
449 5684 579 5737 Cod.
617 5685 833 5745 Verum,
867 5686 997 5737 nihil
1019 5687 1068 5736 in
1103 5684 1172 5735 cis
1215 5700 1459 5753 unquam.

397 5757 416 5785 ⁸
451 5756 590 5808 idem
621 5756 720 5810 cod
752 5798 764 5822 ,
798 5773 949 5826 quam
987 5755 1227 5808 diximus.

2017 4617 2272 4670 hactenus
2303 4614 2659 4674 vocabantur;
2692 4619 2750 4664 et
2773 4609 3077 4662 laudatores
3103 4607 3226 4662 fidei
3254 4617 3307 4662 et
3336 4607 3593 4662 doctrina:

2015 4707 2132 4778 ejus
2163 4723 2266 4760 nun
2300 4706 2579 4758 videantur
2607 4700 2870 4767 Ita-retici,
2905 4709 2962 4755 ut
2994 4701 3060 4754 de
3087 4700 3234 4756 onmi
3255 4701 3490 4756 Ecclesia
3517 4711 3592 4756 ta-

2014 4815 2192 4860 ceam,
2229 4815 2343 4865 qum
2369 4794 2540 4860 illum,
2568 4791 2737 4847 d0nec
2767 4793 2975 4847 advixit
3000 4833 3012 4857 ,
3040 4792 3224 4848 habuit
3252 4793 3591 4848 honoratum.

2018 4891 2110 4942 llic
2165 4892 2340 4957 itaque
2371 4889 2597 4955 probent
2641 4884 2987 4940 subtilitatem
3033 4900 3144 4940 sua:
3175 4885 3449 4940 doctrinae.
3499 4888 3592 4941 llic

2014 4991 2296 5036 everceant
2318 4978 2445 5032 illud
2473 4977 2737 5047 ingenium
2763 4980 3003 5046 petulans
3017 4993 3401 5047 procacemque
3420 4981 3589 5032 scien-

2015 5076 2168 5133 liam,
2200 5073 2288 5140 qui
2345 5071 2513 5138 perite
2543 5069 2900 5139 philosophari
2930 5086 2987 5124 se
3017 5078 3237 5138 putant,
3269 5072 3356 5140 qui
3389 5075 3588 5124 calum-

2014 5166 2146 5218 niari
2203 5163 2319 5218 aliis
2361 5164 2584 5219 mortuis
2650 5173 2912 5230 possunt,
2975 5178 3094 5217 cum
3153 5161 3441 5218 defendere
3495 5179 3588 5218 sua

2015 5255 2152 5309 dicta
2187 5271 2291 5310 non
2322 5267 2564 5324 possunt.
2596 5257 2824 5327 Ideoque
2848 5256 2926 5309 vel
2948 5270 3090 5311 nunc
3114 5256 3371 5310 admoniti
3395 5253 3587 5310 debent

2018 5347 2168 5401 nobis
2194 5347 2214 5378 ⁸
2244 5347 2545 5417 improbare
2568 5348 2707 5417 quod
2734 5347 2926 5400 factum
2948 5357 3048 5401 est.
3071 5345 3222 5414 Quod
3239 5346 3285 5402 si
3302 5344 3586 5408 noluerint,

2011 5437 2259 5492 catholici
2290 5439 2478 5492 saltem
2525 5437 2773 5491 desinant
2822 5437 2903 5492 vel
2952 5435 3148 5508 injuste
3177 5437 3262 5492 vel
3301 5436 3460 5495 nimis
3504 5451 3590 5491 se-

2013 5548 2136 5586 vere
2161 5533 2226 5586 de
2255 5532 2476 5586 mortuis
2515 5531 2782 5598 judiCare.
2829 5540 2880 5584 et
2909 5531 3097 5600 synodi
3141 5529 3590 5588 Chalcedonensis

2086 5693 2101 5717 ³
2133 5691 2146 5743 l
2173 5691 2272 5742 leni
2308 5690 2452 5746 cod..
2488 5689 2763 5740 nubi-rum.

3417 5765 3494 5796 ιη
