4070 6352
339 312 434 368 1'25

1183 307 1314 362 PRO
1357 305 1777 366 DEFENSIONE
1816 301 2025 357 TRIUM
2066 301 2382 360 CAPITUL.
2427 305 2552 360 LIB.
2590 305 2717 360 VIII.

3471 299 3576 356 720

332 428 422 499 qui
444 426 772 481 divinitatem
803 422 1068 493 Unigeuiti
1099 429 1152 476 et
1176 420 1584 483 humanitatem,
1620 433 1777 472 uuam
1810 429 1904 499 na-
1934 414 1975 471 Α
2009 413 2466 470 eriminationibus
2505 416 2850 485 impetebant.
2881 416 3064 470 Nonne
3096 416 3191 470 huc
3221 425 3328 472 erat
3361 417 3574 485 sapic...

332 530 502 574 turam
535 514 786 579 vocabat,
813 512 1248 565 romiuixtionem
1271 519 1324 562 et
1355 509 1724 561 confusionem
1758 496 1897 558 asse.

329 623 454 664 rens
484 605 703 668 factam,
736 611 789 656 et
812 602 1098 654 salutarem
1133 599 1434 670 passionem
1465 597 1564 666 ipsi
1588 599 1901 650 incontami-

327 696 490 752 nabili
542 693 722 749 deitati
761 691 1068 745 adnectens.
1119 689 1230 744 Non
1281 703 1408 759 ergo
1451 688 1643 741 mirum
1673 686 1719 740 si
1768 684 1901 740 rami

327 786 565 842 infelices
595 783 940 837 amarissima:
968 780 1131 835 radici
1172 796 1279 836 sua:
1319 778 1658 834 conveniant.
1709 778 1777 832 At
1806 791 1904 846 ego

327 877 416 931 hic
441 873 696 946 jrdicium
726 882 915 927 vestra-
945 871 1154 941 pietatis
1183 881 1440 941 exspecto
1459 913 1474 937 ,
1518 870 1602 925 cui
1630 866 1904 925 sententiae

325 987 428 1026 nos
454 972 506 1025 in
531 984 688 1025 causa
720 967 1072 1037 Mepsuesteui
1105 964 1372 1020 Theodori
1411 962 1629 1032 adjungi
1657 969 1905 1031 oportere

325 1062 604 1120 censetis:
668 1071 970 1115 utrumnam
1035 1058 1262 1112 vesania:
1305 1054 1558 1128 Eutychis
1607 1053 1909 1109 hreredum-

327 1171 432 1226 que
461 1153 594 1224 ejus,
626 1151 714 1222 qui
746 1165 842 1219 pro
889 1164 979 1202 sua
1017 1147 1219 1217 recuali
1249 1147 1468 1201 stultitia
1498 1161 1596 1216 qua
1628 1153 1904 1210 tenentur,

326 1253 381 1306 in
411 1249 525 1318 ejus
553 1244 1053 1302 condemnationem
1086 1239 1284 1294 f-rustra
1317 1253 1527 1309 semper
1552 1236 1740 1290 armati
1762 1242 1906 1298 sunt,

325 1358 394 1396 an
422 1338 643 1394 Joannis
679 1332 1254 1401 Constantiimpolitaui
1287 1330 1403 1401 ejus
1433 1329 1780 1396 condiscipuli
1808 1372 1821 1395 ,
1855 1339 1908 1383 et

326 1430 564 1500 Gregorii
592 1426 929 1490 Nazianzeni,
950 1424 1171 1478 Joannis
1193 1421 1387 1477 deinde
1405 1421 1718 1476 Antiocheni
1751 1429 1911 1488 atque

325 1523 602 1578 orientalis
633 1519 843 1574 concilii
894 1517 1168 1582 universi,
1219 1513 1403 1586 Cyrilli
1428 1528 1489 1567 ac
1521 1512 1694 1568 Procli
1737 1511 1909 1565 eidetn

327 1614 736 1672 rescribentium
763 1653 776 1676 ,
821 1621 875 1664 et
921 1610 1075 1677 hujus
1116 1607 1304 1662 Domni
1352 1604 1703 1660 Antiocheni?
1755 1604 1906 1674 Puto,

326 1709 748 1767 clementissime
799 1706 1119 1772 imperator,
1165 1701 1304 1772 quod
1349 1699 1524 1768 magni
1556 1700 1772 1753 sceleris
1805 1713 1912 1750 ma-

2006 510 2169 562 tiores
2208 518 2261 562 et
2312 509 2680 576 diligentiores
2724 510 3140 578 Ajtoliunristas,
3185 519 3238 563 et
3282 509 3576 580 Eutychem

2002 609 2302 663 ostentare,
2364 609 2415 652 et
2455 600 2813 654 condemnare
2867 608 2942 654 tot
2995 600 3329 656 venerabiles
3362 600 3576 666 Patres,

2003 691 2092 759 qui
2123 689 2504 745 convenientes
2534 690 2761 744 Diodoro
2782 699 2938 759 atque
2965 689 3268 752 Theodoro,
3300 690 3428 744 nihil
3457 689 3582 744 inde

2005 784 2138 838 istos
2159 783 2175 813 ¹
2208 797 2439 852 unquam
2481 781 2891 850 reprehendisse
2943 782 3350 836 monstrantur?
3381 781 3577 835 Ilorum

2006 875 2186 944 itaque
2233 875 2446 928 Patrum
2488 873 2800 927 auctoritate
2853 873 3107 928 calcanda
3157 882 3212 928 et
3258 873 3600 928 conterenda.

2010 964 2179 1019 fuerat
2223 965 2670 1036 Eutychianorum
2719 963 2880 1018 stulta
2935 967 3315 1034 prtesumptio,
3372 974 3426 1018 et
3477 979 3579 1017 non

2009 1056 2334 1110 mendaciter
2360 1055 2660 1110 excusanda
2687 1053 2946 1124 synodus,
2968 1068 3087 1122 quin
3109 1056 3290 1110 sanius
3314 1066 3365 1108 et
3394 1053 3583 1108 fortius

2009 1156 2184 1220 potest
2224 1146 2564 1214 acreptabili,
2617 1146 2755 1209 quod
2787 1145 3019 1199 diximus
3049 1146 3092 1209 ¹,
3123 1146 3329 1200 ratione
3374 1154 3425 1199 et
3473 1148 3580 1198 cvi-

2011 1239 2157 1294 denti
2187 1239 2414 1293 veritate
2462 1235 2696 1292 defendi.
2729 1235 2912 1290 Tantis
2944 1244 3120 1288 autem
3152 1249 3213 1288 ac
3259 1235 3448 1288 talibus
3480 1235 3580 1287 EC-

2011 1329 2188 1384 clesize
2212 1326 2412 1382 Christi
2452 1325 2717 1395 magistris
2745 1322 3152 1394 divulgatissimi
3202 1322 3468 1377 Theodori
3511 1324 3584 1375 vi-

2015 1433 2118 1476 tam
2162 1419 2563 1486 doctrinamque
2593 1404 2964 1480 laudantibus,
3016 1425 3070 1470 et
3099 1416 3414 1470 testantibus
3447 1415 3584 1482 quod

2014 1516 2156 1569 clare
2185 1523 2239 1569 et
2261 1513 2468 1568 fort'ter
2493 1511 2740 1566 laborans
2769 1510 3139 1564 bmreticorum
3162 1519 3401 1565 catervas
3431 1525 3586 1565 ever-

2017 1618 2180 1670 teret,
2231 1623 2488 1675 nusquam
2520 1614 2796 1660 accusatus
2823 1619 2853 1658 a
2886 1604 3163 1672 quopiam,
3211 1617 3329 1657 eam
3373 1604 3584 1674 quidam

2019 1715 2138 1753 eum
2182 1709 2236 1753 et
2278 1698 2394 1767 ejus
2424 1698 2668 1766 dogmata
2701 1695 3144 1760 condemnarent;
3177 1693 3301 1762 quid
3331 1708 3585 1764 arrogan-

324 1818 547 1874 gquue
579 1797 963 1871 profanatiotiis
992 1811 1110 1850 esse
1137 1793 1345 1864 iudices
1367 1833 1383 1858 ,
1414 1793 1635 1846 istorum
1681 1791 1905 1844 lumina-
1937 1780 1981 1839 Β
2012 1801 2088 1846 ter
2119 1792 2200 1858 egi
2230 1833 2243 1854 ,
2277 1789 2526 1859 religiose
2557 1789 2872 1856 imperator,
2906 1787 3153 1856 quoniam
3188 1786 3286 1839 hoc
3311 1785 3378 1839 de
3408 1799 3491 1839 me
3515 1787 3589 1837 vi-

326 1897 462 1952 rium
493 1892 674 1948 mundi
704 1907 801 1962 pro
830 1889 1112 1944 Theodoro
1153 1884 1490 1954 Mopsuestia:
1529 1884 1736 1938 calcare
1785 1896 1907 1935 sen-

327 1990 576 2050 tentiam,
606 1994 657 2037 et
696 1983 761 2037 ad
787 1981 1031 2036 tenebras
1061 1978 1313 2033 caecitatis
1347 1975 1688 2043 Eutychiane
1733 1983 1907 2028 trans-

327 2081 404 2134 ire
425 2120 440 2144 ,
490 2085 546 2131 ut
603 2075 654 2129 in
686 2073 923 2130 Ecclesii
957 2071 1220 2126 catholica
1265 2069 1636 2123 Inereticorum
1661 2081 1908 2120 exercea-

328 2187 447 2227 mus
475 2169 780 2224 inimicitias
807 2209 821 2232 ,
853 2176 907 2222 et
937 2165 1108 2220 alieno
1131 2174 1313 2218 contra
1341 2172 1548 2216 nostros
1573 2161 1694 2216 odio
1723 2158 1908 2212 milite-

329 2280 469 2319 mus.
501 2261 554 2317 Si
589 2270 764 2315 autem
818 2258 1096 2327 profanum
1130 2256 1280 2309 nobis
1315 2260 1428 2318 est,
1477 2252 1530 2306 in
1582 2251 1751 2306 solius
1781 2264 1907 2302 con-

329 2353 668 2409 demnatione
722 2349 989 2405 Theodori
1045 2348 1260 2402 Patrum
1314 2343 1520 2399 calcare
1551 2342 1908 2403 sententiam,

331 2457 388 2500 ut
422 2444 872 2515 Eutychianorum
921 2438 1188 2494 desiderio
1228 2436 1489 2502 satisﬁat,
1544 2433 1736 2488 nedum
1770 2433 1912 2500 ipsos

331 2540 686 2592 condemnare
707 2534 1040 2590 venerabiles
1078 2532 1260 2586 Patres
1285 2574 1298 2597 ,
1349 2528 1683 2584 decernendo
1716 2527 1796 2580 vel
1821 2527 1914 2580 de-

329 2629 670 2685 cernentibus
694 2625 1032 2682 assentiendo
1056 2667 1071 2690 ,
1104 2633 1162 2678 ut
1203 2622 1486 2677 anathema
1516 2621 1584 2676 sit
1606 2619 1694 2688 qui
1737 2618 1918 2672 Theo-

331 2723 462 2776 doro
490 2719 826 2790 Mopsuestia:
857 2734 957 2770 non
988 2717 1115 2771 dicit
1140 2714 1444 2768 anathema.
1486 2712 1636 2778 Quod
1663 2725 1789 2780 ergo
1821 2725 1912 2762 vos

333 2813 519 2882 religi»
576 2821 748 2864 vestra
825 2807 1101 2877 profanum
1154 2807 1392 2876 judicare
1447 2803 1750 2873 compellit,
1813 2802 1914 2855 hoc

333 2906 492 2961 etiam
525 2903 837 2957 venerabilis
871 2902 1108 2973 synodus
1148 2899 1600 2954 Chalcedonensis
1634 2898 1911 2966 profaniun

335 2996 622 3068 judicavit,
656 2994 794 3048 sicut
848 2993 1088 3065 judicare
1136 2992 1424 3055 debuerat,
1479 2987 1732 3060 Eutychis
1772 2987 1913 3057 judi-

335 3090 472 3139 cium
498 3085 550 3140 in
575 3099 732 3139 causa
763 3083 1029 3138 Theodori
1075 3083 1265 3152 sequi,
1314 3089 1501 3135 contra
1544 3094 1699 3149 quem
1741 3075 1914 3131 fuerat

2010 1898 2126 1937 sum
2158 1883 2365 1936 cuidam
2394 1890 2477 1948 est
2525 1880 2609 1934 vel
2656 1879 2856 1932 sentite
2892 1878 2972 1931 vel
3025 1877 3232 1941 dicere,
3265 1875 3405 1944 quod
3451 1875 3588 1928 inter

2012 1983 2264 2042 utrosque
2311 1971 2512 2026 medius
2560 1985 2659 2024 nec
2710 1969 3000 2036 praedicare
3058 1969 3150 2020 iIiu
3175 1986 3204 2018 ιι
3280 1966 3418 2021 volui
3493 1981 3588 2018 nec

2011 2069 2262 2120 damnare
2293 2084 2303 2116 :
2357 2061 2650 2132 praesertim
2696 2061 2816 2129 quia
2844 2102 2856 2122 ,
2891 2061 3024 2113 sicut
3063 2059 3308 2122 superius
3338 2057 3587 2117 diximus,

2014 2172 2116 2211 non
2169 2154 2356 2208 saltem
2407 2153 2580 2205 solum
2629 2150 3009 2212 Theodorum,
3062 2149 3152 2200 sed
3205 2160 3391 2200 omnes
3421 2145 3508 2213 qui
3540 2147 3588 2194 ri

2013 2247 2292 2299 anathema
2321 2260 2425 2298 non
2457 2241 2640 2296 dicunt
2666 2284 2678 2305 ,
2712 2237 3422 2292 anathematisubdiderunt.
3452 2223 3602 2300 Quo?

2015 2338 2170 2391 modo
2199 2345 2373 2391 autem
2406 2335 2659 2390 facillime
2691 2332 3000 2401 probaretur
3031 2331 3136 2384 non
3163 2345 3280 2385 esse
3309 2328 3589 2384 dicendum

2015 2432 2298 2486 anathema
2329 2426 2611 2482 Theodoro
2631 2467 2646 2490 ,
2681 2426 2778 2479 nisi
2801 2433 2855 2478 et
2877 2439 3060 2477 onmes
3089 2421 3370 2476 anathema
3393 2421 3464 2475 illi
3487 2437 3589 2474 non

2015 2523 2254 2578 dicentes
2281 2519 2398 2588 ejus
2441 2517 2766 2572 damnationi
2799 2516 3183 2585 conjungerent
3205 2514 3230 2568 ‘i
3255 2514 3405 2580 Quod
3437 2530 3590 2579 quam

2015 2617 2234 2671 crudele
2270 2622 2412 2669 esset
2456 2626 2505 2666 et
2547 2612 2706 2666 nimis
2740 2611 3005 2679 iniquum,
3039 2609 3138 2663 etsi
3197 2607 3298 2662 hoc
3326 2608 3466 2661 nulla
3498 2607 3592 2660 Pa-

2017 2721 2154 2762 trum
2187 2705 2446 2759 sententia
2504 2703 2616 2757 fieri
2663 2710 2928 2756 vetaretur
2950 2740 2965 2765 ,
3001 2700 3182 2754 videre
3210 2697 3460 2768 perfacile
3490 2706 3589 2752 est.

2018 2796 2261 2866 Nunquid
2295 2795 2434 2848 enim
2468 2793 2749 2845 anathema
2780 2808 2893 2845 esse
2913 2792 3170 2844 deberent
3194 2785 3283 2859 q'ui
3312 2787 3593 2842 Theodoro

2017 2886 2373 2956 Mopsuestia,
2404 2884 2483 2936 vel
2507 2884 2630 2952 quia
2660 2883 2954 2951 incitgnitos
2982 2888 3036 2935 et
3056 2880 3288 2934 incertos
3316 2879 3595 2943 haberent,

2017 2980 2061 3033 si
2097 2976 2323 3031 fuissent
2370 2973 2528 3041 aliqui
2561 2971 2674 3042 ejus
2705 2971 2937 3036 erroris,
2971 2971 3054 3025 vel
3093 2970 3215 3039 quia
3245 2968 3298 3023 in
3338 2967 3596 3022 Ecclesia:

2022 3087 2151 3140 pace
2200 3068 2484 3124 defunctus
2533 3075 2654 3131 est,
2711 3071 3009 3118 metuerent
3053 3059 3334 3115 anathema
3387 3059 3596 3114 dicere?

335 3187 652 3249 inngregata
678 3219 691 3242 ,
725 3176 896 3246 potius
926 3190 1087 3246 quam
1135 3150 1357 3227 istorum
1403 3172 1618 3227 Patrum
1641 3212 1654 3238 ,
1689 3183 1914 3238 quorum
1945 3151 1990 3214 C
2023 3163 2152 3217 Nam
2184 3162 2228 3217 si
2259 3159 2492 3216 cavillari
2523 3157 2801 3226 quisquam
2833 3154 3018 3209 volens
3046 3150 3278 3222 objectet
3304 3151 3400 3217 eis,
3429 3165 3492 3204 ac
3520 3151 3600 3204 di-

337 3293 457 3327 eum
484 3269 800 3328 testimoniis
832 3264 1137 3329 refellebat;
1182 3274 1235 3317 et
1283 3263 1400 3317 ideo
1427 3304 1443 3326 ,
1479 3261 1684 3314 Damno
1729 3257 1919 3313 Antio-

336 3370 512 3424 chcnn
543 3381 664 3421 cum
715 3365 897 3418 multis
952 3362 1195 3417 Patribus
1223 3363 1536 3414 altesmntes
1566 3351 1704 3418 quod
1753 3350 1921 3403 divul-

336 3461 639 3532 gatissimus
666 3457 1002 3522 Theodorus,
1029 3470 1147 3510 cum
1180 3468 1373 3522 magno
1400 3452 1605 3508 Joanne
1632 3465 1718 3519 qui
1741 3444 1920 3504 sedem

341 3552 499 3620 regia:
531 3549 760 3605 civitatis
788 3547 1036 3613 ornavit,
1089 3561 1116 3598 a
1169 3543 1398 3598 Diodoro
1445 3544 1545 3609 piis
1589 3539 1922 3609 dogmatibus

340 3649 496 3701 fuerit
551 3644 855 3708 enutritus,
928 3640 1206 3709 epistolam
1285 3635 1603 3690 venerabilis
1655 3632 1758 3686 Iba:
1812 3632 1924 3685 sive

341 3738 681 3794 Theodorum
705 3735 1062 3788 condemnare
1085 3747 1187 3784 non
1221 3729 1426 3793 debuit,
1459 3742 1578 3780 cum
1603 3742 1668 3780 ex
1691 3740 1752 3778 ea
1788 3724 1925 3778 reei-

343 3837 439 3890 tari
477 3833 654 3887 'audes
686 3831 801 3900 ejus
846 3829 1167 3882 adverteret.
1205 3825 1408 3891 Quippe
1455 3837 1577 3875 cum
1601 3829 1655 3872 et
1685 3819 1784 3872 hoc
1813 3819 1922 3872 sci-

344 3937 462 3991 ret,
512 3928 630 3993 quia
677 3935 1014 3977 communem
1063 3917 1128 3971 ab
1173 3915 1555 3984 Apolinaristis
1601 3922 1655 3967 et
1686 3909 1924 3980 Eutyche

344 4021 732 4074 accusationem
765 4029 884 4068 cum
917 4027 1012 4065 suo
1051 4009 1303 4080 magistro
1338 4007 1571 4060 Diodoro
1601 4003 1920 4068 sustinebat,

347 4113 407 4166 Di
433 4114 634 4164 urorum
661 4124 787 4161 vero
817 4105 1059 4158 similiter
1087 4102 1248 4155 sciret
1279 4107 1466 4152 testem
1519 4095 1727 4164 pit-tatis
1750 4093 1924 4148 claro-

347 4220 573 4272 rttmque
614 4201 962 4256 certaminum
1017 4193 1264 4248 habuisse
1314 4204 1560 4260 magnum
1599 4186 1846 4238 Ilasiiium
1874 4194 1927 4238 et

347 4316 457 4353 sani
479 4310 586 4352 tum
620 4297 884 4349 Meletiuni
910 4334 922 4358 ,
954 4307 981 4343 a
1015 4305 1165 4356 cujus
1194 4286 1408 4340 nomine
1441 4282 1734 4336 Arianinos
1767 4281 1928 4335 Mele-

349 4394 520 4447 tiauos
557 4390 868 4460 appellant;
911 4394 966 4438 et
1015 4381 1327 4451 Gregorium
1369 4389 1420 4433 et
1453 4379 1675 4431 alterum
1729 4377 1928 4444 Grego-

348 4491 520 4554 rium,
575 4501 692 4538 cum
739 4481 928 4552 quibus
989 4480 1200 4532 beatum
1259 4472 1562 4527 Net-larium
1619 4471 1668 4523 in
1727 4469 1926 4537 regiam

347 4581 614 4631 civitatem
646 4574 953 4641 episCOpum
977 4569 1242 4622 ordinavit
1267 4612 1279 4632 ,
1315 4577 1543 4633 cumque
1562 4561 1930 4615 Alexandrinis

348 4667 635 4736 episcOpis,
666 4665 715 4718 id
747 4675 829 4718 est
876 4661 1168 4715 Athanasio
1213 4672 1435 4726 magno,
1467 4665 1520 4708 et
1578 4655 1734 4706 I-‘ctro
1763 4660 1817 4705 et
1842 4651 1930 4704 Ti-

353 4759 566 4811 motheo
587 4753 937 4808 conliornisse
963 4796 976 4818 ,
1010 4752 1150 4820 quod
1183 4750 1342 4803 etiam
1375 4763 1438 4801 ex
1472 4761 1656 4799 eorum
1686 4741 1929 4813 epistolis

353 4856 543 4916 quarto
573 4846 707 4897 libro
737 4844 1046 4906 docuimus;
1081 4842 1216 4894 sicut
1247 4840 1416 4902 ipsum
1449 4850 1657 4904 quoque
1686 4833 1929 4886 Theodo-

354 4951 471 4990 rum
503 4949 622 4988 cum
665 4931 996 5000 Theophila,
1049 4931 1172 4983 vir‘is
1221 4929 1333 4981 vice
1381 4927 1718 4981 luminarium
1745 4925 1926 4977 orbem

354 5025 763 5084 iiIustrantibus.
789 5023 848 5076 Et
869 5021 1052 5087 utique
1082 5036 1185 5072 non
1220 5027 1400 5084 pos<et
1423 5030 1609 5083 magna
1635 5011 1916 5064 Chalcedo-

355 5119 538 5175 nensis
568 5115 804 5186 synodus
848 5115 1050 5167 crimen
1101 5109 1448 5163 intolerabilis
1499 5091 1929 5177 praesumptionis

355 5213 615 5275 evadere,
647 5209 690 5264 si
721 5207 911 5276 Apolin
934 5206 1106 5258 ~ristas
1149 5213 1204 5255 et
1254 5200 1545 5273 Eutychem
1575 5203 1890 5267 sequeretur
1916 5237 1928 5256 .

354 5303 444 5374 qui
484 5300 776 5357 Diodorum
808 5307 861 5351 ct
891 5293 1228 5348 Theodorum
1253 5305 1371 5344 eum
1404 5287 1594 5342 Basilio
1619 5293 1674 5342 et
1701 5285 1928 5347 Meletio,

355 5404 410 5451 et
430 5403 652 5463 utroque
685 5389 972 5458 Gregorio,
999 5393 1052 5436 et
1080 5384 1302 5444 Joanne,
1335 5388 1390 5434 et
1410 5377 1678 5442 Nectario,
1697 5385 1749 5431 et
1771 5375 1906 5429 Atha

357 5484 527 5548 rza-io,
567 5491 621 5537 et
667 5482 861 5538 Petro.
910 5487 963 5532 et
1006 5475 1292 5529 Timou:eo
1318 5479 1477 5539 atque
1511 5466 1812 5535 Theophilo
1839 5511 1851 5531 ,
1883 5467 1932 5517 iu

359 5574 736 5645 priedicatione
765 5569 913 5625 verbi
941 5574 1286 5623 eonversatos
1336 5561 1454 5617 sine
1497 5559 1745 5630 querela,
1793 5557 1937 5611 falsis

432 5728 445 5755 ¹
483 5725 613 5777 Cod.
651 5723 867 5783 Verum,
900 5721 1030 5773 nihil
1052 5721 1101 5771 in
1136 5718 1206 5770 eis
1249 5731 1492 5786 iniquam.

431 5799 450 5826 ε
487 5797 624 5848 idem
655 5793 754 5847 cod
786 5835 798 5860 ,
833 5807 982 5863 quam
1021 5791 1260 5842 diximus.

2024 3262 2109 3307 Cal.
2140 3269 2154 3306 :
2185 3250 2318 3318 Quid
2365 3248 2681 3304 commeruit
2727 3244 3026 3300 innocentia
3057 3242 3334 3297 infantium
3385 3242 3472 3296 vel
3504 3256 3600 3294 ne-

2026 3345 2244 3400 ressitas
2279 3355 2576 3402 mutorum,
2622 3345 2679 3391 ut
2717 3351 2746 3390 a
2796 3336 2944 3390 vobis
2972 3335 3250 3393 anathema
3298 3333 3484 3392 flerent
3514 3335 3600 3403 qui

2027 3456 2122 3498 nec
2148 3436 2434 3497 Theotimo
2463 3431 2795 3503 Mopsuestia:
2827 3448 2925 3487 nec
2971 3431 3218 3501 cuiquam
3265 3429 3442 3484 dicere
3474 3443 3600 3495 pos-

2025 3545 2147 3589 sunt
2178 3532 2498 3588 anathema?
2523 3529 2740 3582 Multum
2791 3541 2885 3595 pro
2912 3537 3006 3578 sua
3040 3523 3223 3590 peritia
3246 3563 3260 3588 ,
3304 3523 3440 3576 sicut
3466 3520 3604 3574 arbi-

2029 3641 2172 3695 tror,
2208 3625 2528 3682 aestuabimt.
2553 3623 2820 3688 Quantum
2859 3632 3019 3686 porro
3048 3626 3102 3672 et
3131 3615 3364 3685 ipsorum
3397 3614 3605 3668 hatreti-

2026 3734 2210 3775 corum
2254 3726 2492 3780 mentes,
2539 3728 2657 3768 cum
2702 3711 2753 3766 in
2793 3710 3078 3774 omnibus,
3130 3717 3240 3762 tum
3283 3705 3512 3760 maxime
3548 3704 3604 3758 in

2028 3812 2127 3865 hoc
2171 3809 2344 3875 facto,
2379 3806 2573 3860 furoris
2602 3803 2680 3856 sui
2723 3803 2836 3857 zelo
2869 3801 3065 3854 fuerint.
3091 3798 3388 3852 obscurata:
3412 3836 3427 3859 ,
3476 3793 3606 3848 satis

2027 3904 2229 3957 clarum
2261 3907 2339 3953 est
2376 3915 2389 3951 :
2423 3900 2506 3964 qui
2539 3896 2661 3947 dum
2691 3895 2753 3946 Io!
2782 3894 2862 3961 gis
2897 3889 3270 3944 suaefactionis
3295 3886 3605 3954 ambagibus

2029 3996 2095 4049 ad
2138 3993 2537 4049 evacuatiouein
2593 3985 3046 4041 Chalcedonensis
3088 3981 3278 4052 synodi
3323 3978 3606 4050 pervenire

2030 4088 2387 4146 contendunt,
2445 4085 2560 4138 illos
2608 4082 2765 4135 etiam
2797 4079 2980 4132 I'atres
3010 4092 3142 4145 quos
3171 4075 3412 4129 venerari
3435 4087 3491 4126 se
3531 4071 3608 4124 di-

2031 4190 2186 4246 cunt,
2243 4178 2403 4232 simul
2455 4178 2613 4230 etiam
2646 4171 2988 4226 condemnari
3037 4183 3156 4222 cum
3189 4166 3471 4220 Theodoro
3509 4179 3608 4216 nc-

2031 4274 2284 4327 scierunt.
2312 4269 2442 4323 Nam
2474 4267 2697 4320 doceant
2731 4277 2828 4315 nos
2875 4262 2954 4314 vel
3001 4254 3097 4327 ipsi
3147 4257 3226 4310 vel
3258 4256 3490 4309 fautores
3518 4271 3605 4307 eo-

2034 4381 2188 4428 rum,
2245 4363 2289 4416 si
2327 4374 2451 4414 vere
2481 4355 2678 4426 aliquid
2728 4361 2988 4423 possunt,
3035 4346 3301 4418 quomodo
3349 4346 3503 4399 simul
3560 4355 3611 4395 et

2036 4455 2352 4512 Theodorus
2399 4451 2516 4504 talis
2561 4443 2927 4514 pronuntietur
2957 4439 3267 4502 haereticus,
3301 4445 3359 4491 ut
3404 4436 3470 4489 ab
3498 4436 3612 4500 ejus

1958 4548 2010 4610 D
2037 4549 2251 4605 nomine
2290 4547 2397 4613 jam
2426 4535 2784 4595 Theoitoriaui
2834 4544 3134 4596 vocentur,
3183 4530 3272 4600 qui
3316 4527 3611 4582 Nestoriazi

2038 4642 2294 4694 hactenus
2325 4635 2681 4694 vocabantur;
2714 4637 2773 4682 et.
2795 4625 3098 4679 laudatores
3125 4620 3246 4676 ﬁdei
3275 4629 3328 4675 et
3356 4619 3614 4674 doctrina:

2037 4731 2154 4802 ejus
2185 4746 2289 4783 nun
2323 4728 2602 4780 videantur
2630 4717 2894 4783 haeretici,
2927 4725 2985 4770 ut
3017 4715 3082 4768 ile
3109 4713 3257 4769 omni
3278 4713 3512 4767 Ecclesia
3540 4721 3615 4764 ta-

2037 4839 2216 4884 ceam,
2253 4837 2367 4888 quae
2393 4815 2562 4880 illum,
2591 4811 2760 4866 donec
2790 4808 2998 4863 advixit
3023 4849 3036 4871 ,
3064 4807 3247 4861 habuit
3275 4805 3614 4860 honoratum.
3644 4853 3646 4856 ,

2043 4915 2135 4967 llic
2190 4915 2364 4980 itaque
2396 4910 2622 4976 probent
2665 4901 3012 4958 subtilitatem
3059 4914 3168 4953 sua:
3199 4898 3474 4953 doctrinm.
3524 4897 3640 4950 llic.

2040 5014 2321 5061 everceant
2342 4999 2470 5054 illud
2499 4996 2762 5067 ingenium
2788 4995 3028 5063 petulans
3042 5005 3426 5061 procacemque
3445 4991 3613 5042 seien-

2041 5101 2196 5156 tiam.
2227 5095 2314 5163 qui
2371 5091 2539 5160 perite
2569 5087 2925 5158 philosophari
2956 5101 3014 5138 se
3043 5091 3263 5153 putant,
3296 5083 3382 5152 qui
3415 5086 3614 5135 calum-

2042 5189 2174 5242 niari
2230 5186 2346 5240 aliis
2388 5183 2611 5240 mortuis
2678 5189 2939 5248 possunt,
3001 5192 3122 5232 cum
3179 5174 3469 5230 defendere
3523 5189 3616 5229 sua

2043 5280 2181 5331 dicta
2216 5293 2319 5332 non
2351 5288 2592 5346 possunt.
2624 5277 2851 5345 Ideoque
2875 5271 2954 5325 vel
2976 5284 3118 5324 nunc
3142 5267 3400 5324 admoniti
3424 5263 3616 5321 debent

2047 5371 2198 5423 nobis
2223 5369 2244 5400 ⁸
2273 5367 2574 5438 improbare
2597 5367 2736 5436 quod
2763 5365 2955 5418 factum
2977 5372 3078 5416 est.
3100 5358 3251 5428 Quod
3269 5358 3314 5414 si
3332 5355 3615 5418 noluerint,

2042 5460 2288 5514 t'ntituiici
2321 5459 2509 5513 saltem
2557 5457 2802 5510 desinant
2851 5454 2933 5509 vel
2981 5451 3179 5523 injuste
3207 5449 3292 5505 vel
3331 5447 3491 5505 nimis
3535 5460 3620 5501 se.

2045 5571 2167 5609 vere
2193 5555 2257 5608 de
2287 5552 2508 5607 mortuis
2547 5551 2812 5618 judicare,
2860 5557 2910 5602 et
2940 5546 3128 5616 synodi
3171 5538 3646 5602 Chalcedonensis.

2120 5715 2134 5741 ³
2167 5714 2305 5765 lieni
2341 5711 2485 5766 ωδ..
2521 5707 2796 5758 "abi-runt.

3452 5775 3528 5804 “ﬂ
