4070 6352
465 283 563 334 72"!

1549 281 1848 340 FACUNDI
1894 281 2106 338 EPISC.
2145 237 2702 336 neunmaenss‘

3650 279 3786 339 7”

464 401 827 457 auctoritatem
878 401 966 455 tali
1019 399 1390 454 hzereticorum
1441 408 1878 468 argumentorum
1911 396 2044 451 ‘de-
2077 403 2118 456 Α
2154 411 2248 450 nos
2297 395 2318 424 ⁸
2366 400 2642 448 accusant.
2685 412 2701 443 ι
2759 393 2980 450 Prorlus
3036 396 3194 450 etiam
3245 397 3322 451 sic
3366 398 3672 467 dt-ploranti
3714 406 3788 453 et

465 501 690 550 struere.
723 494 852 548 Nam
883 495 966 548 cui
1000 487 1072 547 rei
1105 494 1406 546 necessaria
1435 504 1514 546 est
1547 493 1644 545 ista
1700 492 1862 544 multa
1893 491 2048 570 justi-

465 588 533 641 tia
555 628 569 651 ,
601 602 719 657 qua:
745 601 862 643 cum
897 588 1032 640 male
1057 586 1551 653 argumentantibus
1586 584 1850 638 haereticis
1885 583 2047 647 favet,

464 680 595 731 dure
622 689 782 747 atque
826 678 1115 733 crudeliter
1146 678 1196 732 in
1245 689 1557 732 sanctorum
1611 675 1823 729 Patrum
1857 679 2060 729 contu-'

464 768 674 822 ineliatu
707 768 1063 825 redundavit?
1092 768 1277 824 Nonne
1307 769 1522 837 proprie
1547 767 1753 821 videtur
1781 766 1834 819 in
1868 765 2049 820 Eccle-

465 859 626 913 siaste
660 860 872 915 talibus
901 861 1277 925 interdictum,
1324 860 1415 913 ubi
1457 860 1713 927 scriptum
1746 868 1829 913 est
1860 878 1872 909 :
1932 859 2059 912 Noli

465 950 590 1019 επὶτὶ
615 947 788 1023 justus
821 952 1039 1004 mul'nm
1061 996 1072 1011 ,
1117 961 1162 1003 et
1194 952 1301 1004 uoti
1332 951 1680 1020 argumentari
1711 948 1974 1002 abundant
2007 967 2052 1011 r,

466 1056 528 1093 ne
574 1041 705 1109 forte
736 1041 1058 1110 obstupescit:
1087 1087 1098 1106 ,
1147 1059 1207 1096 ne
1237 1043 1391 1110 impie
1421 1058 1541 1109 agas
1587 1040 1840 1105 multum;
1872 1051 1916 1093 et
1952 1041 2057 1093 noti

466 1147 574 1190 esse
606 1136 764 1186 durus
788 1174 803 1199 ,
837 1152 898 1187 ne
943 1152 1022 1186 mo
1057 1135 1178 1186 iuris
1224 1135 1275 1186 in
1309 1143 1532 1207 tempore
1576 1151 1674 1186 non
1720 1145 1805 1186 tuo
1858 1132 2054 1202 (Eccle.

467 1239 568 1286 vn,
603 1227 712 1297 17).
745 1225 807 1279 Et
839 1227 955 1296 quia
992 1227 1057 1294 ibi
1086 1227 1324 1295 sequitur
1349 1228 1534 1280 dicens
1567 1243 1580 1278 :
1607 1225 1808 1279 Bonum
1843 1237 1911 1282 est
1940 1243 2059 1295 par-

469 1334 580 1371 cere
609 1327 654 1371 te
684 1319 735 1370 in
776 1318 865 1370 Ito:~
894 1320 1157 1387 equidem;
1188 1319 1250 1371 ab
1291 1320 1389 1372 hoc
1420 1321 1526 1386 noli
1570 1322 1918 1372 contaminare
1950 1336 2059 1372 ma-

468 1426 594 1464 num
617 1421 787 1478 tuam,
821 1414 938 1480 quia
969 1413 1011 1464 is
1038 1413 1126 1481 qui
1151 1412 1290 1466 timet
1321 1411 1485 1469 Deum
1529 1413 1696 1479 euadit
1737 1416 1924 1465 omnia.
1955 1413 2059 1467 Ma-

471 1501 668 1558 luitnus
699 1517 796 1556 nos
823 1489 847 1564 ,i
883 1519 976 1570 pro
1021 1489 1110 1556 Ι)έί
1161 1504 1380 1567 timore,
1423 1514 1476 1557 ut
1530 1505 1881 1560 evaderemus
1928 1506 2062 1558 hanc

470 1597 712 1663 culpam,
737 1609 958 1664 parcere
993 1595 1310 1650 venerandis
1353 1595 1599 1650 Pati-ibus
1631 1611 1789 1666 quam
1827 1596 1929 1650 illis
1963 1598 2060 1649 ad-

472 1689 685 1745 misreri
734 1690 821 1757 qui
875 1706 1060 1742 manus
1113 1703 1237 1742 snas
1290 1691 1826 1764 Contaminavgrunt,
1883 1689 2061 1744 incon-

2153 490 2501 558 conquerenti
2557 490 2812 556 pra-dicto
2862 491 3090 550 Joanni,
3142 501 3196 544 et
3244 493 3450 560 synodo
3501 491 3784 544 orientali

2157 583 2431 650 respondit
2468 601 2478 633 2
2519 601 2536 631 ι
2560 582 2788 647 Quando
2819 584 2963 634 enim
2997 599 3096 652 ego
3128 584 3318 651 scripsi
3355 593 3459 636 tute
3484 600 3540 637 sa
3584 583 3784 638 clitati

2156 687 2405 742 oportere
2453 683 2544 725 aut
2594 672 2974 736 Theodorum,
3024 683 3112 725 aut
3163 674 3298 726 alios
3345 674 3609 742 qttosdatn
3667 675 3782 740 qui

2158 767 2306 836 prius
2337 765 2570 821 defuncti
2632 777 2754 818 sunt
2788 810 2802 832 ,
2837 767 3161 819 anathemati
3202 767 3393 821 subdi?
3425 788 3442 818 ι
3480 768 3544 827 Et.
3575 770 3727 821 intra
3764 784 3781 819 :

2166 878 2182 910 ε
2218 861 2398 928 Neque
2426 870 2600 914 autem
2633 858 2700 913 de
2727 856 3012 913 Theodoro
3045 877 3220 929 neque
3252 862 3318 913 de
3348 863 3454 914 alio
3482 879 3783 931 quoquam

2160 952 2245 1020 qni
2271 951 2381 1022 iam
2413 952 2645 1006 defuncti
2675 961 2829 1016 sunt,
2855 952 3043 1020 scripsi
3078 953 3193 1015 tibi,
3225 953 3333 1007 Deo
3359 957 3779 1019 amantissime,

2162 1053 2215 1095 ut
2247 1053 2336 1096 aut
2365 1043 2872 1107 anathematizetur,
2908 1054 2997 1097 aut
3043 1044 3342 1098 abdicetur.
3386 1065 3405 1096 ι
3441 1045 3576 1102 Item.
3618 1053 3777 1100 seri-

2165 1131 2296 1184 hens
2343 1133 2573 1186 Maxime
2623 1131 2849 1187 diacono
2877 1133 3007 1186 dicit
3058 1150 3072 1186 :
3137 1153 3154 1184 ι
3191 1137 3468 1201 Quomodo
3499 1153 3631 1204 ergo
3669 1154 3780 1207 per

2164 1225 2367 1278 litteras
2417 1226 2574 1280 (iltiiCi
2607 1241 2747 1280 nunc
2774 1270 2787 1292 ,
2838 1227 2959 1295 quia
2993 1226 3265 1280 Theodori
3300 1227 3660 1294 alopsuestcni
3707 1239 3779 1283 et

2162 1320 2388 1371 aliorum
2422 1320 2777 1384 quorumdam
2809 1319 3019 1372 noinina
3055 1322 3334 1386 prmpositi
3362 1333 3486 1375 sunt
3509 1323 3775 1390 capitulis

2164 1414 2226 1463 al
2262 1411 2816 1473 anathema!izaudutn
2838 1453 2851 1475 ,
2885 1428 3006 1465 eutn
3033 1411 3145 1484 jam
3174 1413 3248 1466 illi
3281 1414 3346 1468 ad
3373 1413 3538 1467 Deum
3564 1417 3736 1484 migra
3808 1475 3812 1478 _

2167 1502 2635 1571 vei-iut,eteosqui
2661 1502 2770 1579 jam
2803 1502 2962 1554 vitam
2999 1504 3771 1572 reiquerunt,supervacuum

2166 1606 2245 1647 est
2277 1595 2518 1674 injuriari
2552 1607 2668 1663 post
2699 1602 2944 1657 mortem,
2976 1610 3109 1664 quos
3157 1610 3256 1649 nec
3288 1595 3434 1649 vivos
3464 1595 3764 1662 aliquando
3817 1616 3834 1670 ι

2167 1689 2517 1758 cu'pavimus.
2547 1707 2564 1738 ι
2595 1687 2790 1757 Cyrillo
2812 1687 2974 1748 etiam
2997 1687 3240 1742 scribens
3265 1686 3764 1742 memoratusJoan-

473 1778 607 1834 sulta
642 1794 734 1833 eos
756 1781 1148 1846 subscriptione
1181 1781 1516 1842 dnumantes.
1554 1779 1787 1835 Pertinet
1818 1780 1975 1848 igitur
1997 1781 2060 1838 ad
2097 1784 2140 1842 Β
2170 1799 2261 1834 nes
2293 1782 2653 1849 Antiochenus
2683 1794 2803 1834 cum
2825 1778 3076 1834 orientali
3104 1779 3332 1832 concilio
3361 1777 3493 1832 dicit
3527 1797 3541 1832 :
3577 1796 3592 1830 t
3622 1778 3764 1845 Quid

477 1870 696 1940 pietatis
737 1881 926 1925 vestra:
971 1873 1175 1942 justitla
1203 1895 1227 1922 ιι
1259 1915 1272 1938 ,
1329 1871 1501 1942 utqui
1535 1889 1637 1926 nou
1667 1873 1916 1942 judicatis
1966 1890 2059 1941 pa-

477 1973 643 2018 terna:
687 1968 963 2020 sementim
996 1977 1389 2036 ουηεοιηιςιυτθς
1424 1970 1465 2034 ²,
1494 1968 1578 2035 qui
1608 1984 1667 2022 se
1691 1951 1868 2022 tantis
1897 1969 2062 2023 Patri-

478 2056 578 2136 bus
633 2059 945 2126 prudentius
979 2059 1336 2122 intellexisse,
1385 2071 1434 2113 et
1471 2059 1652 2113 utilius
1701 2059 1824 2114 fidei
1867 2075 2063 2113 consu-

477 2150 644 2206 luisse
688 2153 1016 2223 gloriantur;
1053 2153 1219 2205 tnulto
1250 2149 1424 2206 minus
1453 2171 1536 2208 nte
1565 2153 1646 2208 vel
1676 2152 1743 2206 de
1770 2152 2067 2221 caeteroju-

477 2244 699 2310 dicetis,
731 2245 820 2314 qui
852 2261 954 2298 non
985 2259 1184 2312 meum,
1219 2244 1311 2299 sed
1347 2255 1612 2322 tantorum
1641 2243 1854 2298 Patrum
1890 2244 2067 2297 iideor

482 2340 536 2402 in
571 2338 852 2400 Theodoro
874 2353 899 2392 s
935 2340 1021 2409 qui
1046 2339 1306 2408 judicium
1342 2358 1352 2392 :
1391 2339 1531 2409 quod
1566 2341 1725 2394 etiam
1757 2348 1937 2392 sancta
1975 2353 2066 2409 sy-

481 2431 654 2492 nodus
684 2430 1136 2498 Chalcedonensis
1164 2442 1345 2501 secuta
1389 2443 1507 2496 est,
1544 2431 1718 2486 sciens
1771 2446 1892 2483 eum
1942 2441 1996 2483 et
2040 2447 2066 2482 τι

482 2521 688 2577 Joanne
731 2521 1319 2591 Constantinopolitano
1367 2533 1521 2592 atque
1555 2521 1814 2590 Gregorio
1843 2521 2065 2574 Nazian-

483 2631 638 2684 zeno,
674 2617 1013 2686 superstitem
1069 2616 1444 2686 praedicatum,
1479 2629 1532 2675 et
1581 2627 1701 2684 post
1750 2615 1954 2669 obitum
2003 2616 2071 2668 ab

481 2709 689 2766 Joanne
714 2693 768 2764 et
791 2710 996 2764 Domno
1027 2710 1404 2774 Antiochenis,
1439 2726 1498 2764 ac
1530 2720 1635 2764 tota
1661 2711 1868 2779 synodo
1890 2710 2073 2763 ()rien-

483 2801 574 2868 tis,
607 2809 766 2869 atque
811 2799 1012 2870 Cyrillo
1043 2801 1408 2855 Alexandrino
1437 2812 1490 2856 et
1535 2802 1722 2855 Proeto
1769 2801 2074 2854 Constanti-

487 2892 821 2970 nopolitano,
855 2901 1041 2946 contra
1067 2892 1439 2947 luereticoruin
1467 2894 1767 2947 calumnias
1791 2893 2073 2961 multiplici

484 2984 691 3053 ratione
718 2981 1026 3056 defensum.
1062 2982 1211 3054 Unde
1242 2985 1409 3054 magis
1443 2985 1698 3054 probatur
1731 2987 1872 3055 quod
1916 2987 2077 3039 stulte

485 3083 704 3156 propter
738 3073 840 3130 hoc
873 3084 1086 3144 putetur
1115 3074 1401 3142 haeretica,
1453 3075 1593 3143 quod
1627 3075 1676 3130 in
1710 3091 1874 3132 causa
1903 3075 2075 3134 Theot-

2168 1891 2270 1928 non
2306 1875 2390 1929 hic
2420 1873 2652 1928 lte~ionis
2676 1872 2756 1927 vel
2786 1871 3149 1939 cerruptionis
3181 1881 3232 1925 et
3259 1869 3596 1925 confusionis
3642 1871 3758 1940 ple-

2168 1985 2292 2024 mnu
2307 1976 2612 2037 generetur,
2629 1964 2674 2019 si
2697 1962 3225 2036 aperiamusianuatn
3249 1964 3328 2018 bis
3350 1965 3438 2033 qui
3459 1965 3651 2017 volunt
3666 1963 3761 2018 dic-

2169 2073 2250 2116 cta
2279 2059 2665 2114 transeuntium
2691 2058 2902 2112 Patrum
2917 2054 3634 2126 evertere?qualedamnuin
3657 2070 3766 2110 non

2169 2160 2409 2220 apertum
2428 2150 2528 2205 erit
2550 2149 2692 2210 dicta
2722 2164 2829 2203 non
2852 2147 3025 2203 solum
3055 2145 3307 2212 refutare,
3327 2147 3420 2201 sed
3444 2147 3612 2202 etiam
3631 2162 3760 2200 ana-

2172 2243 2554 2299 tbeniatizare?
2607 2263 2624 2294 ι
2682 2241 2914 2312 Cyrillus
2971 2257 3184 2314 quoque
3229 2239 3534 2304 rescribens
3579 2239 3764 2298 cidem

2171 2338 2362 2393 Joanni
2389 2346 2442 2390 et
2497 2335 2616 2404 ejus
2643 2332 2873 2404 synodo,
2906 2333 2984 2386 sie
3015 2332 3087 2394 ait
3119 2349 3132 2385 :
3171 2351 3188 2383 ι
3222 2333 3329 2386 Nisi
3360 2329 3503 2386 forte
3530 2332 3585 2386 in
3617 2347 3765 2386 tuen-

2175 2441 2279 2484 tem
2311 2427 2690 2483 assumendum
2741 2433 2826 2480 est
2864 2425 3005 2493 quod
3039 2425 3354 2479 continuare
3401 2424 3617 2492 volunt,
3645 2438 3766 2477 cum

2175 2524 2412 2578 maxime
2448 2536 2620 2590 neque
2653 2520 2704 2573 in
2736 2527 2982 2588 prontptu
3013 2526 3095 2571 est
3136 2531 3364 2584 persona
3397 2531 3559 2586 quant
3594 2516 3768 2583 culpae

2174 2624 2504 2684 Supponunt,
2534 2621 2589 2667 et
2617 2610 2974 2679 capitulorum
3003 2608 3310 2678 redargutio
3333 2609 3568 2672 incerta,
3601 2615 3659 2662 et
3679 2607 3766 2676 qui

2177 2709 2289 2762 lucc
2308 2713 2472 2777 agunt
2504 2704 2557 2758 itt
2585 2707 2845 2757 incertum
2875 2709 3158 2754 currentes
3193 2709 3247 2753 ct
3274 2713 3454 2752 aerem
3478 2699 3768 2754 verberan-

2179 2811 2258 2854 tes
2276 2779 2633 2860 inveniuutur.
2657 2814 2675 2845 ι
2701 2794 2766 2848 Et
2791 2793 2956 2847 infra:
2982 2811 3000 2844 ι
3025 2793 3128 2847 Sed
3148 2792 3292 2861 juste
3304 2791 3542 2856 audient,
3563 2801 3769 2846 tamen-

2178 2891 2274 2942 etsi
2323 2889 2531 2949 uolunt,
2581 2885 2670 2955 qui
2713 2882 3018 2953 hujusmodi
3061 2898 3256 2936 causas
3308 2882 3573 2952 prtehent,
3625 2880 3772 2936 Obli~

2180 2981 2442 3046 visc'nnini
2477 2992 2571 3033 vos
2627 2978 2797 3052 ipsos,
2830 2976 3079 3046 Quoniam
3114 2977 3373 3031 adversus
3411 2978 3662 3043 putreres
3687 2991 3772 3028 ar-

2182 3092 2275 3132 eus
2305 3071 2598 3131 cittenditis
2633 3087 2644 3123 :
2674 3087 2780 3126 non
2820 3074 2964 3124 enim
2995 3077 3242 3138 superest
3267 3067 3357 3138 qui
3386 3068 3530 3136 apud
3563 3081 3660 3121 vos
3685 3066 3770 3120 in-

486 3168 601 3228 ἀοι-ί
650 3167 864 3240 illorum
907 3167 1121 3221 Patrum
1156 3169 1460 3222 teStitnunio
1494 3169 1651 3236 (idem
1711 3169 1911 3234 habuit,
1946 3185 2075 3237 quo-
2104 3160 2147 3218 C
2184 3173 2536 3238 scriptust‘st.
2591 3165 2652 3230 Et
2679 3180 2766 3220 me
2796 3163 2972 3218 nullus
3021 3165 3210 3231 culpet
3235 3163 3284 3216 in
3320 3163 3432 3215 btet:
3457 3161 3619 3214 verba
3653 3176 3775 3228 [)l'lh

486 3273 604 3314 rum
638 3255 795 3312 fidem
847 3258 898 3310 in
947 3258 1060 3312 suis
1089 3257 1495 3324 deﬁnitionibus
1551 3272 1736 3315 tenens
1790 3260 2074 3316 ba’reticos

414 3359 416 3362 '
488 3349 829 3418 improbavit.
864 3350 1408 3404 Animadvertendum
1441 3345 1571 3405 sane
1609 3351 1817 3405 videtur
1855 3361 1908 3406 et
1940 3351 2072 3407 lide-

489 3442 618 3499 lium
670 3439 924 3494 cordibus
989 3440 1400 3506 inculcandutn,
1458 3459 1562 3496 nun
1616 3433 1720 3496 tam
1772 3459 1865 3511 pro
1915 3459 2072 3498 causa

490 3532 851 3603 Mopsuesteui
894 3533 1196 3596 ThcudOIi,
1228 3550 1384 3599 quam
1417 3551 1511 3609 pro
1540 3545 1854 3589 cunctorum
1886 3536 1973 3605 qui
1998 3537 2077 3590 vi-

493 3633 601 3695 tant
635 3625 685 3678 in
719 3639 850 3697 pace
874 3622 1128 3678 Ecclesiae
1162 3626 1413 3678 liuiernut
1435 3636 1593 3694 atque
1637 3623 1908 3689 finierint;
1938 3626 2076 3694 quod

492 3732 681 3785 clunes
730 3718 782 3786 lii
817 3717 1000 3776 Patres
1031 3732 1255 3786 quorum
1285 3719 1580 3772 sontentias
1621 3719 2037 3784 memoravimus
2061 3764 2084 3794 ι

492 3809 722 3865 diversis
743 3810 964 3880 quidem
995 3809 1168 3868 verbis
1193 3851 1206 3874 ,
1243 3809 1336 3864 scd
1365 3811 1555 3864 eodem
1606 3825 1768 3865 sensu
1799 3852 1818 3879 ,.
1846 3827 2083 3877 pronun-

495 3889 629 3958 tient
660 3903 910 3972 quoniam
954 3902 1318 3971 unusquisqtte
1368 3903 1416 3955 in
1451 3914 1554 3955 ma
1606 3917 1700 3956 sua
1751 3903 2080 3973 corruptioni

500 3994 759 4059 Ecclesia:
810 3993 1157 4074 pertinaciter
1203 4008 1306 4058 non
1348 3994 1636 4058 resistens,
1685 4004 1802 4062 post
1851 4004 2083 4051 mortem.

495 4103 617 4142 cum
650 4088 764 4142 suis
789 4088 949 4148 dictis
978 4104 1080 4142 non
1114 4086 1306 4141 debeat
1329 4088 1580 4154 abdicari.
1615 4087 1845 4146 Sanctus
1873 4103 2086 4161 quoque

492 4178 728 4256 Joannes
761 4181 1127 4235 Antiochenus
1153 4190 1203 4234 et
1237 4189 1342 4233 tota
1372 4179 1608 4250 synodus
1630 4179 1862 4234 Orientis
1882 4221 1896 4246 ,
1928 4181 2089 4236 beato

498 4272 688 4328 Proclo
730 4273 1060 4339 scribentes,
1115 4274 1253 4326 inter
1283 4273 1383 4325 alia
1415 4257 1505 4326 sic
1562 4282 1857 4342 queruntur
1890 4290 1902 4326 :
1967 4292 1984 4324 ι
2022 4273 2089 4339 Et

494 4367 623 4434 quid
656 4365 723 4420 de
753 4374 948 4420 caJtcro
979 4365 1211 4420 nominis
1243 4365 1382 4422 adsit
1413 4367 1704 4435 doctrinis,
1750 4368 1826 4420 sic
1857 4368 2089 4424 admira-

499 4456 692 4530 bilihus
720 4463 774 4509 et
805 4455 1180 4524 fatuosissitnis
1212 4455 1339 4511 viris
1376 4469 1490 4525 post
1521 4470 1747 4511 mortem
1781 4457 2047 4512 damnatis
2066 4460 2089 4509 ’ἐ

2177 3263 2434 3330 gt‘Cs‘Suri.
2471 3257 2646 3313 Grave
2692 3267 2776 3312 est
2813 3258 2955 3321 enim
2987 3255 3247 3318 insul-ture
3288 3253 3582 3320 dernctis,
3615 3253 3699 3307 vel
3726 3254 3784 3310 si.

2179 3353 2296 3407 laici
2331 3350 2552 3417 fuerint,
2581 3353 2776 3406 nedum
2826 3350 2934 3403 illis
2961 3349 3048 3419 qui
3102 3350 3152 3402 in
3183 3349 3497 3418 episcopatu
3529 3348 3670 3401 hanc
3698 3347 3772 3401 vi-

2179 3459 2282 3500 tant
2315 3447 2700 3514 deposuerunt.
2732 3441 3096 3502 Justissimum
3121 3442 3260 3495 enim
3293 3451 3515 3510 apparet
3546 3439 3772 3509 pruden-

2182 3540 2322 3594 tibus
2355 3540 2498 3602 tiris,
2526 3527 2719 3591 cedere
2746 3536 3047 3606 pra-scienti
3081 3535 3502 3605 uniuscujusque
3530 3536 3771 3597 volunta-

2182 3640 2312 3693 tem,
2347 3640 2400 3683 et
2440 3630 2785 3700 cognoscenti
2819 3627 2993 3697 qualis
3016 3627 3388 3697 unusquisque
3410 3637 3657 3682 nostrum
3684 3625 3766 3690 fu:

2185 3736 2332 3778 turus
2365 3723 2450 3776 sit.
2495 3743 2513 3774 ι
2569 3722 2693 3775 Hice
2750 3722 2929 3784 animo
2989 3721 3142 3774 nobis
3198 3721 3452 3786 tenenda,
3505 3723 3620 3775 haec
3669 3736 3774 3774 non

2186 3818 2357 3870 sidunt
2392 3814 2766 3884 praaseutihus,
2816 3815 2908 3867 sed
2962 3813 3122 3867 etiam
3179 3813 3390 3878 futuris,
3441 3812 3488 3866 si
3519 3810 3774 3881 quifortc

2189 3923 2374 3960 rursus
2408 3906 2754 3969 emerserint,
2803 3905 3285 3972 prrsumptoﬂhus
3318 3904 3638 3973 opponenda
3661 3943 3679 3969 ,
3712 3920 3780 3960 ne

2188 3997 2308 4072 quis
2337 3999 2700 4050 ρωηεέεηιηιιτθ
2751 3997 2962 4058 audeat,
2998 3996 3099 4050 nisi
3128 3983 3457 4064 correptiuni
3491 3997 3776 4064 pertinaci-

2191 4095 2272 4143 ter
2301 4087 2664 4141 rcsi:tentcm.
2700 4087 2849 4151 Quod
2881 4087 2924 4137 si
2975 4088 3135 4137 etiam
3169 4087 3449 4154 quisquam
3468 4102 3533 4141 ex
3565 4086 3651 4140 his
3680 4085 3777 4140 Pa-

2192 4180 2381 4242 trihus,
2409 4181 2496 4248 qui
2528 4194 2773 4242 consona
2811 4189 2862 4232 et
2910 4196 3009 4230 una
3045 4195 3173 4232 voce
3201 4179 3226 4209 ⁸
3257 4197 3349 4245 pro
3379 4178 3667 4234 Theodoro
3697 4195 3776 4235 re-

2192 4274 2545 4344 sponderunt,
2580 4274 2720 4343 quod
2751 4274 2891 4326 absit
2917 4289 2946 4325 a
2971 4273 3301 4328 conscientia
3325 4285 3378 4327 et
3408 4277 3634 4326 veritate
3656 4287 3777 4326 san-

2193 4376 2426 4425 ctorum,
2462 4365 2843 4432 prtevaricatus
2887 4366 2953 4418 ab
2980 4366 3220 4420 omnium
3250 4365 3527 4419 communi
3553 4376 3746 4419 senten
3769 4396 3784 4405 -

2199 4461 2289 4523 lia,
2346 4460 2672 4513 contrarium
2733 4458 2832 4512 sibi
2890 4459 3154 4527 tantisque
3222 4457 3467 4512 Patrihus
3523 4459 3782 4513 habuisse

496 4548 610 4612 Non
640 4561 814 4614 meum
843 4556 869 4582 ι
902 4563 1028 4615 ergo
1060 4556 1143 4600 est
1174 4547 1420 4616 gloriosis
1455 4564 1640 4602 eorum
1671 4551 1758 4617 qui
1795 4565 2084 4617 praecesse-
2115 4537 2167 4596 D
2195 4565 2372 4622 postea
2397 4551 2656 4620 judicium
2686 4550 3030 4620 probaretur;
3058 4551 3226 4618 ipsius
3248 4552 3425 4618 potius
3455 4551 3550 4620 qui
3575 4539 3801 4616 discet-ﬁ

497 4637 987 4711 rulntopinionibus
1022 4639 1298 4702 insultare,
1353 4657 1525 4708 neque
1573 4641 1813 4703 judicare
1851 4657 1944 4696 eos
1990 4645 2080 4712 qui

497 4730 762 4792 honorate
810 4731 1040 4792 deuincti
1074 4743 1194 4793 sunt
1224 4777 1238 4799 ,
1288 4733 1382 4786 sed
1413 4734 1580 4790 Solius
1607 4735 1801 4802 judicis
1834 4735 2080 4792 vivorum

498 4832 550 4879 et
576 4831 963 4876 mortuorum»
1001 4821 1311 4890 Scribentes
1337 4825 1496 4882 etiam
1523 4825 1824 4881 Theodosio
1855 4830 2085 4899 impeta-

498 4913 599 4972 tori
622 4907 843 4968 dicunt:
877 4932 895 4965 ι
927 4915 979 4984 Si
1012 4925 1190 4983 autem
1220 4916 1536 4992 quidquam,
1555 4928 1738 4973 sancte
1767 4923 2081 4990 imperator,

497 5007 793 5080 obscurum
829 5008 1020 5076 aliquis
1054 5009 1280 5063 inveniri
1310 5009 1453 5064 dicat
1485 5012 1534 5066 in
1583 5011 1700 5084 eius
1733 5017 1815 5069 vel
1856 5016 2079 5071 aliorum

498 5100 712 5170 litteris,
765 5103 1042 5174 retractari
1074 5101 1094 5132 ³
1127 5103 1489 5170 necessarium
1542 5087 1645 5158 non
1701 5117 1802 5160 est.
1845 5107 2082 5176 Quorum

499 5191 637 5253 enim
684 5190 791 5264 vita
840 5195 892 5246 in
921 5177 1222 5260 sacerdotio
1253 5204 1306 5247 ct
1354 5194 1651 5249 ministerio
1682 5199 1944 5272 optimum
1986 5197 2082 5254 ha-

499 5285 609 5347 buit
633 5285 817 5353 tinctu,
854 5287 940 5356 bis
970 5290 1240 5355 praelatum
1273 5288 1496 5357 g‘oriani
1528 5289 1838 5357 dedieamus
1867 5299 1961 5356 ;et
1978 5306 2082 5346 non

499 5389 574 5448 ex.
619 5376 727 5448 illis
770 5392 863 5436 eos
898 5377 1203 5448 judieaiuus
1227 5423 1251 5456 ,ι
1288 5380 1355 5435 de
1385 5380 1578 5462 quibus
1619 5380 1782 5458 aliqui
1829 5384 2084 5450 atrociter

573 5498 604 5536 ’ὲ
633 5489 816 5556 Forte,
846 5501 1098 5559 nostrum.

577 5637 599 5688 ἰ
625 5649 755 5703 Cod.
779 5645 1012 5710 Verum,
1045 5665 1366 5720 argumento.

572 5722 760 5778 Liui-nt
789 5722 936 5784 c0d.,
968 5740 1262 5789 (tt'i'()_t[(utl:3
1289 5737 1508 5786 putetitit'
1544 5734 1819 5782 ,'.t‘..(t‘tt.'t'.<'.

578 5793 936 5864 Ηκύυιυηςοάηι
972 5795 1047 5844 lit).
1088 5799 1346 5849 .‘tr'fI-‘t‘t'ftl‘j

2189 4644 2339 4696 daret
2360 4643 2426 4694 ab
2452 4642 2722 4703 omnibus,
2751 4657 2857 4696 non
2881 4642 3120 4697 omnium
3142 4643 3444 4705 communis
3476 4658 3574 4710 pro
3598 4641 3798 4708 Theo-:

2186 4739 2316 4789 duro
2373 4734 2472 4788 fuit
2525 4735 2836 4790 evacuanda
2895 4736 3182 4790 sententia.
3246 4736 3537 4805 Propterea
3584 4743 3630 4791 si
3682 4739 3770 4805 qui

2189 4839 2333 4892 sunt,
2364 4833 2453 4900 qui
2486 4833 2852 4899 vituperantes
2872 4833 3085 4898 beatum
3114 4833 3404 4904 Cyrillum,
3425 4835 3614 4890 dicunt
3640 4837 3774 4902 quod

2193 4925 2346 4979 aliter
2381 4934 2567 4994 postea
2599 4925 2665 4978 de
2708 4925 2992 4981 Theodoro
3021 4926 3398 4997 Mopsuesteno
3432 4928 3645 4982 locutus
3674 4939 3776 4989 est,

2192 5034 2348 5092 quam
2380 5018 2431 5072 in
2459 5019 2557 5072 hoc
2581 5017 2805 5098 judicio,
2833 5019 2976 5088 quod
2999 5033 3281 5074 commune
3307 5034 3426 5074 cum
3453 5019 3658 5074 Joanne
3680 5020 3775 5084 Au~

2196 5112 2441 5174 tiocheno
2472 5121 2630 5180 atque
2657 5111 2910 5168 orientali
2933 5113 3140 5184 synodo
3167 5124 3219 5168 et
3253 5115 3440 5169 l’roclo
3463 5113 3771 5168 Constanti-

2194 5201 2507 5269 nopolitano
2559 5203 2829 5269 habuerit,
2878 5204 2928 5257 in
2990 5219 3096 5274 quo
3147 5205 3403 5274 probatur
3449 5206 3613 5260 etiam
3664 5206 3786 5273 ejus

2193 5291 2560 5360 condiscipulo
2617 5293 2808 5350 Joanni
2871 5279 3788 5368 Constantinopolitauto.Gregorio.

2195 5383 2532 5455 Ntzianzeno
2562 5396 2614 5446 et
2646 5387 2868 5456 Domno,
2901 5388 3236 5454 Antiocheno
3276 5404 3604 5460 congruere;
3639 5389 3776 5457 reci.-

2271 5664 2290 5690 δ
2325 5661 2464 5714 ΙιΙυιιι
2498 5663 2643 5727 cotl.,
2674 5680 2759 5717 eos
2782 5675 3046 5717 occinunt.

2265 5734 2281 5761 ⁵
2309 5733 2448 5798 idem
2477 5734 2622 5800 cod.,
2661 5746 2704 5792 et
2735 5735 2873 5800 velut
2897 5752 2995 5794 inut
3019 5751 3167 5803 ructu,
