  <div class='ocr_page' id='page_1' title='image "/cluster/home/n/w/nwhite01/storage/ocr_20150623/67/hvd.32044015547185/372.png"; bbox 0 0 4070 6352; ppageno 0'>
   <div class='ocr_carea' id='block_1_1' title="bbox 353 231 478 299">
    <p class='ocr_par' dir='ltr' id='par_1_1' title="bbox 353 231 478 299">
     <span class='ocr_line' id='line_1_1' title="bbox 353 231 478 299; baseline 0.056 -8"><span class='ocrx_word' id='word_1_1' title='bbox 353 231 478 299; x_wconf 65' lang='lat'><strong>729.</strong></span> 
     </span>
    </p>
   </div>
   <div class='ocr_carea' id='block_1_2' title="bbox 1224 203 3610 305">
    <p class='ocr_par' dir='ltr' id='par_1_2' title="bbox 1224 203 3610 305">
     <span class='ocr_line' id='line_1_2' title="bbox 1224 203 3610 305; baseline 0.003 -7"><span class='ocrx_word' id='word_1_2' title='bbox 1224 241 1354 298; x_wconf 79' lang='lat' dir='ltr'><strong>rno</strong></span> <span class='ocrx_word' id='word_1_3' title='bbox 1397 240 1824 300; x_wconf 70' lang='lat' dir='ltr'><strong>Deresswne</strong></span> <span class='ocrx_word' id='word_1_4' title='bbox 1859 241 2072 299; x_wconf 77' lang='lat' dir='ltr'><strong>TRIUM</strong></span> <span class='ocrx_word' id='word_1_5' title='bbox 2110 243 2425 302; x_wconf 80' lang='lat' dir='ltr'><strong>CAPITUL.</strong></span> <span class='ocrx_word' id='word_1_6' title='bbox 2469 246 2596 304; x_wconf 80' lang='lat' dir='ltr'><strong>LIB.</strong></span> <span class='ocrx_word' id='word_1_7' title='bbox 2632 247 2762 304; x_wconf 81' lang='lat' dir='ltr'><strong>vnt.</strong></span> <span class='ocrx_word' id='word_1_8' title='bbox 3265 203 3268 205; x_wconf 17' lang='grc' dir='ltr'>λ</span> <span class='ocrx_word' id='word_1_9' title='bbox 3541 252 3610 305; x_wconf 72' lang='lat'><strong>73</strong></span> 
     </span>
    </p>
   </div>
   <div class='ocr_carea' id='block_1_3' title="bbox 351 353 3643 430">
    <p class='ocr_par' dir='ltr' id='par_1_3' title="bbox 351 353 3643 430">
     <span class='ocr_line' id='line_1_3' title="bbox 351 353 3643 430; baseline 0.005 -23"><span class='ocrx_word' id='word_1_10' title='bbox 351 353 549 426; x_wconf 86' lang='lat' dir='ltr'><strong>piendi</strong></span> <span class='ocrx_word' id='word_1_11' title='bbox 577 370 682 409; x_wconf 89' lang='lat' dir='ltr'><strong>non</strong></span> <span class='ocrx_word' id='word_1_12' title='bbox 731 366 856 412; x_wconf 88' lang='lat' dir='ltr'><strong>sunt</strong></span> <span class='ocrx_word' id='word_1_13' title='bbox 902 357 1160 412; x_wconf 54' lang='lat' dir='ltr'><strong>advectis</strong></span> <span class='ocrx_word' id='word_1_14' title='bbox 1191 358 1440 412; x_wconf 81' lang='lat' dir='ltr'><strong>eumdem</strong></span> <span class='ocrx_word' id='word_1_15' title='bbox 1475 356 1842 420; x_wconf 87' lang='lat' dir='ltr'><strong>Theodorum,</strong></span> <span class='ocrx_word' id='word_1_16' title='bbox 1872 356 1952 410; x_wconf 99' lang='lat' dir='ltr'><strong>vel</strong></span> <span class='ocrx_word' id='word_1_17' title='bbox 1987 358 2031 415; x_wconf 83' lang='grc' dir='ltr'><strong>Λ</strong></span> <span class='ocrx_word' id='word_1_18' title='bbox 2060 357 2129 409; x_wconf 68' lang='grc' dir='ltr'><strong>ΞἹ</strong></span> <span class='ocrx_word' id='word_1_19' title='bbox 2159 367 2212 412; x_wconf 86' lang='lat' dir='ltr'><strong>et</strong></span> <span class='ocrx_word' id='word_1_20' title='bbox 2237 360 2464 428; x_wconf 85' lang='lat' dir='ltr'><strong>amplius</strong></span> <span class='ocrx_word' id='word_1_21' title='bbox 2485 361 2650 417; x_wconf 88' lang='lat' dir='ltr'><strong>libros</strong></span> <span class='ocrx_word' id='word_1_22' title='bbox 2683 363 3228 430; x_wconf 83' lang='lat' dir='ltr'><strong>irrcprchensibiliter</strong></span> <span class='ocrx_word' id='word_1_23' title='bbox 3252 367 3487 422; x_wconf 89' lang='lat' dir='ltr'><strong>scribere</strong></span> <span class='ocrx_word' id='word_1_24' title='bbox 3516 383 3643 422; x_wconf 79' lang='lat' dir='ltr'><strong>cou-</strong></span> 
     </span>
    </p>
   </div>
   <div class='ocr_carea' id='block_1_4' title="bbox 351 449 1953 520">
    <p class='ocr_par' dir='ltr' id='par_1_4' title="bbox 351 449 1953 520">
     <span class='ocr_line' id='line_1_4' title="bbox 351 449 1953 520; baseline -0.001 -17"><span class='ocrx_word' id='word_1_25' title='bbox 351 450 542 517; x_wconf 80' lang='lat' dir='ltr'><strong>potius</strong></span> <span class='ocrx_word' id='word_1_26' title='bbox 568 449 830 504; x_wconf 83' lang='lat' dir='ltr'><strong>adversus</strong></span> <span class='ocrx_word' id='word_1_27' title='bbox 865 453 1035 520; x_wconf 87' lang='lat' dir='ltr'><strong>ipsum</strong></span> <span class='ocrx_word' id='word_1_28' title='bbox 1066 453 1278 504; x_wconf 87' lang='lat' dir='ltr'><strong>beatum</strong></span> <span class='ocrx_word' id='word_1_29' title='bbox 1316 450 1602 520; x_wconf 83' lang='lat' dir='ltr'><strong>Cytillum,</strong></span> <span class='ocrx_word' id='word_1_30' title='bbox 1635 465 1792 518; x_wconf 84' lang='lat' dir='ltr'><strong>quem</strong></span> <span class='ocrx_word' id='word_1_31' title='bbox 1824 450 1953 502; x_wconf 69' lang='lat' dir='ltr'><strong>talia</strong></span> 
     </span>
    </p>
   </div>
   <div class='ocr_carea' id='block_1_5' title="bbox 354 541 1955 610">
    <p class='ocr_par' dir='ltr' id='par_1_5' title="bbox 354 541 1955 610">
     <span class='ocr_line' id='line_1_5' title="bbox 354 541 1955 610; baseline 0.001 -18"><span class='ocrx_word' id='word_1_32' title='bbox 354 541 615 604; x_wconf 75' lang='lat' dir='ltr'><strong>dicendo,</strong></span> <span class='ocrx_word' id='word_1_33' title='bbox 640 553 896 610; x_wconf 88' lang='lat' dir='ltr'><strong>quantum</strong></span> <span class='ocrx_word' id='word_1_34' title='bbox 925 545 976 597; x_wconf 91' lang='lat' dir='ltr'><strong>iu</strong></span> <span class='ocrx_word' id='word_1_35' title='bbox 1007 544 1108 597; x_wconf 86' lang='lat' dir='ltr'><strong>illis</strong></span> <span class='ocrx_word' id='word_1_36' title='bbox 1131 553 1232 609; x_wconf 85' lang='lat' dir='ltr'><strong>est,</strong></span> <span class='ocrx_word' id='word_1_37' title='bbox 1260 544 1653 597; x_wconf 81' lang='lat' dir='ltr'><strong>inconstantem</strong></span> <span class='ocrx_word' id='word_1_38' title='bbox 1679 543 1846 596; x_wconf 88' lang='lat' dir='ltr'><strong>videri</strong></span> <span class='ocrx_word' id='word_1_39' title='bbox 1876 541 1955 594; x_wconf 85' lang='lat' dir='ltr'><strong>fa-</strong></span> 
     </span>
    </p>
   </div>
   <div class='ocr_carea' id='block_1_6' title="bbox 353 631 1955 704">
    <p class='ocr_par' dir='ltr' id='par_1_6' title="bbox 353 631 1955 704">
     <span class='ocr_line' id='line_1_6' title="bbox 353 631 1955 704; baseline -0.001 -19"><span class='ocrx_word' id='word_1_40' title='bbox 353 633 513 686; x_wconf 73' lang='lat' dir='ltr'><strong>(illul.</strong></span> <span class='ocrx_word' id='word_1_41' title='bbox 538 645 698 701; x_wconf 85' lang='lat' dir='ltr'><strong>atque</strong></span> <span class='ocrx_word' id='word_1_42' title='bbox 728 635 1056 688; x_wconf 56' lang='lat' dir='ltr'><strong>mmahilt&#39;m.</strong></span> <span class='ocrx_word' id='word_1_43' title='bbox 1095 636 1223 687; x_wconf 80' lang='lat' dir='ltr'><strong>Nam</strong></span> <span class='ocrx_word' id='word_1_44' title='bbox 1257 631 1559 688; x_wconf 83' lang='lat' dir='ltr'><strong>defensioni</strong></span> <span class='ocrx_word' id='word_1_45' title='bbox 1580 633 1766 704; x_wconf 68' lang='lat' dir='ltr'><strong>synodi</strong></span> <span class='ocrx_word' id='word_1_46' title='bbox 1795 631 1955 686; x_wconf 81' lang='lat' dir='ltr'><strong>Chal-</strong></span> 
     </span>
    </p>
   </div>
   <div class='ocr_carea' id='block_1_7' title="bbox 354 723 1956 796">
    <p class='ocr_par' dir='ltr' id='par_1_7' title="bbox 354 723 1956 796">
     <span class='ocr_line' id='line_1_7' title="bbox 354 723 1956 796; baseline 0.002 -19"><span class='ocrx_word' id='word_1_47' title='bbox 354 727 705 791; x_wconf 51' lang='lat' dir='ltr'><strong>cedonensis,</strong></span> <span class='ocrx_word' id='word_1_48' title='bbox 768 744 884 796; x_wconf 73' lang='lat' dir='ltr'><strong>qua:</strong></span> <span class='ocrx_word' id='word_1_49' title='bbox 959 723 1303 781; x_wconf 80' lang='lat' dir='ltr'><strong>Theodorum</strong></span> <span class='ocrx_word' id='word_1_50' title='bbox 1367 743 1470 780; x_wconf 80' lang='lat' dir='ltr'><strong>non</strong></span> <span class='ocrx_word' id='word_1_51' title='bbox 1518 726 1776 793; x_wconf 82' lang='lat' dir='ltr'><strong>judicavit</strong></span> <span class='ocrx_word' id='word_1_52' title='bbox 1835 743 1956 781; x_wconf 7' lang='lat' dir='ltr'><strong>esse</strong></span> 
     </span>
    </p>
   </div>
   <div class='ocr_carea' id='block_1_8' title="bbox 357 818 1950 891">
    <p class='ocr_par' dir='ltr' id='par_1_8' title="bbox 357 818 1950 891">
     <span class='ocr_line' id='line_1_8' title="bbox 357 818 1950 891; baseline 0.003 -25"><span class='ocrx_word' id='word_1_53' title='bbox 357 818 751 880; x_wconf 77' lang='lat' dir='ltr'><strong>damnandum,</strong></span> <span class='ocrx_word' id='word_1_54' title='bbox 787 821 996 873; x_wconf 85' lang='lat' dir='ltr'><strong>tametsi</strong></span> <span class='ocrx_word' id='word_1_55' title='bbox 1033 821 1233 872; x_wconf 88' lang='lat' dir='ltr'><strong>nullam</strong></span> <span class='ocrx_word' id='word_1_56' title='bbox 1269 835 1363 887; x_wconf 84' lang='lat' dir='ltr'><strong>pro</strong></span> <span class='ocrx_word' id='word_1_57' title='bbox 1389 836 1454 872; x_wconf 89' lang='lat' dir='ltr'><strong>eo</strong></span> <span class='ocrx_word' id='word_1_58' title='bbox 1486 821 1676 891; x_wconf 64' lang='lat' dir='ltr'><strong>Cyr-illi</strong></span> <span class='ocrx_word' id='word_1_59' title='bbox 1711 821 1950 888; x_wconf 74' lang='lat' dir='ltr'><strong>episcopi</strong></span> 
     </span>
    </p>
   </div>
   <div class='ocr_carea' id='block_1_9' title="bbox 357 908 1954 977">
    <p class='ocr_par' dir='ltr' id='par_1_9' title="bbox 357 908 1954 977">
     <span class='ocr_line' id='line_1_9' title="bbox 357 908 1954 977; baseline 0.003 -19"><span class='ocrx_word' id='word_1_60' title='bbox 357 911 690 960; x_wconf 82' lang='lat' dir='ltr'><strong>sententiam</strong></span> <span class='ocrx_word' id='word_1_61' title='bbox 750 919 1078 972; x_wconf 86' lang='lat' dir='ltr'><strong>teneremus,</strong></span> <span class='ocrx_word' id='word_1_62' title='bbox 1114 908 1426 964; x_wconf 80' lang='lat' dir='ltr'><strong>Sufﬁcerent</strong></span> <span class='ocrx_word' id='word_1_63' title='bbox 1473 911 1655 977; x_wconf 87' lang='lat' dir='ltr'><strong>procul</strong></span> <span class='ocrx_word' id='word_1_64' title='bbox 1687 911 1849 964; x_wconf 83' lang='lat' dir='ltr'><strong>dubio</strong></span> <span class='ocrx_word' id='word_1_65' title='bbox 1877 920 1954 963; x_wconf 91' lang='lat' dir='ltr'><strong>tot</strong></span> 
     </span>
    </p>
   </div>
   <div class='ocr_carea' id='block_1_10' title="bbox 363 995 1954 1068">
    <p class='ocr_par' dir='ltr' id='par_1_10' title="bbox 363 995 1954 1068">
     <span class='ocr_line' id='line_1_10' title="bbox 363 995 1954 1068; baseline 0.003 -20"><span class='ocrx_word' id='word_1_66' title='bbox 363 995 596 1049; x_wconf 76' lang='lat' dir='ltr'><strong>aliorum</strong></span> <span class='ocrx_word' id='word_1_67' title='bbox 652 996 866 1050; x_wconf 83' lang='lat' dir='ltr'><strong>Patrum</strong></span> <span class='ocrx_word' id='word_1_68' title='bbox 902 999 1238 1063; x_wconf 86' lang='lat' dir='ltr'><strong>testimonia;</strong></span> <span class='ocrx_word' id='word_1_69' title='bbox 1267 998 1540 1053; x_wconf 69' lang='lat' dir='ltr'><strong>sufﬁceret</strong></span> <span class='ocrx_word' id='word_1_70' title='bbox 1578 1010 1875 1068; x_wconf 88' lang='lat' dir='ltr'><strong>postremo,</strong></span> <span class='ocrx_word' id='word_1_71' title='bbox 1909 1001 1954 1054; x_wconf 89' lang='lat' dir='ltr'><strong>si</strong></span> 
     </span>
    </p>
   </div>
   <div class='ocr_carea' id='block_1_11' title="bbox 367 1087 1955 1152">
    <p class='ocr_par' dir='ltr' id='par_1_11' title="bbox 367 1087 1955 1152">
     <span class='ocr_line' id='line_1_11' title="bbox 367 1087 1955 1152; baseline 0.003 -14"><span class='ocrx_word' id='word_1_72' title='bbox 367 1087 481 1139; x_wconf 74' lang='lat' dir='ltr'><strong>lucc</strong></span> <span class='ocrx_word' id='word_1_73' title='bbox 511 1088 671 1141; x_wconf 87' lang='lat' dir='ltr'><strong>etiam</strong></span> <span class='ocrx_word' id='word_1_74' title='bbox 696 1087 798 1142; x_wconf 81' lang='lat' dir='ltr'><strong>def:</strong></span> <span class='ocrx_word' id='word_1_75' title='bbox 824 1089 1014 1152; x_wconf 81' lang='lat' dir='ltr'><strong>issent,</strong></span> <span class='ocrx_word' id='word_1_76' title='bbox 1053 1090 1310 1143; x_wconf 68' lang='lat' dir='ltr'><strong>Ecclesia:</strong></span> <span class='ocrx_word' id='word_1_77' title='bbox 1341 1091 1621 1145; x_wconf 68' lang='lat' dir='ltr'><strong>caiholicm</strong></span> <span class='ocrx_word' id='word_1_78' title='bbox 1649 1091 1955 1145; x_wconf 66' lang='lat' dir='ltr'><strong>coaununi-</strong></span> 
     </span>
    </p>
   </div>
   <div class='ocr_carea' id='block_1_12' title="bbox 359 1176 1953 1254">
    <p class='ocr_par' dir='ltr' id='par_1_12' title="bbox 359 1176 1953 1254">
     <span class='ocr_line' id='line_1_12' title="bbox 359 1176 1953 1254; baseline 0.004 -21"><span class='ocrx_word' id='word_1_79' title='bbox 359 1182 523 1242; x_wconf 76' lang='lat' dir='ltr'><strong>cutio,</strong></span> <span class='ocrx_word' id='word_1_80' title='bbox 559 1181 610 1233; x_wconf 93' lang='lat' dir='ltr'><strong>iu</strong></span> <span class='ocrx_word' id='word_1_81' title='bbox 643 1182 798 1249; x_wconf 85' lang='lat' dir='ltr'><strong>cujus</strong></span> <span class='ocrx_word' id='word_1_82' title='bbox 828 1198 958 1251; x_wconf 82' lang='lat' dir='ltr'><strong>pace</strong></span> <span class='ocrx_word' id='word_1_83' title='bbox 990 1199 1095 1235; x_wconf 83' lang='lat' dir='ltr'><strong>non</strong></span> <span class='ocrx_word' id='word_1_84' title='bbox 1119 1185 1289 1237; x_wconf 85' lang='lat' dir='ltr'><strong>solum</strong></span> <span class='ocrx_word' id='word_1_85' title='bbox 1321 1186 1434 1237; x_wconf 85' lang='lat' dir='ltr'><strong>sine</strong></span> <span class='ocrx_word' id='word_1_86' title='bbox 1461 1185 1566 1238; x_wconf 87' lang='lat' dir='ltr'><strong>ulla</strong></span> <span class='ocrx_word' id='word_1_87' title='bbox 1600 1176 1836 1254; x_wconf 86' lang='lat' dir='ltr'><strong>querela,</strong></span> <span class='ocrx_word' id='word_1_88' title='bbox 1863 1185 1953 1239; x_wconf 57' lang='lat' dir='ltr'><strong>sed</strong></span> 
     </span>
    </p>
   </div>
   <div class='ocr_carea' id='block_1_13' title="bbox 358 1274 1526 1346">
    <p class='ocr_par' dir='ltr' id='par_1_13' title="bbox 358 1274 1526 1346">
     <span class='ocr_line' id='line_1_13' title="bbox 358 1274 1526 1346; baseline 0.003 -19"><span class='ocrx_word' id='word_1_89' title='bbox 358 1275 524 1327; x_wconf 74' lang='lat' dir='ltr'><strong>etiam</strong></span> <span class='ocrx_word' id='word_1_90' title='bbox 556 1289 674 1328; x_wconf 90' lang='lat' dir='ltr'><strong>cum</strong></span> <span class='ocrx_word' id='word_1_91' title='bbox 706 1277 873 1344; x_wconf 70' lang='lat' dir='ltr'><strong>gloma</strong></span> <span class='ocrx_word' id='word_1_92' title='bbox 906 1291 1092 1346; x_wconf 75' lang='lat' dir='ltr'><strong>magna</strong></span> <span class='ocrx_word' id='word_1_93' title='bbox 1121 1274 1401 1331; x_wconf 70' lang='lat' dir='ltr'><strong>defunctus</strong></span> <span class='ocrx_word' id='word_1_94' title='bbox 1428 1287 1526 1331; x_wconf 83' lang='lat' dir='ltr'><strong>cst.</strong></span> 
     </span>
    </p>
   </div>
   <div class='ocr_carea' id='block_1_14' title="bbox 984 1432 1334 1488">
    <p class='ocr_par' dir='ltr' id='par_1_14' title="bbox 984 1432 1334 1488">
     <span class='ocr_line' id='line_1_14' title="bbox 984 1432 1334 1488; baseline 0.003 -2"><span class='ocrx_word' id='word_1_95' title='bbox 984 1432 1208 1488; x_wconf 64' lang='lat' dir='ltr'><strong>CAPUT</strong></span> <span class='ocrx_word' id='word_1_96' title='bbox 1255 1433 1334 1487; x_wconf 74' lang='lat' dir='ltr'><strong>Vl.</strong></span> 
     </span>
    </p>
   </div>
   <div class='ocr_carea' id='block_1_15' title="bbox 365 1543 1957 1614">
    <p class='ocr_par' dir='ltr' id='par_1_15' title="bbox 365 1543 1957 1614">
     <span class='ocr_line' id='line_1_15' title="bbox 365 1543 1957 1614; baseline 0.002 -18"><span class='ocrx_word' id='word_1_97' title='bbox 365 1543 520 1610; x_wconf 80' lang='lat' dir='ltr'><strong>Quod</strong></span> <span class='ocrx_word' id='word_1_98' title='bbox 548 1545 738 1614; x_wconf 72' lang='lat' dir='ltr'><strong>o/ﬁcere</strong></span> <span class='ocrx_word' id='word_1_99' title='bbox 772 1544 1035 1598; x_wconf 82' lang='lat' dir='ltr'><strong>Theodoro</strong></span> <span class='ocrx_word' id='word_1_100' title='bbox 1064 1563 1163 1598; x_wconf 85' lang='lat' dir='ltr'><strong>non</strong></span> <span class='ocrx_word' id='word_1_101' title='bbox 1196 1546 1393 1608; x_wconf 58' lang='lat' dir='ltr'><strong>debeat,</strong></span> <span class='ocrx_word' id='word_1_102' title='bbox 1425 1549 1470 1599; x_wconf 75' lang='lat' dir='ltr'><strong>si</strong></span> <span class='ocrx_word' id='word_1_103' title='bbox 1490 1558 1666 1600; x_wconf 82' lang='lat' dir='ltr'><strong>contra</strong></span> <span class='ocrx_word' id='word_1_104' title='bbox 1697 1548 1841 1601; x_wconf 81' lang='lat' dir='ltr'><strong>illum</strong></span> <span class='ocrx_word' id='word_1_105' title='bbox 1867 1564 1957 1611; x_wconf 83' lang='lat' dir='ltr'><strong>po-</strong></span> 
     </span>
    </p>
   </div>
   <div class='ocr_carea' id='block_1_16' title="bbox 436 1615 1955 1687">
    <p class='ocr_par' dir='ltr' id='par_1_16' title="bbox 436 1615 1955 1687">
     <span class='ocr_line' id='line_1_16' title="bbox 436 1615 1955 1687; baseline 0.003 -19"><span class='ocrx_word' id='word_1_106' title='bbox 436 1626 545 1668; x_wconf 78' lang='lat' dir='ltr'><strong>slea</strong></span> <span class='ocrx_word' id='word_1_107' title='bbox 574 1618 834 1687; x_wconf 72' lang='lat' dir='ltr'><strong>scripserit</strong></span> <span class='ocrx_word' id='word_1_108' title='bbox 859 1615 1108 1686; x_wconf 59' lang='lat' dir='ltr'><strong>(ﬁgi-illus,</strong></span> <span class='ocrx_word' id='word_1_109' title='bbox 1137 1627 1182 1670; x_wconf 82' lang='lat' dir='ltr'><strong>et</strong></span> <span class='ocrx_word' id='word_1_110' title='bbox 1211 1620 1346 1687; x_wconf 79' lang='lat' dir='ltr'><strong>quod</strong></span> <span class='ocrx_word' id='word_1_111' title='bbox 1380 1619 1616 1672; x_wconf 82' lang='lat' dir='ltr'><strong>danmari</strong></span> <span class='ocrx_word' id='word_1_112' title='bbox 1661 1618 1955 1674; x_wconf 81' lang='lat' dir='ltr'><strong>Theodorus</strong></span> 
     </span>
    </p>
   </div>
   <div class='ocr_carea' id='block_1_17' title="bbox 444 1685 1158 1757">
    <p class='ocr_par' dir='ltr' id='par_1_17' title="bbox 444 1685 1158 1757">
     <span class='ocr_line' id='line_1_17' title="bbox 444 1685 1158 1757; baseline 0.004 -19"><span class='ocrx_word' id='word_1_113' title='bbox 444 1687 554 1739; x_wconf 79' lang='lat' dir='ltr'><strong>sine</strong></span> <span class='ocrx_word' id='word_1_114' title='bbox 587 1685 813 1740; x_wconf 76' lang='lat' dir='ltr'><strong>Diadaro</strong></span> <span class='ocrx_word' id='word_1_115' title='bbox 845 1685 947 1741; x_wconf 81' lang='lat' dir='ltr'><strong>non</strong></span> <span class='ocrx_word' id='word_1_116' title='bbox 977 1691 1158 1757; x_wconf 77' lang='lat' dir='ltr'><strong>possit.</strong></span> 
     </span>
    </p>
   </div>
   <div class='ocr_carea' id='block_1_18' title="bbox 438 1841 1949 1913">
    <p class='ocr_par' dir='ltr' id='par_1_18' title="bbox 438 1841 1949 1913">
     <span class='ocr_line' id='line_1_18' title="bbox 438 1841 1949 1913; baseline 0.002 -19"><span class='ocrx_word' id='word_1_117' title='bbox 438 1841 751 1910; x_wconf 79' lang='lat' dir='ltr'><strong>Repellendi</strong></span> <span class='ocrx_word' id='word_1_118' title='bbox 783 1857 914 1911; x_wconf 79' lang='lat' dir='ltr'><strong>ergo</strong></span> <span class='ocrx_word' id='word_1_119' title='bbox 941 1851 1064 1895; x_wconf 90' lang='lat' dir='ltr'><strong>sunt</strong></span> <span class='ocrx_word' id='word_1_120' title='bbox 1089 1858 1148 1895; x_wconf 90' lang='lat' dir='ltr'><strong>ac</strong></span> <span class='ocrx_word' id='word_1_121' title='bbox 1199 1845 1392 1897; x_wconf 87' lang='lat' dir='ltr'><strong>merito</strong></span> <span class='ocrx_word' id='word_1_122' title='bbox 1423 1843 1707 1898; x_wconf 79' lang='lat' dir='ltr'><strong>coercendi</strong></span> <span class='ocrx_word' id='word_1_123' title='bbox 1739 1845 1825 1913; x_wconf 84' lang='lat' dir='ltr'><strong>qui</strong></span> <span class='ocrx_word' id='word_1_124' title='bbox 1853 1861 1949 1898; x_wconf 89' lang='lat' dir='ltr'><strong>vo-</strong></span> 
     </span>
    </p>
   </div>
   <div class='ocr_carea' id='block_1_19' title="bbox 366 1934 1950 2009">
    <p class='ocr_par' dir='ltr' id='par_1_19' title="bbox 366 1934 1950 2009">
     <span class='ocr_line' id='line_1_19' title="bbox 366 1934 1950 2009; baseline 0.003 -21"><span class='ocrx_word' id='word_1_125' title='bbox 366 1934 540 1989; x_wconf 85' lang='lat' dir='ltr'><strong>lentes</strong></span> <span class='ocrx_word' id='word_1_126' title='bbox 598 1937 651 1988; x_wconf 92' lang='lat' dir='ltr'><strong>in</strong></span> <span class='ocrx_word' id='word_1_127' title='bbox 702 1935 1079 2004; x_wconf 50' lang='lat' dir='ltr'><strong>pratjudicimu</strong></span> <span class='ocrx_word' id='word_1_128' title='bbox 1133 1949 1332 1991; x_wconf 61' lang='lat' dir='ltr'><strong>sancte</strong></span> <span class='ocrx_word' id='word_1_129' title='bbox 1381 1939 1568 2009; x_wconf 84' lang='lat' dir='ltr'><strong>synodi</strong></span> <span class='ocrx_word' id='word_1_130' title='bbox 1603 1938 1950 1992; x_wconf 77' lang='lat' dir='ltr'><strong>condemnari</strong></span> 
     </span>
    </p>
   </div>
   <div class='ocr_carea' id='block_1_20' title="bbox 366 2027 1950 2093">
    <p class='ocr_par' dir='ltr' id='par_1_20' title="bbox 366 2027 1950 2093">
     <span class='ocr_line' id='line_1_20' title="bbox 366 2027 1950 2093; baseline -0.001 -11"><span class='ocrx_word' id='word_1_131' title='bbox 366 2027 732 2092; x_wconf 75' lang='lat' dir='ltr'><strong>Theodorum,</strong></span> <span class='ocrx_word' id='word_1_132' title='bbox 760 2028 920 2082; x_wconf 86' lang='lat' dir='ltr'><strong>tantis</strong></span> <span class='ocrx_word' id='word_1_133' title='bbox 952 2028 1271 2082; x_wconf 76' lang='lat' dir='ltr'><strong>venerandis</strong></span> <span class='ocrx_word' id='word_1_134' title='bbox 1300 2029 1559 2093; x_wconf 73' lang='lat' dir='ltr'><strong>l’atribus,</strong></span> <span class='ocrx_word' id='word_1_135' title='bbox 1595 2040 1643 2082; x_wconf 90' lang='lat' dir='ltr'><strong>et</strong></span> <span class='ocrx_word' id='word_1_136' title='bbox 1673 2029 1950 2093; x_wconf 67' lang='lat' dir='ltr'><strong>Ecclesiaa,</strong></span> 
     </span>
    </p>
   </div>
   <div class='ocr_carea' id='block_1_21' title="bbox 367 2117 1953 2188">
    <p class='ocr_par' dir='ltr' id='par_1_21' title="bbox 367 2117 1953 2188">
     <span class='ocr_line' id='line_1_21' title="bbox 367 2117 1953 2188; baseline 0.001 -18"><span class='ocrx_word' id='word_1_137' title='bbox 367 2119 578 2188; x_wconf 79' lang='lat' dir='ltr'><strong>sibique</strong></span> <span class='ocrx_word' id='word_1_138' title='bbox 623 2119 720 2186; x_wconf 88' lang='lat' dir='ltr'><strong>ipsi</strong></span> <span class='ocrx_word' id='word_1_139' title='bbox 771 2117 983 2172; x_wconf 88' lang='lat' dir='ltr'><strong>beatum</strong></span> <span class='ocrx_word' id='word_1_140' title='bbox 1016 2117 1273 2184; x_wconf 77' lang='lat' dir='ltr'><strong>Cyrillum</strong></span> <span class='ocrx_word' id='word_1_141' title='bbox 1308 2119 1531 2187; x_wconf 58' lang='lat' dir='ltr'><strong>posthac</strong></span> <span class='ocrx_word' id='word_1_142' title='bbox 1581 2119 1953 2173; x_wconf 80' lang='lat' dir='ltr'><strong>dicuntexsti-</strong></span> 
     </span>
    </p>
   </div>
   <div class='ocr_carea' id='block_1_22' title="bbox 367 2208 1952 2276">
    <p class='ocr_par' dir='ltr' id='par_1_22' title="bbox 367 2208 1952 2276">
     <span class='ocr_line' id='line_1_22' title="bbox 367 2208 1952 2276; baseline 0.005 -15"><span class='ocrx_word' id='word_1_143' title='bbox 367 2210 434 2268; x_wconf 77' lang='lat' dir='ltr'><strong>tis</strong></span> <span class='ocrx_word' id='word_1_144' title='bbox 466 2224 499 2262; x_wconf 89' lang='lat' dir='ltr'><strong>e</strong></span> <span class='ocrx_word' id='word_1_145' title='bbox 529 2212 878 2264; x_wconf 90' lang='lat' dir='ltr'><strong>contrarium.</strong></span> <span class='ocrx_word' id='word_1_146' title='bbox 906 2208 973 2264; x_wconf 84' lang='lat' dir='ltr'><strong>Ut</strong></span> <span class='ocrx_word' id='word_1_147' title='bbox 1002 2222 1180 2263; x_wconf 89' lang='lat' dir='ltr'><strong>autem</strong></span> <span class='ocrx_word' id='word_1_148' title='bbox 1213 2225 1317 2263; x_wconf 92' lang='lat' dir='ltr'><strong>non</strong></span> <span class='ocrx_word' id='word_1_149' title='bbox 1350 2219 1660 2276; x_wconf 84' lang='lat' dir='ltr'><strong>suspectum</strong></span> <span class='ocrx_word' id='word_1_150' title='bbox 1693 2211 1952 2269; x_wconf 82' lang='lat' dir='ltr'><strong>lectorem</strong></span> 
     </span>
    </p>
   </div>
   <div class='ocr_carea' id='block_1_23' title="bbox 368 2299 1954 2371">
    <p class='ocr_par' dir='ltr' id='par_1_23' title="bbox 368 2299 1954 2371">
     <span class='ocr_line' id='line_1_23' title="bbox 368 2299 1954 2371; baseline 0.004 -21"><span class='ocrx_word' id='word_1_151' title='bbox 368 2302 446 2352; x_wconf 86' lang='lat' dir='ltr'><strong>vel</strong></span> <span class='ocrx_word' id='word_1_152' title='bbox 479 2299 700 2354; x_wconf 88' lang='lat' dir='ltr'><strong>dubium</strong></span> <span class='ocrx_word' id='word_1_153' title='bbox 749 2299 1136 2368; x_wconf 76' lang='lat' dir='ltr'><strong>rrlinquamns,</strong></span> <span class='ocrx_word' id='word_1_154' title='bbox 1167 2300 1278 2355; x_wconf 82' lang='lat' dir='ltr'><strong>sive</strong></span> <span class='ocrx_word' id='word_1_155' title='bbox 1317 2301 1598 2370; x_wconf 91' lang='lat' dir='ltr'><strong>scripserit</strong></span> <span class='ocrx_word' id='word_1_156' title='bbox 1627 2302 1829 2371; x_wconf 88' lang='lat' dir='ltr'><strong>aliquid</strong></span> <span class='ocrx_word' id='word_1_157' title='bbox 1860 2303 1954 2356; x_wconf 78' lang='lat' dir='ltr'><strong>ad-</strong></span> 
     </span>
    </p>
   </div>
   <div class='ocr_carea' id='block_1_24' title="bbox 367 2393 1953 2465">
    <p class='ocr_par' dir='ltr' id='par_1_24' title="bbox 367 2393 1953 2465">
     <span class='ocr_line' id='line_1_24' title="bbox 367 2393 1953 2465; baseline 0.001 -16"><span class='ocrx_word' id='word_1_158' title='bbox 367 2411 556 2450; x_wconf 86' lang='lat' dir='ltr'><strong>versus</strong></span> <span class='ocrx_word' id='word_1_159' title='bbox 576 2395 918 2450; x_wconf 85' lang='lat' dir='ltr'><strong>Theodorum</strong></span> <span class='ocrx_word' id='word_1_160' title='bbox 949 2393 1206 2465; x_wconf 86' lang='lat' dir='ltr'><strong>Cyrillus,</strong></span> <span class='ocrx_word' id='word_1_161' title='bbox 1243 2396 1358 2449; x_wconf 89' lang='lat' dir='ltr'><strong>sive</strong></span> <span class='ocrx_word' id='word_1_162' title='bbox 1389 2411 1493 2449; x_wconf 86' lang='lat' dir='ltr'><strong>non</strong></span> <span class='ocrx_word' id='word_1_163' title='bbox 1526 2397 1827 2465; x_wconf 71' lang='lat' dir='ltr'><strong>scripserit,</strong></span> <span class='ocrx_word' id='word_1_164' title='bbox 1859 2398 1953 2451; x_wconf 85' lang='lat' dir='ltr'><strong>de-</strong></span> 
     </span>
    </p>
   </div>
   <div class='ocr_carea' id='block_1_25' title="bbox 367 2487 1950 2559">
    <p class='ocr_par' dir='ltr' id='par_1_25' title="bbox 367 2487 1950 2559">
     <span class='ocr_line' id='line_1_25' title="bbox 367 2487 1950 2559; baseline 0.001 -19"><span class='ocrx_word' id='word_1_165' title='bbox 367 2491 544 2543; x_wconf 80' lang='lat' dir='ltr'><strong>fensio</strong></span> <span class='ocrx_word' id='word_1_166' title='bbox 572 2487 764 2559; x_wconf 86' lang='lat' dir='ltr'><strong>synodi</strong></span> <span class='ocrx_word' id='word_1_167' title='bbox 791 2489 805 2518; x_wconf 87' lang='grc'>¹</span> <span class='ocrx_word' id='word_1_168' title='bbox 839 2488 1000 2542; x_wconf 86' lang='lat' dir='ltr'><strong>debet</strong></span> <span class='ocrx_word' id='word_1_169' title='bbox 1024 2488 1178 2542; x_wconf 89' lang='lat' dir='ltr'><strong>nobis</strong></span> <span class='ocrx_word' id='word_1_170' title='bbox 1207 2505 1268 2543; x_wconf 77' lang='lat' dir='ltr'><strong>ex</strong></span> <span class='ocrx_word' id='word_1_171' title='bbox 1301 2490 1446 2543; x_wconf 89' lang='lat' dir='ltr'><strong>omni</strong></span> <span class='ocrx_word' id='word_1_172' title='bbox 1500 2498 1652 2559; x_wconf 87' lang='lat' dir='ltr'><strong>parte</strong></span> <span class='ocrx_word' id='word_1_173' title='bbox 1681 2499 1950 2544; x_wconf 74' lang='lat' dir='ltr'><strong>constare.</strong></span> 
     </span>
    </p>
   </div>
   <div class='ocr_carea' id='block_1_26' title="bbox 371 2580 1947 2650">
    <p class='ocr_par' dir='ltr' id='par_1_26' title="bbox 371 2580 1947 2650">
     <span class='ocr_line' id='line_1_26' title="bbox 371 2580 1947 2650; baseline -0.001 -15"><span class='ocrx_word' id='word_1_174' title='bbox 371 2581 438 2635; x_wconf 84' lang='lat' dir='ltr'><strong>Et</strong></span> <span class='ocrx_word' id='word_1_175' title='bbox 465 2581 584 2636; x_wconf 89' lang='lat' dir='ltr'><strong>ideo</strong></span> <span class='ocrx_word' id='word_1_176' title='bbox 613 2590 819 2636; x_wconf 86' lang='lat' dir='ltr'><strong>certum</strong></span> <span class='ocrx_word' id='word_1_177' title='bbox 874 2580 1066 2650; x_wconf 87' lang='lat' dir='ltr'><strong>aliquid</strong></span> <span class='ocrx_word' id='word_1_178' title='bbox 1095 2581 1162 2636; x_wconf 87' lang='lat' dir='ltr'><strong>de</strong></span> <span class='ocrx_word' id='word_1_179' title='bbox 1191 2585 1290 2637; x_wconf 87' lang='lat' dir='ltr'><strong>hoc</strong></span> <span class='ocrx_word' id='word_1_180' title='bbox 1325 2583 1530 2638; x_wconf 88' lang='lat' dir='ltr'><strong>incerto</strong></span> <span class='ocrx_word' id='word_1_181' title='bbox 1555 2583 1947 2637; x_wconf 84' lang='lat' dir='ltr'><strong>conficiendum</strong></span> 
     </span>
    </p>
   </div>
   <div class='ocr_carea' id='block_1_27' title="bbox 370 2673 1951 2743">
    <p class='ocr_par' dir='ltr' id='par_1_27' title="bbox 370 2673 1951 2743">
     <span class='ocr_line' id='line_1_27' title="bbox 370 2673 1951 2743; baseline 0.001 -14"><span class='ocrx_word' id='word_1_182' title='bbox 370 2683 479 2738; x_wconf 86' lang='lat' dir='ltr'><strong>est,</strong></span> <span class='ocrx_word' id='word_1_183' title='bbox 509 2673 651 2743; x_wconf 91' lang='lat' dir='ltr'><strong>quod</strong></span> <span class='ocrx_word' id='word_1_184' title='bbox 693 2681 840 2728; x_wconf 89' lang='lat' dir='ltr'><strong>recte</strong></span> <span class='ocrx_word' id='word_1_185' title='bbox 870 2683 1053 2727; x_wconf 89' lang='lat' dir='ltr'><strong>secuta</strong></span> <span class='ocrx_word' id='word_1_186' title='bbox 1108 2674 1372 2738; x_wconf 87' lang='lat' dir='ltr'><strong>videatur,</strong></span> <span class='ocrx_word' id='word_1_187' title='bbox 1406 2685 1461 2728; x_wconf 92' lang='lat' dir='ltr'><strong>ut</strong></span> <span class='ocrx_word' id='word_1_188' title='bbox 1491 2674 1836 2729; x_wconf 83' lang='lat' dir='ltr'><strong>Theodorqu</strong></span> <span class='ocrx_word' id='word_1_189' title='bbox 1869 2677 1951 2730; x_wconf 85' lang='lat' dir='ltr'><strong>vel</strong></span> 
     </span>
    </p>
   </div>
   <div class='ocr_carea' id='block_1_28' title="bbox 367 2765 1952 2836">
    <p class='ocr_par' dir='ltr' id='par_1_28' title="bbox 367 2765 1952 2836">
     <span class='ocr_line' id='line_1_28' title="bbox 367 2765 1952 2836; baseline -0.001 -14"><span class='ocrx_word' id='word_1_190' title='bbox 367 2765 486 2836; x_wconf 84' lang='lat' dir='ltr'><strong>ejus</strong></span> <span class='ocrx_word' id='word_1_191' title='bbox 513 2766 760 2835; x_wconf 83' lang='lat' dir='ltr'><strong>dogmata</strong></span> <span class='ocrx_word' id='word_1_192' title='bbox 808 2782 912 2819; x_wconf 83' lang='lat' dir='ltr'><strong>non</strong></span> <span class='ocrx_word' id='word_1_193' title='bbox 971 2765 1269 2829; x_wconf 82' lang='lat' dir='ltr'><strong>damnaret,</strong></span> <span class='ocrx_word' id='word_1_194' title='bbox 1319 2782 1438 2820; x_wconf 91' lang='lat' dir='ltr'><strong>cum</strong></span> <span class='ocrx_word' id='word_1_195' title='bbox 1467 2768 1607 2836; x_wconf 89' lang='lat' dir='ltr'><strong>apud</strong></span> <span class='ocrx_word' id='word_1_196' title='bbox 1632 2783 1690 2821; x_wconf 86' lang='lat' dir='ltr'><strong>se</strong></span> <span class='ocrx_word' id='word_1_197' title='bbox 1737 2770 1952 2823; x_wconf 76' lang='lat' dir='ltr'><strong>recitari</strong></span> 
     </span>
    </p>
   </div>
   <div class='ocr_carea' id='block_1_29' title="bbox 369 2845 1952 2932">
    <p class='ocr_par' dir='ltr' id='par_1_29' title="bbox 369 2845 1952 2932">
     <span class='ocr_line' id='line_1_29' title="bbox 369 2845 1952 2932; baseline 0.003 -19"><span class='ocrx_word' id='word_1_198' title='bbox 369 2860 557 2915; x_wconf 83' lang='lat' dir='ltr'><strong>laudes</strong></span> <span class='ocrx_word' id='word_1_199' title='bbox 586 2862 704 2930; x_wconf 89' lang='lat' dir='ltr'><strong>ejus</strong></span> <span class='ocrx_word' id='word_1_200' title='bbox 751 2845 1229 2916; x_wconf 82' lang='lat' dir='ltr'><strong>animadverteret.</strong></span> <span class='ocrx_word' id='word_1_201' title='bbox 1276 2863 1624 2916; x_wconf 85' lang='lat' dir='ltr'><strong>Inveniuntur</strong></span> <span class='ocrx_word' id='word_1_202' title='bbox 1677 2863 1854 2932; x_wconf 89' lang='lat' dir='ltr'><strong>itaque</strong></span> <span class='ocrx_word' id='word_1_203' title='bbox 1887 2880 1952 2918; x_wconf 72' lang='lat' dir='ltr'><strong>ex</strong></span> 
     </span>
    </p>
   </div>
   <div class='ocr_carea' id='block_1_30' title="bbox 370 2951 1953 3028">
    <p class='ocr_par' dir='ltr' id='par_1_30' title="bbox 370 2951 1953 3028">
     <span class='ocr_line' id='line_1_30' title="bbox 370 2951 1953 3028; baseline 0.001 -23"><span class='ocrx_word' id='word_1_204' title='bbox 370 2951 586 3028; x_wconf 82' lang='lat' dir='ltr'><strong>nomine</strong></span> <span class='ocrx_word' id='word_1_205' title='bbox 634 2952 772 3007; x_wconf 88' lang='lat' dir='ltr'><strong>beati</strong></span> <span class='ocrx_word' id='word_1_206' title='bbox 830 2953 1014 3023; x_wconf 86' lang='lat' dir='ltr'><strong>Cyrilli</strong></span> <span class='ocrx_word' id='word_1_207' title='bbox 1067 2955 1312 3022; x_wconf 81' lang='lat' dir='ltr'><strong>quaedam</strong></span> <span class='ocrx_word' id='word_1_208' title='bbox 1357 2962 1542 3008; x_wconf 88' lang='lat' dir='ltr'><strong>contra</strong></span> <span class='ocrx_word' id='word_1_209' title='bbox 1586 2953 1953 3018; x_wconf 89' lang='lat' dir='ltr'><strong>Theodorum,</strong></span> 
     </span>
    </p>
   </div>
   <div class='ocr_carea' id='block_1_31' title="bbox 370 3047 1956 3118">
    <p class='ocr_par' dir='ltr' id='par_1_31' title="bbox 370 3047 1956 3118">
     <span class='ocr_line' id='line_1_31' title="bbox 370 3047 1956 3118; baseline 0 -16"><span class='ocrx_word' id='word_1_210' title='bbox 370 3048 613 3117; x_wconf 68' lang='lat' dir='ltr'><strong>quadam</strong></span> <span class='ocrx_word' id='word_1_211' title='bbox 640 3065 736 3116; x_wconf 89' lang='lat' dir='ltr'><strong>pro</strong></span> <span class='ocrx_word' id='word_1_212' title='bbox 763 3048 1049 3103; x_wconf 88' lang='lat' dir='ltr'><strong>Theodoro</strong></span> <span class='ocrx_word' id='word_1_213' title='bbox 1079 3047 1298 3118; x_wconf 84' lang='lat' dir='ltr'><strong>scripta.</strong></span> <span class='ocrx_word' id='word_1_214' title='bbox 1336 3048 1483 3104; x_wconf 89' lang='lat' dir='ltr'><strong>Unde</strong></span> <span class='ocrx_word' id='word_1_215' title='bbox 1510 3063 1730 3103; x_wconf 78' lang='lat' dir='ltr'><strong>necesse</strong></span> <span class='ocrx_word' id='word_1_216' title='bbox 1756 3057 1839 3102; x_wconf 91' lang='lat' dir='ltr'><strong>est</strong></span> <span class='ocrx_word' id='word_1_217' title='bbox 1865 3058 1956 3103; x_wconf 86' lang='lat' dir='ltr'><strong>aut</strong></span> 
     </span>
    </p>
   </div>
   <div class='ocr_carea' id='block_1_32' title="bbox 2063 454 3646 530">
    <p class='ocr_par' dir='ltr' id='par_1_32' title="bbox 2063 454 3646 530">
     <span class='ocr_line' id='line_1_32' title="bbox 2063 454 3646 530; baseline 0.008 -25"><span class='ocrx_word' id='word_1_218' title='bbox 2063 462 2141 505; x_wconf 90' lang='lat' dir='ltr'><strong>tra</strong></span> <span class='ocrx_word' id='word_1_219' title='bbox 2168 454 2452 508; x_wconf 79' lang='lat' dir='ltr'><strong>haereticos</strong></span> <span class='ocrx_word' id='word_1_220' title='bbox 2489 466 2691 524; x_wconf 85' lang='lat' dir='ltr'><strong>posset,</strong></span> <span class='ocrx_word' id='word_1_221' title='bbox 2729 473 2900 525; x_wconf 89' lang='lat' dir='ltr'><strong>neque</strong></span> <span class='ocrx_word' id='word_1_222' title='bbox 2923 460 3231 529; x_wconf 81' lang='lat' dir='ltr'><strong>evangelica</strong></span> <span class='ocrx_word' id='word_1_223' title='bbox 3276 469 3329 515; x_wconf 89' lang='lat' dir='ltr'><strong>et</strong></span> <span class='ocrx_word' id='word_1_224' title='bbox 3356 462 3646 530; x_wconf 76' lang='lat' dir='ltr'><strong>apostolica</strong></span> 
     </span>
    </p>
   </div>
   <div class='ocr_carea' id='block_1_33' title="bbox 2061 543 3646 621">
    <p class='ocr_par' dir='ltr' id='par_1_33' title="bbox 2061 543 3646 621">
     <span class='ocr_line' id='line_1_33' title="bbox 2061 543 3646 621; baseline 0.008 -26"><span class='ocrx_word' id='word_1_225' title='bbox 2061 543 2260 610; x_wconf 87' lang='lat' dir='ltr'><strong>scripta</strong></span> <span class='ocrx_word' id='word_1_226' title='bbox 2289 557 2437 599; x_wconf 86' lang='lat' dir='ltr'><strong>reete</strong></span> <span class='ocrx_word' id='word_1_227' title='bbox 2477 548 2838 614; x_wconf 81' lang='lat' dir='ltr'><strong>interpretari,</strong></span> <span class='ocrx_word' id='word_1_228' title='bbox 2865 551 2908 602; x_wconf 92' lang='lat' dir='ltr'><strong>si</strong></span> <span class='ocrx_word' id='word_1_229' title='bbox 2940 553 3078 605; x_wconf 88' lang='lat' dir='ltr'><strong>male</strong></span> <span class='ocrx_word' id='word_1_230' title='bbox 3097 552 3384 621; x_wconf 75' lang='lat' dir='ltr'><strong>quidquam</strong></span> <span class='ocrx_word' id='word_1_231' title='bbox 3405 553 3471 607; x_wconf 89' lang='lat' dir='ltr'><strong>de</strong></span> <span class='ocrx_word' id='word_1_232' title='bbox 3491 553 3646 608; x_wconf 83' lang='lat' dir='ltr'><strong>Chri-</strong></span> 
     </span>
    </p>
   </div>
   <div class='ocr_carea' id='block_1_34' title="bbox 2058 636 3637 709">
    <p class='ocr_par' dir='ltr' id='par_1_34' title="bbox 2058 636 3637 709">
     <span class='ocr_line' id='line_1_34' title="bbox 2058 636 3637 709; baseline 0.007 -22"><span class='ocrx_word' id='word_1_233' title='bbox 2058 636 2231 689; x_wconf 89' lang='lat' dir='ltr'><strong>stiana</strong></span> <span class='ocrx_word' id='word_1_234' title='bbox 2264 637 2365 690; x_wconf 77' lang='lat' dir='ltr'><strong>iide</strong></span> <span class='ocrx_word' id='word_1_235' title='bbox 2395 637 2656 692; x_wconf 85' lang='lat' dir='ltr'><strong>sentiret?</strong></span> <span class='ocrx_word' id='word_1_236' title='bbox 2704 640 2978 709; x_wconf 87' lang='lat' dir='ltr'><strong>Siquidem</strong></span> <span class='ocrx_word' id='word_1_237' title='bbox 3009 658 3195 696; x_wconf 88' lang='lat' dir='ltr'><strong>omnes</strong></span> <span class='ocrx_word' id='word_1_238' title='bbox 3229 645 3507 699; x_wconf 58' lang='lat' dir='ltr'><strong>hereticos</strong></span> <span class='ocrx_word' id='word_1_239' title='bbox 3533 659 3637 698; x_wconf 89' lang='lat' dir='ltr'><strong>non</strong></span> 
     </span>
    </p>
   </div>
   <div class='ocr_carea' id='block_1_35' title="bbox 2063 727 3634 806">
    <p class='ocr_par' dir='ltr' id='par_1_35' title="bbox 2063 727 3634 806">
     <span class='ocr_line' id='line_1_35' title="bbox 2063 727 3634 806; baseline 0.008 -28"><span class='ocrx_word' id='word_1_240' title='bbox 2063 727 2277 781; x_wconf 81' lang='lat' dir='ltr'><strong>aliunde</strong></span> <span class='ocrx_word' id='word_1_241' title='bbox 2329 729 2497 795; x_wconf 76' lang='lat' dir='ltr'><strong>magis</strong></span> <span class='ocrx_word' id='word_1_242' title='bbox 2523 746 2680 797; x_wconf 89' lang='lat' dir='ltr'><strong>quam</strong></span> <span class='ocrx_word' id='word_1_243' title='bbox 2711 735 2778 785; x_wconf 86' lang='lat' dir='ltr'><strong>de</strong></span> <span class='ocrx_word' id='word_1_244' title='bbox 2801 732 3097 803; x_wconf 82' lang='lat' dir='ltr'><strong>Scripturis</strong></span> <span class='ocrx_word' id='word_1_245' title='bbox 3124 735 3448 804; x_wconf 78' lang='lat' dir='ltr'><strong>evangelicis</strong></span> <span class='ocrx_word' id='word_1_246' title='bbox 3477 745 3634 806; x_wconf 82' lang='lat' dir='ltr'><strong>atque</strong></span> 
     </span>
    </p>
   </div>
   <div class='ocr_carea' id='block_1_36' title="bbox 2059 810 3638 893">
    <p class='ocr_par' dir='ltr' id='par_1_36' title="bbox 2059 810 3638 893">
     <span class='ocr_line' id='line_1_36' title="bbox 2059 810 3638 893; baseline 0.008 -24"><span class='ocrx_word' id='word_1_247' title='bbox 2059 817 2369 887; x_wconf 77' lang='lat' dir='ltr'><strong>apostolicis</strong></span> <span class='ocrx_word' id='word_1_248' title='bbox 2399 810 2710 874; x_wconf 65' lang='lat' dir='ltr'><strong>refutamus.</strong></span> <span class='ocrx_word' id='word_1_249' title='bbox 2741 822 2899 876; x_wconf 75' lang='lat' dir='ltr'><strong>Etest</strong></span> <span class='ocrx_word' id='word_1_250' title='bbox 2919 827 3138 878; x_wconf 85' lang='lat' dir='ltr'><strong>omnino</strong></span> <span class='ocrx_word' id='word_1_251' title='bbox 3169 827 3267 880; x_wconf 90' lang='lat' dir='ltr'><strong>sibi</strong></span> <span class='ocrx_word' id='word_1_252' title='bbox 3291 828 3638 893; x_wconf 87' lang='lat' dir='ltr'><strong>contrarium,</strong></span> 
     </span>
    </p>
   </div>
   <div class='ocr_carea' id='block_1_37' title="bbox 2061 911 3639 988">
    <p class='ocr_par' dir='ltr' id='par_1_37' title="bbox 2061 911 3639 988">
     <span class='ocr_line' id='line_1_37' title="bbox 2061 911 3639 988; baseline 0.011 -28"><span class='ocrx_word' id='word_1_253' title='bbox 2061 921 2112 962; x_wconf 90' lang='lat' dir='ltr'><strong>ut</strong></span> <span class='ocrx_word' id='word_1_254' title='bbox 2145 911 2304 963; x_wconf 87' lang='lat' dir='ltr'><strong>simul</strong></span> <span class='ocrx_word' id='word_1_255' title='bbox 2349 912 2557 965; x_wconf 81' lang='lat' dir='ltr'><strong>dicatur</strong></span> <span class='ocrx_word' id='word_1_256' title='bbox 2586 914 2869 982; x_wconf 80' lang='lat' dir='ltr'><strong>quisquam</strong></span> <span class='ocrx_word' id='word_1_257' title='bbox 2903 925 2956 968; x_wconf 90' lang='lat' dir='ltr'><strong>et</strong></span> <span class='ocrx_word' id='word_1_258' title='bbox 3005 918 3311 986; x_wconf 86' lang='lat' dir='ltr'><strong>evangelica</strong></span> <span class='ocrx_word' id='word_1_259' title='bbox 3340 926 3394 973; x_wconf 91' lang='lat' dir='ltr'><strong>et</strong></span> <span class='ocrx_word' id='word_1_260' title='bbox 3421 930 3639 988; x_wconf 87' lang='lat' dir='ltr'><strong>aposto-</strong></span> 
     </span>
    </p>
   </div>
   <div class='ocr_carea' id='block_1_38' title="bbox 2061 1002 3648 1073">
    <p class='ocr_par' dir='ltr' id='par_1_38' title="bbox 2061 1002 3648 1073">
     <span class='ocr_line' id='line_1_38' title="bbox 2061 1002 3648 1073; baseline 0.008 -18"><span class='ocrx_word' id='word_1_261' title='bbox 2061 1002 2161 1055; x_wconf 87' lang='lat' dir='ltr'><strong>lica</strong></span> <span class='ocrx_word' id='word_1_262' title='bbox 2195 1003 2390 1071; x_wconf 58' lang='lat' dir='ltr'><strong>seripta</strong></span> <span class='ocrx_word' id='word_1_263' title='bbox 2418 1014 2560 1057; x_wconf 88' lang='lat' dir='ltr'><strong>recte</strong></span> <span class='ocrx_word' id='word_1_264' title='bbox 2589 1003 2967 1073; x_wconf 85' lang='lat' dir='ltr'><strong>interpretatus</strong></span> <span class='ocrx_word' id='word_1_265' title='bbox 2989 1007 3171 1071; x_wconf 82' lang='lat' dir='ltr'><strong>fuisse,</strong></span> <span class='ocrx_word' id='word_1_266' title='bbox 3208 1020 3262 1064; x_wconf 85' lang='lat' dir='ltr'><strong>ot</strong></span> <span class='ocrx_word' id='word_1_267' title='bbox 3287 1026 3389 1063; x_wconf 90' lang='lat' dir='ltr'><strong>non</strong></span> <span class='ocrx_word' id='word_1_268' title='bbox 3413 1023 3556 1066; x_wconf 85' lang='lat' dir='ltr'><strong>recte</strong></span> <span class='ocrx_word' id='word_1_269' title='bbox 3579 1013 3648 1068; x_wconf 77' lang='lat' dir='ltr'><strong>de</strong></span> 
     </span>
    </p>
   </div>
   <div class='ocr_carea' id='block_1_39' title="bbox 2059 1094 3647 1164">
    <p class='ocr_par' dir='ltr' id='par_1_39' title="bbox 2059 1094 3647 1164">
     <span class='ocr_line' id='line_1_39' title="bbox 2059 1094 3647 1164; baseline 0.004 -15"><span class='ocrx_word' id='word_1_270' title='bbox 2059 1094 2359 1149; x_wconf 75' lang='lat' dir='ltr'><strong>Lhristiana</strong></span> <span class='ocrx_word' id='word_1_271' title='bbox 2383 1096 2484 1150; x_wconf 82' lang='lat' dir='ltr'><strong>title</strong></span> <span class='ocrx_word' id='word_1_272' title='bbox 2509 1097 2761 1151; x_wconf 81' lang='lat' dir='ltr'><strong>sensisse.</strong></span> <span class='ocrx_word' id='word_1_273' title='bbox 2794 1098 2944 1164; x_wconf 84' lang='lat' dir='ltr'><strong>Quod</strong></span> <span class='ocrx_word' id='word_1_274' title='bbox 2974 1100 3019 1153; x_wconf 90' lang='lat' dir='ltr'><strong>si</strong></span> <span class='ocrx_word' id='word_1_275' title='bbox 3041 1111 3094 1153; x_wconf 90' lang='lat' dir='ltr'><strong>et</strong></span> <span class='ocrx_word' id='word_1_276' title='bbox 3121 1101 3235 1155; x_wconf 68' lang='lat' dir='ltr'><strong>hzee</strong></span> <span class='ocrx_word' id='word_1_277' title='bbox 3263 1111 3447 1156; x_wconf 84' lang='lat' dir='ltr'><strong>contra</strong></span> <span class='ocrx_word' id='word_1_278' title='bbox 3471 1105 3647 1158; x_wconf 84' lang='lat' dir='ltr'><strong>Theo-</strong></span> 
     </span>
    </p>
   </div>
   <div class='ocr_carea' id='block_1_40' title="bbox 2059 1191 3646 1270">
    <p class='ocr_par' dir='ltr' id='par_1_40' title="bbox 2059 1191 3646 1270">
     <span class='ocr_line' id='line_1_40' title="bbox 2059 1191 3646 1270; baseline 0.004 -26"><span class='ocrx_word' id='word_1_279' title='bbox 2059 1191 2248 1246; x_wconf 88' lang='lat' dir='ltr'><strong>dorum</strong></span> <span class='ocrx_word' id='word_1_280' title='bbox 2303 1193 2523 1262; x_wconf 86' lang='lat' dir='ltr'><strong>scripta,</strong></span> <span class='ocrx_word' id='word_1_281' title='bbox 2553 1207 2674 1262; x_wconf 66' lang='lat' dir='ltr'><strong>qua}</strong></span> <span class='ocrx_word' id='word_1_282' title='bbox 2715 1192 2828 1247; x_wconf 87' lang='lat' dir='ltr'><strong>sola</strong></span> <span class='ocrx_word' id='word_1_283' title='bbox 2864 1204 3178 1254; x_wconf 76' lang='lat' dir='ltr'><strong>putarentur</strong></span> <span class='ocrx_word' id='word_1_284' title='bbox 3203 1211 3323 1251; x_wconf 89' lang='lat' dir='ltr'><strong>esse</strong></span> <span class='ocrx_word' id='word_1_285' title='bbox 3370 1199 3505 1251; x_wconf 83' lang='lat' dir='ltr'><strong>beati</strong></span> <span class='ocrx_word' id='word_1_286' title='bbox 3537 1198 3646 1270; x_wconf 71' lang='lat' dir='ltr'><strong>(ly-</strong></span> 
     </span>
    </p>
   </div>
   <div class='ocr_carea' id='block_1_41' title="bbox 2061 1287 3646 1357">
    <p class='ocr_par' dir='ltr' id='par_1_41' title="bbox 2061 1287 3646 1357">
     <span class='ocr_line' id='line_1_41' title="bbox 2061 1287 3646 1357; baseline 0.004 -16"><span class='ocrx_word' id='word_1_287' title='bbox 2061 1287 2186 1350; x_wconf 84' lang='lat' dir='ltr'><strong>rilli,</strong></span> <span class='ocrx_word' id='word_1_288' title='bbox 2214 1303 2317 1340; x_wconf 92' lang='lat' dir='ltr'><strong>non</strong></span> <span class='ocrx_word' id='word_1_289' title='bbox 2369 1289 2656 1357; x_wconf 84' lang='lat' dir='ltr'><strong>semetipsa</strong></span> <span class='ocrx_word' id='word_1_290' title='bbox 2689 1290 3051 1353; x_wconf 68' lang='lat' dir='ltr'><strong>destruerent,</strong></span> <span class='ocrx_word' id='word_1_291' title='bbox 3107 1307 3266 1345; x_wconf 90' lang='lat' dir='ltr'><strong>nemo</strong></span> <span class='ocrx_word' id='word_1_292' title='bbox 3299 1293 3396 1345; x_wconf 89' lang='lat' dir='ltr'><strong>nisi</strong></span> <span class='ocrx_word' id='word_1_293' title='bbox 3453 1293 3646 1347; x_wconf 85' lang='lat' dir='ltr'><strong>absur-</strong></span> 
     </span>
    </p>
   </div>
   <div class='ocr_carea' id='block_1_42' title="bbox 2058 1378 3645 1450">
    <p class='ocr_par' dir='ltr' id='par_1_42' title="bbox 2058 1378 3645 1450">
     <span class='ocr_line' id='line_1_42' title="bbox 2058 1378 3645 1450; baseline 0.006 -18"><span class='ocrx_word' id='word_1_294' title='bbox 2058 1378 2597 1449; x_wconf 74' lang='lat' dir='ltr'><strong>dissituusjudicaret</strong></span> <span class='ocrx_word' id='word_1_295' title='bbox 2623 1381 2762 1450; x_wconf 91' lang='lat' dir='ltr'><strong>quod</strong></span> <span class='ocrx_word' id='word_1_296' title='bbox 2801 1399 2905 1435; x_wconf 89' lang='lat' dir='ltr'><strong>non</strong></span> <span class='ocrx_word' id='word_1_297' title='bbox 2935 1399 3121 1436; x_wconf 86' lang='lat' dir='ltr'><strong>eorum</strong></span> <span class='ocrx_word' id='word_1_298' title='bbox 3144 1383 3356 1438; x_wconf 81' lang='lat' dir='ltr'><strong>Patrum</strong></span> <span class='ocrx_word' id='word_1_299' title='bbox 3389 1387 3436 1438; x_wconf 93' lang='lat' dir='ltr'><strong>in</strong></span> <span class='ocrx_word' id='word_1_300' title='bbox 3469 1384 3645 1441; x_wconf 84' lang='lat' dir='ltr'><strong>Theo-</strong></span> 
     </span>
    </p>
   </div>
   <div class='ocr_carea' id='block_1_43' title="bbox 2058 1471 3642 1542">
    <p class='ocr_par' dir='ltr' id='par_1_43' title="bbox 2058 1471 3642 1542">
     <span class='ocr_line' id='line_1_43' title="bbox 2058 1471 3642 1542; baseline 0.003 -16"><span class='ocrx_word' id='word_1_301' title='bbox 2058 1471 2191 1526; x_wconf 86' lang='lat' dir='ltr'><strong>doro</strong></span> <span class='ocrx_word' id='word_1_302' title='bbox 2218 1472 2466 1527; x_wconf 84' lang='lat' dir='ltr'><strong>debuerit</strong></span> <span class='ocrx_word' id='word_1_303' title='bbox 2509 1474 2657 1542; x_wconf 86' lang='lat' dir='ltr'><strong>sequi</strong></span> <span class='ocrx_word' id='word_1_304' title='bbox 2704 1475 3054 1536; x_wconf 88' lang='lat' dir='ltr'><strong>sententiam,</strong></span> <span class='ocrx_word' id='word_1_305' title='bbox 3087 1476 3172 1542; x_wconf 92' lang='lat' dir='ltr'><strong>qui</strong></span> <span class='ocrx_word' id='word_1_306' title='bbox 3206 1491 3327 1528; x_wconf 85' lang='lat' dir='ltr'><strong>cum</strong></span> <span class='ocrx_word' id='word_1_307' title='bbox 3354 1475 3446 1531; x_wconf 90' lang='lat' dir='ltr'><strong>illo</strong></span> <span class='ocrx_word' id='word_1_308' title='bbox 3475 1477 3525 1529; x_wconf 91' lang='lat' dir='ltr'><strong>in</strong></span> <span class='ocrx_word' id='word_1_309' title='bbox 3551 1491 3642 1530; x_wconf 84' lang='lat' dir='ltr'><strong>ea-</strong></span> 
     </span>
    </p>
   </div>
   <div class='ocr_carea' id='block_1_44' title="bbox 2059 1563 3643 1634">
    <p class='ocr_par' dir='ltr' id='par_1_44' title="bbox 2059 1563 3643 1634">
     <span class='ocr_line' id='line_1_44' title="bbox 2059 1563 3643 1634; baseline 0.001 -17"><span class='ocrx_word' id='word_1_310' title='bbox 2059 1563 2179 1617; x_wconf 88' lang='lat' dir='ltr'><strong>dem</strong></span> <span class='ocrx_word' id='word_1_311' title='bbox 2222 1564 2494 1632; x_wconf 86' lang='lat' dir='ltr'><strong>provincia</strong></span> <span class='ocrx_word' id='word_1_312' title='bbox 2547 1563 2827 1633; x_wconf 79' lang='lat' dir='ltr'><strong>degentes.</strong></span> <span class='ocrx_word' id='word_1_313' title='bbox 2861 1578 2912 1618; x_wconf 88' lang='lat' dir='ltr'><strong>et</strong></span> <span class='ocrx_word' id='word_1_314' title='bbox 2965 1565 3230 1634; x_wconf 84' lang='lat' dir='ltr'><strong>frequenti</strong></span> <span class='ocrx_word' id='word_1_315' title='bbox 3281 1580 3341 1618; x_wconf 91' lang='lat' dir='ltr'><strong>ac</strong></span> <span class='ocrx_word' id='word_1_316' title='bbox 3396 1565 3643 1620; x_wconf 82' lang='lat' dir='ltr'><strong>familiari</strong></span> 
     </span>
    </p>
   </div>
   <div class='ocr_carea' id='block_1_45' title="bbox 2062 1654 3646 1725">
    <p class='ocr_par' dir='ltr' id='par_1_45' title="bbox 2062 1654 3646 1725">
     <span class='ocr_line' id='line_1_45' title="bbox 2062 1654 3646 1725; baseline 0.004 -20"><span class='ocrx_word' id='word_1_317' title='bbox 2062 1655 2430 1709; x_wconf 86' lang='lat' dir='ltr'><strong>moderatione</strong></span> <span class='ocrx_word' id='word_1_318' title='bbox 2477 1654 2598 1709; x_wconf 84' lang='lat' dir='ltr'><strong>ﬁdei</strong></span> <span class='ocrx_word' id='word_1_319' title='bbox 2657 1655 2994 1709; x_wconf 80' lang='lat' dir='ltr'><strong>conferentes</strong></span> <span class='ocrx_word' id='word_1_320' title='bbox 3037 1657 3080 1721; x_wconf 79' lang='grc'><strong>³,</strong></span> <span class='ocrx_word' id='word_1_321' title='bbox 3136 1656 3334 1725; x_wconf 64' lang='lat' dir='ltr'><strong>Optime</strong></span> <span class='ocrx_word' id='word_1_322' title='bbox 3388 1667 3646 1711; x_wconf 86' lang='lat' dir='ltr'><strong>noverant</strong></span> 
     </span>
    </p>
   </div>
   <div class='ocr_carea' id='block_1_46' title="bbox 1990 1740 3647 1818">
    <p class='ocr_par' dir='ltr' id='par_1_46' title="bbox 1990 1740 3647 1818">
     <span class='ocr_line' id='line_1_46' title="bbox 1990 1740 3647 1818; baseline 0.002 -19"><span class='ocrx_word' id='word_1_323' title='bbox 1990 1740 2033 1799; x_wconf 81' lang='grc' dir='ltr'><strong>Β</strong></span> <span class='ocrx_word' id='word_1_324' title='bbox 2063 1763 2162 1816; x_wconf 90' lang='lat' dir='ltr'><strong>qua</strong></span> <span class='ocrx_word' id='word_1_325' title='bbox 2183 1747 2479 1801; x_wconf 87' lang='lat' dir='ltr'><strong>intentione</strong></span> <span class='ocrx_word' id='word_1_326' title='bbox 2501 1747 2836 1817; x_wconf 77' lang='lat' dir='ltr'><strong>diceretqna:</strong></span> <span class='ocrx_word' id='word_1_327' title='bbox 2860 1749 3066 1816; x_wconf 85' lang='lat' dir='ltr'><strong>aliquos</strong></span> <span class='ocrx_word' id='word_1_328' title='bbox 3090 1749 3544 1818; x_wconf 81' lang='lat' dir='ltr'><strong>hancignorantes</strong></span> <span class='ocrx_word' id='word_1_329' title='bbox 3568 1749 3647 1802; x_wconf 81' lang='lat' dir='ltr'><strong>vi-</strong></span> 
     </span>
    </p>
   </div>
   <div class='ocr_carea' id='block_1_47' title="bbox 2056 1841 3642 1909">
    <p class='ocr_par' dir='ltr' id='par_1_47' title="bbox 2056 1841 3642 1909">
     <span class='ocr_line' id='line_1_47' title="bbox 2056 1841 3642 1909; baseline 0.004 -15"><span class='ocrx_word' id='word_1_330' title='bbox 2056 1841 2250 1894; x_wconf 88' lang='lat' dir='ltr'><strong>dentur</strong></span> <span class='ocrx_word' id='word_1_331' title='bbox 2275 1841 2571 1896; x_wconf 76' lang='lat' dir='ltr'><strong>offendere.</strong></span> <span class='ocrx_word' id='word_1_332' title='bbox 2603 1841 2776 1896; x_wconf 81' lang='lat' dir='ltr'><strong>Nimis</strong></span> <span class='ocrx_word' id='word_1_333' title='bbox 2802 1843 2946 1896; x_wconf 89' lang='lat' dir='ltr'><strong>enim</strong></span> <span class='ocrx_word' id='word_1_334' title='bbox 2977 1858 3141 1909; x_wconf 74' lang='lat' dir='ltr'><strong>grave</strong></span> <span class='ocrx_word' id='word_1_335' title='bbox 3166 1843 3341 1898; x_wconf 88' lang='lat' dir='ltr'><strong>fuerat</strong></span> <span class='ocrx_word' id='word_1_336' title='bbox 3363 1858 3525 1898; x_wconf 88' lang='lat' dir='ltr'><strong>sonos</strong></span> <span class='ocrx_word' id='word_1_337' title='bbox 3551 1860 3642 1900; x_wconf 87' lang='lat' dir='ltr'><strong>se-</strong></span> 
     </span>
    </p>
   </div>
   <div class='ocr_carea' id='block_1_48' title="bbox 2056 1931 3646 2002">
    <p class='ocr_par' dir='ltr' id='par_1_48' title="bbox 2056 1931 3646 2002">
     <span class='ocr_line' id='line_1_48' title="bbox 2056 1931 3646 2002; baseline 0.003 -19"><span class='ocrx_word' id='word_1_338' title='bbox 2056 1933 2142 2001; x_wconf 89' lang='lat' dir='ltr'><strong>qui</strong></span> <span class='ocrx_word' id='word_1_339' title='bbox 2172 1931 2480 1997; x_wconf 80' lang='lat' dir='ltr'><strong>verborum,</strong></span> <span class='ocrx_word' id='word_1_340' title='bbox 2511 1932 2617 1986; x_wconf 89' lang='lat' dir='ltr'><strong>imo</strong></span> <span class='ocrx_word' id='word_1_341' title='bbox 2637 1933 2784 2002; x_wconf 78' lang='lat' dir='ltr'><strong>signa</strong></span> <span class='ocrx_word' id='word_1_342' title='bbox 2809 1947 3063 1986; x_wconf 88' lang='lat' dir='ltr'><strong>sonorum</strong></span> <span class='ocrx_word' id='word_1_343' title='bbox 3092 1942 3392 1986; x_wconf 85' lang='lat' dir='ltr'><strong>atramento</strong></span> <span class='ocrx_word' id='word_1_344' title='bbox 3417 1935 3465 1986; x_wconf 90' lang='lat' dir='ltr'><strong>in</strong></span> <span class='ocrx_word' id='word_1_345' title='bbox 3487 1935 3646 1988; x_wconf 80' lang='lat' dir='ltr'><strong>char-</strong></span> 
     </span>
    </p>
   </div>
   <div class='ocr_carea' id='block_1_49' title="bbox 2058 2023 3640 2092">
    <p class='ocr_par' dir='ltr' id='par_1_49' title="bbox 2058 2023 3640 2092">
     <span class='ocr_line' id='line_1_49' title="bbox 2058 2023 3640 2092; baseline 0.004 -19"><span class='ocrx_word' id='word_1_346' title='bbox 2058 2023 2181 2074; x_wconf 78' lang='lat' dir='ltr'><strong>tulis</strong></span> <span class='ocrx_word' id='word_1_347' title='bbox 2199 2024 2439 2092; x_wconf 66' lang='lat' dir='ltr'><strong>figurata,</strong></span> <span class='ocrx_word' id='word_1_348' title='bbox 2455 2035 2507 2078; x_wconf 92' lang='lat' dir='ltr'><strong>et</strong></span> <span class='ocrx_word' id='word_1_349' title='bbox 2521 2031 2864 2079; x_wconf 85' lang='lat' dir='ltr'><strong>contemnere</strong></span> <span class='ocrx_word' id='word_1_350' title='bbox 2878 2035 3178 2078; x_wconf 91' lang='lat' dir='ltr'><strong>sanctarum</strong></span> <span class='ocrx_word' id='word_1_351' title='bbox 3193 2025 3640 2080; x_wconf 70' lang='lat' dir='ltr'><strong>conscientiarum</strong></span> 
     </span>
    </p>
   </div>
   <div class='ocr_carea' id='block_1_50' title="bbox 2058 2115 3642 2186">
    <p class='ocr_par' dir='ltr' id='par_1_50' title="bbox 2058 2115 3642 2186">
     <span class='ocr_line' id='line_1_50' title="bbox 2058 2115 3642 2186; baseline 0.002 -20"><span class='ocrx_word' id='word_1_352' title='bbox 2058 2115 2387 2178; x_wconf 88' lang='lat' dir='ltr'><strong>testimonia,</strong></span> <span class='ocrx_word' id='word_1_353' title='bbox 2405 2115 2602 2182; x_wconf 83' lang='lat' dir='ltr'><strong>scripta</strong></span> <span class='ocrx_word' id='word_1_354' title='bbox 2626 2131 2730 2170; x_wconf 91' lang='lat' dir='ltr'><strong>nou</strong></span> <span class='ocrx_word' id='word_1_355' title='bbox 2746 2125 2814 2168; x_wconf 83' lang='lat' dir='ltr'><strong>att</strong></span> <span class='ocrx_word' id='word_1_356' title='bbox 2831 2127 3067 2179; x_wconf 89' lang='lat' dir='ltr'><strong>amento,</strong></span> <span class='ocrx_word' id='word_1_357' title='bbox 3082 2117 3174 2171; x_wconf 87' lang='lat' dir='ltr'><strong>sed</strong></span> <span class='ocrx_word' id='word_1_358' title='bbox 3198 2116 3385 2186; x_wconf 78' lang='lat' dir='ltr'><strong>Spiritu</strong></span> <span class='ocrx_word' id='word_1_359' title='bbox 3402 2117 3495 2171; x_wconf 89' lang='lat' dir='ltr'><strong>Dei</strong></span> <span class='ocrx_word' id='word_1_360' title='bbox 3516 2118 3642 2181; x_wconf 81' lang='lat' dir='ltr'><strong>vivi,</strong></span> 
     </span>
    </p>
   </div>
   <div class='ocr_carea' id='block_1_51' title="bbox 2057 2205 3638 2278">
    <p class='ocr_par' dir='ltr' id='par_1_51' title="bbox 2057 2205 3638 2278">
     <span class='ocr_line' id='line_1_51' title="bbox 2057 2205 3638 2278; baseline 0.004 -21"><span class='ocrx_word' id='word_1_361' title='bbox 2057 2219 2161 2257; x_wconf 92' lang='lat' dir='ltr'><strong>non</strong></span> <span class='ocrx_word' id='word_1_362' title='bbox 2191 2205 2240 2258; x_wconf 93' lang='lat' dir='ltr'><strong>in</strong></span> <span class='ocrx_word' id='word_1_363' title='bbox 2267 2206 2526 2259; x_wconf 85' lang='lat' dir='ltr'><strong>chartulis</strong></span> <span class='ocrx_word' id='word_1_364' title='bbox 2546 2205 2640 2260; x_wconf 87' lang='lat' dir='ltr'><strong>sed</strong></span> <span class='ocrx_word' id='word_1_365' title='bbox 2672 2207 2721 2260; x_wconf 92' lang='lat' dir='ltr'><strong>in</strong></span> <span class='ocrx_word' id='word_1_366' title='bbox 2742 2206 2941 2261; x_wconf 87' lang='lat' dir='ltr'><strong>tabulis</strong></span> <span class='ocrx_word' id='word_1_367' title='bbox 2965 2208 3270 2262; x_wconf 85' lang='lat' dir='ltr'><strong>carnalibus</strong></span> <span class='ocrx_word' id='word_1_368' title='bbox 3292 2207 3335 2274; x_wconf 64' lang='grc'>³,</span> <span class='ocrx_word' id='word_1_369' title='bbox 3359 2224 3479 2278; x_wconf 76' lang='grc' dir='ltr'><strong>ίιυτυ</strong></span> <span class='ocrx_word' id='word_1_370' title='bbox 3508 2209 3638 2263; x_wconf 86' lang='lat' dir='ltr'><strong>doc-</strong></span> 
     </span>
    </p>
   </div>
   <div class='ocr_carea' id='block_1_52' title="bbox 2058 2294 3645 2369">
    <p class='ocr_par' dir='ltr' id='par_1_52' title="bbox 2058 2294 3645 2369">
     <span class='ocr_line' id='line_1_52' title="bbox 2058 2294 3645 2369; baseline 0.005 -21"><span class='ocrx_word' id='word_1_371' title='bbox 2058 2295 2211 2349; x_wconf 77' lang='lat' dir='ltr'><strong>trina:</strong></span> <span class='ocrx_word' id='word_1_372' title='bbox 2243 2294 2517 2351; x_wconf 78' lang='lat' dir='ltr'><strong>TltcodOri</strong></span> <span class='ocrx_word' id='word_1_373' title='bbox 2543 2297 2908 2353; x_wconf 88' lang='lat' dir='ltr'><strong>testimonium</strong></span> <span class='ocrx_word' id='word_1_374' title='bbox 2944 2302 3318 2369; x_wconf 66' lang='lat' dir='ltr'><strong>praeferebant.</strong></span> <span class='ocrx_word' id='word_1_375' title='bbox 3355 2301 3489 2355; x_wconf 82' lang='lat' dir='ltr'><strong>Illud</strong></span> <span class='ocrx_word' id='word_1_376' title='bbox 3519 2318 3645 2356; x_wconf 84' lang='lat' dir='ltr'><strong>vero</strong></span> 
     </span>
    </p>
   </div>
   <div class='ocr_carea' id='block_1_53' title="bbox 2056 2389 3638 2462">
    <p class='ocr_par' dir='ltr' id='par_1_53' title="bbox 2056 2389 3638 2462">
     <span class='ocr_line' id='line_1_53' title="bbox 2056 2389 3638 2462; baseline 0.006 -24"><span class='ocrx_word' id='word_1_377' title='bbox 2056 2389 2176 2456; x_wconf 86' lang='lat' dir='ltr'><strong>quis</strong></span> <span class='ocrx_word' id='word_1_378' title='bbox 2209 2389 2306 2442; x_wconf 89' lang='lat' dir='ltr'><strong>nisi</strong></span> <span class='ocrx_word' id='word_1_379' title='bbox 2341 2389 2771 2445; x_wconf 59' lang='lat' dir='ltr'><strong>lllCOﬂsidt‘l‘alUS</strong></span> <span class='ocrx_word' id='word_1_380' title='bbox 2801 2393 3006 2457; x_wconf 87' lang='lat' dir='ltr'><strong>credat,</strong></span> <span class='ocrx_word' id='word_1_381' title='bbox 3045 2394 3148 2447; x_wconf 72' lang='lat' dir='ltr'><strong>nisi</strong></span> <span class='ocrx_word' id='word_1_382' title='bbox 3176 2393 3456 2462; x_wconf 87' lang='lat' dir='ltr'><strong>impudens</strong></span> <span class='ocrx_word' id='word_1_383' title='bbox 3477 2394 3638 2457; x_wconf 71' lang='lat' dir='ltr'><strong>d3cat,</strong></span> 
     </span>
    </p>
   </div>
   <div class='ocr_carea' id='block_1_54' title="bbox 2058 2480 3644 2557">
    <p class='ocr_par' dir='ltr' id='par_1_54' title="bbox 2058 2480 3644 2557">
     <span class='ocr_line' id='line_1_54' title="bbox 2058 2480 3644 2557; baseline 0.003 -23"><span class='ocrx_word' id='word_1_384' title='bbox 2058 2481 2157 2534; x_wconf 69' lang='lat' dir='ltr'><strong>nisi</strong></span> <span class='ocrx_word' id='word_1_385' title='bbox 2189 2481 2488 2536; x_wconf 85' lang='lat' dir='ltr'><strong>obstinatus</strong></span> <span class='ocrx_word' id='word_1_386' title='bbox 2517 2480 2773 2549; x_wconf 83' lang='lat' dir='ltr'><strong>aflirtnet,</strong></span> <span class='ocrx_word' id='word_1_387' title='bbox 2819 2485 2961 2553; x_wconf 90' lang='lat' dir='ltr'><strong>quod</strong></span> <span class='ocrx_word' id='word_1_388' title='bbox 2993 2502 3020 2538; x_wconf 87' lang='lat' dir='ltr'><strong>a</strong></span> <span class='ocrx_word' id='word_1_389' title='bbox 3055 2495 3240 2540; x_wconf 89' lang='lat' dir='ltr'><strong>saneta</strong></span> <span class='ocrx_word' id='word_1_390' title='bbox 3281 2486 3488 2557; x_wconf 82' lang='lat' dir='ltr'><strong>synodo</strong></span> <span class='ocrx_word' id='word_1_391' title='bbox 3541 2486 3644 2556; x_wconf 78' lang='lat' dir='ltr'><strong>Cy-</strong></span> 
     </span>
    </p>
   </div>
   <div class='ocr_carea' id='block_1_55' title="bbox 2059 2573 3643 2648">
    <p class='ocr_par' dir='ltr' id='par_1_55' title="bbox 2059 2573 3643 2648">
     <span class='ocr_line' id='line_1_55' title="bbox 2059 2573 3643 2648; baseline 0.005 -22"><span class='ocrx_word' id='word_1_392' title='bbox 2059 2573 2211 2626; x_wconf 90' lang='lat' dir='ltr'><strong>rillns</strong></span> <span class='ocrx_word' id='word_1_393' title='bbox 2237 2575 2316 2648; x_wconf 72' lang='lat' dir='ltr'><strong>vel</strong></span> <span class='ocrx_word' id='word_1_394' title='bbox 2343 2576 2450 2628; x_wconf 86' lang='lat' dir='ltr'><strong>soli</strong></span> <span class='ocrx_word' id='word_1_395' title='bbox 2475 2575 2665 2630; x_wconf 87' lang='lat' dir='ltr'><strong>Joanni</strong></span> <span class='ocrx_word' id='word_1_396' title='bbox 2697 2574 3308 2647; x_wconf 78' lang='lat' dir='ltr'><strong>Constantinopolitano,</strong></span> <span class='ocrx_word' id='word_1_397' title='bbox 3344 2593 3446 2632; x_wconf 82' lang='lat' dir='ltr'><strong>nan</strong></span> <span class='ocrx_word' id='word_1_398' title='bbox 3470 2578 3643 2633; x_wconf 77' lang='lat' dir='ltr'><strong>dicata</strong></span> 
     </span>
    </p>
   </div>
   <div class='ocr_carea' id='block_1_56' title="bbox 2061 2660 3645 2739">
    <p class='ocr_par' dir='ltr' id='par_1_56' title="bbox 2061 2660 3645 2739">
     <span class='ocr_line' id='line_1_56' title="bbox 2061 2660 3645 2739; baseline 0.007 -25"><span class='ocrx_word' id='word_1_399' title='bbox 2061 2660 2322 2730; x_wconf 44' lang='lat' dir='ltr'><strong>pt‘atferri,</strong></span> <span class='ocrx_word' id='word_1_400' title='bbox 2353 2665 2448 2719; x_wconf 90' lang='lat' dir='ltr'><strong>sed</strong></span> <span class='ocrx_word' id='word_1_401' title='bbox 2481 2664 2712 2719; x_wconf 88' lang='lat' dir='ltr'><strong>conferri</strong></span> <span class='ocrx_word' id='word_1_402' title='bbox 2741 2665 3009 2732; x_wconf 85' lang='lat' dir='ltr'><strong>debuerit,</strong></span> <span class='ocrx_word' id='word_1_403' title='bbox 3040 2679 3367 2723; x_wconf 40' lang='lat' dir='ltr'><strong>uou‘tantnm</strong></span> <span class='ocrx_word' id='word_1_404' title='bbox 3400 2686 3495 2739; x_wconf 89' lang='lat' dir='ltr'><strong>pro</strong></span> <span class='ocrx_word' id='word_1_405' title='bbox 3527 2687 3645 2725; x_wconf 78' lang='lat' dir='ltr'><strong>ma-</strong></span> 
     </span>
    </p>
   </div>
   <div class='ocr_carea' id='block_1_57' title="bbox 2053 2753 3644 2838">
    <p class='ocr_par' dir='ltr' id='par_1_57' title="bbox 2053 2753 3644 2838">
     <span class='ocr_line' id='line_1_57' title="bbox 2053 2753 3644 2838; baseline 0.006 -34"><span class='ocrx_word' id='word_1_406' title='bbox 2053 2753 2175 2823; x_wconf 85' lang='lat' dir='ltr'><strong>jore</strong></span> <span class='ocrx_word' id='word_1_407' title='bbox 2207 2757 2517 2811; x_wconf 88' lang='lat' dir='ltr'><strong>meritorum</strong></span> <span class='ocrx_word' id='word_1_408' title='bbox 2575 2757 2797 2812; x_wconf 78' lang='lat' dir='ltr'><strong>Jomnis</strong></span> <span class='ocrx_word' id='word_1_409' title='bbox 2848 2761 3197 2838; x_wconf 71' lang='lat' dir='ltr'><strong>aurtonitate,</strong></span> <span class='ocrx_word' id='word_1_410' title='bbox 3231 2766 3439 2816; x_wconf 78' lang='lat' dir='ltr'><strong>verum</strong></span> <span class='ocrx_word' id='word_1_411' title='bbox 3481 2764 3644 2816; x_wconf 69' lang='lat' dir='ltr'><strong>et‘am</strong></span> 
     </span>
    </p>
   </div>
   <div class='ocr_carea' id='block_1_58' title="bbox 2059 2847 3645 2926">
    <p class='ocr_par' dir='ltr' id='par_1_58' title="bbox 2059 2847 3645 2926">
     <span class='ocr_line' id='line_1_58' title="bbox 2059 2847 3645 2926; baseline 0.009 -32"><span class='ocrx_word' id='word_1_412' title='bbox 2059 2848 2198 2915; x_wconf 89' lang='lat' dir='ltr'><strong>quod</strong></span> <span class='ocrx_word' id='word_1_413' title='bbox 2238 2847 2303 2902; x_wconf 88' lang='lat' dir='ltr'><strong>de</strong></span> <span class='ocrx_word' id='word_1_414' title='bbox 2353 2848 2640 2903; x_wconf 87' lang='lat' dir='ltr'><strong>Theodoro</strong></span> <span class='ocrx_word' id='word_1_415' title='bbox 2671 2851 2771 2918; x_wconf 80' lang='lat' dir='ltr'><strong>ipsi</strong></span> <span class='ocrx_word' id='word_1_416' title='bbox 2804 2853 2995 2922; x_wconf 82' lang='lat' dir='ltr'><strong>magis,</strong></span> <span class='ocrx_word' id='word_1_417' title='bbox 3028 2865 3164 2905; x_wconf 73' lang='lat' dir='ltr'><strong>sicut</strong></span> <span class='ocrx_word' id='word_1_418' title='bbox 3219 2854 3441 2926; x_wconf 81' lang='lat' dir='ltr'><strong>antiquo</strong></span> <span class='ocrx_word' id='word_1_419' title='bbox 3471 2857 3645 2909; x_wconf 82' lang='lat' dir='ltr'><strong>amico</strong></span> 
     </span>
    </p>
   </div>
   <div class='ocr_carea' id='block_1_59' title="bbox 2059 2939 3644 3014">
    <p class='ocr_par' dir='ltr' id='par_1_59' title="bbox 2059 2939 3644 3014">
     <span class='ocr_line' id='line_1_59' title="bbox 2059 2939 3644 3014; baseline 0.005 -23"><span class='ocrx_word' id='word_1_420' title='bbox 2059 2947 2113 2991; x_wconf 86' lang='lat' dir='ltr'><strong>et</strong></span> <span class='ocrx_word' id='word_1_421' title='bbox 2143 2954 2171 2990; x_wconf 90' lang='lat' dir='ltr'><strong>a</strong></span> <span class='ocrx_word' id='word_1_422' title='bbox 2221 2939 2482 3007; x_wconf 82' lang='lat' dir='ltr'><strong>principio</strong></span> <span class='ocrx_word' id='word_1_423' title='bbox 2513 2941 2907 3011; x_wconf 79' lang='lat' dir='ltr'><strong>condiscipulo,</strong></span> <span class='ocrx_word' id='word_1_424' title='bbox 2956 2945 3180 2999; x_wconf 76' lang='lat' dir='ltr'><strong>credere</strong></span> <span class='ocrx_word' id='word_1_425' title='bbox 3223 2945 3440 3014; x_wconf 74' lang='lat' dir='ltr'><strong>debuit,</strong></span> <span class='ocrx_word' id='word_1_426' title='bbox 3483 2960 3644 3013; x_wconf 87' lang='lat' dir='ltr'><strong>quam</strong></span> 
     </span>
    </p>
   </div>
   <div class='ocr_carea' id='block_1_60' title="bbox 2059 3027 3633 3102">
    <p class='ocr_par' dir='ltr' id='par_1_60' title="bbox 2059 3027 3633 3102">
     <span class='ocr_line' id='line_1_60' title="bbox 2059 3027 3633 3102; baseline 0.004 -18"><span class='ocrx_word' id='word_1_427' title='bbox 2059 3027 2280 3100; x_wconf 84' lang='lat' dir='ltr'><strong>Cyrillo,</strong></span> <span class='ocrx_word' id='word_1_428' title='bbox 2331 3047 2484 3098; x_wconf 88' lang='lat' dir='ltr'><strong>quem</strong></span> <span class='ocrx_word' id='word_1_429' title='bbox 2523 3042 2743 3087; x_wconf 87' lang='lat' dir='ltr'><strong>noverat</strong></span> <span class='ocrx_word' id='word_1_430' title='bbox 2782 3034 2944 3088; x_wconf 89' lang='lat' dir='ltr'><strong>etiam</strong></span> <span class='ocrx_word' id='word_1_431' title='bbox 2979 3033 3044 3088; x_wconf 89' lang='lat' dir='ltr'><strong>de</strong></span> <span class='ocrx_word' id='word_1_432' title='bbox 3068 3038 3182 3102; x_wconf 79' lang='lat' dir='ltr'><strong>ipso</strong></span> <span class='ocrx_word' id='word_1_433' title='bbox 3213 3037 3414 3090; x_wconf 77' lang='lat' dir='ltr'><strong>Joanne</strong></span> <span class='ocrx_word' id='word_1_434' title='bbox 3440 3037 3633 3090; x_wconf 72' lang='lat' dir='ltr'><strong>simili-</strong></span> 
     </span>
    </p>
   </div>
   <div class='ocr_carea' id='block_1_61' title="bbox 373 3111 3644 3210">
    <p class='ocr_par' dir='ltr' id='par_1_61' title="bbox 373 3111 3644 3210">
     <span class='ocr_line' id='line_1_61' title="bbox 373 3111 3644 3210; baseline 0.004 -40"><span class='ocrx_word' id='word_1_435' title='bbox 373 3111 596 3210; x_wconf 51' lang='lat' dir='ltr'><strong>,hmque</strong></span> <span class='ocrx_word' id='word_1_436' title='bbox 622 3111 742 3195; x_wconf 49' lang='lat' dir='ltr'><strong>c&#39;sse</strong></span> <span class='ocrx_word' id='word_1_437' title='bbox 772 3140 914 3196; x_wconf 57' lang='lat' dir='ltr'><strong>beati</strong></span> <span class='ocrx_word' id='word_1_438' title='bbox 938 3139 1148 3210; x_wconf 58' lang='lat' dir='ltr'><strong>cyrn“,</strong></span> <span class='ocrx_word' id='word_1_439' title='bbox 1180 3111 1273 3194; x_wconf 45' lang='grc' dir='ltr'><strong>δίη</strong></span> <span class='ocrx_word' id='word_1_440' title='bbox 1302 3149 1513 3203; x_wconf 49' lang='lat' dir='ltr'><strong>neutra,</strong></span> <span class='ocrx_word' id='word_1_441' title='bbox 1542 3148 1637 3192; x_wconf 55' lang='lat' dir='ltr'><strong>aut</strong></span> <span class='ocrx_word' id='word_1_442' title='bbox 1665 3154 1848 3193; x_wconf 64' lang='lat' dir='ltr'><strong>eorum</strong></span> <span class='ocrx_word' id='word_1_443' title='bbox 1871 3139 1951 3192; x_wconf 68' lang='lat' dir='ltr'><strong>al-</strong></span> <span class='ocrx_word' id='word_1_444' title='bbox 1983 3117 2030 3180; x_wconf 84' lang='lat' dir='ltr'><strong><em>C</em></strong></span> <span class='ocrx_word' id='word_1_445' title='bbox 2063 3133 2142 3175; x_wconf 76' lang='lat' dir='ltr'><strong>tcr</strong></span> <span class='ocrx_word' id='word_1_446' title='bbox 2167 3137 2273 3185; x_wconf 76' lang='lat' dir='ltr'><strong>jam</strong></span> <span class='ocrx_word' id='word_1_447' title='bbox 2325 3111 2578 3176; x_wconf 89' lang='lat' dir='ltr'><strong>defuncto</strong></span> <span class='ocrx_word' id='word_1_448' title='bbox 2618 3136 2807 3178; x_wconf 90' lang='lat' dir='ltr'><strong>contra</strong></span> <span class='ocrx_word' id='word_1_449' title='bbox 2855 3125 3110 3194; x_wconf 82' lang='lat' dir='ltr'><strong>judicium</strong></span> <span class='ocrx_word' id='word_1_450' title='bbox 3167 3129 3309 3183; x_wconf 63' lang='lat' dir='ltr'><strong>tedis</strong></span> <span class='ocrx_word' id='word_1_451' title='bbox 3339 3128 3644 3197; x_wconf 54' lang='lat' dir='ltr'><strong>aptlSTtlllC&#39;J}</strong></span> 
     </span>
    </p>
   </div>
   <div class='ocr_carea' id='block_1_62' title="bbox 372 3216 1954 3302">
    <p class='ocr_par' dir='ltr' id='par_1_62' title="bbox 372 3216 1954 3302">
     <span class='ocr_line' id='line_1_62' title="bbox 372 3216 1954 3302; baseline 0.001 -19"><span class='ocrx_word' id='word_1_452' title='bbox 372 3240 594 3284; x_wconf 87' lang='lat' dir='ltr'><strong>terutra.</strong></span> <span class='ocrx_word' id='word_1_453' title='bbox 627 3231 678 3294; x_wconf 87' lang='lat' dir='ltr'><strong>Si</strong></span> <span class='ocrx_word' id='word_1_454' title='bbox 708 3232 867 3301; x_wconf 80' lang='lat' dir='ltr'><strong>igitur</strong></span> <span class='ocrx_word' id='word_1_455' title='bbox 895 3216 1122 3300; x_wconf 81' lang='lat' dir='ltr'><strong>utraque</strong></span> <span class='ocrx_word' id='word_1_456' title='bbox 1160 3232 1304 3286; x_wconf 87' lang='lat' dir='ltr'><strong>beati</strong></span> <span class='ocrx_word' id='word_1_457' title='bbox 1331 3230 1512 3302; x_wconf 81' lang='lat' dir='ltr'><strong>Cyrilli</strong></span> <span class='ocrx_word' id='word_1_458' title='bbox 1545 3233 1808 3292; x_wconf 87' lang='lat' dir='ltr'><strong>dicentur,</strong></span> <span class='ocrx_word' id='word_1_459' title='bbox 1834 3245 1954 3286; x_wconf 86' lang='lat' dir='ltr'><strong>cum</strong></span> 
     </span>
    </p>
   </div>
   <div class='ocr_carea' id='block_1_63' title="bbox 371 3321 1956 3394">
    <p class='ocr_par' dir='ltr' id='par_1_63' title="bbox 371 3321 1956 3394">
     <span class='ocr_line' id='line_1_63' title="bbox 371 3321 1956 3394; baseline 0.001 -18"><span class='ocrx_word' id='word_1_460' title='bbox 371 3338 493 3376; x_wconf 84' lang='lat' dir='ltr'><strong>eum</strong></span> <span class='ocrx_word' id='word_1_461' title='bbox 527 3325 576 3378; x_wconf 88' lang='lat' dir='ltr'><strong>in</strong></span> <span class='ocrx_word' id='word_1_462' title='bbox 601 3325 844 3394; x_wconf 82' lang='lat' dir='ltr'><strong>utrisque</strong></span> <span class='ocrx_word' id='word_1_463' title='bbox 873 3325 972 3383; x_wconf 82' lang='lat' dir='ltr'><strong>sibi</strong></span> <span class='ocrx_word' id='word_1_464' title='bbox 997 3326 1354 3392; x_wconf 89' lang='lat' dir='ltr'><strong>contrarium,</strong></span> <span class='ocrx_word' id='word_1_465' title='bbox 1383 3325 1466 3380; x_wconf 89' lang='lat' dir='ltr'><strong>vel</strong></span> <span class='ocrx_word' id='word_1_466' title='bbox 1488 3325 1534 3379; x_wconf 88' lang='lat' dir='ltr'><strong>si</strong></span> <span class='ocrx_word' id='word_1_467' title='bbox 1564 3325 1744 3390; x_wconf 79' lang='lat' dir='ltr'><strong>vellet,</strong></span> <span class='ocrx_word' id='word_1_468' title='bbox 1775 3321 1956 3380; x_wconf 62' lang='lat' dir='ltr'><strong>sat&#39;icta</strong></span> 
     </span>
    </p>
   </div>
   <div class='ocr_carea' id='block_1_64' title="bbox 373 3414 1954 3493">
    <p class='ocr_par' dir='ltr' id='par_1_64' title="bbox 373 3414 1954 3493">
     <span class='ocr_line' id='line_1_64' title="bbox 373 3414 1954 3493; baseline 0.004 -27"><span class='ocrx_word' id='word_1_469' title='bbox 373 3414 610 3484; x_wconf 81' lang='lat' dir='ltr'><strong>synodus</strong></span> <span class='ocrx_word' id='word_1_470' title='bbox 632 3416 782 3486; x_wconf 73' lang='lat' dir='ltr'><strong>sequi</strong></span> <span class='ocrx_word' id='word_1_471' title='bbox 820 3432 926 3474; x_wconf 86' lang='lat' dir='ltr'><strong>non</strong></span> <span class='ocrx_word' id='word_1_472' title='bbox 959 3425 1144 3484; x_wconf 88' lang='lat' dir='ltr'><strong>posset</strong></span> <span class='ocrx_word' id='word_1_473' title='bbox 1175 3434 1186 3468; x_wconf 91' lang='lat'>:</span> <span class='ocrx_word' id='word_1_474' title='bbox 1214 3418 1265 3471; x_wconf 90' lang='lat' dir='ltr'><strong>in</strong></span> <span class='ocrx_word' id='word_1_475' title='bbox 1301 3417 1383 3471; x_wconf 79' lang='lat' dir='ltr'><strong>his</strong></span> <span class='ocrx_word' id='word_1_476' title='bbox 1413 3433 1535 3471; x_wconf 90' lang='lat' dir='ltr'><strong>eum</strong></span> <span class='ocrx_word' id='word_1_477' title='bbox 1567 3416 1718 3493; x_wconf 86' lang='lat' dir='ltr'><strong>sequi</strong></span> <span class='ocrx_word' id='word_1_478' title='bbox 1751 3417 1954 3483; x_wconf 84' lang='lat' dir='ltr'><strong>debuit,</strong></span> 
     </span>
    </p>
   </div>
   <div class='ocr_carea' id='block_1_65' title="bbox 374 3508 1956 3580">
    <p class='ocr_par' dir='ltr' id='par_1_65' title="bbox 374 3508 1956 3580">
     <span class='ocr_line' id='line_1_65' title="bbox 374 3508 1956 3580; baseline 0.003 -21"><span class='ocrx_word' id='word_1_479' title='bbox 374 3508 640 3577; x_wconf 86' lang='lat' dir='ltr'><strong>inquibus</strong></span> <span class='ocrx_word' id='word_1_480' title='bbox 677 3525 780 3568; x_wconf 92' lang='lat' dir='ltr'><strong>non</strong></span> <span class='ocrx_word' id='word_1_481' title='bbox 831 3511 1107 3580; x_wconf 84' lang='lat' dir='ltr'><strong>impugnat</strong></span> <span class='ocrx_word' id='word_1_482' title='bbox 1155 3511 1381 3564; x_wconf 89' lang='lat' dir='ltr'><strong>aliorum</strong></span> <span class='ocrx_word' id='word_1_483' title='bbox 1413 3513 1706 3565; x_wconf 79' lang='lat' dir='ltr'><strong>sententias</strong></span> <span class='ocrx_word' id='word_1_484' title='bbox 1741 3511 1956 3564; x_wconf 79' lang='lat' dir='ltr'><strong>Patrum</strong></span> 
     </span>
    </p>
   </div>
   <div class='ocr_carea' id='block_1_66' title="bbox 377 3598 1956 3670">
    <p class='ocr_par' dir='ltr' id='par_1_66' title="bbox 377 3598 1956 3670">
     <span class='ocr_line' id='line_1_66' title="bbox 377 3598 1956 3670; baseline 0.001 -17"><span class='ocrx_word' id='word_1_485' title='bbox 377 3598 743 3668; x_wconf 69' lang='grc' dir='ltr'><strong>Εςοιρεὶίεψιε</strong></span> <span class='ocrx_word' id='word_1_486' title='bbox 787 3600 1070 3670; x_wconf 86' lang='lat' dir='ltr'><strong>judicium.</strong></span> <span class='ocrx_word' id='word_1_487' title='bbox 1103 3600 1155 3655; x_wconf 72' lang='lat' dir='ltr'><strong>Si</strong></span> <span class='ocrx_word' id='word_1_488' title='bbox 1205 3616 1333 3656; x_wconf 85' lang='lat' dir='ltr'><strong>vero</strong></span> <span class='ocrx_word' id='word_1_489' title='bbox 1380 3612 1564 3654; x_wconf 76' lang='lat' dir='ltr'><strong>neutra</strong></span> <span class='ocrx_word' id='word_1_490' title='bbox 1597 3601 1737 3656; x_wconf 87' lang='lat' dir='ltr'><strong>beati</strong></span> <span class='ocrx_word' id='word_1_491' title='bbox 1771 3600 1956 3670; x_wconf 85' lang='lat' dir='ltr'><strong>Cyrilli</strong></span> 
     </span>
    </p>
   </div>
   <div class='ocr_carea' id='block_1_67' title="bbox 373 3692 1958 3760">
    <p class='ocr_par' dir='ltr' id='par_1_67' title="bbox 373 3692 1958 3760">
     <span class='ocr_line' id='line_1_67' title="bbox 373 3692 1958 3760; baseline 0.001 -16"><span class='ocrx_word' id='word_1_492' title='bbox 373 3704 494 3745; x_wconf 89' lang='lat' dir='ltr'><strong>csse</strong></span> <span class='ocrx_word' id='word_1_493' title='bbox 522 3692 794 3756; x_wconf 87' lang='lat' dir='ltr'><strong>dicentur,</strong></span> <span class='ocrx_word' id='word_1_494' title='bbox 841 3692 973 3746; x_wconf 88' lang='lat' dir='ltr'><strong>nihil</strong></span> <span class='ocrx_word' id='word_1_495' title='bbox 1003 3702 1086 3747; x_wconf 90' lang='lat' dir='ltr'><strong>est</strong></span> <span class='ocrx_word' id='word_1_496' title='bbox 1129 3708 1224 3748; x_wconf 90' lang='lat' dir='ltr'><strong>cur</strong></span> <span class='ocrx_word' id='word_1_497' title='bbox 1264 3704 1447 3751; x_wconf 85' lang='lat' dir='ltr'><strong>sancta</strong></span> <span class='ocrx_word' id='word_1_498' title='bbox 1483 3694 1720 3760; x_wconf 72' lang='lat' dir='ltr'><strong>synodus</strong></span> <span class='ocrx_word' id='word_1_499' title='bbox 1745 3701 1958 3760; x_wconf 89' lang='lat' dir='ltr'><strong>putetur</strong></span> 
     </span>
    </p>
   </div>
   <div class='ocr_carea' id='block_1_68' title="bbox 375 3783 1957 3853">
    <p class='ocr_par' dir='ltr' id='par_1_68' title="bbox 375 3783 1957 3853">
     <span class='ocr_line' id='line_1_68' title="bbox 375 3783 1957 3853; baseline 0.002 -18"><span class='ocrx_word' id='word_1_500' title='bbox 375 3783 686 3853; x_wconf 86' lang='lat' dir='ltr'><strong>impugnare</strong></span> <span class='ocrx_word' id='word_1_501' title='bbox 735 3783 991 3838; x_wconf 88' lang='lat' dir='ltr'><strong>debuisse</strong></span> <span class='ocrx_word' id='word_1_502' title='bbox 1062 3792 1330 3837; x_wconf 89' lang='lat' dir='ltr'><strong>tantorum</strong></span> <span class='ocrx_word' id='word_1_503' title='bbox 1384 3784 1684 3837; x_wconf 84' lang='lat' dir='ltr'><strong>sententias</strong></span> <span class='ocrx_word' id='word_1_504' title='bbox 1743 3785 1957 3838; x_wconf 87' lang='lat' dir='ltr'><strong>Patrum</strong></span> 
     </span>
    </p>
   </div>
   <div class='ocr_carea' id='block_1_69' title="bbox 377 3872 1961 3942">
    <p class='ocr_par' dir='ltr' id='par_1_69' title="bbox 377 3872 1961 3942">
     <span class='ocr_line' id='line_1_69' title="bbox 377 3872 1961 3942; baseline 0.001 -16"><span class='ocrx_word' id='word_1_505' title='bbox 377 3872 1021 3942; x_wconf 50' lang='lat' dir='ltr'><strong>Ecclesia‘quejudiciutn.</strong></span> <span class='ocrx_word' id='word_1_506' title='bbox 1037 3873 1130 3927; x_wconf 91' lang='lat' dir='ltr'><strong>Sin</strong></span> <span class='ocrx_word' id='word_1_507' title='bbox 1151 3883 1326 3926; x_wconf 88' lang='lat' dir='ltr'><strong>autem</strong></span> <span class='ocrx_word' id='word_1_508' title='bbox 1345 3873 1602 3926; x_wconf 89' lang='lat' dir='ltr'><strong>alterutra</strong></span> <span class='ocrx_word' id='word_1_509' title='bbox 1617 3888 1802 3926; x_wconf 87' lang='lat' dir='ltr'><strong>eormn</strong></span> <span class='ocrx_word' id='word_1_510' title='bbox 1821 3875 1961 3927; x_wconf 85' lang='lat' dir='ltr'><strong>beati</strong></span> 
     </span>
    </p>
   </div>
   <div class='ocr_carea' id='block_1_70' title="bbox 374 3963 1960 4035">
    <p class='ocr_par' dir='ltr' id='par_1_70' title="bbox 374 3963 1960 4035">
     <span class='ocr_line' id='line_1_70' title="bbox 374 3963 1960 4035; baseline 0.001 -17"><span class='ocrx_word' id='word_1_511' title='bbox 374 3963 556 4033; x_wconf 79' lang='lat' dir='ltr'><strong>Cyrilli</strong></span> <span class='ocrx_word' id='word_1_512' title='bbox 605 3979 727 4018; x_wconf 87' lang='lat' dir='ltr'><strong>esse</strong></span> <span class='ocrx_word' id='word_1_513' title='bbox 769 3965 1040 4029; x_wconf 88' lang='lat' dir='ltr'><strong>dicentur,</strong></span> <span class='ocrx_word' id='word_1_514' title='bbox 1075 3964 1335 4018; x_wconf 83' lang='lat' dir='ltr'><strong>laudanda</strong></span> <span class='ocrx_word' id='word_1_515' title='bbox 1379 3977 1460 4018; x_wconf 87' lang='lat' dir='ltr'><strong>est</strong></span> <span class='ocrx_word' id='word_1_516' title='bbox 1503 3974 1686 4017; x_wconf 74' lang='lat' dir='ltr'><strong>santt-t</strong></span> <span class='ocrx_word' id='word_1_517' title='bbox 1723 3967 1960 4035; x_wconf 79' lang='lat' dir='ltr'><strong>synodus</strong></span> 
     </span>
    </p>
   </div>
   <div class='ocr_carea' id='block_1_71' title="bbox 375 4054 1958 4126">
    <p class='ocr_par' dir='ltr' id='par_1_71' title="bbox 375 4054 1958 4126">
     <span class='ocr_line' id='line_1_71' title="bbox 375 4054 1958 4126; baseline 0.001 -19"><span class='ocrx_word' id='word_1_518' title='bbox 375 4055 513 4124; x_wconf 90' lang='lat' dir='ltr'><strong>quod</strong></span> <span class='ocrx_word' id='word_1_519' title='bbox 533 4055 619 4108; x_wconf 82' lang='lat' dir='ltr'><strong>illa</strong></span> <span class='ocrx_word' id='word_1_520' title='bbox 643 4054 761 4126; x_wconf 83' lang='lat' dir='ltr'><strong>ejus</strong></span> <span class='ocrx_word' id='word_1_521' title='bbox 789 4069 910 4110; x_wconf 88' lang='lat' dir='ltr'><strong>esse</strong></span> <span class='ocrx_word' id='word_1_522' title='bbox 933 4071 1005 4108; x_wconf 57' lang='lat' dir='ltr'><strong>cr.</strong></span> <span class='ocrx_word' id='word_1_523' title='bbox 1026 4054 1180 4114; x_wconf 89' lang='lat' dir='ltr'><strong>didit,</strong></span> <span class='ocrx_word' id='word_1_524' title='bbox 1207 4069 1326 4123; x_wconf 77' lang='lat' dir='ltr'><strong>qua:</strong></span> <span class='ocrx_word' id='word_1_525' title='bbox 1351 4070 1452 4107; x_wconf 89' lang='lat' dir='ltr'><strong>non</strong></span> <span class='ocrx_word' id='word_1_526' title='bbox 1482 4055 1792 4122; x_wconf 72' lang='lat' dir='ltr'><strong>itnjttgnant</strong></span> <span class='ocrx_word' id='word_1_527' title='bbox 1821 4057 1958 4109; x_wconf 88' lang='lat' dir='ltr'><strong>alio-</strong></span> 
     </span>
    </p>
   </div>
   <div class='ocr_carea' id='block_1_72' title="bbox 373 4145 1965 4223">
    <p class='ocr_par' dir='ltr' id='par_1_72' title="bbox 373 4145 1965 4223">
     <span class='ocr_line' id='line_1_72' title="bbox 373 4145 1965 4223; baseline -0.001 -21"><span class='ocrx_word' id='word_1_528' title='bbox 373 4162 491 4202; x_wconf 80' lang='lat' dir='ltr'><strong>rum</strong></span> <span class='ocrx_word' id='word_1_529' title='bbox 534 4147 830 4223; x_wconf 83' lang='lat' dir='ltr'><strong>sententias</strong></span> <span class='ocrx_word' id='word_1_530' title='bbox 853 4146 1071 4202; x_wconf 85' lang='lat' dir='ltr'><strong>Patrum</strong></span> <span class='ocrx_word' id='word_1_531' title='bbox 1108 4146 1470 4213; x_wconf 72' lang='lat' dir='ltr'><strong>Ecclesia:th</strong></span> <span class='ocrx_word' id='word_1_532' title='bbox 1494 4145 1775 4214; x_wconf 77' lang='lat' dir='ltr'><strong>judeiutn.</strong></span> <span class='ocrx_word' id='word_1_533' title='bbox 1808 4145 1965 4216; x_wconf 82' lang='lat' dir='ltr'><strong>Quod</strong></span> 
     </span>
    </p>
   </div>
   <div class='ocr_carea' id='block_1_73' title="bbox 373 4237 1961 4309">
    <p class='ocr_par' dir='ltr' id='par_1_73' title="bbox 373 4237 1961 4309">
     <span class='ocr_line' id='line_1_73' title="bbox 373 4237 1961 4309; baseline 0 -16"><span class='ocrx_word' id='word_1_534' title='bbox 373 4240 416 4293; x_wconf 88' lang='lat' dir='ltr'><strong>si</strong></span> <span class='ocrx_word' id='word_1_535' title='bbox 445 4238 604 4294; x_wconf 86' lang='lat' dir='ltr'><strong>etiam</strong></span> <span class='ocrx_word' id='word_1_536' title='bbox 630 4241 810 4309; x_wconf 82' lang='lat' dir='ltr'><strong>aliquo</strong></span> <span class='ocrx_word' id='word_1_537' title='bbox 841 4246 990 4294; x_wconf 86' lang='lat' dir='ltr'><strong>certo</strong></span> <span class='ocrx_word' id='word_1_538' title='bbox 1020 4247 1074 4297; x_wconf 86' lang='lat' dir='ltr'><strong>et</strong></span> <span class='ocrx_word' id='word_1_539' title='bbox 1107 4237 1386 4291; x_wconf 84' lang='lat' dir='ltr'><strong>manifesto</strong></span> <span class='ocrx_word' id='word_1_540' title='bbox 1421 4238 1618 4292; x_wconf 86' lang='lat' dir='ltr'><strong>indicio</strong></span> <span class='ocrx_word' id='word_1_541' title='bbox 1643 4238 1961 4306; x_wconf 84' lang='lat' dir='ltr'><strong>probaretur</strong></span> 
     </span>
    </p>
   </div>
   <div class='ocr_carea' id='block_1_74' title="bbox 374 4329 1955 4399">
    <p class='ocr_par' dir='ltr' id='par_1_74' title="bbox 374 4329 1955 4399">
     <span class='ocr_line' id='line_1_74' title="bbox 374 4329 1955 4399; baseline -0.001 -15"><span class='ocrx_word' id='word_1_542' title='bbox 374 4332 511 4399; x_wconf 89' lang='lat' dir='ltr'><strong>quod</strong></span> <span class='ocrx_word' id='word_1_543' title='bbox 545 4331 630 4385; x_wconf 90' lang='lat' dir='ltr'><strong>illa</strong></span> <span class='ocrx_word' id='word_1_544' title='bbox 658 4341 846 4386; x_wconf 87' lang='lat' dir='ltr'><strong>contra</strong></span> <span class='ocrx_word' id='word_1_545' title='bbox 877 4330 1218 4384; x_wconf 83' lang='lat' dir='ltr'><strong>Theodorum</strong></span> <span class='ocrx_word' id='word_1_546' title='bbox 1251 4331 1426 4398; x_wconf 87' lang='lat' dir='ltr'><strong>potius</strong></span> <span class='ocrx_word' id='word_1_547' title='bbox 1451 4345 1613 4398; x_wconf 86' lang='lat' dir='ltr'><strong>quam</strong></span> <span class='ocrx_word' id='word_1_548' title='bbox 1640 4337 1740 4397; x_wconf 83' lang='lat' dir='ltr'><strong>pro</strong></span> <span class='ocrx_word' id='word_1_549' title='bbox 1775 4329 1857 4382; x_wconf 86' lang='lat' dir='ltr'><strong>Th</strong></span> <span class='ocrx_word' id='word_1_550' title='bbox 1895 4348 1955 4384; x_wconf 89' lang='lat' dir='ltr'><strong>o-</strong></span> 
     </span>
    </p>
   </div>
   <div class='ocr_carea' id='block_1_75' title="bbox 373 4419 1960 4494">
    <p class='ocr_par' dir='ltr' id='par_1_75' title="bbox 373 4419 1960 4494">
     <span class='ocr_line' id='line_1_75' title="bbox 373 4419 1960 4494; baseline -0.003 -16"><span class='ocrx_word' id='word_1_551' title='bbox 373 4427 503 4479; x_wconf 89' lang='lat' dir='ltr'><strong>doro</strong></span> <span class='ocrx_word' id='word_1_552' title='bbox 555 4425 752 4494; x_wconf 87' lang='lat' dir='ltr'><strong>scripta</strong></span> <span class='ocrx_word' id='word_1_553' title='bbox 803 4424 943 4479; x_wconf 87' lang='lat' dir='ltr'><strong>beati</strong></span> <span class='ocrx_word' id='word_1_554' title='bbox 985 4423 1171 4493; x_wconf 83' lang='lat' dir='ltr'><strong>Cyrilli</strong></span> <span class='ocrx_word' id='word_1_555' title='bbox 1202 4422 1330 4487; x_wconf 89' lang='lat' dir='ltr'><strong>sint,</strong></span> <span class='ocrx_word' id='word_1_556' title='bbox 1377 4422 1536 4491; x_wconf 90' lang='lat' dir='ltr'><strong>idque</strong></span> <span class='ocrx_word' id='word_1_557' title='bbox 1580 4419 1960 4477; x_wconf 83' lang='lat' dir='ltr'><strong>ostenderetur</strong></span> 
     </span>
    </p>
   </div>
   <div class='ocr_carea' id='block_1_76' title="bbox 2061 3217 3641 3288">
    <p class='ocr_par' dir='ltr' id='par_1_76' title="bbox 2061 3217 3641 3288">
     <span class='ocr_line' id='line_1_76' title="bbox 2061 3217 3641 3288; baseline 0.004 -20"><span class='ocrx_word' id='word_1_558' title='bbox 2061 3217 2361 3282; x_wconf 82' lang='lat' dir='ltr'><strong>Stripsisse,</strong></span> <span class='ocrx_word' id='word_1_559' title='bbox 2417 3225 2473 3269; x_wconf 94' lang='lat' dir='ltr'><strong>ut</strong></span> <span class='ocrx_word' id='word_1_560' title='bbox 2502 3233 2566 3269; x_wconf 80' lang='lat' dir='ltr'><strong>ex</strong></span> <span class='ocrx_word' id='word_1_561' title='bbox 2629 3219 2870 3288; x_wconf 82' lang='lat' dir='ltr'><strong>catalogo</strong></span> <span class='ocrx_word' id='word_1_562' title='bbox 2900 3221 3273 3288; x_wconf 73' lang='lat' dir='ltr'><strong>episcoporum</strong></span> <span class='ocrx_word' id='word_1_563' title='bbox 3309 3238 3500 3274; x_wconf 88' lang='lat' dir='ltr'><strong>nomen</strong></span> <span class='ocrx_word' id='word_1_564' title='bbox 3525 3238 3641 3288; x_wconf 43' lang='lat' dir='ltr'><strong>eius</strong></span> 
     </span>
    </p>
   </div>
   <div class='ocr_carea' id='block_1_77' title="bbox 2061 3310 3641 3383">
    <p class='ocr_par' dir='ltr' id='par_1_77' title="bbox 2061 3310 3641 3383">
     <span class='ocr_line' id='line_1_77' title="bbox 2061 3310 3641 3383; baseline 0.003 -20"><span class='ocrx_word' id='word_1_565' title='bbox 2061 3310 2266 3364; x_wconf 74' lang='lat' dir='ltr'><strong>Atticus</strong></span> <span class='ocrx_word' id='word_1_566' title='bbox 2296 3311 2580 3379; x_wconf 81' lang='lat' dir='ltr'><strong>episcopus</strong></span> <span class='ocrx_word' id='word_1_567' title='bbox 2602 3311 2817 3380; x_wconf 86' lang='lat' dir='ltr'><strong>jnberet</strong></span> <span class='ocrx_word' id='word_1_568' title='bbox 2845 3313 3064 3374; x_wconf 86' lang='lat' dir='ltr'><strong>auferri,</strong></span> <span class='ocrx_word' id='word_1_569' title='bbox 3091 3315 3239 3383; x_wconf 61' lang='lat' dir='ltr'><strong>quad</strong></span> <span class='ocrx_word' id='word_1_570' title='bbox 3275 3313 3475 3382; x_wconf 82' lang='lat' dir='ltr'><strong>profani</strong></span> <span class='ocrx_word' id='word_1_571' title='bbox 3500 3327 3552 3370; x_wconf 88' lang='lat' dir='ltr'><strong>et</strong></span> <span class='ocrx_word' id='word_1_572' title='bbox 3575 3318 3641 3368; x_wconf 85' lang='lat' dir='ltr'><strong>ah</strong></span> 
     </span>
    </p>
   </div>
   <div class='ocr_carea' id='block_1_78' title="bbox 2062 3397 3644 3475">
    <p class='ocr_par' dir='ltr' id='par_1_78' title="bbox 2062 3397 3644 3475">
     <span class='ocr_line' id='line_1_78' title="bbox 2062 3397 3644 3475; baseline 0.004 -21"><span class='ocrx_word' id='word_1_573' title='bbox 2062 3400 2446 3462; x_wconf 71' lang='lat' dir='ltr'><strong>ecclesiasdcis</strong></span> <span class='ocrx_word' id='word_1_574' title='bbox 2479 3397 2661 3456; x_wconf 86' lang='lat' dir='ltr'><strong>muris</strong></span> <span class='ocrx_word' id='word_1_575' title='bbox 2698 3403 2920 3468; x_wconf 80' lang='lat' dir='ltr'><strong>exclusi,</strong></span> <span class='ocrx_word' id='word_1_576' title='bbox 2953 3419 3018 3458; x_wconf 89' lang='lat' dir='ltr'><strong>eo</strong></span> <span class='ocrx_word' id='word_1_577' title='bbox 3060 3404 3202 3473; x_wconf 86' lang='lat' dir='ltr'><strong>quod</strong></span> <span class='ocrx_word' id='word_1_578' title='bbox 3236 3421 3337 3458; x_wconf 83' lang='lat' dir='ltr'><strong>non</strong></span> <span class='ocrx_word' id='word_1_579' title='bbox 3369 3417 3644 3475; x_wconf 83' lang='lat' dir='ltr'><strong>eporIcret</strong></span> 
     </span>
    </p>
   </div>
   <div class='ocr_carea' id='block_1_79' title="bbox 2064 3495 3645 3575">
    <p class='ocr_par' dir='ltr' id='par_1_79' title="bbox 2064 3495 3645 3575">
     <span class='ocr_line' id='line_1_79' title="bbox 2064 3495 3645 3575; baseline 0.007 -27"><span class='ocrx_word' id='word_1_580' title='bbox 2064 3496 2373 3553; x_wconf 88' lang='lat' dir='ltr'><strong>traditorem</strong></span> <span class='ocrx_word' id='word_1_581' title='bbox 2421 3495 2612 3551; x_wconf 83' lang='lat' dir='ltr'><strong>Judam</strong></span> <span class='ocrx_word' id='word_1_582' title='bbox 2666 3499 3008 3553; x_wconf 89' lang='lat' dir='ltr'><strong>ascrihicutn</strong></span> <span class='ocrx_word' id='word_1_583' title='bbox 3049 3502 3527 3575; x_wconf 56' lang='lat' dir='ltr'><strong>apostollsmeque</strong></span> <span class='ocrx_word' id='word_1_584' title='bbox 3556 3504 3645 3558; x_wconf 81' lang='lat' dir='ltr'><strong>Je-</strong></span> 
     </span>
    </p>
   </div>
   <div class='ocr_carea' id='block_1_80' title="bbox 2061 3588 3646 3657">
    <p class='ocr_par' dir='ltr' id='par_1_80' title="bbox 2061 3588 3646 3657">
     <span class='ocr_line' id='line_1_80' title="bbox 2061 3588 3646 3657; baseline 0.004 -14"><span class='ocrx_word' id='word_1_585' title='bbox 2061 3588 2310 3644; x_wconf 88' lang='lat' dir='ltr'><strong>choniatu</strong></span> <span class='ocrx_word' id='word_1_586' title='bbox 2367 3589 2647 3657; x_wconf 71' lang='lat' dir='ltr'><strong>expulsum</strong></span> <span class='ocrx_word' id='word_1_587' title='bbox 2699 3595 3074 3646; x_wconf 86' lang='lat' dir='ltr'><strong>connumerari</strong></span> <span class='ocrx_word' id='word_1_588' title='bbox 3122 3610 3240 3646; x_wconf 87' lang='lat' dir='ltr'><strong>cum</strong></span> <span class='ocrx_word' id='word_1_589' title='bbox 3277 3594 3442 3648; x_wconf 78' lang='lat' dir='ltr'><strong>David</strong></span> <span class='ocrx_word' id='word_1_590' title='bbox 3468 3603 3522 3650; x_wconf 86' lang='lat' dir='ltr'><strong>et</strong></span> <span class='ocrx_word' id='word_1_591' title='bbox 3552 3597 3646 3650; x_wconf 74' lang='lat' dir='ltr'><strong>Sa-</strong></span> 
     </span>
    </p>
   </div>
   <div class='ocr_carea' id='block_1_81' title="bbox 2065 3683 3647 3758">
    <p class='ocr_par' dir='ltr' id='par_1_81' title="bbox 2065 3683 3647 3758">
     <span class='ocr_line' id='line_1_81' title="bbox 2065 3683 3647 3758; baseline 0.004 -20"><span class='ocrx_word' id='word_1_592' title='bbox 2065 3686 2240 3739; x_wconf 71' lang='lat' dir='ltr'><strong>niue&#39;e</strong></span> <span class='ocrx_word' id='word_1_593' title='bbox 2271 3693 2327 3738; x_wconf 91' lang='lat' dir='ltr'><strong>ct</strong></span> <span class='ocrx_word' id='word_1_594' title='bbox 2378 3685 2700 3753; x_wconf 56' lang='lat' dir='ltr'><strong>protihetis?</strong></span> <span class='ocrx_word' id='word_1_595' title='bbox 2730 3701 2889 3756; x_wconf 91' lang='lat' dir='ltr'><strong>quem</strong></span> <span class='ocrx_word' id='word_1_596' title='bbox 2941 3698 3161 3741; x_wconf 85' lang='lat' dir='ltr'><strong>noverat</strong></span> <span class='ocrx_word' id='word_1_597' title='bbox 3194 3690 3351 3741; x_wconf 86' lang='lat' dir='ltr'><strong>etiam</strong></span> <span class='ocrx_word' id='word_1_598' title='bbox 3395 3683 3647 3758; x_wconf 55' lang='lat' dir='ltr'><strong>prdidit-to</strong></span> 
     </span>
    </p>
   </div>
   <div class='ocr_carea' id='block_1_82' title="bbox 2061 3775 3645 3847">
    <p class='ocr_par' dir='ltr' id='par_1_82' title="bbox 2061 3775 3645 3847">
     <span class='ocr_line' id='line_1_82' title="bbox 2061 3775 3645 3847; baseline 0.004 -17"><span class='ocrx_word' id='word_1_599' title='bbox 2061 3775 2350 3830; x_wconf 85' lang='lat' dir='ltr'><strong>Theodoro</strong></span> <span class='ocrx_word' id='word_1_600' title='bbox 2372 3778 2814 3844; x_wconf 88' lang='lat' dir='ltr'><strong>conuuunieasse,</strong></span> <span class='ocrx_word' id='word_1_601' title='bbox 2841 3777 3014 3832; x_wconf 86' lang='lat' dir='ltr'><strong>donec</strong></span> <span class='ocrx_word' id='word_1_602' title='bbox 3039 3787 3346 3845; x_wconf 49' lang='lat' dir='ltr'><strong>superesset</strong></span> <span class='ocrx_word' id='word_1_603' title='bbox 3365 3822 3381 3847; x_wconf 86' lang='lat'><strong>,</strong></span> <span class='ocrx_word' id='word_1_604' title='bbox 3426 3795 3523 3835; x_wconf 89' lang='lat' dir='ltr'><strong>nec</strong></span> <span class='ocrx_word' id='word_1_605' title='bbox 3553 3800 3645 3836; x_wconf 86' lang='lat' dir='ltr'><strong>nu-</strong></span> 
     </span>
    </p>
   </div>
   <div class='ocr_carea' id='block_1_83' title="bbox 2063 3869 3645 3940">
    <p class='ocr_par' dir='ltr' id='par_1_83' title="bbox 2063 3869 3645 3940">
     <span class='ocr_line' id='line_1_83' title="bbox 2063 3869 3645 3940; baseline 0.006 -20"><span class='ocrx_word' id='word_1_606' title='bbox 2063 3884 2220 3936; x_wconf 88' lang='lat' dir='ltr'><strong>quatu</strong></span> <span class='ocrx_word' id='word_1_607' title='bbox 2275 3869 2602 3936; x_wconf 73' lang='lat' dir='ltr'><strong>corripuisse</strong></span> <span class='ocrx_word' id='word_1_608' title='bbox 2651 3870 2941 3935; x_wconf 87' lang='lat' dir='ltr'><strong>viventem,</strong></span> <span class='ocrx_word' id='word_1_609' title='bbox 2992 3871 3204 3940; x_wconf 90' lang='lat' dir='ltr'><strong>quando</strong></span> <span class='ocrx_word' id='word_1_610' title='bbox 3231 3883 3285 3926; x_wconf 90' lang='lat' dir='ltr'><strong>et</strong></span> <span class='ocrx_word' id='word_1_611' title='bbox 3341 3874 3645 3938; x_wconf 76' lang='lat' dir='ltr'><strong>ipseiuter-</strong></span> 
     </span>
    </p>
   </div>
   <div class='ocr_carea' id='block_1_84' title="bbox 2067 3957 3648 4038">
    <p class='ocr_par' dir='ltr' id='par_1_84' title="bbox 2067 3957 3648 4038">
     <span class='ocr_line' id='line_1_84' title="bbox 2067 3957 3648 4038; baseline 0.007 -30"><span class='ocrx_word' id='word_1_612' title='bbox 2067 3960 2263 4026; x_wconf 87' lang='lat' dir='ltr'><strong>pretari</strong></span> <span class='ocrx_word' id='word_1_613' title='bbox 2297 3959 2644 4027; x_wconf 86' lang='lat' dir='ltr'><strong>semetipsum</strong></span> <span class='ocrx_word' id='word_1_614' title='bbox 2675 3969 2896 4038; x_wconf 75' lang='lat' dir='ltr'><strong>pOSSet,</strong></span> <span class='ocrx_word' id='word_1_615' title='bbox 2928 3971 2977 4014; x_wconf 88' lang='lat' dir='ltr'><strong>et</strong></span> <span class='ocrx_word' id='word_1_616' title='bbox 3014 3971 3218 4015; x_wconf 88' lang='lat' dir='ltr'><strong>certum</strong></span> <span class='ocrx_word' id='word_1_617' title='bbox 3247 3964 3425 4019; x_wconf 72' lang='lat' dir='ltr'><strong>facere</strong></span> <span class='ocrx_word' id='word_1_618' title='bbox 3455 3957 3498 4018; x_wconf 82' lang='lat' dir='ltr'><strong>si</strong></span> <span class='ocrx_word' id='word_1_619' title='bbox 3525 3967 3648 4034; x_wconf 83' lang='lat' dir='ltr'><strong>quid</strong></span> 
     </span>
    </p>
   </div>
   <div class='ocr_carea' id='block_1_85' title="bbox 2065 4052 3648 4131">
    <p class='ocr_par' dir='ltr' id='par_1_85' title="bbox 2065 4052 3648 4131">
     <span class='ocr_line' id='line_1_85' title="bbox 2065 4052 3648 4131; baseline 0.003 -24"><span class='ocrx_word' id='word_1_620' title='bbox 2065 4054 2116 4107; x_wconf 89' lang='lat' dir='ltr'><strong>in</strong></span> <span class='ocrx_word' id='word_1_621' title='bbox 2150 4054 2244 4106; x_wconf 89' lang='lat' dir='ltr'><strong>illo</strong></span> <span class='ocrx_word' id='word_1_622' title='bbox 2273 4052 2494 4105; x_wconf 62' lang='lat' dir='ltr'><strong>tluhi&#39;nu</strong></span> <span class='ocrx_word' id='word_1_623' title='bbox 2547 4055 2860 4108; x_wconf 83' lang='lat' dir='ltr'><strong>videretur?</strong></span> <span class='ocrx_word' id='word_1_624' title='bbox 2892 4056 3157 4126; x_wconf 78' lang='lat' dir='ltr'><strong>Religiose</strong></span> <span class='ocrx_word' id='word_1_625' title='bbox 3188 4061 3366 4130; x_wconf 76' lang='lat' dir='ltr'><strong>itaque</strong></span> <span class='ocrx_word' id='word_1_626' title='bbox 3411 4063 3648 4131; x_wconf 74' lang='lat' dir='ltr'><strong>synodus</strong></span> 
     </span>
    </p>
   </div>
   <div class='ocr_carea' id='block_1_86' title="bbox 2066 4148 3642 4221">
    <p class='ocr_par' dir='ltr' id='par_1_86' title="bbox 2066 4148 3642 4221">
     <span class='ocr_line' id='line_1_86' title="bbox 2066 4148 3642 4221; baseline 0.005 -22"><span class='ocrx_word' id='word_1_627' title='bbox 2066 4163 2202 4216; x_wconf 71' lang='lat' dir='ltr'><strong>ager.</strong></span> <span class='ocrx_word' id='word_1_628' title='bbox 2228 4156 2266 4210; x_wconf 91' lang='lat' dir='ltr'><strong>t,</strong></span> <span class='ocrx_word' id='word_1_629' title='bbox 2297 4148 2360 4208; x_wconf 70' lang='lat' dir='ltr'><strong>si,</strong></span> <span class='ocrx_word' id='word_1_630' title='bbox 2391 4150 2544 4199; x_wconf 87' lang='lat' dir='ltr'><strong>Iidem</strong></span> <span class='ocrx_word' id='word_1_631' title='bbox 2577 4149 2756 4218; x_wconf 71' lang='lat' dir='ltr'><strong>tiyrilii</strong></span> <span class='ocrx_word' id='word_1_632' title='bbox 2784 4150 3083 4215; x_wconf 78' lang='lat' dir='ltr'><strong>apptoltans</strong></span> <span class='ocrx_word' id='word_1_633' title='bbox 3109 4152 3159 4204; x_wconf 89' lang='lat' dir='ltr'><strong>in</strong></span> <span class='ocrx_word' id='word_1_634' title='bbox 3183 4168 3284 4221; x_wconf 88' lang='lat' dir='ltr'><strong>qua</strong></span> <span class='ocrx_word' id='word_1_635' title='bbox 3319 4170 3422 4208; x_wconf 91' lang='lat' dir='ltr'><strong>non</strong></span> <span class='ocrx_word' id='word_1_636' title='bbox 3444 4156 3642 4210; x_wconf 84' lang='lat' dir='ltr'><strong>dissen-</strong></span> 
     </span>
    </p>
   </div>
   <div class='ocr_carea' id='block_1_87' title="bbox 2066 4237 3648 4309">
    <p class='ocr_par' dir='ltr' id='par_1_87' title="bbox 2066 4237 3648 4309">
     <span class='ocr_line' id='line_1_87' title="bbox 2066 4237 3648 4309; baseline 0.008 -19"><span class='ocrx_word' id='word_1_637' title='bbox 2066 4240 2132 4290; x_wconf 75' lang='lat' dir='ltr'><strong>sit</strong></span> <span class='ocrx_word' id='word_1_638' title='bbox 2166 4254 2192 4290; x_wconf 91' lang='lat' dir='ltr'><strong>a</strong></span> <span class='ocrx_word' id='word_1_639' title='bbox 2227 4237 2489 4300; x_wconf 66' lang='lat' dir='ltr'><strong>l‘atrilnts,</strong></span> <span class='ocrx_word' id='word_1_640' title='bbox 2543 4239 2903 4304; x_wconf 55' lang='lat' dir='ltr'><strong>suspicionem</strong></span> <span class='ocrx_word' id='word_1_641' title='bbox 2935 4241 3051 4309; x_wconf 79' lang='lat' dir='ltr'><strong>ejus</strong></span> <span class='ocrx_word' id='word_1_642' title='bbox 3079 4259 3235 4309; x_wconf 77' lang='lat' dir='ltr'><strong>quam</strong></span> <span class='ocrx_word' id='word_1_643' title='bbox 3267 4245 3333 4298; x_wconf 84' lang='lat' dir='ltr'><strong>de</strong></span> <span class='ocrx_word' id='word_1_644' title='bbox 3361 4247 3648 4303; x_wconf 78' lang='lat' dir='ltr'><strong>&#39;l‘heodoro</strong></span> 
     </span>
    </p>
   </div>
   <div class='ocr_carea' id='block_1_88' title="bbox 2051 4329 3648 4406">
    <p class='ocr_par' dir='ltr' id='par_1_88' title="bbox 2051 4329 3648 4406">
     <span class='ocr_line' id='line_1_88' title="bbox 2051 4329 3648 4406; baseline 0.011 -30"><span class='ocrx_word' id='word_1_645' title='bbox 2051 4339 2252 4394; x_wconf 58' lang='lat' dir='ltr'><strong>contra</strong></span> <span class='ocrx_word' id='word_1_646' title='bbox 2284 4337 2549 4386; x_wconf 83' lang='lat' dir='ltr'><strong>tanto-unt</strong></span> <span class='ocrx_word' id='word_1_647' title='bbox 2590 4329 2804 4381; x_wconf 66' lang='lat' dir='ltr'><strong>Patrum</strong></span> <span class='ocrx_word' id='word_1_648' title='bbox 2847 4332 3138 4386; x_wconf 76' lang='lat' dir='ltr'><strong>Scttlcltllas</strong></span> <span class='ocrx_word' id='word_1_649' title='bbox 3170 4333 3372 4401; x_wconf 88' lang='lat' dir='ltr'><strong>habuit,</strong></span> <span class='ocrx_word' id='word_1_650' title='bbox 3403 4352 3503 4391; x_wconf 76' lang='lat' dir='ltr'><strong>ton</strong></span> <span class='ocrx_word' id='word_1_651' title='bbox 3530 4353 3648 4406; x_wconf 89' lang='lat' dir='ltr'><strong>pro-</strong></span> 
     </span>
    </p>
   </div>
   <div class='ocr_carea' id='block_1_89' title="bbox 2071 4422 3648 4516">
    <p class='ocr_par' dir='ltr' id='par_1_89' title="bbox 2071 4422 3648 4516">
     <span class='ocr_line' id='line_1_89' title="bbox 2071 4422 3648 4516; baseline 0.006 -44"><span class='ocrx_word' id='word_1_652' title='bbox 2071 4422 2250 4485; x_wconf 84' lang='lat' dir='ltr'><strong>baret;</strong></span> <span class='ocrx_word' id='word_1_653' title='bbox 2287 4422 2423 4474; x_wconf 61' lang='lat' dir='ltr'><strong>sit-ut</strong></span> <span class='ocrx_word' id='word_1_654' title='bbox 2474 4424 2632 4474; x_wconf 74' lang='lat' dir='ltr'><strong>etiam</strong></span> <span class='ocrx_word' id='word_1_655' title='bbox 2670 4422 2826 4477; x_wconf 82' lang='lat' dir='ltr'><strong>fidem</strong></span> <span class='ocrx_word' id='word_1_656' title='bbox 2857 4423 3077 4478; x_wconf 82' lang='lat' dir='ltr'><strong>Joannis</strong></span> <span class='ocrx_word' id='word_1_657' title='bbox 3113 4427 3429 4484; x_wconf 83' lang='lat' dir='ltr'><strong>Antiocheui</strong></span> <span class='ocrx_word' id='word_1_658' title='bbox 3467 4439 3648 4516; x_wconf 61' lang='lat' dir='ltr'><strong>eteae.-</strong></span> 
     </span>
    </p>
   </div>
   <div class='ocr_carea' id='block_1_90' title="bbox 372 4499 3648 4588">
    <p class='ocr_par' dir='ltr' id='par_1_90' title="bbox 372 4499 3648 4588">
     <span class='ocr_line' id='line_1_90' title="bbox 372 4499 3648 4588; baseline 0 -18"><span class='ocrx_word' id='word_1_659' title='bbox 372 4516 511 4586; x_wconf 88' lang='lat' dir='ltr'><strong>quod</strong></span> <span class='ocrx_word' id='word_1_660' title='bbox 541 4519 784 4572; x_wconf 90' lang='lat' dir='ltr'><strong>eamdem</strong></span> <span class='ocrx_word' id='word_1_661' title='bbox 813 4516 1078 4588; x_wconf 88' lang='lat' dir='ltr'><strong>synodum</strong></span> <span class='ocrx_word' id='word_1_662' title='bbox 1110 4515 1329 4570; x_wconf 87' lang='lat' dir='ltr'><strong>minime</strong></span> <span class='ocrx_word' id='word_1_663' title='bbox 1356 4517 1522 4569; x_wconf 89' lang='lat' dir='ltr'><strong>latere</strong></span> <span class='ocrx_word' id='word_1_664' title='bbox 1546 4513 1771 4583; x_wconf 89' lang='lat' dir='ltr'><strong>potuerit</strong></span> <span class='ocrx_word' id='word_1_665' title='bbox 1801 4532 1818 4567; x_wconf 86' lang='grc'><strong>;-</strong></span> <span class='ocrx_word' id='word_1_666' title='bbox 1837 4517 1955 4584; x_wconf 82' lang='lat' dir='ltr'><strong>quis</strong></span> <span class='ocrx_word' id='word_1_667' title='bbox 1986 4499 2036 4559; x_wconf 82' lang='grc' dir='ltr'>Ῑ)</span> <span class='ocrx_word' id='word_1_668' title='bbox 2065 4523 2296 4568; x_wconf 79' lang='lat' dir='ltr'><strong>terorutu</strong></span> <span class='ocrx_word' id='word_1_669' title='bbox 2350 4512 2708 4578; x_wconf 70' lang='lat' dir='ltr'><strong>orientalium,</strong></span> <span class='ocrx_word' id='word_1_670' title='bbox 2783 4527 2942 4584; x_wconf 75' lang='lat' dir='ltr'><strong>atque</strong></span> <span class='ocrx_word' id='word_1_671' title='bbox 2996 4515 3226 4570; x_wconf 89' lang='lat' dir='ltr'><strong>aliorum</strong></span> <span class='ocrx_word' id='word_1_672' title='bbox 3269 4519 3355 4588; x_wconf 88' lang='lat' dir='ltr'><strong>qui</strong></span> <span class='ocrx_word' id='word_1_673' title='bbox 3399 4499 3518 4574; x_wconf 73' lang='lat' dir='ltr'><strong>cum</strong></span> <span class='ocrx_word' id='word_1_674' title='bbox 3567 4523 3648 4577; x_wconf 83' lang='lat' dir='ltr'><strong>eis</strong></span> 
     </span>
    </p>
   </div>
   <div class='ocr_carea' id='block_1_91' title="bbox 370 4606 1955 4678">
    <p class='ocr_par' dir='ltr' id='par_1_91' title="bbox 370 4606 1955 4678">
     <span class='ocr_line' id='line_1_91' title="bbox 370 4606 1955 4678; baseline -0.003 -14"><span class='ocrx_word' id='word_1_675' title='bbox 370 4624 486 4664; x_wconf 86' lang='lat' dir='ltr'><strong>eam</strong></span> <span class='ocrx_word' id='word_1_676' title='bbox 542 4609 620 4663; x_wconf 87' lang='lat' dir='ltr'><strong>sic</strong></span> <span class='ocrx_word' id='word_1_677' title='bbox 660 4623 873 4678; x_wconf 83' lang='lat' dir='ltr'><strong>quoque</strong></span> <span class='ocrx_word' id='word_1_678' title='bbox 913 4609 1175 4676; x_wconf 86' lang='lat' dir='ltr'><strong>culparet,</strong></span> <span class='ocrx_word' id='word_1_679' title='bbox 1215 4607 1355 4676; x_wconf 89' lang='lat' dir='ltr'><strong>quod</strong></span> <span class='ocrx_word' id='word_1_680' title='bbox 1388 4606 1732 4662; x_wconf 85' lang='lat' dir='ltr'><strong>Theodorum</strong></span> <span class='ocrx_word' id='word_1_681' title='bbox 1765 4623 1873 4660; x_wconf 87' lang='lat' dir='ltr'><strong>tton</strong></span> <span class='ocrx_word' id='word_1_682' title='bbox 1901 4615 1955 4660; x_wconf 88' lang='lat' dir='ltr'><strong>et</strong></span> 
     </span>
    </p>
   </div>
   <div class='ocr_carea' id='block_1_92' title="bbox 370 4700 1953 4772">
    <p class='ocr_par' dir='ltr' id='par_1_92' title="bbox 370 4700 1953 4772">
     <span class='ocr_line' id='line_1_92' title="bbox 370 4700 1953 4772; baseline -0.001 -18"><span class='ocrx_word' id='word_1_683' title='bbox 370 4701 478 4768; x_wconf 87' lang='lat' dir='ltr'><strong>ipsa</strong></span> <span class='ocrx_word' id='word_1_684' title='bbox 527 4701 802 4769; x_wconf 82' lang='lat' dir='ltr'><strong>culpavit?</strong></span> <span class='ocrx_word' id='word_1_685' title='bbox 850 4701 980 4756; x_wconf 82' lang='lat' dir='ltr'><strong>Nam</strong></span> <span class='ocrx_word' id='word_1_686' title='bbox 1022 4703 1198 4757; x_wconf 87' lang='lat' dir='ltr'><strong>credis</strong></span> <span class='ocrx_word' id='word_1_687' title='bbox 1242 4702 1429 4772; x_wconf 86' lang='lat' dir='ltr'><strong>Cyrilli</strong></span> <span class='ocrx_word' id='word_1_688' title='bbox 1476 4715 1596 4755; x_wconf 82' lang='lat' dir='ltr'><strong>esse</strong></span> <span class='ocrx_word' id='word_1_689' title='bbox 1628 4700 1716 4755; x_wconf 91' lang='lat' dir='ltr'><strong>illa</strong></span> <span class='ocrx_word' id='word_1_690' title='bbox 1767 4711 1953 4754; x_wconf 89' lang='lat' dir='ltr'><strong>contra</strong></span> 
     </span>
    </p>
   </div>
   <div class='ocr_carea' id='block_1_93' title="bbox 371 4789 1950 4862">
    <p class='ocr_par' dir='ltr' id='par_1_93' title="bbox 371 4789 1950 4862">
     <span class='ocr_line' id='line_1_93' title="bbox 371 4789 1950 4862; baseline 0.003 -22"><span class='ocrx_word' id='word_1_691' title='bbox 371 4789 714 4844; x_wconf 79' lang='lat' dir='ltr'><strong>Theodorum</strong></span> <span class='ocrx_word' id='word_1_692' title='bbox 770 4792 990 4862; x_wconf 88' lang='lat' dir='ltr'><strong>scripta,</strong></span> <span class='ocrx_word' id='word_1_693' title='bbox 1049 4794 1101 4846; x_wconf 92' lang='lat' dir='ltr'><strong>in</strong></span> <span class='ocrx_word' id='word_1_694' title='bbox 1132 4793 1324 4860; x_wconf 88' lang='lat' dir='ltr'><strong>quibus</strong></span> <span class='ocrx_word' id='word_1_695' title='bbox 1374 4802 1550 4845; x_wconf 87' lang='lat' dir='ltr'><strong>tamen</strong></span> <span class='ocrx_word' id='word_1_696' title='bbox 1600 4793 1800 4846; x_wconf 80' lang='lat' dir='ltr'><strong>dictum</strong></span> <span class='ocrx_word' id='word_1_697' title='bbox 1827 4801 1950 4846; x_wconf 89' lang='lat' dir='ltr'><strong>est:</strong></span> 
     </span>
    </p>
   </div>
   <div class='ocr_carea' id='block_1_94' title="bbox 376 4878 1952 4952">
    <p class='ocr_par' dir='ltr' id='par_1_94' title="bbox 376 4878 1952 4952">
     <span class='ocr_line' id='line_1_94' title="bbox 376 4878 1952 4952; baseline 0.004 -22"><span class='ocrx_word' id='word_1_698' title='bbox 376 4898 391 4930; x_wconf 82' lang='lat' dir='ltr'><strong>t</strong></span> <span class='ocrx_word' id='word_1_699' title='bbox 431 4878 628 4946; x_wconf 88' lang='lat' dir='ltr'><strong>Scripti</strong></span> <span class='ocrx_word' id='word_1_700' title='bbox 659 4889 783 4934; x_wconf 89' lang='lat' dir='ltr'><strong>sunt</strong></span> <span class='ocrx_word' id='word_1_701' title='bbox 811 4895 837 4933; x_wconf 89' lang='lat' dir='ltr'><strong>a</strong></span> <span class='ocrx_word' id='word_1_702' title='bbox 869 4895 1060 4952; x_wconf 80' lang='lat' dir='ltr'><strong>magno</strong></span> <span class='ocrx_word' id='word_1_703' title='bbox 1088 4881 1375 4934; x_wconf 77' lang='lat' dir='ltr'><strong>Theodoto</strong></span> <span class='ocrx_word' id='word_1_704' title='bbox 1404 4885 1662 4935; x_wconf 70' lang='lat' dir='ltr'><strong>adversus</strong></span> <span class='ocrx_word' id='word_1_705' title='bbox 1723 4883 1952 4935; x_wconf 78' lang='lat' dir='ltr'><strong>Ariano-</strong></span> 
     </span>
    </p>
   </div>
   <div class='ocr_carea' id='block_1_95' title="bbox 371 4968 1951 5036">
    <p class='ocr_par' dir='ltr' id='par_1_95' title="bbox 371 4968 1951 5036">
     <span class='ocr_line' id='line_1_95' title="bbox 371 4968 1951 5036; baseline 0.004 -15"><span class='ocrx_word' id='word_1_706' title='bbox 371 4985 485 5022; x_wconf 89' lang='lat' dir='ltr'><strong>rum</strong></span> <span class='ocrx_word' id='word_1_707' title='bbox 518 4979 573 5021; x_wconf 90' lang='lat' dir='ltr'><strong>et</strong></span> <span class='ocrx_word' id='word_1_708' title='bbox 629 4968 1082 5024; x_wconf 86' lang='lat' dir='ltr'><strong>Eunomianorum</strong></span> <span class='ocrx_word' id='word_1_709' title='bbox 1132 4974 1364 5026; x_wconf 67' lang='lat' dir='ltr'><strong>hmreses</strong></span> <span class='ocrx_word' id='word_1_710' title='bbox 1411 4973 1481 5026; x_wconf 71' lang='lat'><strong>‘20</strong></span> <span class='ocrx_word' id='word_1_711' title='bbox 1515 4973 1647 5026; x_wconf 69' lang='lat' dir='ltr'><strong>[orte</strong></span> <span class='ocrx_word' id='word_1_712' title='bbox 1697 4983 1751 5025; x_wconf 88' lang='lat' dir='ltr'><strong>et</strong></span> <span class='ocrx_word' id='word_1_713' title='bbox 1783 4976 1951 5036; x_wconf 83' lang='lat' dir='ltr'><strong>adhuc</strong></span> 
     </span>
    </p>
   </div>
   <div class='ocr_carea' id='block_1_96' title="bbox 368 5059 1956 5132">
    <p class='ocr_par' dir='ltr' id='par_1_96' title="bbox 368 5059 1956 5132">
     <span class='ocr_line' id='line_1_96' title="bbox 368 5059 1956 5132; baseline 0.001 -19"><span class='ocrx_word' id='word_1_714' title='bbox 368 5060 597 5128; x_wconf 83' lang='lat' dir='ltr'><strong>amplius</strong></span> <span class='ocrx_word' id='word_1_715' title='bbox 634 5059 784 5124; x_wconf 90' lang='lat' dir='ltr'><strong>libri;</strong></span> <span class='ocrx_word' id='word_1_716' title='bbox 827 5071 879 5114; x_wconf 87' lang='lat' dir='ltr'><strong>et</strong></span> <span class='ocrx_word' id='word_1_717' title='bbox 907 5062 1014 5114; x_wconf 86' lang='lat' dir='ltr'><strong>alia</strong></span> <span class='ocrx_word' id='word_1_718' title='bbox 1051 5072 1242 5130; x_wconf 62' lang='lat' dir='ltr'><strong>praeter</strong></span> <span class='ocrx_word' id='word_1_719' title='bbox 1275 5064 1389 5116; x_wconf 84' lang='lat' dir='ltr'><strong>haec</strong></span> <span class='ocrx_word' id='word_1_720' title='bbox 1419 5064 1721 5131; x_wconf 76' lang='lat' dir='ltr'><strong>evangelica</strong></span> <span class='ocrx_word' id='word_1_721' title='bbox 1749 5073 1797 5116; x_wconf 90' lang='lat' dir='ltr'><strong>ct</strong></span> <span class='ocrx_word' id='word_1_722' title='bbox 1824 5079 1956 5132; x_wconf 78' lang='lat' dir='ltr'><strong>apu-</strong></span> 
     </span>
    </p>
   </div>
   <div class='ocr_carea' id='block_1_97' title="bbox 339 5145 1954 5236">
    <p class='ocr_par' dir='ltr' id='par_1_97' title="bbox 339 5145 1954 5236">
     <span class='ocr_line' id='line_1_97' title="bbox 339 5145 1954 5236; baseline -0.001 -28"><span class='ocrx_word' id='word_1_723' title='bbox 339 5145 555 5236; x_wconf 39' lang='lat' dir='ltr'><strong>ystolica</strong></span> <span class='ocrx_word' id='word_1_724' title='bbox 585 5149 782 5224; x_wconf 80' lang='lat' dir='ltr'><strong>scripta</strong></span> <span class='ocrx_word' id='word_1_725' title='bbox 839 5155 1222 5222; x_wconf 87' lang='lat' dir='ltr'><strong>interpretatus</strong></span> <span class='ocrx_word' id='word_1_726' title='bbox 1253 5163 1354 5212; x_wconf 90' lang='lat' dir='ltr'><strong>est.</strong></span> <span class='ocrx_word' id='word_1_727' title='bbox 1392 5155 1459 5207; x_wconf 82' lang='lat' dir='ltr'><strong>Et</strong></span> <span class='ocrx_word' id='word_1_728' title='bbox 1507 5155 1606 5208; x_wconf 90' lang='lat' dir='ltr'><strong>hos</strong></span> <span class='ocrx_word' id='word_1_729' title='bbox 1635 5155 1848 5221; x_wconf 78' lang='lat' dir='ltr'><strong>qttldctt&#39;t</strong></span> <span class='ocrx_word' id='word_1_730' title='bbox 1879 5157 1954 5206; x_wconf 83' lang='lat' dir='ltr'><strong>la-</strong></span> 
     </span>
    </p>
   </div>
   <div class='ocr_carea' id='block_1_98' title="bbox 341 5245 1962 5315">
    <p class='ocr_par' dir='ltr' id='par_1_98' title="bbox 341 5245 1962 5315">
     <span class='ocr_line' id='line_1_98' title="bbox 341 5245 1962 5315; baseline -0.001 -12"><span class='ocrx_word' id='word_1_731' title='bbox 341 5245 343 5252; x_wconf 63' lang='grc'><em>“</em></span> <span class='ocrx_word' id='word_1_732' title='bbox 369 5253 524 5304; x_wconf 81' lang='lat' dir='ltr'><strong>bores</strong></span> <span class='ocrx_word' id='word_1_733' title='bbox 558 5248 737 5303; x_wconf 92' lang='lat' dir='ltr'><strong>nullus</strong></span> <span class='ocrx_word' id='word_1_734' title='bbox 759 5262 923 5303; x_wconf 88' lang='lat' dir='ltr'><strong>ausus</strong></span> <span class='ocrx_word' id='word_1_735' title='bbox 956 5258 1039 5302; x_wconf 87' lang='lat' dir='ltr'><strong>est</strong></span> <span class='ocrx_word' id='word_1_736' title='bbox 1065 5247 1366 5315; x_wconf 85' lang='lat' dir='ltr'><strong>increpare,</strong></span> <span class='ocrx_word' id='word_1_737' title='bbox 1398 5247 1493 5301; x_wconf 89' lang='lat' dir='ltr'><strong>sed</strong></span> <span class='ocrx_word' id='word_1_738' title='bbox 1520 5249 1712 5302; x_wconf 86' lang='lat' dir='ltr'><strong>dextro</strong></span> <span class='ocrx_word' id='word_1_739' title='bbox 1741 5247 1962 5302; x_wconf 85' lang='lat' dir='ltr'><strong>decreto</strong></span> 
     </span>
    </p>
   </div>
   <div class='ocr_carea' id='block_1_99' title="bbox 370 5337 1961 5409">
    <p class='ocr_par' dir='ltr' id='par_1_99' title="bbox 370 5337 1961 5409">
     <span class='ocr_line' id='line_1_99' title="bbox 370 5337 1961 5409; baseline -0.001 -16"><span class='ocrx_word' id='word_1_740' title='bbox 370 5343 643 5396; x_wconf 86' lang='lat' dir='ltr'><strong>honorare</strong></span> <span class='ocrx_word' id='word_1_741' title='bbox 669 5341 908 5396; x_wconf 88' lang='lat' dir='ltr'><strong>studium</strong></span> <span class='ocrx_word' id='word_1_742' title='bbox 949 5348 1228 5395; x_wconf 22' lang='lat' dir='ltr'><strong>rectorum,</strong></span> <span class='ocrx_word' id='word_1_743' title='bbox 1265 5337 1573 5407; x_wconf 85' lang='lat' dir='ltr'><strong>dogtnatum</strong></span> <span class='ocrx_word' id='word_1_744' title='bbox 1623 5339 1762 5409; x_wconf 88' lang='lat' dir='ltr'><strong>quod</strong></span> <span class='ocrx_word' id='word_1_745' title='bbox 1798 5339 1851 5392; x_wconf 90' lang='lat' dir='ltr'><strong>in</strong></span> <span class='ocrx_word' id='word_1_746' title='bbox 1879 5339 1961 5394; x_wconf 89' lang='lat' dir='ltr'><strong>eis</strong></span> 
     </span>
    </p>
   </div>
   <div class='ocr_carea' id='block_1_100' title="bbox 365 5424 1964 5506">
    <p class='ocr_par' dir='ltr' id='par_1_100' title="bbox 365 5424 1964 5506">
     <span class='ocr_line' id='line_1_100' title="bbox 365 5424 1964 5506; baseline 0 -20"><span class='ocrx_word' id='word_1_747' title='bbox 365 5440 468 5488; x_wconf 81' lang='lat' dir='ltr'><strong>est.‘</strong></span> <span class='ocrx_word' id='word_1_748' title='bbox 513 5453 534 5491; x_wconf 71' lang='grc' dir='ltr'><strong><em>ι</em></strong></span> <span class='ocrx_word' id='word_1_749' title='bbox 568 5433 848 5500; x_wconf 81' lang='lat' dir='ltr'><strong>Quomodo</strong></span> <span class='ocrx_word' id='word_1_750' title='bbox 879 5424 1520 5500; x_wconf 17' lang='lat' dir='ltr'><strong>Theodorum‘culparet,</strong></span> <span class='ocrx_word' id='word_1_751' title='bbox 1562 5432 1721 5506; x_wconf 81' lang='lat' dir='ltr'><strong>velut</strong></span> <span class='ocrx_word' id='word_1_752' title='bbox 1771 5430 1964 5486; x_wconf 78' lang='lat' dir='ltr'><strong>Nesto-</strong></span> 
     </span>
    </p>
   </div>
   <div class='ocr_carea' id='block_1_101' title="bbox 367 5522 1964 5596">
    <p class='ocr_par' dir='ltr' id='par_1_101' title="bbox 367 5522 1964 5596">
     <span class='ocr_line' id='line_1_101' title="bbox 367 5522 1964 5596; baseline 0.001 -19"><span class='ocrx_word' id='word_1_753' title='bbox 367 5526 437 5577; x_wconf 86' lang='lat' dir='ltr'><strong>ria</strong></span> <span class='ocrx_word' id='word_1_754' title='bbox 455 5539 537 5582; x_wconf 76' lang='lat' dir='ltr'><strong>na:</strong></span> <span class='ocrx_word' id='word_1_755' title='bbox 569 5526 653 5580; x_wconf 85' lang='lat' dir='ltr'><strong>vel</strong></span> <span class='ocrx_word' id='word_1_756' title='bbox 683 5524 974 5596; x_wconf 86' lang='lat' dir='ltr'><strong>cujuslibet</strong></span> <span class='ocrx_word' id='word_1_757' title='bbox 1005 5522 1227 5578; x_wconf 79' lang='lat' dir='ltr'><strong>haeresis</strong></span> <span class='ocrx_word' id='word_1_758' title='bbox 1249 5524 1609 5590; x_wconf 85' lang='lat' dir='ltr'><strong>inventorem,</strong></span> <span class='ocrx_word' id='word_1_759' title='bbox 1643 5539 1762 5579; x_wconf 92' lang='lat' dir='ltr'><strong>cum</strong></span> <span class='ocrx_word' id='word_1_760' title='bbox 1791 5539 1964 5594; x_wconf 88' lang='lat' dir='ltr'><strong>neque</strong></span> 
     </span>
    </p>
   </div>
   <div class='ocr_carea' id='block_1_102' title="bbox 448 5701 1320 5772">
    <p class='ocr_par' dir='ltr' id='par_1_102' title="bbox 448 5701 1320 5772">
     <span class='ocr_line' id='line_1_102' title="bbox 448 5701 1320 5772; baseline -0.002 -19"><span class='ocrx_word' id='word_1_761' title='bbox 448 5706 467 5734; x_wconf 75' lang='grc' dir='ltr'>ι</span> <span class='ocrx_word' id='word_1_762' title='bbox 487 5703 618 5756; x_wconf 75' lang='lat' dir='ltr'><strong>Cod.</strong></span> <span class='ocrx_word' id='word_1_763' title='bbox 652 5703 847 5760; x_wconf 83' lang='lat' dir='ltr'><strong>Veron.</strong></span> <span class='ocrx_word' id='word_1_764' title='bbox 864 5745 876 5766; x_wconf 92' lang='lat'><strong>,</strong></span> <span class='ocrx_word' id='word_1_765' title='bbox 902 5719 1096 5772; x_wconf 71' lang='lat' dir='ltr'><strong>utagna’</strong></span> <span class='ocrx_word' id='word_1_766' title='bbox 1119 5701 1320 5770; x_wconf 66' lang='lat' dir='ltr'><strong>synrdi.</strong></span> 
     </span>
    </p>
   </div>
   <div class='ocr_carea' id='block_1_103' title="bbox 449 5771 1961 5841">
    <p class='ocr_par' dir='ltr' id='par_1_103' title="bbox 449 5771 1961 5841">
     <span class='ocr_line' id='line_1_103' title="bbox 449 5771 1961 5841; baseline -0.005 -11"><span class='ocrx_word' id='word_1_767' title='bbox 449 5775 638 5841; x_wconf 47' lang='lat' dir='ltr'><strong>iidem</strong></span> <span class='ocrx_word' id='word_1_768' title='bbox 667 5775 808 5834; x_wconf 64' lang='lat' dir='ltr'><strong>Cod.</strong></span> <span class='ocrx_word' id='word_1_769' title='bbox 865 5793 922 5830; x_wconf 76' lang='lat' dir='ltr'><strong>ne</strong></span> <span class='ocrx_word' id='word_1_770' title='bbox 981 5775 1220 5827; x_wconf 66' lang='lat' dir='ltr'><strong>’amiltnri</strong></span> <span class='ocrx_word' id='word_1_771' title='bbox 1260 5787 1486 5825; x_wconf 73' lang='lat' dir='ltr'><strong>srr-monr</strong></span> <span class='ocrx_word' id='word_1_772' title='bbox 1519 5771 1578 5826; x_wconf 80' lang='lat' dir='ltr'><strong>de</strong></span> <span class='ocrx_word' id='word_1_773' title='bbox 1616 5772 1810 5826; x_wconf 78' lang='lat' dir='ltr'><strong>ratione</strong></span> <span class='ocrx_word' id='word_1_774' title='bbox 1836 5771 1961 5830; x_wconf 77' lang='lat' dir='ltr'><strong>ﬁdei</strong></span> 
     </span>
    </p>
   </div>
   <div class='ocr_carea' id='block_1_104' title="bbox 2064 4604 3648 4676">
    <p class='ocr_par' dir='ltr' id='par_1_104' title="bbox 2064 4604 3648 4676">
     <span class='ocr_line' id='line_1_104' title="bbox 2064 4604 3648 4676; baseline 0.004 -19"><span class='ocrx_word' id='word_1_775' title='bbox 2064 4605 2328 4673; x_wconf 67' lang='lat' dir='ltr'><strong>liphesmu</strong></span> <span class='ocrx_word' id='word_1_776' title='bbox 2355 4621 2416 4658; x_wconf 81' lang='lat' dir='ltr'><strong>rx</strong></span> <span class='ocrx_word' id='word_1_777' title='bbox 2447 4604 2675 4658; x_wconf 59' lang='lat' dir='ltr'><strong>diversis</strong></span> <span class='ocrx_word' id='word_1_778' title='bbox 2704 4608 2987 4674; x_wconf 69' lang='lat' dir='ltr'><strong>provinciis</strong></span> <span class='ocrx_word' id='word_1_779' title='bbox 3012 4618 3375 4664; x_wconf 79' lang='lat' dir='ltr'><strong>convenerant</strong></span> <span class='ocrx_word' id='word_1_780' title='bbox 3398 4613 3648 4676; x_wconf 77' lang='lat' dir='ltr'><strong>sacerdo-</strong></span> 
     </span>
    </p>
   </div>
   <div class='ocr_carea' id='block_1_105' title="bbox 2062 4698 3644 4770">
    <p class='ocr_par' dir='ltr' id='par_1_105' title="bbox 2062 4698 3644 4770">
     <span class='ocr_line' id='line_1_105' title="bbox 2062 4698 3644 4770; baseline 0.004 -19"><span class='ocrx_word' id='word_1_781' title='bbox 2062 4709 2171 4758; x_wconf 86' lang='lat' dir='ltr'><strong>tum</strong></span> <span class='ocrx_word' id='word_1_782' title='bbox 2200 4698 2526 4769; x_wconf 74' lang='lat' dir='ltr'><strong>approbatis,</strong></span> <span class='ocrx_word' id='word_1_783' title='bbox 2562 4698 2612 4750; x_wconf 92' lang='lat' dir='ltr'><strong>in</strong></span> <span class='ocrx_word' id='word_1_784' title='bbox 2645 4714 2745 4766; x_wconf 89' lang='lat' dir='ltr'><strong>qua</strong></span> <span class='ocrx_word' id='word_1_785' title='bbox 2785 4715 2888 4754; x_wconf 90' lang='lat' dir='ltr'><strong>non</strong></span> <span class='ocrx_word' id='word_1_786' title='bbox 2918 4699 3287 4756; x_wconf 77' lang='lat' dir='ltr'><strong>dissenserunt</strong></span> <span class='ocrx_word' id='word_1_787' title='bbox 3313 4719 3341 4756; x_wconf 91' lang='lat' dir='ltr'><strong>a</strong></span> <span class='ocrx_word' id='word_1_788' title='bbox 3378 4703 3644 4770; x_wconf 76' lang='lat' dir='ltr'><strong>Patrihus,</strong></span> 
     </span>
    </p>
   </div>
   <div class='ocr_carea' id='block_1_106' title="bbox 2063 4793 3647 4871">
    <p class='ocr_par' dir='ltr' id='par_1_106' title="bbox 2063 4793 3647 4871">
     <span class='ocr_line' id='line_1_106' title="bbox 2063 4793 3647 4871; baseline 0.003 -24"><span class='ocrx_word' id='word_1_789' title='bbox 2063 4793 2647 4871; x_wconf 36' lang='lat' dir='ltr'><strong>suspiczouetu‘eorutu</strong></span> <span class='ocrx_word' id='word_1_790' title='bbox 2699 4807 2856 4860; x_wconf 75' lang='lat' dir='ltr'><strong>quam</strong></span> <span class='ocrx_word' id='word_1_791' title='bbox 2899 4794 2966 4847; x_wconf 85' lang='lat' dir='ltr'><strong>de</strong></span> <span class='ocrx_word' id='word_1_792' title='bbox 2999 4796 3112 4860; x_wconf 86' lang='lat' dir='ltr'><strong>ipso</strong></span> <span class='ocrx_word' id='word_1_793' title='bbox 3140 4796 3295 4850; x_wconf 85' lang='lat' dir='ltr'><strong>beato</strong></span> <span class='ocrx_word' id='word_1_794' title='bbox 3319 4797 3519 4868; x_wconf 82' lang='lat' dir='ltr'><strong>Cyrillo</strong></span> <span class='ocrx_word' id='word_1_795' title='bbox 3553 4800 3647 4854; x_wconf 74' lang='lat' dir='ltr'><strong>ha~</strong></span> 
     </span>
    </p>
   </div>
   <div class='ocr_carea' id='block_1_107' title="bbox 2065 4885 3648 4956">
    <p class='ocr_par' dir='ltr' id='par_1_107' title="bbox 2065 4885 3648 4956">
     <span class='ocr_line' id='line_1_107' title="bbox 2065 4885 3648 4956; baseline 0.006 -18"><span class='ocrx_word' id='word_1_796' title='bbox 2065 4886 2293 4939; x_wconf 89' lang='lat' dir='ltr'><strong>buerant</strong></span> <span class='ocrx_word' id='word_1_797' title='bbox 2345 4885 2668 4954; x_wconf 77' lang='lat' dir='ltr'><strong>improbavit</strong></span> <span class='ocrx_word' id='word_1_798' title='bbox 2709 4903 2720 4937; x_wconf 87' lang='lat'><strong>:</strong></span> <span class='ocrx_word' id='word_1_799' title='bbox 2764 4887 3058 4953; x_wconf 66' lang='lat' dir='ltr'><strong>prtcset&#39;tim</strong></span> <span class='ocrx_word' id='word_1_800' title='bbox 3109 4889 3230 4956; x_wconf 81' lang='lat' dir='ltr'><strong>quia</strong></span> <span class='ocrx_word' id='word_1_801' title='bbox 3259 4890 3301 4942; x_wconf 91' lang='lat' dir='ltr'><strong>si</strong></span> <span class='ocrx_word' id='word_1_802' title='bbox 3354 4890 3648 4956; x_wconf 77' lang='lat' dir='ltr'><strong>credidi:.se</strong></span> 
     </span>
    </p>
   </div>
   <div class='ocr_carea' id='block_1_108' title="bbox 2063 4976 3648 5046">
    <p class='ocr_par' dir='ltr' id='par_1_108' title="bbox 2063 4976 3648 5046">
     <span class='ocr_line' id='line_1_108' title="bbox 2063 4976 3648 5046; baseline 0.006 -18"><span class='ocrx_word' id='word_1_803' title='bbox 2063 4977 2271 5030; x_wconf 87' lang='lat' dir='ltr'><strong>dicatur</strong></span> <span class='ocrx_word' id='word_1_804' title='bbox 2319 4976 2405 5029; x_wconf 87' lang='lat' dir='ltr'><strong>illa</strong></span> <span class='ocrx_word' id='word_1_805' title='bbox 2452 4977 2689 5046; x_wconf 83' lang='lat' dir='ltr'><strong>synodus</strong></span> <span class='ocrx_word' id='word_1_806' title='bbox 2760 4978 3191 5045; x_wconf 65' lang='grc' dir='ltr'><strong>Μειμειιυδιθηυη]</strong></span> <span class='ocrx_word' id='word_1_807' title='bbox 3223 4979 3565 5036; x_wconf 84' lang='lat' dir='ltr'><strong>Theodorum</strong></span> <span class='ocrx_word' id='word_1_808' title='bbox 3622 5002 3648 5036; x_wconf 87' lang='lat' dir='ltr'><strong>a</strong></span> 
     </span>
    </p>
   </div>
   <div class='ocr_carea' id='block_1_109' title="bbox 2065 5067 3648 5140">
    <p class='ocr_par' dir='ltr' id='par_1_109' title="bbox 2065 5067 3648 5140">
     <span class='ocr_line' id='line_1_109' title="bbox 2065 5067 3648 5140; baseline 0.005 -20"><span class='ocrx_word' id='word_1_809' title='bbox 2065 5067 2218 5120; x_wconf 83' lang='lat' dir='ltr'><strong>beato</strong></span> <span class='ocrx_word' id='word_1_810' title='bbox 2242 5067 2441 5137; x_wconf 73' lang='lat' dir='ltr'><strong>(lyrillo</strong></span> <span class='ocrx_word' id='word_1_811' title='bbox 2467 5071 2758 5137; x_wconf 81' lang='lat' dir='ltr'><strong>culpatum,</strong></span> <span class='ocrx_word' id='word_1_812' title='bbox 2793 5072 2969 5138; x_wconf 81' lang='lat' dir='ltr'><strong>negari</strong></span> <span class='ocrx_word' id='word_1_813' title='bbox 2998 5085 3100 5122; x_wconf 91' lang='lat' dir='ltr'><strong>non</strong></span> <span class='ocrx_word' id='word_1_814' title='bbox 3136 5070 3302 5137; x_wconf 80' lang='lat' dir='ltr'><strong>pOSsit</strong></span> <span class='ocrx_word' id='word_1_815' title='bbox 3325 5071 3465 5140; x_wconf 90' lang='lat' dir='ltr'><strong>quod</strong></span> <span class='ocrx_word' id='word_1_816' title='bbox 3483 5073 3648 5128; x_wconf 87' lang='lat' dir='ltr'><strong>etiam</strong></span> 
     </span>
    </p>
   </div>
   <div class='ocr_carea' id='block_1_110' title="bbox 2063 5160 3650 5228">
    <p class='ocr_par' dir='ltr' id='par_1_110' title="bbox 2063 5160 3650 5228">
     <span class='ocr_line' id='line_1_110' title="bbox 2063 5160 3650 5228; baseline 0.007 -18"><span class='ocrx_word' id='word_1_817' title='bbox 2063 5172 2306 5212; x_wconf 87' lang='lat' dir='ltr'><strong>sanctum</strong></span> <span class='ocrx_word' id='word_1_818' title='bbox 2362 5160 2646 5216; x_wconf 83' lang='lat' dir='ltr'><strong>Diodorum</strong></span> <span class='ocrx_word' id='word_1_819' title='bbox 2696 5162 2851 5214; x_wconf 89' lang='lat' dir='ltr'><strong>simul</strong></span> <span class='ocrx_word' id='word_1_820' title='bbox 2885 5161 2951 5214; x_wconf 85' lang='lat' dir='ltr'><strong>ab</strong></span> <span class='ocrx_word' id='word_1_821' title='bbox 2995 5175 3059 5214; x_wconf 87' lang='lat' dir='ltr'><strong>eo</strong></span> <span class='ocrx_word' id='word_1_822' title='bbox 3109 5161 3496 5228; x_wconf 87' lang='lat' dir='ltr'><strong>reprehensum</strong></span> <span class='ocrx_word' id='word_1_823' title='bbox 3534 5181 3650 5220; x_wconf 64' lang='lat' dir='ltr'><strong>esse</strong></span> 
     </span>
    </p>
   </div>
   <div class='ocr_carea' id='block_1_111' title="bbox 2065 5250 3648 5320">
    <p class='ocr_par' dir='ltr' id='par_1_111' title="bbox 2065 5250 3648 5320">
     <span class='ocr_line' id='line_1_111' title="bbox 2065 5250 3648 5320; baseline 0.003 -16"><span class='ocrx_word' id='word_1_824' title='bbox 2065 5250 2369 5304; x_wconf 83' lang='lat' dir='ltr'><strong>Crediderit.</strong></span> <span class='ocrx_word' id='word_1_825' title='bbox 2426 5251 2578 5317; x_wconf 87' lang='lat' dir='ltr'><strong>Nam,</strong></span> <span class='ocrx_word' id='word_1_826' title='bbox 2636 5252 2774 5306; x_wconf 89' lang='lat' dir='ltr'><strong>sicut</strong></span> <span class='ocrx_word' id='word_1_827' title='bbox 2826 5261 3016 5320; x_wconf 85' lang='lat' dir='ltr'><strong>quarto</strong></span> <span class='ocrx_word' id='word_1_828' title='bbox 3049 5251 3186 5306; x_wconf 90' lang='lat' dir='ltr'><strong>libro</strong></span> <span class='ocrx_word' id='word_1_829' title='bbox 3209 5256 3648 5313; x_wconf 62' lang='lat' dir='ltr'><strong>memoravimtn.</strong></span> 
     </span>
    </p>
   </div>
   <div class='ocr_carea' id='block_1_112' title="bbox 2070 5343 3648 5412">
    <p class='ocr_par' dir='ltr' id='par_1_112' title="bbox 2070 5343 3648 5412">
     <span class='ocr_line' id='line_1_112' title="bbox 2070 5343 3648 5412; baseline 0.003 -19"><span class='ocrx_word' id='word_1_830' title='bbox 2070 5356 2116 5393; x_wconf 80' lang='lat' dir='ltr'><strong>n.</strong></span> <span class='ocrx_word' id='word_1_831' title='bbox 2146 5357 2205 5396; x_wconf 91' lang='lat' dir='ltr'><strong>us</strong></span> <span class='ocrx_word' id='word_1_832' title='bbox 2235 5357 2311 5397; x_wconf 84' lang='lat' dir='ltr'><strong>est</strong></span> <span class='ocrx_word' id='word_1_833' title='bbox 2341 5343 2645 5412; x_wconf 90' lang='lat' dir='ltr'><strong>quicunque</strong></span> <span class='ocrx_word' id='word_1_834' title='bbox 2672 5344 2920 5397; x_wconf 79' lang='lat' dir='ltr'><strong>credatur</strong></span> <span class='ocrx_word' id='word_1_835' title='bbox 2953 5343 3312 5411; x_wconf 85' lang='lat' dir='ltr'><strong>reprehensor</strong></span> <span class='ocrx_word' id='word_1_836' title='bbox 3341 5345 3648 5409; x_wconf 84' lang='lat' dir='ltr'><strong>amborum,</strong></span> 
     </span>
    </p>
   </div>
   <div class='ocr_carea' id='block_1_113' title="bbox 2072 5432 3653 5506">
    <p class='ocr_par' dir='ltr' id='par_1_113' title="bbox 2072 5432 3653 5506">
     <span class='ocr_line' id='line_1_113' title="bbox 2072 5432 3653 5506; baseline 0.003 -21"><span class='ocrx_word' id='word_1_837' title='bbox 2072 5433 2121 5485; x_wconf 92' lang='lat' dir='ltr'><strong>in</strong></span> <span class='ocrx_word' id='word_1_838' title='bbox 2149 5433 2336 5486; x_wconf 78' lang='lat' dir='ltr'><strong>eodem</strong></span> <span class='ocrx_word' id='word_1_839' title='bbox 2369 5449 2536 5502; x_wconf 88' lang='lat' dir='ltr'><strong>opere</strong></span> <span class='ocrx_word' id='word_1_840' title='bbox 2578 5442 2634 5488; x_wconf 89' lang='lat' dir='ltr'><strong>et</strong></span> <span class='ocrx_word' id='word_1_841' title='bbox 2664 5432 2716 5486; x_wconf 92' lang='lat' dir='ltr'><strong>in</strong></span> <span class='ocrx_word' id='word_1_842' title='bbox 2770 5433 2956 5486; x_wconf 85' lang='lat' dir='ltr'><strong>eadem</strong></span> <span class='ocrx_word' id='word_1_843' title='bbox 3021 5433 3140 5487; x_wconf 87' lang='lat' dir='ltr'><strong>tidei</strong></span> <span class='ocrx_word' id='word_1_844' title='bbox 3172 5447 3331 5489; x_wconf 87' lang='lat' dir='ltr'><strong>causa</strong></span> <span class='ocrx_word' id='word_1_845' title='bbox 3366 5436 3653 5506; x_wconf 71' lang='lat' dir='ltr'><strong>utriusque</strong></span> 
     </span>
    </p>
   </div>
   <div class='ocr_carea' id='block_1_114' title="bbox 2070 5523 3641 5603">
    <p class='ocr_par' dir='ltr' id='par_1_114' title="bbox 2070 5523 3641 5603">
     <span class='ocr_line' id='line_1_114' title="bbox 2070 5523 3641 5603; baseline 0.004 -25"><span class='ocrx_word' id='word_1_846' title='bbox 2070 5526 2267 5594; x_wconf 83' lang='lat' dir='ltr'><strong>pariter</strong></span> <span class='ocrx_word' id='word_1_847' title='bbox 2320 5526 2591 5596; x_wconf 82' lang='lat' dir='ltr'><strong>culpatis:</strong></span> <span class='ocrx_word' id='word_1_848' title='bbox 2625 5535 2678 5582; x_wconf 92' lang='lat' dir='ltr'><strong>et</strong></span> <span class='ocrx_word' id='word_1_849' title='bbox 2720 5523 2919 5579; x_wconf 90' lang='lat' dir='ltr'><strong>idcirco</strong></span> <span class='ocrx_word' id='word_1_850' title='bbox 2971 5526 3014 5582; x_wconf 83' lang='lat' dir='ltr'><strong>si</strong></span> <span class='ocrx_word' id='word_1_851' title='bbox 3067 5525 3226 5582; x_wconf 69' lang='lat' dir='ltr'><strong>nulla:</strong></span> <span class='ocrx_word' id='word_1_852' title='bbox 3283 5525 3511 5588; x_wconf 79' lang='lat' dir='ltr'><strong>fuissent</strong></span> <span class='ocrx_word' id='word_1_853' title='bbox 3559 5546 3641 5603; x_wconf 61' lang='lat' dir='ltr'><strong>pri</strong></span> 
     </span>
    </p>
   </div>
   <div class='ocr_carea' id='block_1_115' title="bbox 2071 5699 2394 5768">
    <p class='ocr_par' dir='ltr' id='par_1_115' title="bbox 2071 5699 2394 5768">
     <span class='ocr_line' id='line_1_115' title="bbox 2071 5699 2394 5768; baseline -0.003 -16"><span class='ocrx_word' id='word_1_854' title='bbox 2071 5699 2394 5768; x_wconf 52' lang='lat' dir='ltr'><strong>conferentes.</strong></span> 
     </span>
    </p>
   </div>
   <div class='ocr_carea' id='block_1_116' title="bbox 2141 5749 3467 5829">
    <p class='ocr_par' dir='ltr' id='par_1_116' title="bbox 2141 5749 3467 5829">
     <span class='ocr_line' id='line_1_116' title="bbox 2141 5749 3467 5829; baseline 0.002 -7"><span class='ocrx_word' id='word_1_855' title='bbox 2141 5749 2332 5824; x_wconf 58' lang='lat' dir='ltr'><strong>3&#39;ldctu</strong></span> <span class='ocrx_word' id='word_1_856' title='bbox 2364 5768 2508 5826; x_wconf 64' lang='lat' dir='ltr'><strong>Cod.</strong></span> <span class='ocrx_word' id='word_1_857' title='bbox 2532 5771 2698 5828; x_wconf 67' lang='lat' dir='ltr'><strong>rortlis</strong></span> <span class='ocrx_word' id='word_1_858' title='bbox 2731 5774 2953 5829; x_wconf 63' lang='lat' dir='ltr'><strong>t&#39;arttm’it’)</strong></span> <span class='ocrx_word' id='word_1_859' title='bbox 2979 5794 3036 5828; x_wconf 68' lang='lat' dir='ltr'><strong>is.</strong></span> <span class='ocrx_word' id='word_1_860' title='bbox 3389 5749 3467 5783; x_wconf 38' lang='grc' dir='ltr'><strong><em>ἡ</em></strong></span> 
     </span>
    </p>
   </div>
  </div>
