4070 6352
579 252 677 309 731

1645 263 1939 320 FACUNDI
1983 261 2194 320 liPlSC.
2236 263 2733 330 ﬂEliMlANENSIS

3737 303 3822 358 ΤΞ

576 374 862 433 Theodoro
892 378 1104 432 Patrum
1156 381 1453 445 sententiae,
1485 395 1614 449 quas
1656 382 1838 450 procul
1869 381 2032 436 dubio
2060 395 2146 450 sy-
2178 378 2233 440 Α
2258 381 2570 444 Nestor-iano
2590 392 2835 462 dogmate
2858 399 3167 456 criminari?
3192 404 3309 461 Non
3333 424 3384 459 at
3403 408 3574 466 bitror
3589 418 3718 482 quod
3737 421 3818 476 Ιιυρ

580 467 752 522 nudus
777 470 1126 538 impugnaret,
1153 469 1196 522 si
1229 485 1350 524 eum
1389 469 1752 525 condemnare
1777 482 2149 540 pra'sumcret;

578 560 917 627 perspicuum
962 569 1044 613 est
1086 561 1226 630 quod
1272 562 1414 627 juste
1465 579 1571 617 non
1609 575 1787 632 posset
1815 564 2014 632 absque
2041 579 2151 616 ma-

575 649 743 717 gistro
793 665 888 703 suo
917 649 1149 706 Diodoro
1195 652 1509 707 Theodorus
1551 655 1841 724 discipulus
1871 670 1933 709 ex
1965 654 2149 724 Cyrilli

572 741 888 795 auctoritate
939 741 1202 798 damnari.
1257 743 1543 798 Diodorum
1577 761 1708 800 vero
1751 747 2002 799 damnare
2041 759 2146 798 non

571 841 751 898 posset
778 845 808 884 a
836 833 1043 900 magnis
1074 831 1326 888 Ecclesiae
1381 837 1686 900 luminibus,
1739 836 1879 889 sicut
1907 834 2146 889 ostendi-

567 933 709 985 mus,
741 922 1108 988 praedicatum,
1141 925 1190 977 id
1223 933 1306 978 est
1334 927 1400 979 ab
1433 926 1746 990 Athanasio,
1780 925 1938 979 Petro
1966 937 2019 980 et
2059 925 2148 978 'l‘i-

567 1015 788 1072 motheo
834 1017 1212 1073 Alexandrinis
1269 1021 1554 1089 episcopis,
1608 1036 1633 1071 a
1663 1020 1860 1074 Basilio
1883 1019 2143 1072 Caesareae

566 1106 939 1176 Cappadocia,
971 1123 998 1162 a
1035 1109 1239 1164 Joanne
1283 1109 1892 1176 Constantinopolitano,
1925 1112 1990 1163 ab
2021 1109 2148 1176 Epi-

567 1195 766 1265 phanio
797 1197 1011 1267 Cyprio,
1049 1198 1116 1254 ab
1155 1201 1421 1267 episcopis
1465 1200 1700 1271 Egyptiis
1750 1200 2142 1254 confessnribus

564 1284 667 1338 sub
699 1285 919 1340 Valcttte
971 1287 1290 1352 imperatore
1323 1290 1372 1342 in
1404 1290 1647 1342 exsilium
1699 1288 1908 1352 missis;
1942 1288 2142 1343 haben-

564 1381 668 1426 tem
697 1373 857 1427 etiam
893 1391 1139 1444 magnum
1172 1377 1531 1431 testimonium
1562 1378 2137 1447 Constantinopolitani

564 1467 821 1524 adversus
867 1470 1230 1526 Macedonium
1283 1475 1588 1543 congregati
1617 1474 1864 1540 concilii,
1895 1475 1981 1530 cui
2014 1490 2134 1529 eum

563 1557 872 1613 interfuisse
913 1562 1247 1617 manifestum
1295 1573 1411 1629 est;
1449 1573 1502 1618 et
1530 1565 1900 1633 religiosorum
1934 1566 2134 1635 princi-

557 1663 683 1718 pum
730 1651 991 1720 Graliani,
1047 1654 1402 1710 Valentiniani
1445 1668 1497 1711 et
1540 1656 1758 1726 majoris
1812 1657 2132 1723 Theodosii;

2257 487 2441 542 aperte
2470 482 2750 552 palamque
2798 501 3143 556 przesumant.
3173 496 3327 551 Sicut
3363 513 3499 567 erg;
3529 505 3608 558 lex
3634 519 3815 566 natura.

2257 567 2320 621 lis
2349 587 2449 624 una
2475 581 2527 626 et
2583 585 2689 630 tota
2729 576 2781 631 in
2835 579 3065 638 hominis
3096 597 3274 641 mente
3306 590 3516 654 defixa,
3548 596 3696 663 cujus
3722 618 3814 655 rue-

2255 659 2407 712 minit
2438 661 2690 718 Dominus
2720 666 2770 720 in
2802 666 3089 737 Evangelia
3111 674 3298 731 dicens
3335 697 3348 730 :
3381 679 3574 736 Omnia
3599 659 3812 755 quieran-

2249 765 2345 814 que
2375 751 2525 805 vultis
2558 763 2610 805 ut
2653 757 2846 822 fae'ant
2886 761 3019 814 vobis
3048 761 3297 828 homines,
3337 776 3389 821 et
3412 786 3502 823 vos
3551 751 3699 840 facile
3723 783 3812 833 eis:

2250 838 2356 892 huic
2385 853 2454 894 est
2487 845 2618 898 enim
2660 848 2741 900 lea:
2765 858 2812 901 et
2850 851 3110 920 prop/tene
3131 855 3351 922 (Matth.
3389 875 3487 924 tm,
3515 838 3636 936 li);
3668 872 3809 924 multo

2249 933 2441 987 fortior
2465 936 2732 992 invenitur
2753 956 2908 1009 quam
2956 957 3021 998 ea
3050 960 3167 1022 qua:
3197 946 3337 1004 foris
3396 933 3631 1010 habetur
3659 958 3708 1015 in
3735 962 3808 1016 lit-

2251 1026 2376 1078 teris
2411 1045 2422 1079 :
2456 1027 2522 1082 ab
2547 1029 2634 1083 illa
2665 1033 2861 1101 quippe
2902 1034 3159 1094 interiore
3189 1043 3382 1111 regula
3412 1042 3802 1119 descenderunt,

2246 1124 2300 1170 et
2326 1117 2466 1172 illius
2498 1130 2676 1188 partes
2699 1133 2823 1177 sunt
2846 1125 3056 1196 singula
3078 1145 3308 1200 quaeque
3335 1135 3501 1190 nobis
3529 1117 3804 1198 forinsecus

2245 1207 2295 1260 in
2320 1207 2519 1278 scripto
2566 1211 2687 1265 data
2741 1229 2837 1280 pro
2867 1215 3009 1286 lege;
3041 1235 3140 1278 nec
3173 1223 3361 1278 omnia
3387 1227 3614 1284 collecta
3642 1232 3797 1302 simul,

2244 1300 2325 1354 vel
2349 1302 2508 1354 etiam
2542 1303 2912 1374 multiplicata,
2941 1322 3164 1378 possunt
3211 1331 3537 1374 mensuram
3579 1322 3708 1380 illius
3732 1329 3799 1381 in-

2243 1394 2458 1450 terioris
2487 1397 2764 1454 excedere.
2794 1401 2867 1454 Ita
2897 1402 3083 1458 fortius
3105 1414 3188 1461 est
3209 1425 3381 1463 unmn
3408 1411 3544 1467 illud
3571 1421 3792 1485 generale

2242 1485 2604 1540 testimonium
2635 1488 2910 1556 Ecclesiae,
2938 1509 3057 1562 qua:
3089 1496 3364 1553 neminem
3391 1517 3625 1572 unquam
3655 1521 3792 1575 expu-

2242 1575 2302 1629 lit
2328 1575 2694 1646 autjudicavit
2723 1579 3057 1650 litereticum,
3085 1587 3184 1640 nisi
3215 1591 3561 1657 correptioni
3588 1598 3792 1663 pertina-

2239 1669 2375 1724 citer
2407 1672 2775 1739 resistentem;
2808 1691 2965 1745 quam
3001 1682 3163 1735 multa
3213 1698 3339 1751 qua:
3371 1695 3583 1741 semote
3609 1703 3667 1742 ac
3702 1694 3789 1758 pri-

558 1744 752 1800 Juliani
783 1747 1013 1818 denique
1043 1749 1383 1818 imperatoris
1421 1762 1700 1820 apostatre,
1733 1752 2129 1821 reprehenden-
2162 1737 2208 1797 Β
2238 1762 2397 1814 vatim
2428 1772 2696 1819 certarmn
2730 1783 3075 1836 personarum
3102 1787 3198 1842 pro
3232 1737 3481 1830 bioduro
3508 1737 3782 1833 Theodorra

557 1837 622 1891 tis
645 1838 784 1907 quod
818 1839 984 1894 Deum
1034 1852 1216 1895 natum
1261 1841 1327 1896 de
1359 1842 1560 1911 virgine
1607 1841 1889 1908 fateretur,
1915 1853 1968 1898 et
1991 1846 2130 1914 quod

554 1928 734 1984 Jesum
768 1931 1044 1986 Galilaeam
1097 1946 1149 1988 et
1191 1935 1352 1988 Deum
1407 1943 1667 1989 aeternum
1724 1937 2036 2005 przcdicaret
2076 1947 2130 1992 et

555 2031 841 2076 mortuum.
871 2024 1100 2080 Proinde
1125 2041 1245 2080 cum
1269 2037 1449 2080 sancta
1480 2029 1715 2099 synodus
1736 2040 1916 2085 contra
1942 2031 2128 2086 horum

555 2112 858 2167 teStimonia
888 2114 1173 2170 Diodorum
1208 2120 1567 2174 rondernnare
1596 2121 1899 2176 nullatenus
1925 2131 2125 2191 posset,

555 2205 822 2272 quomodo
846 2205 1185 2262 Theodorum
1213 2209 1326 2277 ejus
1356 2210 1693 2279 discipulum,
1726 2212 1811 2266 vel
1840 2214 1910 2282 si,
1941 2225 1996 2268 ut
2017 2214 2130 2269 dic-

557 2305 668 2350 tum
694 2306 797 2364 est,
829 2299 988 2353 nullis
1037 2299 1314 2355 fulciretur
1364 2302 1576 2357 Patrum
1622 2305 1963 2371 testimoniis,
1994 2321 2123 2362 con-

553 2386 850 2453 demnaret,
885 2407 1042 2460 quem
1074 2393 1189 2446 sine
1220 2396 1472 2463 magistro
1504 2396 1620 2450 htrc
1648 2397 1836 2452 eadem
1858 2398 2126 2454 sentiente

549 2480 690 2548 ju~te
720 2481 1079 2537 condemnare
1111 2501 1214 2537 non
1267 2486 1485 2554 posset?
1529 2486 1712 2556 Itaque
1759 2489 1891 2543 nihil
1924 2499 2007 2544 est
2032 2505 2127 2545 cur

550 2585 614 2624 ex
649 2571 730 2626 his
772 2588 890 2643 quze
927 2574 1120 2628 dicitur
1141 2575 1327 2630 beatus
1355 2577 1585 2646 (lyr-illus
1627 2579 1908 2647 scripsisse
1938 2591 2122 2636 contra

549 2660 888 2718 Theodorum
929 2667 1162 2736 synodus
1208 2668 1647 2737 reprehendatur,
1705 2672 1844 2740 quod
1877 2672 1978 2728 lbra
2011 2677 2124 2742 epi-

547 2753 743 2809 stolam
787 2755 972 2812 laudes
1018 2757 1135 2826 ejus
1165 2759 1528 2814 continentem
1557 2763 1915 2829 pronuntiavit
1940 2767 2125 2818 ortho-

545 2846 732 2900 doxam
768 2865 779 2898 :
811 2850 1022 2917 quando
1048 2850 1091 2902 si
1119 2850 1279 2904 etiam
1301 2861 1485 2905 contra
1516 2851 1855 2906 Theodorum
1877 2855 2121 2910 scribens

545 2933 775 3007 Cyrillus
803 2937 934 2992 nihil
967 2953 1061 3007 pro
1085 2937 1368 2994 Theodoro
1390 2940 1670 3006 scriberet,
1693 2942 1953 2998 laudanda
1978 2955 2118 2999 esset

546 3043 674 3084 sana
705 3029 840 3084 ratio
875 3029 1197 3099 libertasque
1225 3031 1439 3088 concilii
1467 3031 1941 3102 Chalcedonensis,
1972 3039 2112 3105 quod

543 3137 645 3178 non
670 3123 718 3176 in
747 3131 856 3176 toto
880 3123 1135 3194 Cyrillum
1154 3123 1502 3192 approbaret;
1532 3139 1652 3180 cum
1684 3127 1930 3182 laudetur
1951 3132 2110 3184 etiam
2141 3109 2187 3172 Ο

546 3212 692 3266 Pauli
725 3213 934 3267 minimi
965 3213 1329 3283 apostolorum
1355 3229 1484 3268 sana
1512 3217 1646 3270 ratio
1675 3226 1832 3284 atque
1863 3218 2106 3286 libertas,

543 3304 684 3373 Quod
721 3304 936 3360 Petrum
969 3305 1329 3374 apostolorum
1364 3307 1590 3375 primum
1621 3307 1907 3362 adductum
1935 3311 1986 3363 in
2018 3312 2114 3381 hy-

542 3395 789 3461 pocrisim
813 3404 866 3449 et
899 3410 1000 3449 non
1044 3406 1190 3451 recta
1217 3398 1298 3450 via
1352 3397 1690 3453 incedentem
1741 3400 1804 3453 ad
1834 3402 2110 3457 veritatem

547 3483 820 3552 Evangelii
852 3485 1074 3539 fidenter
1102 3486 1433 3554 improbans,
1459 3488 1511 3542 in
1559 3487 1750 3544 faciem
1782 3490 1858 3544 illi
1885 3495 2106 3562 restitit,

541 3587 772 3642 eumque
801 3589 979 3628 coram
1011 3576 1258 3631 omnibus
1285 3591 1462 3636 coram
1493 3577 1812 3648 objurgavit.
1842 3583 1954 3637 Non
1987 3600 2113 3654 ergo

540 3679 734 3720 novum
783 3665 1068 3734 videretur,
1120 3683 1218 3722 nec
1264 3669 1503 3739 religioni
1550 3672 1867 3729 Christianae
1894 3689 2109 3732 contra-

539 3757 697 3821 rium,
730 3763 786 3809 ut
816 3768 1000 3812 contra
1048 3769 1309 3816 tantorum
1356 3763 1569 3818 Patrum
1614 3769 1907 3824 sententias
1936 3769 2111 3842 Cyril-

538 3847 648 3902 lum
679 3857 861 3902 sancla
893 3860 946 3902 et
996 3865 1187 3920 magna
1220 3852 1307 3905 illa
1335 3853 1573 3922 synodus
1613 3872 1719 3911 non
1771 3863 2036 3928 acciperet
2059 3864 2109 3918 in

536 3959 699 3999 causa
731 3943 1025 4012 Theodori,
1058 3946 1196 4002 sicut
1241 3963 1411 4018 neque
1437 3948 1492 4005 iu
1539 3965 1697 4007 causa
1727 3950 2110 4016 Constantino-

535 4037 758 4106 politani
784 4037 1004 4094 Joannis
1034 4041 1399 4111 accipiendum
1423 4057 1544 4098 esse
1573 4045 1689 4112 quis
1721 4045 1866 4101 dicit.

1133 4151 1358 4208 CAPUT
1400 4153 1508 4208 νη.

532 4241 683 4308 Quod
709 4244 754 4296 si
777 4254 1036 4324 suspectus
1078 4245 1137 4324 de
1177 4243 1359 4324 liter-esi
1415 4247 1591 4324 fuisset
1636 4246 1954 4324 Theodorus,
2003 4255 2112 4324 ejus

598 4315 836 4391 temporis
868 4313 1050 4368 Patres
1078 4314 1130 4365 id
1160 4316 1393 4391 ηιὶῃὶηζςζΔ
1415 4313 1422 4315 ἡ
1445 4316 1870 4391 dissimulassent,
1905 4313 1951 4372 et
1973 4313 2109 4391 qtiod

599 4383 802 4436 illorum
832 4387 998 4453 potius
1029 4401 1183 4448 quam
1211 4384 1393 4455 Cyr-illi
1423 4389 1572 4440 unius
1608 4389 1672 4442 de
1697 4383 2110 4446 Theodoro'sett-

599 4457 767 4542 te'ntiw
790 4457 1095 4508 credendum
1126 4457 1209 4507 sit.

599 4563 747 4627 Quod
779 4564 822 4616 si
857 4565 1008 4618 nobis
1031 4565 1083 4617 in
1107 4565 1468 4620 defensionem
1494 4567 1660 4636 ipsius
1684 4585 1888 4640 magna;
1911 4558 2101 4643 synodi

526 4655 686 4706 etiam
721 4655 930 4708 illorum
955 4654 1162 4708 Patrum
1195 4657 1245 4708 in
1278 4658 1476 4725 scripto
1497 4661 1796 4715 teSIimonia
1826 4663 2098 4732 deessent,

525 4743 716 4812 quibus
751 4746 1155 4800 commendatur
1188 4747 1318 4801 fides
1373 4758 1528 4818 atque
1559 4751 1800 4805 doctrina
1855 4754 2094 4820 Diodori,

523 4840 638 4891 sine
659 4850 764 4906 quo
804 4835 1139 4890 Theodorum
1170 4837 1446 4892 docnintus
1467 4839 1611 4909 juste
1637 4857 1739 4896 non
1768 4859 1922 4911 posse
1947 4845 2097 4898 dam-

525 4929 637 4982 nari
669 4946 680 4978 :
712 4929 945 4995 nunquid
975 4931 1825 5004 culpabilisjudicaridebetquod
1844 4938 2095 4994 Ecclesia:

522 5021 879 5074 tcstirnonimn
896 5036 999 5074 non
1016 5022 1353 5089 contempsit,
1371 5023 1418 5075 in
1433 5023 1579 5091 cujus
1594 5035 1842 5095 perpetua
1858 5042 1989 5096 pace
2003 5044 2096 5083 ex-

521 5111 731 5166 cellen'i
748 5113 946 5165 honore
960 5111 1635 5184 Diodorus-Theodorusque
1657 5120 2099 5173 manserunt?aut

521 5201 662 5256 illius
684 5203 939 5270 temporis
956 5205 1266 5268 Ecclesiam,
1296 5219 1416 5258 cum
1431 5219 1601 5273 neque
1618 5207 1791 5262 adhuc
1808 5208 2093 5280 Eutyches,

520 5305 694 5362 neque
707 5293 980 5350 Nestorius
994 5305 1133 5350 esset
1145 5305 1380 5361 exortus,
1397 5297 1711 5368 Eutychiani
1743 5300 2007 5355 audebunt
2030 5303 2096 5357 de

594 5445 609 5474 ¹
641 5443 772 5497 Cod.
797 5446 1019 5509 Veron..
1045 5453 1345 5504 naturalem.

592 5514 614 5544 ¹
636 5514 951 5580 Idem-cod.,
981 5522 1326 5585 particulatim
1351 5523 1632 5588 forinsecus
1679 5527 1942 5581 admoueri
1973 5532 2083 5583 :ita

519 5599 612 5667 rios
636 5597 830 5667 quoque
853 5592 1101 5640 necessari
1111 5607 1191 5667 um
1216 5594 1453 5667 duqitnus
1481 5607 1843 5667 contemptores
1874 5617 2085 5667 genera-

519 5653 582 5704 lis
608 5663 653 5704 et
679 5655 892 5720 publica
940 5662 1250 5716 auctoritatis
1295 5662 1535 5718 Errlesite
1580 5653 1927 5733 pat‘iiculaliin
1975 5672 2081 5739 pri~

518 5733 656 5784 ﬂata,
671 5733 783 5794 sic.

2234 1866 2336 1921 que
2386 1856 2702 1921 protulimus
2743 1876 2755 1910 :
2799 1870 2978 1927 partes
3030 1864 3168 1917 enim
3203 1876 3331 1919 sunt
3387 1875 3444 1920 et
3495 1868 3608 1934 ipsa
3657 1871 3785 1924 unius

2237 1944 2524 2000 testimonii
2547 1951 2812 2014 generalis
2847 1952 3119 2018 Ecclesia,
3153 1963 3206 2010 et
3247 1960 3652 2027 quantumlibet
3678 1967 3783 2015 mnf

2232 2035 2560 2104 tiplicentur,
2611 2039 2726 2107 ejus
2757 2044 3125 2100 auctoritatem
3155 2061 3216 2100 ac
3241 2050 3541 2104 terminum
3592 2069 3686 2105 non
3713 2069 3784 2106 ex-

2231 2129 2442 2183 cedent.
2473 2130 2578 2185 Scd
2621 2135 3089 2203 quemadmodum,
3118 2153 3240 2192 cum
3272 2140 3425 2194 illam
3455 2153 3687 2197 naturain
3712 2148 3723 2174 ¹
3745 2157 3783 2198 «αι

2235 2220 2544 2275 interiorem
2595 2223 2790 2292 legem,
2820 2242 2935 2295 qua:
2966 2236 3074 2283 tota
3106 2233 3265 2285 simul
3320 2245 3427 2300 est,
3465 2235 3622 2289 homo
3647 2237 3774 2292 dese-

2231 2320 2374 2364 reret
2428 2313 2480 2366 in
2510 2316 2773 2369 exteriora
2828 2316 3115 2387 delapsus;
3170 2339 3306 2391 opus
3347 2335 3472 2379 crat
3503 2327 3775 2380 intimorum

2229 2415 2654 2474 Contemptorem
2699 2411 3055 2478 particulatim
3088 2416 3108 2444 ²
3136 2417 3346 2484 privata
3377 2419 3690 2488 scriptorum
3714 2431 3772 2474 tc-

2228 2496 2549 2553 stiicalioue
2605 2502 2923 2558 convincere
2962 2520 2975 2557 :
3008 2521 3114 2560 non
3166 2508 3309 2576 quod
3360 2519 3692 2579 partestoto,
3733 2524 3774 2564 et

2229 2590 2469 2643 membra
2500 2591 2750 2647 universo
2781 2610 2879 2648 suo
2906 2598 3117 2665 corpori
3141 2599 3531 2668 praeferamus;
3563 2604 3649 2657 sed
3674 2605 3768 2670 quia

2227 2682 2632 2738 convenientius
2674 2683 2774 2739 hoc
2827 2686 2984 2741 modo
3037 2689 3458 2747 calumniatores
3487 2708 3678 2760 magna:
3705 2710 3771 2764 sy-

2226 2771 2349 2826 nodi
2365 2773 2718 2842 judicavimus
2739 2776 3059 2836 refellendos
3081 2797 3095 2834 :
3121 2783 3196 2835 sic
3215 2799 3314 2837 nec
3339 2783 3361 2814 ²
3393 2786 3625 2854 generali
3650 2802 3766 2855 sym-

2226 2865 2350 2918 bolo
2384 2865 2506 2920 fidei
2539 2867 2863 2923 Christianae
2893 2886 2995 2940 qua
3025 2870 3048 2902 ⁸
3073 2873 3376 2941 initiatnur,
3407 2877 3682 2947 quidquam
3708 2890 3767 2929 est

2225 2958 2436 3022 fortius,
2465 2963 2710 3029 quamvis
2742 2965 2941 3032 scripto
2963 2981 3066 3020 non
3101 2968 3344 3021 tradatur
3371 2986 3387 3034 ;
3431 2978 3759 3022 verumtamen

2225 3054 2481 3108 adversus
2554 3067 2898 3125 corruptoris
2970 3060 3335 3128 intelligentia:
3400 3073 3454 3117 et
3519 3063 3763 3116 virtutis'

2221 3147 2358 3215 ejus,
2390 3147 2589 3201 utimur
2627 3149 2787 3202 ctiam
2822 3151 3039 3217 privatis
3079 3152 3408 3209 testimoniis
3438 3154 3641 3209 Patrum
3664 3170 3756 3223 qua'

2215 3237 2558 3294 Cuntiucutur
2591 3241 2639 3293 in
2669 3243 3019 3310 scripto,cum
3048 3247 3289 3300 etomnia
3313 3247 3405 3301 illa
3438 3246 3526 3301 uni
3552 3247 3752 3315 generali

2216 3331 2461 3399 symbolo
2510 3333 2764 3397 serviant,
2798 3351 2895 3391 nec
2938 3337 3183 3406 praaftxos
3209 3341 3473 3395 terminos
3495 3339 3603 3410 ejus
3625 3354 3752 3393 ext-e-

2216 3424 2361 3478 dant.
2397 3425 2465 3479 Et
2492 3425 2627 3490 ideo,
2661 3427 2797 3482 sicut
2820 3428 3020 3483 dictum
3052 3441 3154 3497 est,
3187 3434 3268 3487 vel
3301 3435 3348 3487 si
3377 3433 3530 3489 nobis
3547 3433 3758 3488 deessent

2219 3516 2334 3572 haec
2361 3519 2676 3574 testimonia
2715 3522 2926 3576 Patrum
2956 3522 3146 3578 litteris
3169 3526 3558 3590 commendata,
3588 3539 3691 3593 qum
3715 3523 3753 3575 in

2217 3615 2692 3682 propugnationem
2719 3617 2738 3646 ³
2758 3615 2946 3687 synodi
2974 3617 3429 3674 Chalcedonensis
3449 3635 3541 3689 pro
3558 3617 3752 3671 Diodoro

2216 3707 2604 3778 'l‘heodoroque
2633 3710 2968 3777 protulimus,
2993 3727 3148 3766 nemo
3169 3712 3386 3782 sapiens
3408 3713 3618 3775 diceret,
3636 3708 3750 3778 quod

2217 3807 2310 3852 aut
2333 3799 2722 3870 religiosior-em
2747 3816 2804 3856 se
2833 3812 2925 3856 aut
2954 3803 3334 3872 sapientiorem
3367 3805 3566 3859 eisdem
3587 3800 3752 3855 sanctis

2218 3891 2462 3950 Patrihns
2491 3902 2544 3950 et
2589 3895 2770 3949 multis
2799 3895 2918 3948 aliis
2948 3895 3170 3950 credere
3211 3897 3509 3966 debuisset,
3537 3893 3616 3969 qui
3647 3903 3750 3946 tem-

2216 3987 2431 4054 poribus
2477 3988 2689 4042 Diodori
2731 4000 2887 4057 atque
2914 3983 3182 4044 Theodori
3224 3991 3481 4047 Ecclesia:
3506 3991 3590 4044 Dei
3617 3988 3747 4041 lutui-

2217 4081 2425 4134 narium
2453 4081 2568 4134 vice
2611 4082 2896 4147 fulserunt;
2931 4091 2989 4136 ιη
3017 4097 3150 4150 quos
3198 4082 3272 4138 illi
3301 4086 3537 4139 viventes
3563 4097 3654 4136 non
3678 4093 3750 4131 ex-

2214 4173 2506 4238 cluserunt,
2540 4172 2753 4240 quando
2783 4173 2948 4241 magis
2976 4184 3192 4242 possent
3219 4175 3352 4230 alios
3381 4167 3747 4238 corrumperesi

2215 4264 2440 4318 fuissent
2468 4264 2729 4327 barretici,
2765 4264 2848 4330 pia
2876 4265 3114 4334 synodus
3167 4282 3228 4320 ac
3269 4267 3517 4336 religiosa
3544 4269 3746 4318 mortuos

2215 4355 2459 4410 crederet
2487 4356 2852 4411 excludendos
2886 4372 2902 4411 :
2927 4371 3046 4412 cum
3077 4356 3123 4411 si
3153 4357 3350 4425 aliquid
3376 4359 3426 4412 in
3450 4368 3621 4412 eorum
3648 4363 3744 4402 ver-

2135 4447 2294 4550 l)bis
2334 4448 2594 4516 quosdam
2641 4449 2912 4502 videretur
2962 4448 3254 4515 offendere,
3313 4452 3419 4504 alia
3474 4446 3635 4518 potius
3670 4451 3744 4494 eos

2211 4538 2435 4593 credere
2458 4538 2703 4593 debuerit
2747 4540 3041 4595 intentione
3063 4541 3284 4607 dixisse,
3325 4551 3417 4595 aut
3443 4533 3740 4592 familiariter

2205 4628 2507 4682 admonitos
2541 4630 2591 4682 in
2615 4630 2730 4698 ipso
2761 4645 2998 4698 tempore
3034 4633 3367 4694 correxisse;
3398 4643 3551 4700 quam
3573 4629 3740 4678 semel-

2205 4724 2381 4788 ipsum
2409 4723 2430 4754 ⁸
2459 4723 2715 4792 religione
2765 4725 2850 4777 vel
2876 4722 3134 4790 sapientia
3170 4733 3273 4777 tam
3305 4723 3483 4777 multis
3513 4728 3738 4772 veneran-

2203 4811 2285 4866 dis
2316 4812 2562 4865 Patribus
2604 4810 2893 4868 anteferre.
2926 4813 3205 4880 Nunquam
3235 4814 3395 4875 enirn,
3425 4815 3554 4866 sicut
3579 4802 3738 4861 didici-

2205 4918 2342 4972 mus,
2377 4914 2550 4958 tantos
2577 4919 2638 4957 ac
2670 4906 2802 4957 tales
2833 4905 2990 4957 simul
3026 4905 3211 4957 habuit
3239 4904 3485 4959 doctores
3511 4895 3732 4955 Ecclesia.

2206 5013 2431 5071 quantos
2453 5011 2503 5055 et
2536 5005 2720 5069 quales
2753 5000 2967 5052 Diodori
3014 4999 3390 5069 'l‘heodorique
3421 4991 3730 5062 temporibus.

2206 5094 2268 5149 Ut
2303 5093 2443 5147 enim
2489 5101 2703 5160 propter
2749 5091 2938 5157 lingtue
2993 5090 3354 5144 diversitatem
3389 5082 3728 5144 scientissimos

2204 5185 2348 5236 viros
2419 5182 2670 5236 Ecclesiae
2737 5179 3081 5234 occidentalis
3136 5180 3413 5244 omittam,
3469 5178 3728 5246 quanquam

2203 5275 2358 5329 multi
2389 5288 2453 5327 ex
2479 5272 2584 5327 illis
2611 5272 2771 5325 etiam
2803 5271 2857 5324 in
2887 5268 3074 5324 Graeco
3100 5271 3293 5326 eruditi
3325 5277 3496 5327 essent
3522 5258 3722 5330 eloquio.

2267 5457 2286 5487 ³
2318 5455 2460 5509 idem
2492 5452 2636 5517 cod.,
2668 5452 2800 5505 sicut
2819 5468 2930 5506 nec.

2265 5527 2283 5555 "
2315 5529 2454 5581 litem
2484 5523 2628 5594 cod.,
2656 5539 2754 5587 quo
2777 5521 3088 5594 (symbolo).

2265 5599 2285 5628 ⁸
2317 5597 2452 5649 Idem
2483 5593 2630 5656 cod.,
2667 5593 3039 5664 purgationem.

2269 5671 2288 5698 ⁶
2314 5668 2452 5720 idem
2477 5664 2622 5722 cod.,
2652 5665 2994 5729 semetipsum.

2267 5747 2278 5759 '
2314 5744 2348 5790 Α
2362 5756 2391 5791 :t
2423 5735 2684 5789 veritatis?
