4070 6352
317 246 426 303 755

1158 246 1288 301 PItU
1334 241 1765 299 DEFENSSONE
1808 239 2018 295 TRIUM
2061 235 2380 294 CAPITUL.
2427 237 2556 292 LIB.
2606 235 2741 291 VIII.

3500 235 3602 290 75L

316 372 384 422 ut
468 360 682 418 Diodori
770 371 928 432 atque
1013 361 1283 415 Theodori
1367 336 1570 428 Vscripla
1664 355 2168 426 legentesAlarel,
2213 354 2354 419 quod
2404 353 2618 407 illorum
2663 351 2910 420 dogmata
2958 348 3257 421 intelligere
3307 365 3412 404 non
3455 350 3600 406 vale—

317 455 674 512 intentionem
754 468 940 508 eorum
1033 466 1360 521 cognoscere
1428 447 1780 519 potuissent;
1855 455 1912 502 ut

318 560 643 622 praeteream
673 556 727 602 et
754 547 876 602 illos
910 546 1130 601 Graecia:
1168 544 1510 600 doctissimos
1539 543 1630 613 qui
1675 540 1909 611 episcopi

322 660 432 698 non
476 642 714 707 fuerunt,
765 655 889 695 cum
921 639 1000 694 eis
1045 638 1372 692 Athanasius
1417 637 1642 702 interea,
1687 634 1908 704 Petrus,

322 738 642 791 'I‘imorheus
701 749 762 789 ac
827 733 1156 802 Theophilus
1235 731 1582 787 Alexandrini
1644 731 1694 785 in
1763 729 1911 782 verbi

322 827 708 896 praedicatione
766 825 1062 894 «legerunt;
1131 824 1323 878 deinde
1376 823 1624 878 Meletius
1680 832 1734 877 et
1791 821 1915 876 Fla-

325 919 517 970 \‘ianus
564 917 931 980 Antiocheni;
984 915 1262 969 Nectarius
1302 930 1537 983 quoque,
1569 923 1619 966 et
1649 913 1908 975 Joannes,

325 1019 379 1062 et
409 1011 617 1062 Atticus
649 1007 1266 1075 ConstantinOpolilani;
1307 1004 1714 1074 Amphilochius
1752 1004 1913 1058 etiam

326 1098 644 1162 lcuniensis,
690 1099 1020 1168 Epiphanius
1052 1099 1300 1169 Cyprius,
1353 1097 1583 1152 Basilius
1619 1098 1918 1152 Caesarien-

328 1193 404 1245 sis
434 1190 805 1260 Cappadocize,
851 1199 905 1244 et
936 1189 1050 1258 ejus
1080 1190 1242 1242 l'rater
1287 1188 1573 1259 Gregorius
1618 1187 1913 1256 Nyssenus,

332 1280 626 1350 Gregorius
656 1277 1025 1334 Nazianzenus
1057 1277 1319 1344 Gelasius,
1376 1279 1722 1334 Caesariensis
1754 1279 1919 1334 Palae-

329 1372 517 1434 stinae,
569 1370 884 1425 Theotimus
934 1371 1268 1426 'l‘oinitiauus
1299 1374 1329 1406 '*
1373 1371 1608 1442 Scythia:
1645 1391 1656 1424 :
1688 1387 1916 1442 quorum

333 1479 496 1520 nemo
549 1464 837 1519 Diodorum
868 1473 892 1501 ⁸
921 1464 1210 1534 aliquando
1246 1466 1262 1495 ³
1295 1466 1604 1520 haereticum
1644 1465 1917 1534 judicasse

335 1565 668 1610 monstratur
703 1572 715 1608 :
748 1556 875 1625 quin
923 1557 1102 1625 potius
1133 1571 1235 1609 una
1279 1571 1403 1610 cum
1450 1558 1528 1612 eis
1557 1557 1624 1610 ab
1656 1557 1923 1611 haereticis

333 1648 715 1718 Apolinaristis
753 1647 1122 1703 sustinuerunt
1160 1648 1415 1702 invidiam
1443 1690 1456 1713 ,
1507 1659 1755 1719 tanquam
1787 1648 1921 1703 duos

2017 442 2181 496 baut?
2212 443 2329 498 Non
2349 445 2493 521 enim
2520 443 2587 498 de
2615 443 2858 512 personis
2890 441 3211 512 ignobilibus
3237 442 3592 512 disputamus,

2013 550 2237 606 quarum
2265 537 2368 591 dici
2415 538 2584 606 possit
2619 537 2842 592 latuisse
2875 537 3139 602 doctrina,
3169 551 3290 591 cum
3325 536 3392 591 de
3422 535 3602 591 Theo-

2015 629 2148 682 doro
2175 628 2432 697 scriptum
2473 629 2563 696 sit,
2611 629 2752 698 quod
2781 638 2836 684 et
2862 628 2932 685 40
2963 630 3119 683 annis
3143 629 3164 660 ⁵
3189 628 3336 684 clare
3384 630 3438 684 in
3470 629 3598 684 doc—

2017 722 2153 776 trina
2213 721 2555 790 przefulserit,
2602 730 2656 774 et
2682 736 2899 776 omnem
2950 721 3213 776 haeresctn
3266 736 3605 792 expugnave-

2018 815 2107 881 rit,
2159 824 2213 868 et
2261 813 2446 868 decem
2502 813 2664 868 millia
2711 815 3097 884 conscripserit
3141 813 3308 869 libros
3351 813 3606 869 adversus

2017 919 2262 970 errores,
2309 914 2497 958 contra
2529 919 2662 974 quos
2688 921 2809 960 eum
2841 915 2983 961 totus
3014 905 3067 960 in
3097 920 3384 960 commune
3413 904 3605 960 Oriens

2019 997 2370 1066 proponebat,
2398 1006 2647 1066 tanquam
2693 997 2944 1050 virtutem
2968 997 3190 1052 multam
3220 996 3479 1051 doctrinae
3508 995 3601 1049 ha-

2018 1090 2234 1145 bentem
2265 1101 2356 1146 :et
2386 1090 2526 1158 quod
2574 1093 2624 1144 in
2667 1090 3115 1159 expositionibus,
3147 1105 3280 1161 quas
3333 1091 3386 1145 in
3433 1091 3606 1144 omni-

2019 1181 2118 1236 bus
2157 1179 2402 1236 ecclesiis
2450 1181 2800 1236 orientalibus
2843 1190 2898 1235 et
2946 1182 3001 1235 in
3056 1180 3158 1235 hac
3202 1182 3347 1250 regia
3393 1181 3608 1235 civitate

2021 1274 2268 1338 faciebat,
2320 1275 2576 1344 probatus
2619 1274 2776 1329 fuerit
2822 1275 2876 1330 in
2907 1283 3198 1343 conspectu
3243 1273 3605 1339 sacerdotum,

2020 1375 2076 1420 et
2105 1364 2508 1435 imperatorum,
2545 1374 2600 1420 et
2645 1366 2986 1435 populorum.
3035 1365 3315 1434 Quomodo
3347 1365 3367 1395 ⁶
3398 1364 3442 1419 si
3473 1364 3608 1419 tales

2023 1469 2203 1515 sancta
2268 1459 2505 1531 synodus
2569 1459 2881 1524 abdicaret,
2948 1474 3095 1527 non,
3143 1459 3286 1513 sicut
3335 1456 3607 1520 diximus,

2024 1567 2212 1606 omnes
2245 1552 2582 1607 venerabiles
2615 1552 2755 1607 illius
2788 1552 3047 1622 temporis
3078 1551 3265 1606 Patres
3305 1558 3398 1604 aut
3439 1549 3610 1604 haere-

2027 1646 2162 1699 ticos
2188 1644 2390 1700 diceret
2424 1654 2516 1700 aut
2554 1645 2802 1714 ignaros?
2837 1644 2971 1712 Quid
3004 1645 3184 1714 itaque
3206 1641 3400 1700 horum
3433 1643 3611 1698 dicere

339 1743 696 1811 praedicarent
742 1741 899 1808 (ilics,
933 1742 1064 1795 duas
1092 1739 1289 1794 Christi
1333 1739 1594 1808 perfectas
1629 1741 1919 1796 asserendo
1950 1731 1997 1790 B
2025 1738 2210 1792 mallet
2234 1737 2455 1808 ignoro;
2495 1736 2636 1806 quod
2669 1745 2847 1792 autem
2881 1751 3104 1792 necesse
3149 1745 3232 1791 est
3262 1736 3450 1794 horum
3478 1734 3612 1790 alte-

336 1844 576 1886 naturas.
611 1835 947 1902 Quapropter
979 1831 1063 1886 vel
1087 1831 1132 1885 si
1165 1833 1343 1885 minus
1364 1841 1567 1886 attente
1594 1832 1768 1900 legere
1795 1847 1920 1901 pos-

332 1933 456 1979 sent
491 1912 688 1991 scripta
733 1923 950 1978 Diodori
989 1932 1152 1993 atque
1180 1923 1474 1990 Theodori,
1509 1923 1770 1977 admoniti
1812 1926 1918 1976 sal-

335 2026 442 2068 tem
473 2015 852 2069 litcrelieorum
881 2014 1166 2069 calumniis
1197 2015 1518 2070 attentiores
1546 2017 1728 2084 procul
1760 2015 1921 2070 dubio

332 2105 707 2161 redderentur.
768 2106 902 2173 Quid
956 2107 1115 2177 igitur
1163 2123 1299 2176 Opus
1353 2117 1488 2173 erat,
1543 2109 1593 2161 in
1649 2119 1919 2164 tantorum

334 2200 553 2256 Patrum
589 2199 992 2265 contumeliam,
1040 2200 1359 2269 sacrilegum
1402 2209 1456 2254 ct
1485 2199 1706 2270 impium
1737 2217 1799 2255 ac
1831 2217 1923 2271 pe-

333 2305 505 2366 lorem
555 2291 893 2345 dmmonibus
927 2293 1271 2358 pronuntiare
1300 2291 1676 2358 Theodorum,
1722 2308 1844 2347 cum
1874 2294 1921 2349 si

334 2382 494 2438 etinn
526 2384 578 2436 in
611 2381 879 2451 aliquibus
922 2380 1178 2449 probetur
1205 2398 1452 2450 errasse,
1485 2383 1637 2453 pejor
1664 2383 1923 2440 daemoni-

335 2473 436 2528 bus
461 2472 692 2542 judicari
722 2487 828 2527 non
872 2473 1061 2528 debuit
1095 2474 1146 2526 in
1183 2473 1438 2528 Ecclesia.-
1470 2488 1601 2544 pace
1631 2485 1791 2546 atque
1823 2477 1922 2531 ho—

336 2583 469 2622 nore
491 2566 812 2621 defunctus?
858 2566 933 2621 De
979 2567 1131 2635 cujus
1176 2566 1330 2620 laude
1357 2581 1457 2621 nec
1498 2569 1922 2624 reverentissimi

336 2657 561 2713 Photius
595 2667 651 2713 ut
699 2657 1016 2712 Eustachius
1066 2667 1228 2726 atque
1265 2656 1496 2712 Uranius
1538 2657 1746 2726 indices
1776 2658 1920 2713 Ibam

340 2749 650 2819 episco,:um
698 2749 1182 2817 reprehenderunt,
1235 2750 1373 2817 apud
1405 2765 1539 2819 quos
1585 2752 1633 2805 ei
1679 2766 1774 2805 sua
1807 2751 1924 2820 epi-

340 2843 478 2897 stola
509 2843 655 2911 prios
675 2841 887 2910 objecta
917 2851 1000 2898 est
1033 2852 1191 2911 atque
1221 2842 1486 2898 discussa.
1532 2843 1640 2900 Sed
1685 2860 1784 2900 nec
1822 2845 1923 2914 ipsi

339 2935 458 3004 ejus
498 2944 858 3000 accusatores,
909 2936 997 2989 vel
1051 2950 1174 2989 cum
1226 2937 1608 3006 imperatorem
1662 2939 1922 2994 adversus

338 3043 460 3082 eum
504 3027 742 3092 adirent,
790 3028 874 3082 vel
919 3041 1040 3081 cum
1083 3027 1264 3082 elicita
1300 3030 1644 3085 accusatione
1671 3031 1922 3101 ’judices

2025 1846 2143 1884 rum
2185 1829 2363 1884 dicere
2412 1844 2517 1883 non
2558 1828 2764 1898 ignoro.
2820 1828 2986 1883 Multo
3012 1828 3175 1898 igitur
3221 1828 3390 1898 magis
3440 1841 3606 1888 nunc,

2023 1923 2146 1992 quia
2184 1936 2289 1976 non
2322 1921 2516 1976 desunt
2551 1935 2741 1975 eorum
2790 1920 3093 1974 testimonia
3130 1934 3226 1989 pro
3267 1917 3500 1974 Diodoro
3533 1927 3612 1971 at-

2027 2030 2129 2084 que
2156 2013 2464 2077 Theodoro,
2509 2012 2699 2068 litteris
2727 2013 2888 2069 etiam
2932 2012 3328 2078 commendata,
3361 2013 3408 2066 si
3439 2012 3613 2067 Theo-

2025 2108 2215 2161 dorum
2244 2105 2296 2160 id
2330 2105 2471 2174 quod
2515 2105 2782 2159 Diodorus
2814 2106 3138 2160 sentientem
3181 2104 3438 2159 damnare
3475 2117 3613 2172 prae-

2027 2209 2287 2264 sumeret,
2309 2195 2398 2253 aut
2427 2196 2719 2252 haereticos
2741 2196 2906 2251 fuisse
2935 2211 3124 2251 omnes
3154 2196 3253 2251 hos
3288 2196 3497 2260 Patres,
3524 2203 3614 2250 aut

2025 2292 2242 2363 ignaros
2273 2301 2326 2346 et
2355 2292 2551 2347 inscios
2585 2291 2764 2346 dicere
2792 2299 3096 2362 cogeretur.
3135 2290 3242 2346 Sed
3273 2289 3508 2360 nunquid
3540 2289 3614 2343 ita

2027 2384 2228 2438 mundo
2266 2382 2512 2438 Christus
2550 2383 2822 2449 irascitur,
2875 2392 2934 2436 ut
2983 2397 3142 2438 aures
3184 2381 3611 2436 Christianorum

2026 2475 2221 2539 ferant,
2268 2474 2314 2529 si
2367 2475 2575 2530 dicatur
2623 2475 2765 2544 quod
2815 2473 2905 2530 illa
2946 2475 3185 2544 synodus
3241 2473 3611 2534 Athanasium,

2028 2566 2306 2631 Basilium,
2337 2577 2391 2620 et
2417 2577 2703 2633 utrumque
2735 2565 3075 2636 Gregorium,
3104 2577 3160 2622 et
3189 2555 3472 2631 Joannem,
3504 2566 3614 2619 hat-

2031 2661 2231 2712 reticos
2267 2657 2510 2726 judicare
2537 2657 2806 2724 debuerit,
2839 2667 2899 2712 ut
2926 2658 3199 2714 temerarii
3225 2659 3613 2713 condemnato-

2027 2764 2114 2804 res
2144 2748 2417 2804 Theodori
2447 2750 2735 2804 orthodoxi
2754 2749 3100 2820 judicentur?
3125 2766 3216 2814 an,
3247 2752 3387 2820 quod
3417 2763 3498 2805 est
3525 2765 3613 2803 sa-

2029 2842 2152 2911 tius,
2186 2842 2429 2898 indoctos
2459 2857 2552 2897 eos
2579 2845 2818 2908 judicare
2844 2844 3096 2901 debuisse
3129 2845 3357 2911 dicetur,
3392 2854 3447 2898 ut
3479 2847 3613 2899 isto-

2026 2950 2144 2990 rum
2173 2935 2439 2990 mirabilis
2472 2938 2682 3006 peritia,
2714 2937 2858 3007 quod
2903 2939 3142 2994 maxime
3170 2949 3452 3009 appetunt,
3487 2938 3617 2992 eﬂ'ca

2027 3029 2210 3082 ratur?
2233 3027 2338 3084 Sed
2373 3038 2430 3082 ut
2455 3028 2557 3083 hoc
2597 3031 2789 3083 iterum
2813 3030 2897 3086 vel
2928 3031 3157 3100 amplius
3186 3031 3382 3099 aliquid
3416 3033 3610 3097 dicam,

339 3131 670 3176 memoratos
692 3119 1044 3184 adducerent,
1075 3130 1130 3175 et
1162 3121 1212 3174 in
1246 3135 1436 3176 eorum
1466 3124 1714 3179 examine
1741 3125 1924 3181 multis
1955 3115 1998 3178 C
2032 3120 2267 3191 nunquid
2301 3121 2371 3175 ita
2404 3121 2602 3175 mundo
2632 3121 2878 3177 Christus
2914 3123 3186 3188 irascitur,
3233 3134 3292 3178 ut
3319 3139 3472 3180 aures
3508 3140 3611 3177 nou

340 3227 396 3270 et
443 3216 650 3285 magnis
692 3224 747 3270 et
786 3216 1038 3270 inauditis
1083 3231 1204 3272 eum
1245 3216 1712 3273 criminatidnibus
1757 3218 1923 3288 impe-

342 3316 540 3372 tentcs,
570 3321 712 3375 saepe
741 3321 804 3362 ac
833 3307 924 3361 diu
951 3308 1323 3378 conﬂigerent,
1369 3309 1569 3378 aliquid
1596 3311 1645 3364 ei
1674 3310 1740 3364 de
1771 3311 1925 3368 laude

348 3397 624 3464 Theodori
662 3414 937 3468 opponere
967 3408 1304 3456 tentaverunl
1339 3403 1517 3472 :quod
1549 3404 1733 3472 procul
1762 3403 1927 3460 dubio

344 3492 601 3557 Iacerent,
633 3491 677 3546 si
700 3491 768 3545 ab
799 3479 1037 3547 Ecclesia
1061 3492 1261 3548 Christi
1289 3492 1604 3550 Theodorus
1633 3495 1925 3564 aliquando

342 3584 672 3652 judicaretur
710 3585 1018 3641 hzereticus.
1061 3585 1216 3643 Unde
1269 3587 1617 3662 Eutychiauis
1670 3589 1923 3658 dicimus,

343 3690 397 3729 ut
432 3678 554 3746 quia
584 3677 910 3732 dissentiunt
937 3694 967 3733 a
999 3679 1226 3750 synodo,
1272 3696 1393 3749 qua:
1434 3691 1785 3737 memoratam
1813 3685 1928 3753 epi-

344 3768 560 3835 stolam,
609 3769 740 3824 doas
770 3769 971 3824 Christi
1016 3782 1236 3825 naturas
1283 3781 1336 3826 et
1380 3789 1536 3826 unam
1579 3772 1926 3830 conﬁtentem

345 3872 466 3913 esse
505 3875 806 3926 personam,
857 3863 1220 3928 pronuntiavit
1257 3862 1631 3928 orthodoxam,
1683 3864 1928 3921 refutatis

343 3950 412 4003 ab
442 3965 503 4004 ca
549 3950 738 4006 saltem
787 3953 1188 4007 accusatoribus
1218 3953 1537 4006 venerabilis
1569 3954 1672 4008 lbae
1699 3970 1930 4010 consen-

345 4040 500 4104 tiant,
557 4055 655 4096 nec
706 4042 760 4095 in
799 4056 861 4094 ea
901 4040 1188 4111 quidquam
1242 4041 1472 4109 amplius
1516 4058 1674 4110 quam
1719 4043 1798 4096 illi
1840 4059 1928 4098 ca-

345 4131 770 4197 Iumuiosissimi,
817 4131 1270 4198 impudentissimi
1316 4141 1474 4198 atque
1513 4132 1926 4188 obstinatissimi

345 4223 713 4278 criminentur.
787 4221 1070 4289 Quomodo
1119 4238 1246 4277 vero
1296 4222 1638 4277 Theodorum
1691 4225 1928 4295 synodus

345 4315 595 4383 pra-dicta
642 4314 1034 4380 condemnatis,
1088 4315 1174 4368 vel
1220 4315 1285 4380 si,
1332 4325 1389 4368 ut
1429 4315 1630 4369 dictum
1676 4323 1779 4383 est,
1825 4328 1928 4372 tam

344 4408 633 4462 multorum
666 4407 881 4462 Patrum
913 4406 1234 4462 testimoniis
1265 4407 1317 4461 iu
1357 4405 1558 4477 scripto
1588 4409 1928 4475 manentibus

2031 3213 2205 3268 dicam
2235 3212 2690 3276 ChriSlianorum,
2713 3213 2806 3268 sed
2834 3229 3166 3285 quorumque
3203 3215 3507 3285 hominum,
3542 3217 3618 3271 Ie-

2031 3314 2152 3359 rant
2179 3304 2450 3360 doetiores
2479 3303 2613 3359 istos
2646 3316 2862 3360 nostros
2907 3306 3011 3360 dici
3044 3307 3238 3361 talibus
3266 3307 3612 3362 doctoribus?

2030 3397 2112 3451 An
2157 3399 2292 3452 forte
2320 3396 2588 3466 putabitur
2617 3398 2757 3466 quod
2789 3398 3153 3462 nechaaretici
3196 3399 3406 3453 dicendi
3439 3407 3620 3453 essent

2029 3505 2060 3544 a
2104 3490 2311 3560 synodo
2358 3490 2432 3543 illi
2489 3491 2697 3556 Patres,
2751 3490 3001 3561 quoniam
3053 3507 3158 3547 non
3211 3492 3621 3548 consentiebant

2031 3579 2372 3652 dogmatibus
2424 3581 2644 3636 Diodori
2691 3591 2852 3654 atque
2889 3582 3194 3646 Theodori;
3245 3599 3346 3640 nec
3394 3584 3620 3651 indocti,

2031 3674 2282 3744 quoniam
2331 3674 2575 3728 sciebant
2614 3689 2674 3729 ea
2707 3684 2854 3729 recta
2896 3691 3002 3729 non
3043 3690 3164 3731 esse
3190 3677 3343 3741 ;‘sed
3388 3685 3622 3731 tantum-

2031 3767 2193 3822 modo
2221 3767 2575 3836 negligentes,
2635 3766 2777 3836 quod
2805 3781 2901 3821 eos
2928 3767 3200 3836 corrigere
3232 3778 3325 3821 aut
3355 3769 3422 3823 ab
3450 3770 3622 3824 eccle-

2031 3860 2107 3913 sia
2149 3859 2347 3928 pellere
2392 3860 2568 3913 minus
2606 3860 2953 3914 curaverint?
3001 3862 3071 3915 At
3109 3860 3213 3915 boc
3259 3860 3432 3930 ipsum
3479 3862 3620 3930 quod

2034 3960 2316 4008 tacuerunt
2349 3953 2400 4005 in
2431 3963 2704 4020 tempore,
2739 3969 2858 4008 cum
2891 3955 2970 4011 eis
3012 3963 3065 4007 et
3108 3953 3174 4008 ad
3217 3953 3622 4023 intelligendum

2034 4059 2224 4115 magna
2253 4046 2498 4110 scientia,
2529 4057 2582 4099 et
2609 4046 2673 4099 ad
2716 4047 3150 4115 respondendum
3182 4062 3359 4104 sermo
3395 4063 3500 4104 non
3529 4047 3623 4102 de-

2035 4139 2223 4190 fuisset
2250 4137 2496 4200 idnzeus,
2546 4153 2639 4205 pro
2669 4152 2939 4192 consensu
2987 4138 3156 4191 teneri
3197 4138 3390 4192 merito
3422 4146 3622 4206 potest.

2035 4228 2197 4297 Igitur
2246 4218 2407 4281 etiam
2455 4231 2532 4280 sic
2583 4242 2687 4280 non
2731 4227 2880 4281 aliud
2925 4227 3254 4294 efﬁceretur,
3305 4225 3409 4281 nisi
3450 4237 3508 4282 ut
3544 4227 3623 4282 illi

2034 4320 2204 4374 sancti
2263 4319 2446 4372 Patres
2503 4319 2742 4372 lucretici
2800 4319 3198 4373 afﬁrmarentur
3255 4334 3284 4373 a
3339 4320 3620 4390 synodo".

2035 4411 2289 4479 Quamvis
2328 4413 2504 4478 itaque
2547 4412 2595 4464 in
2638 4410 2724 4463 tali
2766 4425 2926 4465 causa
2975 4411 3249 4482 negligens
3294 4412 3624 4467 tolerabilior

343 4503 562 4556 minime
608 4510 932 4572 repugnaret
956 4542 970 4564 ,
1020 4517 1081 4555 ac
1121 4515 1226 4556 non
1277 4503 1525 4570 superius
1547 4502 1567 4532 ³
1599 4516 1926 4561 memoratos
1955 4496 2010 4557 1)
2035 4504 2257 4562 forsitan
2291 4503 2553 4556 indicetur
2587 4503 2870 4569 heretico,
2921 4505 3109 4573 procul
3143 4504 3305 4558 dubio
3337 4513 3514 4560 tamen
3543 4504 3626 4558 in-

345 4602 435 4647 aut
481 4593 760 4650 haereticos
805 4592 1060 4649 diceret‘
1092 4594 1233 4664 quod
1285 4594 1642 4664 intelligentes
1692 4611 1923 4653 consen-

346 4682 546 4737 tiebant
589 4683 786 4752 pravis,
820 4693 880 4738 ut
904 4685 1072 4752 aiunt,
1105 4684 1446 4755 dogmatibus
1480 4686 1696 4742 Diodori
1741 4688 1928 4744 Theo-

347 4771 567 4840 dorique
589 4775 984 4843 communibus,
1019 4785 1108 4829 aut
1135 4776 1292 4830 nimis
1321 4777 1587 4848 indoctos,
1626 4780 1671 4835 si
1701 4780 1802 4837 hoc
1829 4798 1924 4852 pu-

425 4917 450 4945 ι
475 4909 787 4964 Addendum
817 4912 1026 4966 videtur
1052 4929 1196 4966 nemo
1229 4914 1575 4970 Theodorum.

348 5095 378 5147 α
431 5023 585 5145 ’(Σξιδ.
620 5023 820 5078 Veron.
842 5065 854 5089 ,
890 5025 1170 5078 Diodorum
1215 5030 1288 5081 vel
1323 5029 1641 5082 Theodorum
1682 5033 1928 5101 aliquan-

385 5112 433 5147 ο.
468 5109 496 5146 c
523 5109 572 5147 c.

385 5112 433 5157 ο,
468 5109 572 5147 etc.

414 5166 434 5195 ³
469 5164 606 5218 Idem
637 5163 757 5218 cod.
782 5207 796 5231 ,
831 5168 1172 5219 excusatione.

412 5235 432 5265 ³
468 5237 608 5288 Idem
638 5236 784 5306 cod.,
813 5253 983 5290 omnes
1000 5238 1256 5306 superius.

414 5305 434 5380 ξ
462 5306 602 5380 Ideni
633 5305 782 5380 cod.,
812 5308 1016 5372 diceret,
1050 5305 1094 5360 si
1121 5317 1338 5380 putaret,
1371 5311 1529 5380 quod.

415 5377 436 5406 ⁸
464 5376 604 5449 Idem
636 5377 780 5444 cod.,
798 5376 1422 5449 quinquectquadraginl’a
1436 5381 1719 5438 annis.Tot
1740 5402 1923 5440 nume.

347 5457 425 5501 rat
453 5448 676 5514 epistola
705 5450 894 5519 synodi
918 5451 1264 5504 Antiocheam
1289 5448 1392 5504 ’sub
1417 5452 1620 5507 Joanne
1643 5469 1784 5508 anno
1810 5455 1919 5512 455

345 5519 647 5586 celebratae,
664 5524 728 5572 ad
747 5521 987 5575 Procluin
1007 5521 1678 5590 Consrantinopolitanum,
1698 5537 1751 5579 ut
1768 5538 1916 5595 pater

414 5632 446 5666 “
473 5630 584 5687 NOu
616 5631 770 5686 bene.
805 5631 1056 5686 Rescribe
1089 5631 1404 5685 Tomitanus.
1439 5633 1754 5702 Scytharum
1780 5638 1920 5690 enim

349 5704 650 5778 μητρρπολίς
700 5704 1041 5778 ἐστι-Τόμεξ,
1097 5704 1238 5763 πόλις
1279 5707 1488 5775 myrin,
1545 5710 1627 5758 καὶ
1680 5706 1926 5778 sariam-av

351 5775 607 5841 πρώιος,
657 5782 709 5826 ut.
760 5775 915 5827 habet
963 5774 1296 5829 Sazoirlcnus
1348 5774 1478 5828 IIt~l.
1538 5779 1669 5830 eccl.
1727 5774 1922 5838 Illn'vl,

2037 4596 2195 4650 docto
2220 4597 2472 4650 deterior.
2510 4594 2854 4649 Venerabiles
2896 4604 3074 4650 autem
3122 4595 3328 4660 Patres,
3380 4611 3516 4666 quos
3543 4597 3624 4650 in-

2039 4693 2224 4746 doctos
2249 4691 2336 4743 illa
2365 4689 2599 4759 synodus
2628 4687 2810 4741 dicere
2835 4702 2940 4741 non
2972 4686 3220 4752 audebat,
3249 4689 3418 4742 multo
3449 4689 3627 4742 minus

2039 4783 2388 4854 negligentes,
2424 4779 2566 4848 quod
2594 4789 2674 4833 cSt
2697 4779 2956 4844 deterius,
2981 4777 3227 4846 judicare
3252 4789 3624 4848 praesumeret.

2040 5053 2103 5093 ex
2132 5038 2429 5104 fragmento
2457 5038 2704 5103 superius
2726 5054 2845 5108 cap.
2881 5040 2905 5094 1
2937 5040 3085 5096 citat.

2113 5110 2131 5182 ξ
2158 5110 2296 5182 Idem
2322 5111 2466 5176 cod.,
2495 5110 2761 5173 Quomodo
2789 5126 2909 5182 ergo
2939 5112 3012 5165 si.

2108 5179 2130 5212 '
2156 5179 2298 5233 Idem
2332 5183 2471 5242 cod.,
2517 5198 2546 5232 a
2585 5183 2805 5250 synodo,
2846 5179 2939 5247 qui
2968 5197 3127 5249 neque
3157 5181 3317 5249 ipsos,
3354 5197 3514 5250 neque
3569 5186 3604 5235 it

2036 5249 2202 5305 lorum
2230 5252 2470 5320 dogmata
2499 5249 2621 5319 qua!
2658 5252 2817 5318 impia
2842 5262 3103 5315 noverant,
3158 5268 3270 5303 rum
3299 5249 3503 5319 possent
3548 5271 3634 5304 ru:-

2033 5320 2239 5374 luerunt
2271 5324 2536 5395 abdicare.
2583 5321 2776 5395 Verum
2817 5333 2922 5372 esto
2965 5333 3164 5395 contra
3190 5323 3453 5375 veritatem
3507 5342 3636 5395 pm.

2032 5393 2372 5458 suntpturilms
2401 5393 2496 5446 ltoc
2527 5393 2676 5443 etiam
2722 5398 2849 5444 s'cut
2888 5396 3045 5444 "mlta
3073 5393 3335 5456 cedamus,
3370 5410 3471 5446 non
3510 5393 3608 5449 Vlnr

2032 5465 2173 5516 relict
2200 5464 2517 5532 aﬂirmavnur
2539 5478 2569 5514 a
2591 5465 2806 5530 synodo.
2849 5460 2928 5526 Qu
2947 5463 3092 5515 imvis
3116 5505 3129 5527 ,
3169 5473 3273 5519 etc.

2029 5655 2146 5706 cap.
2177 5637 2606 5694 2i.‘.‘.‘rz=srtt.'\'i:.
2639 5637 2701 5689 ad
2741 5637 2852 5689 Vel.
2884 5637 3107 5691 Roman.
3131 5639 3314 5695 Itincr.
3349 5654 3467 5713 pag.

2030 5715 2108 5740 nul
2189 5713 2200 5740 ὶ
3621 5730 3625 5737 .

2030 5715 2130 5764 Ctil.
2175 5715 2220 5763 .3.
3621 5730 3625 5737 '
