4104 6360
455 208 560 264 733

1556 205 1852 264 FACUNDI
1894 204 2103 260 EPISC.
2150 203 2654 263 IIERSIIANENSIS

3656 204 3781 261 736

459 326 754 399 Diligenles
790 329 948 398 igitur
980 326 1258 397 judicavit,
1302 337 1434 395 quos
1465 331 1519 378 et
1560 324 1763 380 sciebat
1797 322 2047 391 tempori-
2082 327 2119 376 Λ
2164 319 2264 373 ties
2292 320 2451 375 etiam
2477 336 2572 389 per
2609 318 2910 375 nescientes
2948 319 3182 376 scienter
3218 328 3469 391 operatur
3497 321 3633 391 ipse
3670 318 3777 383 qui

450 418 558 473 dius
599 435 783 475 eorum
845 428 1065 473 exortes
1111 416 1394 472 haereticos
1437 417 1727 483 expulisse.
1774 416 1843 471 Ut
1897 415 2038 469 enim

458 512 763 565 omittamus
786 525 879 566 eos
910 525 1138 579 quorum
1167 510 1381 565 nomina
1402 508 1600 562 abolita
1628 519 1751 562 sunt
1780 522 1900 561 cum
1932 506 2042 559 haz-

459 600 667 655 resibus
695 602 823 667 suis,
872 602 922 655 id
956 612 1039 656 est
1069 602 1345 665 Basianos,
1380 616 1513 670 quos
1544 611 1600 655 et
1632 600 2043 666 anthropomor-

458 690 636 756 phitas
670 693 897 748 dicimus
923 703 981 757 ις
1014 694 1405 760 Semiariauos,
1452 695 1734 759 Aetianos,
1766 692 2042 748 Antidico-

456 784 675 839 maritas
701 783 749 849 δ,
801 786 1168 852 Massalianos,
1199 803 1330 856 quos
1368 800 1422 841 et
1460 787 1787 851 Euchitasc;
1824 786 2041 854 Euphe-

460 876 656 943 mitas,
688 877 1063 948 Martyrianos,
1101 879 1396 933 Sacianos‘
1433 897 1445 944 ;
1490 879 1821 949 temporibus
1858 893 2041 933 eorum

456 976 514 1021 et
558 970 735 1023 exorti
783 978 835 1024 et
882 970 1091 1037 expulsi
1143 981 1266 1025 sunt
1320 974 1479 1025 etiam
1515 971 1857 1035 Marriani“,
1906 971 2044 1024 Pho-

457 1059 662 1123 tiani',
704 1058 1104 1124 Macedoniam,
1156 1061 1241 1129 qui
1289 1070 1342 1115 et
1386 1060 1892 1125 Pneumatomachi;
1940 1062 2043 1114 Ae-

459 1151 625 1213 tiaui,
679 1153 766 1217 qui
815 1162 869 1207 et
918 1154 1267 1218 Eunomiani;
1300 1154 1392 1209 sed
1439 1166 1491 1209 et
1535 1156 1927 1225 Apolinarisla'.
1981 1155 2045 1209 Et

460 1244 731 1308 quomodo
761 1243 811 1297 in
843 1245 924 1297 his
959 1248 1121 1299 tantis
1151 1245 1494 1301 aemulatores
1526 1246 1646 1301 ﬁdei
1687 1247 2043 1316 comprobati,

459 1333 510 1386 in
537 1335 667 1387 solis
703 1335 930 1389 Diodoro
952 1349 1110 1406 a'que
1133 1337 1423 1392 Theodoro
1448 1338 1781 1407 negligentes
1806 1353 1832 1389 a
1857 1347 2041 1392 sancta

459 1426 666 1493 synodo
708 1428 1092 1482 crederentur?
1138 1430 1303 1501 Igitur
1346 1442 1400 1484 ut
1446 1429 1736 1484 Diodorum
1770 1444 1833 1484 ac
1862 1430 2041 1483 Theo-

461 1516 647 1569 dorum
684 1534 786 1571 non
831 1521 1193 1587 expellerent,
1240 1530 1331 1574 aut
1358 1521 1548 1574 melius
1578 1535 1761 1574 eorum
1790 1520 1931 1575 dicta
1965 1522 2044 1575 in-

462 1609 803 1675 tellexerunt,
834 1614 965 1667 sicut
993 1614 1058 1667 ab
1087 1615 1206 1668 aliis
1228 1630 1321 1668 sua
1347 1614 1595 1670 volebant
1628 1614 1872 1684 intelligi,
1901 1614 2041 1685 quod

2147 422 2319 481 potest
2345 413 2521 467 omnia
2565 414 2735 466 facere
2762 426 2923 481 supra
2956 428 3113 481 quam
3148 412 3377 481 petimus
3409 420 3501 466 aut
3532 410 3781 466 intelli—

2145 507 2352 573 gimus;
2394 515 2484 559 aut
2513 507 2602 574 qui
2632 507 2652 537 ²
2684 506 2928 573 promisit
2966 506 3106 575 quod
3150 507 3424 561 nobiscum
3463 507 3531 561 sit
3557 506 3781 560 omni-

2146 598 2242 649 bus
2280 596 2466 651 diebus
2508 611 2675 665 usque
2706 596 2771 649 ad
2803 584 3323 651 consummationem
3363 598 3590 652 saeculi?
3634 595 3780 651 Uti-

2146 702 2267 741 nam
2300 688 2399 741 sibi
2434 702 2701 754 nunquam
2745 688 3017 743 smcularis
3061 696 3319 757 potestas,
3361 689 3501 758 quod
3532 689 3585 743 ei
3621 703 3775 742 ere-

2147 781 2177 835 d
2206 794 2313 835 tum
2344 798 2447 835 non
2483 792 2563 835 est
2604 783 2655 835 in
2695 782 2777 836 his
2818 783 3047 852 negotiis
3082 790 3398 853 usurparet,
3439 798 3558 852 qua:
3603 798 3775 836 nun-

2146 890 2304 945 quam
2357 874 2578 929 feliciter
2626 876 2923 942 usurpavit.
2975 874 3243 929 Carteiam
3293 875 3645 945 congregatis
3709 875 3771 927 in

2147 984 2244 1021 suo
2292 970 2507 1023 nomine
2551 968 2922 1022 sacerdotibus
2967 969 3078 1034 suis
3118 968 3366 1023 Christus
3406 969 3602 1025 deesse
3636 983 3774 1024 non

2148 1068 2324 1127 potest
2358 1077 2369 1112 :
2403 1060 2524 1128 quia
2564 1074 2684 1113 cum
2731 1060 2802 1114 sit
2848 1061 3187 1130 omnipotens
3235 1061 3466 1123 veritas,
3516 1059 3770 1117 mentiri

2149 1150 2450 1205 nullatenus
2483 1158 2677 1217 potest,
2720 1150 2858 1204 sicut
2893 1164 2992 1204 nec
3034 1150 3109 1205 illi
3149 1152 3355 1220 synolo
3385 1151 3574 1217 defuit,
3609 1166 3759 1222 qua:

2149 1242 2201 1295 in
2236 1257 2394 1296 causa
2422 1242 2634 1311 quidem
2684 1242 2806 1297 fidei
2838 1242 3076 1297 omnium
3120 1242 3479 1297 communiter
3511 1243 3757 1297 Patrum

2148 1337 2449 1391 doctrinam
2484 1347 2663 1392 secuta
2695 1347 2775 1391 est
2809 1353 2823 1392 ε
2856 1338 2907 1392 in
2940 1337 3205 1392 Theodori
3238 1352 3388 1403 vero,
3423 1354 3529 1392 non
3576 1339 3759 1393 unius

2146 1428 2350 1501 Cyril'i,
2385 1430 2464 1484 vel
2497 1430 2540 1484 si
2569 1429 2852 1484 credamus
2882 1429 2901 1460 ³
2924 1429 3063 1497 quod
3091 1428 3307 1495 dicitur,
3336 1428 3458 1499 quia
3484 1444 3585 1484 nec
3606 1444 3754 1499 pos-

2149 1535 2252 1589 set,
2303 1523 2454 1590 cujus
2484 1523 2752 1576 contraria
2802 1522 2903 1575 sibi
2949 1535 3069 1577 esse
3097 1521 3381 1575 videbatur
3405 1520 3493 1575 vel
3532 1522 3752 1576 incerta

2148 1618 2445 1680 sententia;
2493 1616 2585 1671 sed
2632 1617 2857 1669 aliorum
2897 1616 3113 1669 Patrum
3152 1624 3331 1669 secuta
3363 1625 3480 1678 est,
3513 1630 3652 1684 quos
3681 1626 3745 1669 et

460 1718 558 1756 nos
594 1703 769 1758 facere
809 1707 1079 1772 nolumus,
1124 1708 1237 1761 sive
1265 1722 1369 1761 non
1406 1721 1719 1776 possumus;
1753 1718 1844 1761 aut
1881 1708 2043 1761 ratio-
2080 1701 2117 1757 Β
2148 1712 2470 1763 auctoritate
2501 1718 2555 1764 ct
2586 1723 2807 1761 numero
2838 1715 2891 1760 et
2923 1706 3132 1761 ratione
3166 1704 3418 1775 prmferre
3450 1705 3739 1759 debuerat.

460 1807 580 1847 nem
610 1808 637 1846 a
664 1795 1016 1861 praesentibus
1044 1811 1138 1850 cur
1160 1796 1231 1850 ita
1260 1796 1429 1850 locuti
1462 1797 1571 1851 sint
1599 1806 1926 1866 exegerunt;
1955 1806 2046 1852 aut

461 1886 791 1941 invenerunt
820 1903 913 1943 eos
953 1888 1063 1958 jam
1104 1898 1341 1943 mutasse
1380 1890 1736 1954 sententiam;
1783 1899 1873 1943 aut
1904 1889 2043 1959 quod

461 1986 762 2033 extremum
815 1993 928 2043 εει,
982 1980 1289 2035 admonitos
1342 1989 1549 2036 mutare
1593 1981 1856 2037 fecerunt.
1912 1982 2043 2037 Nam

462 2068 619 2122 aliter
667 2084 760 2124 eos
811 2072 862 2124 in
912 2072 1147 2127 Ecclesia
1204 2073 1468 2128 catholica
1524 2090 1742 2130 manere
1809 2076 2047 2143 potuisse

463 2158 583 2228 quis
614 2161 826 2228 sapiens
852 2162 1150 2218 catholicus
1173 2165 1391 2219 credat?
1432 2165 1566 2219 Cum
1593 2180 1719 2220 vero
1757 2173 1899 2219 tanta
1929 2181 2048 2235 quze

462 2248 605 2305 dicta
637 2261 781 2311 sunt.
822 2268 922 2322 ego
952 2254 1203 2309 indoctus
1231 2265 1285 2310 et
1308 2255 1514 2311 Latinae
1545 2257 1763 2326 linguae,
1794 2257 1862 2312 (le
1887 2272 2046 2313 causa

463 2341 601 2407 apud
654 2341 869 2398 erecos
905 2343 1106 2411 habita,
1142 2357 1262 2415 post
1303 2356 1517 2401 centum
1564 2362 1737 2402 annos
1777 2362 1876 2418 pro
1926 2364 2048 2403 meo

463 2442 621 2502 caput
644 2442 697 2487 et
722 2433 994 2500 facultate,
1029 2435 1111 2490 vel
1138 2436 1435 2507 intelligere
1453 2437 1540 2493 vel
1562 2438 1834 2507 explicare
1858 2449 2048 2507 potue-

463 2524 596 2591 rim;
624 2534 819 2594 quanta
843 2528 1174 2584 credendum
1203 2542 1285 2583 est
1315 2531 1461 2585 illam
1489 2540 1799 2586 sanctorum
1830 2532 2046 2589 Patrum

464 2620 932 2688 congregationem
982 2620 1035 2673 in
1080 2635 1239 2675 causa
1272 2637 1435 2692 penes
1482 2638 1542 2677 se
1587 2632 1641 2676 et
1684 2626 1889 2679 recenti
1939 2642 2051 2682 me-

463 2712 631 2766 moria
671 2727 992 2783 cognoscere
1024 2716 1288 2785 potuisse,
1323 2716 1414 2771 illo
1460 2716 1622 2772 etiam
1655 2719 1929 2772 revelante
1955 2719 2051 2786 qui

462 2803 593 2857 dixit
636 2820 650 2859 :
694 2804 793 2863 Ubi
837 2817 975 2860 sunt
1002 2808 1106 2860 duo
1143 2807 1221 2863 vel
1263 2814 1365 2865 tres
1411 2808 1701 2878 congregati
1744 2811 1797 2861 in
1846 2809 2050 2865 nmnine

466 2912 597 2961 meo,
621 2896 692 2950 ibi
711 2898 763 2950 in
790 2899 955 2951 medio
984 2916 1161 2954 eorum
1189 2914 1303 2954 sum
1328 2897 1539 2969 (Matth.
1574 2914 1727 2966 xvm,
1760 2897 1887 2968 20)?
1916 2900 2046 2954 Nam

466 2988 695 3045 fideliter
722 2990 998 3045 invocatus
1024 3006 1132 3046 non
1163 2990 1340 3045 solum
1372 3004 1403 3043 a
1428 2989 1820 3055 sacerdotibus,
1863 2990 1954 3044 sed
1982 2990 2049 3045 ab

2150 1802 2280 1867 Quis
2316 1802 2457 1855 enim
2494 1800 2753 1855 Joannem
2806 1798 3455 1865 ConstantinOpulitanum
3501 1796 3738 1868 Cyrillo.

2151 1893 2270 1962 uris
2303 1893 2484 1961 plures
2512 1892 2922 1961 probatissimos
2961 1889 3107 1943 viros
3139 1888 3252 1953 uni,
3285 1890 3403 1957 quis
3434 1890 3741 1943 excusatio-

2152 2000 2271 2039 nem
2301 1985 2658 2039 certissimam
2701 1994 2753 2036 et
2793 1981 3282 2037 constantissimam
3322 1980 3543 2034 incertae
3573 1990 3627 2033 ct
3658 1981 3739 2033 in-

2151 2077 2417 2131 constanti
2473 2074 2798 2129 accusationi
2854 2089 2959 2128 non
3015 2071 3337 2141 prreferat‘?
3384 2070 3533 2125 Nihil
3577 2072 3736 2140 ig'tnr

2151 2167 2234 2220 vel
2265 2168 2385 2220 hinc
2409 2166 2800 2220 calumnientur
2841 2163 3103 2228 haeretici,
3138 2162 3223 2216 vel
3274 2161 3523 2215 catholici
3566 2162 3732 2215 offen-

2150 2257 2363 2311 dantur.
2405 2258 2534 2322 Quae
2565 2255 2736 2309 fuerat
2764 2254 2985 2309 Joannis
3031 2268 3094 2308 ac
3134 2253 3310 2307 Procli
3348 2252 3732 2306 Constantino.

2153 2348 2531 2417 politanorum,
2557 2347 2796 2414 Gregorii
2822 2330 3164 2411 Nazianieni,
3194 2344 3420 2398 Joannis
3450 2359 3515 2398 ac
3548 2344 3732 2397 Domni

2153 2441 2607 2495 Antiochenorum
2654 2449 2707 2494 et
2748 2438 3024 2494 orientalis
3063 2437 3278 2493 concilii
3312 2436 3467 2500 fides,
3502 2451 3605 2490 nec
3633 2452 3735 2488 non

2152 2532 2409 2587 Ecclesia:
2436 2547 2463 2583 a
2495 2544 2597 2599 qua
2627 2545 2731 2583 non
2774 2539 2857 2585 est
2885 2529 3146 2600 expulsus
3173 2525 3516 2593 Theodorus,
3550 2529 3736 2583 eadem

2152 2626 2327 2679 fuerat
2356 2634 2411 2677 et
2448 2622 2653 2693 (iyrilli.
2689 2621 2763 2675 De
2802 2621 3088 2676 Theodoro
3131 2630 3359 2683 tantum,
3412 2620 3552 2673 sicut
3583 2631 3637 2673 et
3676 2622 3737 2672 dc

2154 2716 2407 2781 Diodoro,
2450 2713 2533 2769 cui
2563 2712 2723 2767 simul
2759 2712 3081 2767 Athanasius
3113 2722 3273 2783 atque
3303 2713 3323 2744 ⁸
3351 2711 3731 2765 Constantino-

2152 2808 2388 2877 politana
2428 2805 2665 2875 synodus
2710 2812 3017 2869 attestatur,
3071 2804 3124 2858 in
3166 2807 3283 2859 solo
3311 2805 3516 2875 Cyr-illo
3546 2804 3737 2857 dicitur

2153 2898 2378 2951 inveniri
2409 2897 2623 2951 diversa
2652 2894 2946 2960 sententia;
2988 2903 3043 2950 et
3063 2896 3201 2965 quod
3233 2909 3312 2951 e51
3346 2896 3603 2950 indicium
3627 2911 3721 2951 cer

2154 2992 2372 3046 tissima:
2431 2988 2708 3055 veritatis,
2779 2988 2830 3041 in
2881 2988 2992 3058 ipsa
3047 2988 3382 3044 dissensione
3445 3003 3737 3045 consensus

463 3082 605 3136 omni
640 3098 850 3152 quoque
888 3083 1086 3153 populo
1121 3097 1221 3138 suo
1257 3082 1412 3152 cujus
1456 3081 1588 3137 ﬁdes
1615 3090 1670 3137 et
1710 3082 2043 3150 exsyectatio
2073 3078 2117 3139 C
2151 3084 2309 3137 unius
2336 3080 2685 3149 ejusdemque
2727 3077 2846 3133 ﬁdei
2888 3078 3289 3148 comprobatur.
3338 3081 3413 3134 De
3443 3096 3551 3148 quo
3592 3082 3731 3135 enim

462 3189 526 3227 ex
559 3174 773 3228 illorum
801 3176 1117 3231 auctoritate
1152 3174 1436 3243 dependet,
1476 3174 1705 3242 primum
1740 3174 1829 3227 dat
1862 3174 2040 3227 omni-

463 3266 563 3319 bus
586 3267 923 3336 congregatis
946 3282 1107 3321 unum
1140 3280 1235 3320 cor
1264 3274 1319 3321 et
1348 3264 1579 3319 animam
1608 3279 1766 3319 unam
1786 3304 1803 3330 ,
1844 3277 1899 3317 ut
1928 3265 2045 3318 nul-

465 3357 547 3410 lus
575 3372 759 3410 eorum
784 3371 934 3411 suam
966 3356 1094 3411 velit
1115 3372 1237 3411 esse
1265 3356 1608 3419 sententiam,
1642 3356 1742 3409 nisi
1772 3371 1895 3424 qua:
1926 3356 2042 3411 fue-

465 3449 535 3504 rit
555 3450 817 3505 veritatis.
872 3450 1090 3517 Qumies
1129 3449 1200 3503 ibi
1233 3449 1503 3503 doctiores
1535 3448 1944 3518 indoctioribus,
1990 3461 2045 3506 et

470 3544 651 3612 plures
684 3542 1042 3612 paucioribus,
1089 3541 1179 3598 illo
1208 3556 1393 3598 eorum
1433 3540 1613 3597 medio
1644 3541 1879 3598 cedunt?
1909 3556 2044 3612 quo-

537 3712 564 3743 ι
597 3702 1266 3769 Anthmpomorphitarum
1306 3700 1667 3772 stultissimm,
1689 3711 1757 3772 ut
1787 3701 2048 3772 Hierony.

466 3789 582 3829 mus
620 3775 842 3842 epistula
877 3773 934 3826 6|
976 3784 1148 3840 vocat,
1186 3770 1407 3827 hzeresis
1442 3782 1634 3826 auctor
1676 3771 1774 3824 fuit
1819 3770 2041 3837 Auditis,

464 3846 598 3910 sive,
623 3854 680 3899 ut
708 3853 791 3899 est
813 3844 950 3914 apud
974 3844 1396 3914 Theodoretum,
1416 3845 1667 3914 Andmus,
1693 3842 1924 3905 Αὐδαῐος,
1956 3845 2043 3909 qui

465 3913 885 3988 ἀνθρωπόμορφρν
905 3913 1059 3987 ἔφησε
1080 3917 1162 3988 τὸν
1191 3914 1331 3977 Θεὸν,
1368 3913 1476 3988 Deo
1503 3913 1791 3988 humanam
1825 3918 2045 3988 figuram

466 3984 723 4040 attribuit.
750 3984 787 4040 Ᾱ
806 3984 1058 4053 dogmate
1090 3986 1249 4051 igitur
1271 3984 1833 4053 .\nthropomorphitm
1860 3987 2044 4053 appel-

466 4056 557 4109 lati
582 4065 729 4117 sunt,
757 4072 785 4108 a
810 4059 1061 4123 magistro
1091 4056 1316 4111 Audiani
1344 4072 1358 4109 :
1384 4071 1478 4123 pro
1508 4072 1614 4124 quo
1641 4056 1775 4123 apud
1803 4067 2044 4110 sanctum

467 4128 820 4196 Augustinum
870 4126 1061 4180 haeresi
1100 4128 1121 4180 1
1173 4126 1432 4193 scriptum
1463 4138 1541 4179 cst
1585 4126 1805 4179 Vudiani
1853 4137 1907 4181 et
1952 4141 2047 4196 pro

470 4195 740 4257 Vadianis.
768 4206 825 4251 ut
848 4209 1089 4267 apparet.
1124 4199 1224 4251 hoc
1257 4199 1374 4251 loco
1407 4196 1635 4249 Bttsiaui.

538 4268 563 4306 δ
596 4268 889 4338 Epiphanio
925 4268 1486 4342 ’ΔσιιιιήιδικομιαριαιρίτοιιΓ
1546 4268 1605 4321 IIi
1659 4267 1873 4342 Mariam
1899 4339 1908 4342 Α
1931 4277 2048 4334 post

466 4336 733 4393 Christum
790 4350 968 4393 natum
994 4341 1109 4394 viro
1142 4336 1248 4392 suo"
1288 4339 1632 4391 commixtam
1683 4336 2041 4391 afﬁrnnibant.

466 4411 660 4464 tlontra
690 4426 822 4477 quos
864 4410 1192 4478 Epiphanius
1220 4409 1357 4462 idem
1388 4412 1643 4478 prolixam
1678 4407 1957 4475 epistolam
1980 4410 2043 4462 ad

458 4481 670 4533 'Arabas
722 4477 1078 4544 scripsit,’ubi
1130 4493 1243 4533 orta
1287 4480 1528 4533 Incresis.
1580 4477 1775 4532 Contra
1827 4480 2044 4533 eosdem

470 4551 638 4604 tertur
665 4551 824 4605 etiam
855 4551 1031 4619 egisse
1061 4550 1377 4606 Theodorus
1409 4551 1690 4619 episcopus
1718 4549 1969 4619 Cyprius.

542 4726 553 4753 ¹
584 4721 711 4779 Cod.
752 4722 967 4795 Veron.,
997 4722 1293 4779 Phatiniani
1321 4722 1368 4795 (a
1403 4724 1673 4793 Photinu).

540 4796 559 4823 ¹
588 4796 725 4849 Idem
757 4794 900 4858 COtI.,
926 4805 971 4848 et
999 4797 1106 4864 qui.

542 4865 561 4894 ³
592 4864 731 4919 Idem
760 4868 905 4928 cod.,
930 4867 1285 4919 concedamus.

540 4934 560 5008 ξ
586 4936 727 5008 Idem
751 4936 896 5008 cod.,
919 4938 1063 5008 justa
1091 4940 1285 4989 ratione
1309 4939 1689 5008 nonrpratfcrnt.

542 5006 563 5037 ⁵
586 5007 726 5061 Idem
750 5007 846 5061 cod
866 5048 897 5075 .,
920 5006 1154 5062 similiter
1184 5007 1494 5060 Athanasius
1516 5019 1561 5059 et
1586 5008 1776 5069 cwteri,
1806 5016 1973 5073 atque.

544 5076 566 5108 ⁸
589 5078 729 5133 Idem
774 5078 919 5146 cod.,
952 5081 1362 5145 manifestissime
1386 5093 1597 5148 pravum
1624 5087 1695 5130 est
1740 5089 1785 5130 et
1816 5078 2048 5148 religioni

541 5242 561 5261 ‘
594 5237 781 5291 Editor
807 5232 1302 5308 Sirmondianorum
1331 5229 1541 5299 praefat.
1684 5227 1969 5308 {fl-In.”II,n§
1993 5226 2045 5308 κξ,

472 5309 747 5373 sequentia
793 5307 958 5361 refert
998 5305 1053 5358 in
1100 5306 1239 5357 hunc
1271 5298 1444 5373 locum
1494 5314 1571 5373 ex
1606 5298 1855 5373 Cutelerii
1900 5298 2043 5373 Eccl.

470 5368 568 5431 Gr:
601 5377 837 5441 Monum,
885 5384 1014 5428 tom.
1054 5373 1096 5437 l,
1139 5388 1260 5442 pag.
1288 5371 1387 5442 777
1426 5387 1439 5421 :
1479 5388 1506 5442 cf
1534 5368 1907 5442 (Iunjecturam
1943 5369 2041 5442 viri

472 5447 619 5499 omni
649 5438 963 5514 exceptione
992 5438 1421 5514 majorisJaeobi
1455 5439 1723 5514 Sirmoodi
1753 5438 1913 5514 nolim
1942 5441 2043 5514 im-

475 5516 737 5584 probare;
783 5507 875 5569 sed
897 5507 1090 5583 quidni
1108 5519 1341 5584 legamus
1373 5511 1691 5584 Suet-ianos,
1725 5507 1877 5584 quod
1904 5510 2042 5584 idem

473 5579 743 5654 significat.
783 5579 1237 5654 cum'Saceitjs'et
1276 5581 1667 5654 Saccophoris?
1714 5579 1850 5654 Quin
1882 5581 2044 5633 etiam

463 5651 787 5711 .eiaraverat
854 5654 1030 5707 forsan
1090 5652 1367 5707 Facundos
1434 5652 1713 5715 Satianos,
1785 5651 2042 5705 decertns

474 5726 770 5800 exemplari
809 5722 969 5778 simili
1007 5721 1327 5781 etitionibus
1369 5725 1566 5781 nostris
1592 5722 1792 5779 Gra'cis
1836 5725 2039 5776 Anace-

2147 3175 2378 3246 Cyrillus
2404 3172 2742 3227 Theodorum
2769 3172 3016 3242 culpasse
3044 3172 3263 3236 dicitur,
3300 3173 3737 3230 manifestissime

2149 3284 2370 3340 pravum
2419 3266 2734 3321 defensores
2769 3264 3034 3321 Theodori
3069 3281 3172 3319 non
3202 3265 3608 3335 denegabant“;
3641 3268 3732 3323 sed

2150 3364 2251 3417 hoc
2277 3362 2594 3415 Theodorus
2623 3376 2727 3415 non
2761 3360 2996 3415 sensisse
3023 3358 3321 3414 dicebatur.
3356 3360 3482 3415 Inde
3505 3361 3669 3432 gitur
3689 3373 3737 3415 et

2149 3455 2240 3510 ille
2281 3454 2503 3524 putabat
2538 3452 2936 3523 exsequendum
2968 3455 2987 3484 ⁷
3019 3468 3139 3508 esse
3188 3453 3561 3523 Theodorum,
3593 3457 3731 3524 quod

2151 3545 2296 3603 velut
2339 3545 2529 3603 eadem
2560 3544 2792 3601 senserit
2840 3558 2958 3615 quae
3005 3546 3142 3599 male
3174 3542 3455 3601 Nestorius
3485 3546 3653 3600 sensit
3684 3546 3732 3606 ‘;

2227 3721 2248 3749 ο
2275 3709 2434 3762 Vocis
2475 3708 2756 3777 utriusque
2801 3708 2988 3761 eadem
3032 3716 3116 3761 est
3154 3707 3321 3759 notio.
3367 3705 3495 3760 Nam
3544 3708 3733 3761 Massa-

2151 3781 2275 3834 liani
2306 3782 2567 3857 Syrorum
2613 3781 2793 3857 lingua
2829 3788 2953 3857 sunt
2979 3777 3269 3857 Εὐχόμενοι
3299 3796 3310 3829 :
3336 3779 3558 3831 orabant
3595 3779 3733 3857 enim

2152 3868 2286 3920 pene
2327 3851 2564 3903 assidue.
2614 3852 2751 3917 Quin
2793 3859 2848 3903 et
2879 3850 3321 3904 Massalianorum
3362 3864 3529 3917 genus
3569 3850 3729 3920 aliud,

2151 3919 2244 3975 sed
2283 3938 2347 3976 ex
2396 3922 2682 3989 gentilibus
2729 3935 2905 3974 orum
2953 3930 3339 3989 commemorat
3390 3919 3734 3986 Epiphanius,

2151 3993 2241 4060 qui
2272 3988 2793 4059 sese’Euphemitas,
2830 4000 2885 4045 et
2915 3988 3293 4060 Martyrianos,
3337 3999 3394 4043 et
3422 3988 3735 4045 Satanianus

2152 4058 2515 4131 appellarent;
2547 4076 2599 4116 et
2628 4064 2817 4115 bonum
2851 4058 3123 4131 numinum
3145 4074 3335 4131 causas
3366 4062 3596 4126 explicat
3623 4066 3736 4131 lue-

2154 4126 2255 4187 rI-si
2291 4134 2378 4186 8o.
2428 4133 2635 4187 Saciani
2668 4148 2796 4201 ergo
2827 4132 3016 4185 vitiose
3057 4130 3157 4182 hoc
3189 4130 3305 4199 loco
3350 4132 3503 4201 positi
3548 4126 3735 4185 viden-

2152 4215 2239 4257 tnr
2264 4220 2358 4273 pro
2390 4204 2726 4267 Satanianis;
2780 4217 2843 4256 ac
2885 4217 3007 4255 mox
3037 4204 3197 4273 etiam
3232 4217 3328 4273 pro
3376 4200 3657 4255 Marrianis
3681 4212 3733 4257 et

2154 4270 2422 4328 Plio-tinnis
2454 4275 2766 4328 restituendi
2800 4270 3127 4327 Marcelliani
3155 4280 3210 4324 et
3242 4272 3569 4336 Photiniani,
3600 4287 3731 4340 quos

2153 4347 2306 4398 simul
2351 4348 2511 4399 etiam
2561 4345 2834 4412 conjungit
2878 4342 3208 4411 Epiphanius
3251 4343 3440 4396 Incresi
3477 4344 3537 4396 71
3572 4355 3625 4397 et
3649 4344 3735 4407 72,

2153 4427 2205 4484 et
2236 4416 2605 4469 Marcellianus
2649 4416 2828 4467 itidem
2859 4429 2979 4467 cum
3022 4412 3358 4470 Pbotiniauis
3401 4415 3612 4484 copulat
3655 4415 3735 4471 lex

2080 4463 2128 4521 D
2154 4463 2602 4541 entiam".
2636 4463 3008 4541 agninae.

2154 4706 2488 4769 contrarium,
2532 4719 2687 4770 neque
2733 4702 2787 4754 id
2831 4718 2938 4755 esse
2977 4719 3190 4771 pravum
3232 4703 3530 4773 defensores
3575 4703 3735 4759 Πιερ-

2158 4779 2270 4831 (lori
2294 4794 2388 4845 neg
2409 4777 2545 4827 .bunt
2570 4792 2585 4838 ;
2619 4774 2727 4827 serl.

2226 4847 2246 4878 ⁷
2282 4849 2420 4900 Idem
2451 4846 2594 4906 ccd.,
2626 4846 2963 4915 urguendum.
3060 4914 3063 4915 ν
3204 4880 3213 4887 ι

2228 4922 2249 4947 ⁸
2283 4920 2423 4970 Idem
2455 4917 2597 4979 cod,
2642 4914 2795 4967 sensit
2827 4930 2846 4967 .·
2872 4917 2988 4966 inde
3030 4914 3176 4966 illum
3226 4915 3517 4969 Orientafes
3578 4919 3735 4970 sancti

2159 4989 2510 5056 defendebant.
2544 4994 2818 5038 asserentes
2855 4990 2992 5054 quod
3030 4987 3135 5036 md.
3157 5002 3205 5038 m
3234 4992 3445 5040 senserit
3469 5006 3583 5057 qua
3612 4990 3735 5042 male

2159 5059 2429 5114 [Vestorius
2459 5058 2611 5112 sensit
2638 5072 2654 5109 :
2684 5072 2743 5108 ac
2773 5072 2859 5122 per
2887 5058 3003 5119 hoc,
3033 5066 3135 5109 etc.

2159 5218 2442 5287 phalazosis
2498 5216 2979 5287 Epiphanianaect
3023 5216 3296 5279 Ancorati,
3352 5215 3440 5270 ubi
3493 5218 3732 5282 habetur,

2163 5286 2436 5346 IWCtIﬂﬂIe
2466 5289 2751 5356 scriptura,
2797 5286 3019 5341 Satiani.
3070 5288 3187 5339 Sint
3236 5288 3412 5354 itaque
3464 5291 3561 5343 ista
3597 5291 3737 5344 arbi-

2156 5362 2335 5417 traria.
2364 5379 2381 5411 ι
2412 5359 2476 5412 Et
2501 5358 2654 5426 paulo
2682 5365 2819 5426 post,
2845 5371 2960 5425 pag.
2984 5357 3088 5409 785
3119 5374 3128 5407 :
3166 5376 3184 5408 ι
3214 5358 3296 5428 Ad
3321 5373 3384 5412 ea
3409 5376 3527 5428 qua:
3561 5363 3737 5414 notavi

2151 5449 2377 5501 supra...
2409 5444 2549 5501 nunc
2580 5430 2717 5501 adito
2748 5428 3159 5501 probatnlinrim
3189 5428 3238 5481 in
3270 5427 3522 5485 Facundo
3554 5431 3731 5485 lectio-

2153 5497 2271 5556 ncin
2303 5515 2421 5555 esse
2452 5499 2764 5554 Satanirmos
2794 5498 2878 5550 vel
2918 5497 3176 5551 Saranios.
3214 5518 3230 5551 ι

2227 5576 2266 5593 ³·
2295 5574 2612 5633 Cotelcrius,
2665 5569 2699 5621 1.
2731 5583 2817 5631 c.,
2865 5583 2984 5636 pag.
3036 5570 3158 5634 783,
3207 5571 3484 5637 legendum
3527 5584 3733 5639 censet,

2153 5648 2301 5699 etiam
2353 5642 2529 5695 Ariani
2557 5658 2573 5692 :
2605 5641 2729 5691 vitio
2762 5656 2811 5690 ιιι
2835 5657 2954 5702 mpe
2987 5641 3260 5708 scriptoris
3304 5643 3438 5697 male
3469 5646 3742 5712 geminata

2154 5723 2325 5771 I;.tcl;t
2358 5730 2400 5764 ιη
2435 5730 2482 5765 ιιι
2516 5712 2811 5783 simpluem
2847 5716 3079 5764 redacta.
