4104 6360
293 315 411 380 73‘!

1208 310 1337 366 PRO
1385 306 1816 363 DEFENSIQNE
1859 303 2071 358 TltiUM
2111 304 2423 365 CAPITUL.
2470 304 2596 367 LIB.
2643 306 2729 366 IX.

3491 301 3593 363 733

293 448 371 495 ac
425 432 518 507 per
565 442 663 489 hoc
709 435 917 504 utrique
956 432 1165 487 diversa
1207 431 1272 485 de
1323 428 1605 485 Theodoro
1664 427 1901 483 sentien~
1933 425 1981 486 A
2008 432 2059 478 et
2082 423 2255 493 ipsum
2284 425 2497 481 beatum
2527 426 2785 497 Cyrillum
2820 425 3156 503 affirmabant
3182 439 3285 481 non
3315 425 3474 481 aliter
3496 418 3591 482 tio-

295 540 423 597 tes,
470 528 698 582 Nestorii
755 525 1254 581 condemnationem
1324 524 1441 577 sine
1497 523 1604 577 ulla
1666 521 1893 576 diversi-

297 630 419 676 tate
449 621 752 674 firmabant.
795 619 929 686 Quid
969 632 1097 687 ergo
1140 617 1485 672 Nestorianos
1523 615 1759 684 adjuvet,
1806 615 1894 684 qui

300 712 580 767 Theodori
621 710 800 772 dictis,
851 710 988 765 sicut
1036 722 1091 765 et
1135 709 1363 764 aliorum
1419 709 1506 779 qui
1560 709 1611 763 in
1660 706 1899 763 Ecclesia

300 802 645 868 claruerunt,
698 801 836 856 male
887 800 963 855 uti
1007 800 1279 865 dicuntur,
1327 800 1374 856 si
1422 815 1524 868 qua
1565 799 1631 855 de
1668 799 1763 853 illo
1803 798 1901 852 fuit

301 892 527 947 diversa
564 892 777 946 Patrum
810 892 1073 946 sententia
1102 910 1113 943 :
1145 906 1265 946 cum
1294 901 1351 946 et
1390 891 1512 947 ideo
1545 890 1701 945 fuerit
1744 904 1901 944 accu-

305 991 491 1046 satus,
536 981 661 1052 quia
699 980 892 1036 similia
925 982 1212 1049 putabatur
1258 982 1501 1051 sapuisse
1543 980 1813 1049 Nestorio,
1846 990 1901 1036 et

307 1072 472 1127 aliter
502 1086 607 1127 non
649 1073 884 1141 potuerit
909 1072 1173 1133 excusari,
1219 1073 1319 1127 nisi
1354 1072 1668 1140 probaretur
1693 1073 1901 1127 alienus

307 1163 387 1221 ab
430 1180 613 1220 errore
663 1164 938 1220 Nestorii?
985 1165 1095 1219 Hoc
1126 1180 1341 1235 quoque
1391 1166 1702 1221 meminisse
1740 1165 1899 1220 iidem

308 1253 620 1310 Nesmriani
664 1255 894 1322 debent,
941 1255 1194 1325 quoniam
1228 1257 1281 1310 in
1321 1257 1401 1311 eis
1431 1256 1628 1311 litteris
1665 1258 1902 1311 orienta-

313 1348 450 1402 lium
483 1347 697 1403 Palmm
727 1348 886 1404 beato
919 1349 1110 1403 Proclo
1139 1348 1550 1404 rescribentium
1584 1347 1913 1402 Theodorus.

311 1450 626 1505 excusatur,
676 1441 730 1494 in
785 1441 978 1510 quibus
1035 1441 1306 1505 lirmatur,
1356 1440 1494 1495 sicut
1547 1440 1903 1501 ostendimus.

315 1547 483 1587 unum
526 1532 593 1587 de
623 1532 885 1588 Trinitate
913 1549 1009 1600 pro
1039 1534 1192 1588 nobis
1236 1532 1579 1597 crucifixum;
1632 1533 1686 1587 in
1712 1533 1905 1602 quibus

315 1622 559 1678 dicitur:
608 1640 628 1675 ι
664 1623 816 1690 Quod
873 1635 1048 1679 autem
1089 1639 1249 1679 omne
1299 1624 1563 1679 orientale
1610 1623 1899 1678 concilium

315 1708 551 1768 Nestorii
599 1715 866 1770 novitates
893 1715 1184 1780 abdicavit,
1232 1715 1381 1770 nevit
1408 1726 1462 1769 et
1490 1723 1576 1769 tua
1609 1717 1899 1780 sanctitas,

2003 518 2199 583 cuisse,
2242 518 2483 574 dicentes
2506 522 2577 586 ei,
2609 521 2747 574 sicut
2775 534 2929 588 supra
2964 521 3381 574 memoravimus
3417 536 3430 571 :
3461 517 3596 573 Sunt

2002 607 2144 663 enim
2161 610 2320 663 etiam
2341 625 2457 679 quae
2475 621 2529 665 et
2552 620 2639 663 tua
2661 614 2914 666 sanctitas
2943 612 3009 665 ita
3029 611 3331 680 conﬁtetur,
3353 620 3408 667 et
3444 626 3597 666 eum-1

2003 699 2124 754 dem
2159 700 2229 755 de
2267 701 2372 756 illis
2408 701 2570 756 habet
2614 703 2963 758 intellectum.
3014 704 3129 767 Qua
3171 703 3239 757 de
3287 718 3348 759 re
3389 703 3433 758 si
3486 702 3598 756 bu!-

2004 792 2109 847 resi
2166 792 2499 849 Nestorianan
2542 796 2703 851 debet
2758 796 2949 850 ascribi
3009 796 3141 851 duas
3197 796 3396 862 Christi
3454 812 3595 865 prae-

2005 885 2187 942 dicare
2230 897 2474 953 naturas,
2526 889 2712 944 beatus
2759 889 3025 961 Cyrillus,
3086 892 3177 959 qui
3234 891 3369 946 nihil
3410 903 3603 946 contra

2006 981 2211 1047 retulit,
2258 996 2508 1047 magnum
2550 983 2602 1037 in
2637 997 2696 1038 se
2722 990 2925 1037 crimen
2959 1000 3051 1038 sua
3089 984 3457 1057 taciturnitate
3508 985 3600 1037 fir—

2007 1072 2171 1126 mavit
2201 1090 2215 1134 ;
2247 1088 2277 1127 a
2309 1090 2413 1144 quo
2442 1075 2653 1143 purgari
2699 1091 2806 1129 non
2856 1078 3072 1144 poterit.
3125 1077 3226 1130 nisi
3272 1078 3597 1133 catholicum

2002 1163 2270 1230 judicetur
2320 1165 2451 1220 duas
2497 1166 2697 1221 Christi
2749 1177 2967 1221 naturas
3019 1182 3284 1222 asserere.
3341 1169 3600 1235 Intelligi;

2007 1258 2189 1324 igitur,
2224 1259 2531 1327 imperator,
2561 1257 2702 1328 quod
2733 1259 2775 1313 si
2806 1274 2907 1327 qua
2933 1257 3151 1313 Patrum
3178 1259 3501 1328 disceptatio
3530 1260 3602 1313 de

2007 1348 2297 1404 Theodoro
2323 1348 2488 1405 fuisse
2517 1350 2749 1415 dicatur,
2792 1350 3138 1404 Nestor-ianos
3169 1352 3371 1419 pariter
3400 1360 3455 1405 et
3488 1351 3600 1405 Eu-

2010 1442 2288 1512 tychianos
2319 1442 2631 1497 confundat.
2684 1444 2878 1498 Sancta
2908 1458 3037 1497 vero
3074 1444 3312 1513 synodus
3349 1458 3506 1498 unam
3548 1453 3600 1497 et

2010 1542 2351 1588 communem
2384 1534 2709 1599 accusantis,
2743 1536 2785 1587 si
2816 1542 2992 1589 tamen
3021 1549 3148 1591 vere
3177 1535 3392 1600 dicitur,
3419 1552 3483 1589 ac
3507 1536 3600 1590 de-

2012 1623 2342 1680 fendentium
2390 1627 2680 1681 Diodorum
2712 1628 2731 1657 ³
2768 1626 2926 1681 Iidem
2961 1637 3172 1695 tenens,
3203 1628 3326 1683 illos
3361 1644 3598 1698 sequen-

2013 1716 2110 1771 dos
2142 1719 2195 1771 in
2230 1732 2457 1786 persona
2492 1716 2761 1771 Theodori
2788 1717 3068 1787 judicavit,
3101 1733 3326 1786 quorum
3352 1729 3403 1773 et
3431 1722 3602 1787 major

316 1822 441 1876 qua:
480 1818 694 1863 nostras
725 1823 888 1880 super
927 1810 1028 1866 hoc
1058 1812 1264 1866 litteras
1303 1812 1539 1867 secundo
1577 1811 1687 1880 jam
1722 1814 1906 1867 tertio-
1939 1813 1984 1872 Β
2014 1810 2111 1865 fuit
2138 1812 2448 1876 auctoritas,
2471 1821 2526 1866 et
2547 1812 2636 1882 qui
2678 1826 2795 1865 cum
2822 1811 2915 1866 illo
2935 1811 3209 1881 degentes,
3230 1812 3480 1867 diuturna
3521 1812 3601 1867 fa-

318 1913 425 1967 que
466 1901 720 1971 suscepit.
754 1919 772 1951 »
821 1901 926 1957 Sed
973 1917 1072 1957 nec
1120 1902 1437 1975 Eutychiani
1481 1904 1562 1959 vel
1608 1904 1911 1975 Semieuty-

320 1992 503 2047 cb-iani
565 1992 912 2065 dissimulent
977 1996 1117 2066 quod
1179 1996 1391 2050 interim
1460 1996 1591 2050 nihil
1652 1996 1913 2052 adversus

321 2081 669 2137 Theodorum
708 2099 776 2138 ex
814 2087 1032 2140 nomine
1063 2086 1203 2141 beati
1234 2086 1455 2158 Cyrilli,
1494 2101 1653 2157 quem
1682 2087 1831 2157 sequi
1855 2101 1914 2141 se

320 2175 527 2243 dicunt,
560 2178 805 2244 proferre
835 2180 1073 2247 potuerit
1104 2181 1155 2234 in
1182 2194 1288 2249 quo
1329 2180 1577 2251 culpetur
1609 2180 1660 2233 in
1700 2180 1910 2234 duabus

320 2269 597 2326 Christum
642 2272 959 2340 prtedicasse
1003 2273 1227 2327 naturis.
1270 2273 1399 2330 Sive
1440 2274 1583 2327 enim
1610 2288 1763 2338 vere,
1801 2272 1914 2327 sive

324 2362 463 2419 false
510 2364 856 2433 perhibeatur
906 2366 1225 2422 Theodorus
1266 2369 1334 2422 ah
1374 2383 1440 2423 eo
1478 2367 1723 2438 culpatus
1773 2369 1913 2438 quod

323 2453 461 2510 duos
501 2456 794 2512 crediderit
824 2457 985 2525 filios,
1023 2458 1281 2514 hactenus
1312 2459 1493 2514 fictum
1544 2475 1649 2515 non
1694 2469 1778 2514 est
1815 2459 1916 2518 hoc

324 2561 447 2601 cum
503 2549 918 2618 reprehendisse
974 2552 1027 2605 in
1082 2552 1239 2607 dictis
1294 2550 1605 2616 Theodori,
1654 2553 1912 2622 quoniam

325 2628 461 2694 duas
508 2642 817 2708 praedicavit
870 2641 1069 2700 Christi
1120 2660 1239 2700 esse
1293 2654 1548 2711 naturas;
1597 2645 1739 2716 quod
1790 2661 1913 2700 eum

330 2733 652 2805 Eutychiani
709 2738 1031 2805 prmdicasse
1087 2755 1192 2795 non
1253 2747 1488 2808 negant,
1534 2753 1696 2808 quem
1749 2739 1910 2794 etiam

327 2824 460 2879 duas
481 2827 811 2882 mentiuntur
852 2840 1065 2899 putasse
1106 2845 1386 2900 personas.
1428 2830 1539 2885 Cur
1587 2830 1748 2900 igitur
1792 2845 1916 2886 eum

328 2920 517 2973 beatus
545 2919 776 2991 Cyrillus
798 2936 902 2975 non
936 2922 1093 2977 simul
1121 2921 1187 2977 de
1208 2922 1433 2977 duarum
1456 2936 1673 2992 quoque
1702 2931 1918 2978 natura-

328 3024 445 3063 rum
496 3011 875 3079 prtedicatione
925 3014 1179 3082 culpavit,
1231 3014 1277 3069 si
1331 3014 1525 3070 hazresi
1575 3014 1910 3069 Nestorianae

329 3101 690 3171 deputandum
724 3112 808 3159 est
836 3104 968 3158 duas
994 3105 1191 3161 Christi
1231 3106 1456 3161 credere
1490 3120 1554 3161 ac
1587 3105 1786 3161 docere
1818 3122 1913 3161 na-

2018 1902 2326 1956 miliaritate
2358 1902 2493 1957 bene
2521 1912 2879 1973 cognoverant
2910 1918 3013 1972 qua
3045 1903 3339 1958 intentione
3366 1905 3601 1972 scripsee

2016 1993 2088 2047 rit
2115 1993 2169 2048 in
2216 1994 2412 2063 quibus
2461 1994 2748 2063 putabatur
2777 1994 2845 2047 ab
2876 1995 3245 2063 ignorantibus
3275 1997 3600 2066 arguetnlus.

2019 2086 2129 2141 Hoc
2145 2086 2364 2155 Ῑυειίιίω
2389 2085 2743 2155 congruebat,
2764 2085 2867 2141 hoc
2886 2088 3048 2141 etiam
3075 2088 3281 2156 pietati,
3303 2103 3421 2157 quin
3437 2104 3599 2156 quan-

2019 2187 2129 2233 tum
2156 2178 2292 2233 ratio
2324 2178 2522 2245 patitur
2550 2178 2711 2232 debet
2739 2179 3073 2233 excusationi
3121 2180 3290 2249 magis
3316 2195 3476 2250 quam
3509 2196 3604 2236 ac-

2018 2270 2279 2324 cnsationi
2313 2269 2493 2325 favere
2524 2284 2787 2340 personae.
2820 2271 2932 2325 Hoc
2961 2274 3125 2326 etiam
3155 2276 3482 2329 conveniens
3511 2274 3607 2329 fuit

2017 2361 2303 2415 assertioni
2336 2377 2476 2416 verte
2504 2362 2649 2425 fidei,
2675 2376 2836 2432 quam
2860 2372 3046 2417 contra
3075 2362 3378 2418 Nestorium
3407 2374 3462 2419 et
3503 2366 3607 2419 Eu-

2022 2452 2233 2522 tychem
2283 2455 2524 2524 synodus
2572 2454 2661 2508 illa
2695 2464 3028 2523 susceperat,
3081 2472 3148 2510 ne
3200 2465 3292 2510 aut
3338 2456 3607 2512 diceretur

2020 2542 2295 2599 Nestorius
2319 2546 2512 2601 similia
2541 2547 2785 2614 sapuisse
2808 2546 3091 2603 Theodoro
3116 2562 3144 2601 a
3177 2550 3338 2602 tantis
3364 2547 3608 2603 Patribus

2026 2639 2336 2707 przedicato,
2366 2648 2455 2692 aut
2486 2654 2579 2713 per
2608 2640 2709 2693 hoc
2734 2637 2849 2709 ejus
2866 2640 3034 2695 errori
3057 2640 3274 2695 daretur
3294 2640 3608 2707 auctoritas,-
3652 2626 3660 2634 ’

2021 2740 2116 2783 aut
2166 2730 2644 2801 Apolinaristarum
2688 2732 3086 2801 progenitorum
3130 2733 3473 2803 Eutychianae
3515 2732 3608 2785 de-

2024 2822 2257 2886 mentiae,
2291 2823 2373 2877 vel
2426 2822 2591 2890 ipsius
2637 2824 2897 2894 Eutychis
2940 2825 2991 2877 in
3024 2824 3309 2878 Theodoro
3339 2826 3609 2879 videretur

2025 2924 2207 2970 secuta
2226 2914 2516 2984 judicium,
2556 2925 2614 2969 nt
2642 2916 2709 2971 de
2749 2916 2862 2985 ipsa
2907 2931 3119 2986 quoque
3148 2916 3443 2971 secundum
3487 2932 3609 2971 sen-

2027 3008 2242 3064 tentiam
2273 3009 2413 3063 beati
2442 3007 2626 3081 Cyrilli
2659 3009 2853 3063 merito
2875 3009 3164 3078 diceretur,
3198 3009 3341 3079 quod
3372 3018 3611 3079 proptere

2026 3116 2089 3155 ea
2116 3116 2176 3155 se
2206 3100 2350 3155 circa
2368 3098 2737 3163 Theodorum,
2760 3100 2934 3154 virum
2963 3099 3333 3155 admirabilem
3366 3109 3421 3155 et
3443 3100 3610 3155 maxi~

330 3195 512 3249 turas?
561 3196 698 3263 Quin
747 3197 923 3278 potius
966 3196 1091 3253 hinc
1135 3197 1568 3267 sapientissimus
1599 3197 1835 3254 Joannes
1863 3210 1917 3253 et
1948 3192 1990 3253 C
2030 3206 2169 3246 mam
2200 3191 2422 3261 gloriam
2455 3199 2768 3256 ωεΐθιιῑεηὶι
2791 3190 2997 3246 infense
3020 3190 3261 3257 haberet,
3289 3200 3347 3246 υι
3374 3194 3610 3246 οεεαείίν

330 3286 595 3341 orientale
629 3289 939 3355 cont-ilium,
967 3290 1268 3346 scribentes
1294 3291 1469 3346 eidem
1507 3291 1664 3346 beato
1692 3290 1916 3361 Cyrillo,

331 3376 671 3463 Theodorum
705 3389 951 3451 purgant,
990 3380 1129 3450 quod
1157 3381 1415 3436 adversus
1452 3381 1736 3436 htereticos
1764 3391 1917 3435 uatu-

332 3479 515 3521 rarum
563 3469 915 3537 proprietates
981 3472 1212 3539 amplius
1281 3470 1568 3535 dividens,
1639 3480 1917 3539 putaretur

333 3558 493 3611 etiam
540 3557 670 3613 duas
706 3557 906 3616 Christi
951 3563 1251 3618 asseruisse
1302 3578 1579 3634 personas.
1635 3566 1917 3631 Quomodo

333 3648 493 3716 igitur
533 3651 617 3705 vel
663 3652 950 3708 orientales
992 3652 1179 3710 Patres
1223 3671 1290 3709 ex
1332 3670 1398 3710 eo
1435 3656 1606 3726 magis
1654 3672 1916 3712 excusan-

336 3737 458 3791 dum
492 3739 831 3798 Theodorum
888 3758 919 3797 a
959 3744 1279 3801 Nestoriano
1319 3749 1546 3802 crimine
1591 3748 1919 3816 judicarent,

336 3828 475 3896 quod
532 3840 839 3886 naturarum
892 3836 1247 3902 pronrietates
1278 3840 1505 3905 amplius
1556 3839 1843 3907 divideret,
1877 3842 1921 3895 si

338 3919 632 3975 Nestoriani
676 3933 758 3977 est
801 3924 1042 3979 criminis
1084 3928 1217 3979 duas
1256 3926 1457 3980 Christi
1507 3937 1727 3982 naturas
1772 3944 1925 3984 asse-

338 4012 492 4067 rere?
514 4014 593 4069 vel
623 4016 892 4085 quomodo
921 4017 1034 4085 ipse
1071 4033 1283 4087 quoque
1312 4019 1498 4072 beatus
1525 4016 1757 4088 Cyrillus
1808 4037 1916 4075 non

338 4106 554 4161 eosdem
610 4110 943 4165 orientales‘
980 4110 1271 4166 haereticos
1321 4124 1374 4165 et
1429 4098 1652 4167 nimium
1700 4093 1921 4179 stultos,

338 4197 429 4265 qui
459 4197 800 4254 Theodorum
849 4202 1347 4257 incertumcritnen
1381 4204 1732 4258 sustinentem
1775 4214 1924 4260 certo

340 4287 561 4342 crimine
592 4289 879 4344 defendere
924 4291 1275 4345 nitebantur?
1322 4292 1629 4348 Prtesertim
1669 4294 1921 4364 quoniam

414 4422 427 4451 ¹
457 4420 589 4477 Cod.
628 4421 850 4486 Veron.,
871 4425 1126 4490 judicare:
1152 4424 1441 4480 orientales.

876 4500 885 4521 θ
890 4522 891 4525 η

2031 3300 2150 3341 nem
2183 3285 2380 3341 faceret
2408 3285 2679 3341 contrario
2708 3284 2943 3355 dogmati
2984 3300 3092 3355 quo
3128 3287 3426 3352 tenebatur,
3461 3302 3611 3354 qua:-

2030 3392 2154 3433 rens
2182 3376 2414 3447 capitula
2441 3375 2685 3447 qua-dam
2728 3375 2846 3446 ejus
2882 3390 2986 3431 non
3018 3392 3080 3430 ex
3113 3377 3424 3433 melioribus
3456 3379 3611 3432 intel-

2028 3470 2163 3525 lecta
2190 3469 2455 3523 damnari.
2490 3469 2694 3535 Quibus
2722 3469 2793 3522 ita
2828 3470 3130 3524 constitutis
3172 3482 3330 3538 atque
3366 3470 3613 3533 firmatis,-

2025 3561 2166 3630 qund
2203 3576 2370 3630 nuper
2398 3575 2426 3614 a
2460 3560 2775 3630 quibusdam
2807 3560 3200 3615 condemnatus
3232 3572 3333 3626 ist,
3360 3564 3612 3617 cohibens

2037 3652 2121 3705 tia:
2151 3668 2307 3721 quam
2341 3652 2580 3721 prtBhent
2614 3651 2982 3722 Eutychianis,
3010 3662 3062 3706 et
3084 3652 3453 3706 abominanda:
3482 3669 3616 3720 prata

2032 3743 2321 3813 sutuptioni
2352 3744 2515 3798 debet
2542 3743 2778 3808 ascribi;
2805 3754 2860 3797 et
2905 3743 3023 3798 ideo
3068 3744 3207 3798 sicut
3257 3747 3352 3797 ltus
3384 3754 3616 3799 term-ra-

2034 3837 2142 3889 rios
2172 3847 2357 3890 contra
2385 3843 2693 3888 sanctorum
2724 3833 2941 3887 Patrum
2979 3833 3341 3902 Ecclesizeque
3368 3837 3613 3889 testiino-

2035 3927 2177 3980 nium
2210 3926 2512 3979 nullatenus
2536 3927 2835 3993 approbare
2860 3916 3143 3994 quisquaui
3169 3928 3381 3995 sapiens
3419 3936 3614 3995 potest,

2036 4019 2105 4071 ita
2139 4032 2381 4084 magnam
2427 4016 2694 4087 synodum
2721 4015 3213 4071 Chalcedonensetn
3261 4033 3381 4072 cum
3427 4020 3615 4075 iisdem

2035 4110 2280 4163 Pattibus
2311 4117 2365 4162 et
2399 4110 2641 4163 Ecclesia
2683 4110 2735 4165 in
2767 4126 2868 4179 qua
2899 4110 3212 4165 Theodorus
3241 4114 3456 4178 mansit,
3510 4130 3616 4169 non

2034 4210 2208 4271 potest
2236 4204 2565 4271 improbare.

2113 4425 2135 4459 '
2163 4422 2307 4482 idem
2333 4427 2478 4495 cod.,
2505 4424 2791 4482 Diodorum
2815 4439 2861 4482 et
2889 4424 3209 4483 Theodorum
3233 4428 3406 4497 ﬁdem.

1541 4681 1883 4764 LIBER
1957 4679 2389 4765 NONUS.

860 4907 1084 4971 CAPUT
1125 4912 1414 4976 PRIMUM.

344 5050 493 5131 Quod
519 5067 589 5131 ea:
613 5053 814 5121 scriptis
851 5052 1111 5131 Theodori
1140 5062 1379 5127 probetur
1426 5063 1594 5130 ipsum
1641 5064 1801 5131 fuisse
1847 5075 1934 5119 c‘a—

413 5124 667 5204 (Italicum
685 5161 700 5185 ,
734 5134 779 5177 et
808 5127 960 5178 unius
988 5124 1172 5204 psalmi
1199 5146 1323 5204 X‘LIV
1355 5124 1672 5201 expositione
1691 5136 1933 5201 refellan-

412 5215 495 5254 tur
518 5199 695 5255 omnia
719 5211 831 5264 qua:
856 5207 1037 5250 contra
1062 5199 1174 5269 ejus
1206 5199 1492 5255 doctrinam
1514 5204 1715 5275 objecta
1739 5199 1876 5259 sunt.

415 5357 803 5417 Prornissionis
836 5370 1126 5426 memores,
1156 5364 1481 5430 competenti
1511 5364 1629 5420 loco
1653 5365 1765 5434 jam
1812 5380 1934 5434 pro-

346 5454 647 5523 ponamus‘
696 5448 769 5510 de
821 5447 1092 5504 Theodori
1141 5452 1353 5521 scriptis
1404 5468 1506 5508 non
1553 5470 1739 5523 pauca,
1797 5454 1936 5509 sicut

349 5545 502 5599 tertio
531 5545 666 5599 libro
696 5560 762 5600 ex
795 5539 1083 5597 occasione
1124 5543 1505 5601 convincenda:
1556 5546 1801 5602 falsitatis
1833 5547 1935 5601 ad-

346 5635 699 5690 versariorum
728 5637 982 5699 fecimus;
1016 5634 1110 5689 sed
1132 5634 1300 5691 multo
1325 5636 1495 5707 plura,
1514 5638 1706 5708 quibus
1730 5638 1937 5695 abunde

420 5748 440 5774 θ
466 5745 594 5800 Cod.
630 5747 848 5818 Verum,
882 5728 1232 5817 proferamus.

1962 4906 2020 4965 Β
2045 4911 2377 4961 monstretur
2407 4916 2663 4975 quantum
2693 4905 2761 4960 ab
2789 4895 2853 4959 iis
2885 4921 3003 4976 quae
3034 4907 3084 4961 in
3117 4908 3478 4976 pratjudicium
3513 4920 3625 4961 mae

2037 5014 2157 5067 gnte
2185 4998 2377 5067 synodi
2421 4998 2877 5054 Chalcedonensis
2925 5001 2992 5053 de
3050 5001 3140 5054 illo
3196 5002 3420 5054 conficta
3476 5010 3624 5068 sant,

2039 5089 2199 5143 fuerit
2227 5090 2554 5144 alienuszut
2585 5092 2695 5160 jam
2748 5106 2852 5145 non
2898 5092 3111 5145 Patrum
3157 5092 3482 5153 testimonio,
3531 5095 3627 5147 sed

2041 5180 2171 5250 ipsis
2201 5181 2360 5236 rebus
2392 5182 2707 5235 ostendatur
2736 5182 2878 5251 quod
2908 5182 3317 5236 conturbatores
3350 5183 3624 5252 Ecclesiae,

2040 5274 2131 5342 qui
2160 5274 2442 5343 epistulam
2472 5276 2793 5330 venerabilis
2828 5275 2929 5327 Iba:
2955 5275 3023 5329 de
3047 5275 3289 5329 laudibus
3308 5276 3424 5345 ejus
3449 5278 3624 5334 Theo-z

2044 5364 2157 5419 dori
2187 5367 2422 5435 culpint,
2459 5383 2563 5421 non
2595 5366 2745 5437 quasi
2796 5367 3047 5420 latentem
3082 5365 3330 5421 invi-nire
3380 5384 3482 5422 non
3533 5384 3626 5439 po-

2046 5462 2267 5527 tuerint,
2297 5460 2391 5515 sed
2439 5458 2772 5514 manifestam
2806 5456 2986 5511 videre
3035 5457 3492 5514 dissimulaverint
3533 5477 3627 5518 ve-

2045 5552 2279 5608 ritatem.
2316 5551 2481 5621 Igitur
2511 5552 2608 5604 tria
2640 5557 2763 5603 sunt
2808 5548 2858 5602 in
2887 5548 3079 5616 quibus
3104 5550 3220 5618 ejus
3247 5550 3386 5604 dicta
3424 5552 3627 5607 calum-

2046 5644 2286 5710 uiantur,
2340 5644 2476 5698 sicut
2528 5642 2632 5711 jam
2665 5640 2925 5695 diximus.
2961 5637 3134 5696 Unum
3177 5652 3277 5709 est,
3309 5642 3455 5713 quod
3499 5654 3625 5700 eum
