4104 6360
495 395 602 456 759

1597 394 1890 452 FACUNDI
1930 391 2144 450 EPISC.
2189 393 2702 451 llERlllANENSlS

3664 395 3777 448 7w

494 513 844 569 criminantur
871 514 1102 580 unicam,
1149 512 1296 581 juxta
1333 509 1554 566 Sabellii
1608 510 1955 574 dementiam,
1990 508 2072 562 di-
2098 511 2152 569 Λ
2179 524 2368 563 saneto
2410 509 2634 580 Spiritui
2686 506 3006 578 condignam
3058 507 3447 563 adorationem.
3505 507 3775 576 Quocirca

494 606 633 661 vina:
662 606 934 662 Trinitatis
965 604 1260 660 credidisse
1288 617 1595 673 personam.
1631 603 1904 668 Alterum,
1936 601 2076 670 quod

493 697 808 764 semetipsos
851 696 1192 751 destrttentes
1239 695 1546 750 econtrario
1585 709 1770 748 rursus
1808 693 2082 746 affirmant

492 789 632 858 quod
680 788 1090 856 quaternitatem
1124 786 1515 849 introduxerit,
1541 786 1674 839 duos
1707 785 1846 838 lilios
1893 785 2082 851 prmiti-

492 879 663 932 cando
689 888 736 944 ι,
774 879 824 933 id
855 889 938 935 est
965 881 1123 935 aliam
1154 880 1248 934 Dei
1283 879 1440 934 Verbi
1471 889 1522 933 et
1553 878 1714 932 aliam
1743 877 1944 931 Christi
1990 890 2082 929 as-

493 970 720 1026 serendo
747 974 1156 1042 personam,qui
1183 973 1343 1027 homo
1369 981 1572 1026 tantum
1596 972 1895 1035 fucrit,non
1919 972 2078 1024 etiam

497 1061 655 1127 Deus,
687 1063 825 1118 sicut
856 1073 1112 1133 putavere
1147 1065 1338 1119 .Iudmi.
1374 1065 1610 1120 Tertium
1663 1077 1789 1116 vero
1816 1073 1918 1125 est,
1943 1061 2082 1130 quod

493 1167 616 1206 eum
664 1153 848 1209 dicunt
903 1170 1203 1210 evacuassc
1259 1171 1448 1210 omnes
1504 1157 1556 1209 in
1610 1155 1877 1216 Christum
1921 1158 2084 1206 tactas

495 1242 839 1311 prOphetias;
886 1245 1028 1314 quod
1077 1245 1490 1300 Manichaeorum
1544 1245 1744 1299 erroris
1790 1252 1891 1308 est,
1949 1257 2084 1311 quos

495 1335 740 1388 novimus
778 1335 1012 1390 Judaicw
1055 1337 1353 1391 inlidelitati
1395 1337 1534 1391 male
1575 1335 1890 1390 contrarios.
1951 1333 2082 1387 Nam

495 1424 572 1480 illi
621 1442 818 1482 novum
870 1429 1218 1492 detestantes,
1275 1442 1428 1483 vetus
1477 1445 1532 1482 Se
1566 1429 1753 1482 dicunt
1797 1427 2083 1495 accipere;

496 1517 582 1572 isti
615 1530 766 1573 vetus
797 1520 1144 1584 detestantes,
1169 1537 1364 1574 novum
1397 1536 1456 1574 se
1481 1520 1667 1573 dicunt
1712 1520 1964 1588 accipere’
1980 1519 2084 1571 'l'e-

495 1616 837 1662 stamentum.
883 1615 1010 1674 Quae
1047 1611 1285 1680 quidem,
1319 1623 1374 1663 ut
1406 1620 1680 1664 ostensum
1729 1619 1832 1671 est,
1879 1609 1957 1662 sic
1996 1609 2089 1661 nl)-

493 1698 654 1752 surda
697 1709 821 1754 sunt
866 1699 1076 1770 sibique
1107 1701 1400 1766 contraria,
1435 1712 1493 1755 ut
1526 1701 1701 1754 nullus
1744 1715 1808 1756 ea
1840 1699 2088 1754 refellere

497 1789 582 1843 vel
616 1791 894 1848 attendere
943 1792 1275 1862 dignaretur.
1330 1792 1683 1861 Despicienda
1730 1792 1874 1847 enim
1919 1792 2088 1860 magis

495 1882 610 1934 hate
659 1892 814 1936 erant
863 1892 918 1937 et
965 1884 1178 1938 silentio
1209 1885 1622 1949 contemnenda,
1671 1883 1772 1936 nisi
1806 1892 2072 1937 tantorum
2109 1873 2154 1929 Β

492 1973 870 2044 episcoporqu
898 1987 1080 2031 coacta
1104 1978 1424 2048 subscriptio
1448 1980 1603 2048 nugis
1625 1978 1821 2033 talibus
1849 1993 1947 2032 nos
1989 1993 2074 2031 re-

497 2064 764 2132 Spondere
792 2068 1159 2135 compelleret.
1193 2068 1322 2123 Nam
1359 2069 1485 2139 quid
1525 2071 1647 2123 hinc
1674 2069 2078 2124 metueremus?

497 2173 566 2212 an
601 2157 740 2212 forte
769 2160 1097 2215 credendum
1129 2173 1212 2216 est
1242 2163 1384 2232 quod
1411 2163 1492 2216 his
1523 2163 1787 2227 ridiculis,
1818 2173 2003 2217 mutuo
2023 2177 2081 2216 se

497 2250 900 2309 destruentibus
943 2257 1157 2312 nemine
1189 2259 1202 2288 ⁸
1233 2258 1530 2321 refellente,
1565 2256 1843 2328 quisquam
1876 2257 1960 2311 vel
1992 2271 2082 2325 pa-

498 2356 617 2396 rum
650 2343 902 2399 cordatus
931 2348 1195 2415 prmberet
1219 2349 1534 2403 assensum?
1581 2348 1861 2415 Quomodo
1901 2359 2079 2404 autem

499 2446 680 2504 posset
707 2439 1007 2495 evidentius
1047 2443 1297 2496 omnibus
1326 2458 1607 2512 apparere,
1641 2442 1824 2513 quales
1856 2442 1964 2495 sint
1993 2457 2081 2496 re-

497 2534 856 2599 prehensores
896 2534 1090 2605 synodi
1130 2535 1616 2599 Chalcedonensis,
1657 2535 1747 2603 qui
1796 2547 1853 2587 se
1889 2533 1930 2588 .l-
1957 2533 2080 2586 anni

453 2613 458 2622 ’
497 2622 1112 2699 CoostantinOpolitano,
1148 2631 1407 2702 Gregorio
1431 2632 1783 2695 Nazianzeno,
1807 2627 2000 2686 Joanni
2031 2637 2085 2682 et

501 2717 706 2774 Domno
732 2722 1079 2777 Antiochenis
1110 2733 1267 2793 atque
1298 2725 1546 2779 orientali
1569 2723 1822 2787 concilio,
1848 2737 1947 2777 nec
1977 2737 2082 2775 non

491 2816 550 2861 et
605 2808 800 2863 Proeto
857 2812 986 2866 item
1057 2813 1696 2884 ConstantinOpolitano,
1755 2822 1807 2868 et
1884 2812 2085 2883 Cyrillo

497 2896 862 2955 Alexandrino
908 2903 1165 2975 religiOne
1196 2914 1354 2975 atque
1385 2907 1608 2960 scientia
1642 2903 1955 2974 pra-ferunt,
1983 2903 2085 2958 n'si

497 2989 856 3058 probarentur
888 3005 941 3050 et
971 2996 1131 3052 nimis
1177 2999 1476 3070 irreligiose
1517 3014 1699 3052 amare
1729 2997 2085 3057 mendacium,

499 3091 552 3136 et
584 3098 756 3153 neque
783 3085 882 3140 hoc
907 3087 1096 3142 saltem
1127 3089 1264 3144 scire
1294 3089 1565 3159 quomodo
1594 3077 1956 3143 mentiantur?
1985 3090 2086 3142 Ac«

497 3177 613 3243 cipe
671 3194 801 3232 vero
843 3179 976 3248 jam,
1028 3183 1374 3237 serenissime
1426 3183 1738 3252 imperator,
1778 3181 1906 3252 quid
1947 3181 2088 3234 idem

2185 613 2292 656 tres
2332 601 2645 657 Theodorus
2699 600 2929 656 credidit
2977 609 3032 654 et
3084 599 3266 653 docuit
3315 612 3436 653 esse
3485 614 3775 668 personas.

2184 696 2345 749 alium
2393 695 2579 749 dicens
2625 695 2860 758 Patrem,
2895 692 3054 762 cujus
3085 693 3152 745 sit
3185 692 3327 746 filius
3354 707 3512 760 quem
3562 693 3783 745 vocavit

2186 787 2553 856 Unigenitum,
2575 795 2629 842 et
2657 787 2822 842 alium
2853 786 3111 853 Spiritum
3155 797 3398 840 sanetum
3430 787 3472 849 ³,
3503 785 3587 839 cui
3639 800 3780 840 con-

2184 880 2419 948 dignam,
2450 879 2500 933 id
2528 888 2609 933 est
2641 879 2804 934 talem
2860 877 3067 946 qualem
3111 877 3274 930 etiam
3323 874 3477 939 Filio,
3503 876 3784 930 adoratio—

2193 987 2315 1026 nem
2341 971 2630 1025 exhibeant
2650 972 2739 1041 qui
2771 969 2982 1039 pietatis
3011 980 3172 1039 atque
3205 969 3416 1023 virtutis
3441 968 3779 1039 diligentiam

2188 1063 2386 1118 habere
2443 1063 2712 1118 festinant.
2774 1061 2880 1118 Sed
2941 1076 3114 1130 mque
3169 1060 3446 1115 Christum
3501 1060 3778 1117 hominem

2188 1155 2558 1209 tantummodo
2591 1152 2926 1224 prtedicavit,
2957 1152 3109 1221 cujus
3142 1151 3394 1220 Operibus
3434 1152 3566 1205 nihil
3606 1153 3784 1220 majus

2187 1263 2307 1303 esse
2337 1248 2603 1316 perhibet,
2644 1244 2907 1301 confitens
2938 1259 3060 1299 eum
3106 1244 3275 1296 Deum
3316 1243 3713 1309 universorum,
3751 1262 3781 1296 τι

2188 1353 2293 1406 quo
2313 1347 2453 1390 L’ttlta
2488 1338 2669 1391 mundi
2709 1337 3058 1391 commutatio
3101 1335 3236 1388 facta
3277 1336 3369 1388 Sil.
3397 1335 3551 1401 Quod
3600 1345 3780 1390 autem

2189 1444 2288 1484 nec.
2315 1439 2539 1483 evacnet
2587 1443 2776 1482 omnes
2817 1430 2866 1482 in
2915 1429 3188 1484 Christum
3235 1432 3402 1485 factas
3447 1431 3782 1500 prOphetias,

2192 1523 2365 1592 palam
2397 1531 2503 1586 e5t,
2546 1521 2667 1589 quia
2719 1536 2905 1574 rursus
2961 1522 3010 1573 in
3050 1521 3296 1591 ejusdem.
3322 1522 3514 1589 psalmi
3571 1523 3784 1590 exposi-

2193 1616 2334 1668 tione
2383 1614 2519 1667 dixit
2563 1629 2576 1666 :
2635 1631 2653 1663 ‹
2683 1611 2947 1678 Quoniam
2989 1613 3206 1681 quidem
3274 1615 3421 1683 prius
3475 1616 3550 1667 ait
3600 1629 3780 1684 regna,

2193 1716 2376 1780 postea
2389 1718 2568 1762 autem
2591 1716 2916 1762 memoratus
2939 1717 3019 1761 est
3043 1708 3378 1762 inimicorum
3405 1709 3781 1776 perditionem,

2192 1811 2248 1858 et
2291 1802 2624 1871 reliquorum
2679 1798 3072 1868 subjectionem
3099 1840 3115 1866 ,
3161 1816 3231 1855 ne
3268 1800 3464 1869 aliquis
3514 1800 3786 1854 existimet

2187 1909 2359 1965 nuper
2387 1895 2437 1948 ei
2467 1892 2764 1947 accessisse
2797 1906 3040 1961 regnum,
3072 1893 3155 1947 vel
3187 1903 3332 1948 certe
3365 1907 3520 1962 posse
3547 1908 3674 1948 eum
3699 1893 3784 1947 de-

2188 2003 2294 2042 nuo
2326 1984 2523 2054 privari
2549 1983 2734 2038 eadem
2763 1991 3053 2052 potestate.
3091 1983 3213 2038 Post
3249 1984 3363 2038 hate
3391 1983 3594 2038 infert:
3629 1983 3787 2040 Sedet

2185 2088 2295 2143 tua,
2328 2077 2489 2144 Deus,
2523 2077 2574 2129 in
2604 2075 2850 2129 smculum
2881 2074 3063 2128 swculi
3097 2075 3286 2146 (lbid.,
3314 2078 3395 2145 7),
3426 2078 3526 2132 hoc
3546 2087 3634 2133 est
3661 2093 3788 2134 cou-

2186 2181 2506 2241 sequenter_
2551 2168 2766 2238 quidem
2843 2167 3220 2223 interimentur
3291 2170 3535 2234 inimici,
3597 2171 3788 2243 reliqui

2186 2277 2314 2317 vero
2343 2275 2532 2316 omnes
2562 2259 2936 2327 subjicicntur.
2964 2260 3228 2326 Quoniam
3260 2261 3477 2330 quidem
3511 2277 3621 2318 non
3665 2264 3789 2319 sub-

2189 2355 2555 2410 intromissum
2615 2352 2785 2406 habes
2851 2367 3117 2422 regnum,
3168 2355 3262 2407 sed
3337 2369 3401 2408 cx
3459 2356 3789 2425 sempiterno

2190 2449 2432 2505 omnium
2463 2459 2676 2516 regnas.
2707 2454 2760 2498 et
2793 2444 2842 2497 iu
2896 2454 3151 2499 aeternum
3199 2460 3412 2515 regnas,
3457 2457 3512 2500 et
3568 2460 3789 2517 regnum

2189 2552 2336 2596 tuum
2369 2546 2548 2594 manet
2577 2538 2628 2591 in
2669 2544 2949 2590 internum.
2985 2536 3110 2591 llaec
3135 2535 3305 2590 lintei
3341 2547 3398 2591 ut
3428 2537 3647 2592 fabulas
3676 2539 3790 2592 ina—

2189 2649 2282 2690 nes
2328 2631 2652 2700 intelligunt,
2696 2629 3062 2683 existimantes
3107 2628 3175 2682 de
3218 2630 3434 2682 homine
3463 2644 3590 2699 rege
3619 2630 3789 2704 dicta.

2187 2726 2285 2782 Cui
2312 2723 2454 2780 enim
2489 2722 2761 2776 hominum
2789 2729 2992 2774 tantum
3025 2720 3125 2774 hoc
3157 2721 3363 2790 insigne
3392 2723 3677 2785 virtutum,
3702 2727 3793 2775 aut

2190 2817 2378 2872 talium
2407 2811 2717 2883 magnitudo
2761 2810 3068 2864 dictorum?
3114 2811 3199 2864 cui
3228 2825 3356 2863 vero
3401 2815 3713 2878 conveniet,
3745 2822 3791 2866 et

2190 2909 2407 2964 deducet
2439 2917 2486 2962 te
2515 2905 2815 2960 mirabiliter
2857 2903 3068 2959 dextera
3111 2913 3198 2956 tua
3250 2903 3437 2972 (Ibid.,
3463 2905 3519 2972 5}
3558 2906 3580 2957 ἲ
3611 2905 3790 2959 divina

2190 3004 2466 3074 Scriptura
2505 3003 2575 3056 de
2618 3002 2868 3057 omnibus
2915 3002 3078 3072 justis
3129 3016 3338 3070 semper
3387 3002 3456 3055 ita
3508 3001 3784 3070 loquente,

2191 3099 2316 3168 quia
2344 3113 2408 3152 ex
2455 3097 2640 3151 divino
2668 3096 2938 3166 adjutorio
2967 3097 3213 3151 virtutem
3257 3095 3587 3166 possideant.
3622 3097 3791 3151 Mai-

2194 3188 2389 3244 festum
2423 3196 2599 3242 autem
2633 3187 2718 3240 hic
2747 3197 2800 3242 et
2840 3187 2967 3241 illud
3015 3195 3115 3251 est,
3163 3187 3288 3257 quia
3341 3203 3444 3241 non
3493 3185 3564 3242 de
3610 3187 3792 3257 aliquo

500 3267 816 3326 Theodorus
847 3274 914 3326 de
942 3275 1350 3344 quadragesimo
1375 3287 1428 3330 et
1464 3287 1656 3346 quarto
1683 3277 1886 3344 psalmo
1908 3275 2095 3343 dispu—
2123 3263 2169 3326 C
2201 3281 2366 3351 impio
2394 3280 2639 3349 loquatur
2670 3280 2721 3332 in
2754 3279 2963 3348 prepria
2996 3280 3190 3332 virtute
3241 3277 3461 3333 fidente.
3512 3279 3593 3332 Ad
3635 3293 3791 3347 quem

499 3371 618 3417 tans
646 3365 789 3419 dicat
822 3385 834 3418 :
872 3385 890 3416 ‹
920 3367 1057 3434 Quid
1099 3369 1278 3437 itaque
1325 3371 1626 3424 invenietur
1657 3370 1826 3439 majus
1857 3369 1938 3422 his
1968 3383 2087 3438 qua:

501 3472 528 3508 a
565 3459 777 3514 Christo
827 3464 961 3517 facta
991 3474 1115 3518 sunt
1155 3466 1206 3519 in
1254 3475 1398 3520 tanta
1443 3467 1624 3520 mundi
1673 3467 2088 3523 commutatione

501 3552 750 3606 omnibus
777 3558 1209 3624 agnoscentibus,
1239 3558 1405 3613 Deum
1444 3560 1812 3614 universorum
1840 3569 1892 3613 et
1921 3561 2087 3628 pieta-

503 3642 570 3692 tis
612 3651 774 3710 atqne
833 3645 1046 3698 virtutis
1091 3648 1417 3715 diligentiam
1459 3648 1657 3702 habere
1697 3647 2083 3713 festinantium,

501 3739 558 3784 et
579 3731 993 3801 glorificautium
1046 3737 1261 3805 quidem
1312 3737 1402 3792 Dei
1434 3737 1796 3809 Unigenitum,
1828 3737 2091 3792 exhiben-

505 3822 632 3877 tium
669 3840 794 3880 vero
825 3835 1010 3879 sancto
1049 3827 1272 3895 Spiritui
1317 3830 1635 3899 condignam
1679 3830 2085 3883 adorationem:

503 3932 600 3990 pro
641 3921 834 3990 quibus
882 3923 1065 3977 beatus
1121 3923 1284 3979 David
1335 3925 1444 3978 ait:
1479 3924 1744 3978 Eruclavit
1788 3940 1876 3978 cor
1923 3940 2092 3978 meum

506 4013 708 4067 verbum
737 4015 922 4068 bonum
945 4014 1116 4085 (Paul.
1153 4033 1294 4084 κων,
1323 4017 1412 4087 l)?
1434 4036 1452 4069 ι
1486 4018 1668 4073 Cernit
1696 4019 1786 4072 hic
1811 4028 1895 4072 tua
1923 4018 2092 4085 pietas

506 4119 695 4158 omnes
725 4105 887 4160 simul
912 4106 1284 4162 haereticorum
1316 4110 1608 4163 calumnias
1631 4123 1751 4163 esse
1768 4110 2086 4164 destructas.

506 4195 636 4248 Nam
669 4195 790 4264 quis
819 4212 975 4250 unam
1009 4196 1182 4251 Patris
1211 4208 1264 4252 et
1290 4197 1411 4253 Filii
1443 4213 1493 4253 et
1525 4201 1754 4270 Spiritus
1781 4202 1948 4254 sancti
1975 4215 2093 4256 cre-

505 4287 639 4340 dens
670 4303 787 4342 esie
817 4303 1124 4358 personam,
1155 4290 1360 4345 diceret
1386 4294 1526 4362 quod
1560 4294 1770 4362 pietatis
1799 4302 1960 4363 atque
1987 4294 2094 4346 vir-

511 4382 638 4434 tutis
692 4381 1022 4450 diligentiam
1072 4383 1388 4440 festinantes
1434 4385 1631 4440 hahere
1681 4387 1758 4441 sic
1795 4385 2096 4456 glorificent

516 4471 852 4540 Unigenitum
888 4474 1003 4538 Dei,
1049 4486 1107 4528 ut
1137 4475 1292 4529 simul
1335 4477 1499 4531 etiam
1527 4477 1850 4544 condignam
1899 4479 2094 4532 adora-

516 4563 716 4617 tionem
760 4565 1053 4621 exhibeant
1109 4567 1332 4636 Spiritui
1379 4571 1608 4624 sancto?
1655 4570 1710 4626 Si
1749 4573 1890 4626 enim
1920 4573 2092 4641 ipsum

2195 3375 2376 3442 itaque
2405 3373 2680 3428 hominum
2711 3372 2935 3440 loquens
2967 3369 3146 3435 infert,
3180 3370 3340 3426 Sedes
3386 3380 3495 3435 tua,
3549 3371 3710 3433 Deus,
3742 3371 3793 3423 in

2195 3464 2439 3521 sarculum
2468 3463 2687 3517 circuli?
2729 3462 2784 3516 Si
2825 3471 2999 3516 autem
3045 3461 3112 3515 de
3156 3477 3280 3530 rege
3309 3461 3416 3515 Deo
3445 3462 3597 3527 dicit,
3625 3463 3793 3516 mani-

2196 3559 2392 3613 festum
2424 3556 2679 3622 quoniam
2719 3565 2774 3610 et
2806 3553 2874 3608 de
2900 3553 3081 3622 regina
3114 3569 3218 3607 non
3265 3554 3508 3615 muliere,
3553 3554 3647 3608 sed
3696 3557 3791 3608 Fc-

2195 3649 2383 3713 clesia,
2434 3662 2592 3717 quant
2645 3646 2894 3701 Christus
2941 3645 3041 3700 sibi
3077 3662 3172 3712 per
3221 3647 3376 3701 fidem
3428 3645 3788 3714 desponsavit.

2198 3755 2295 3810 per
2322 3737 2572 3792 affectum
2597 3736 2788 3790 anima:
2819 3736 3024 3790 scilicet
3054 3736 3155 3790 sibi
3184 3736 3529 3803 jungendum.
3583 3737 3788 3792 Etenim

2199 3831 2363 3885 moris
2405 3838 2487 3883 est
2538 3829 2835 3897 Scriptura:
2882 3827 3099 3890 divinae,
3130 3842 3224 3881 eos
3273 3828 3360 3895 qui
3393 3843 3487 3896 per
3513 3827 3790 3883 Scientiam

2198 3923 2560 3992 adjnnguutur
2585 3920 2711 3983 Deo,
2730 3917 3012 3988 conjugem
3045 3918 3162 3984 ejus
3183 3931 3398 3984 vocare,
3416 3916 3480 3970 ad
3500 3918 3786 3972 ostenden-

2197 4014 2320 4068 dam
2351 4027 2538 4068 eormn
2567 4026 2689 4064 cum
2732 4011 2840 4063 Deo
2889 4010 3248 4076 plenissimam
3303 4008 3700 4076 c0pulationem
3739 4019 3792 4064 et

2202 4109 2482 4165 unitatem.
2514 4125 2532 4158 ι
2563 4105 2628 4159 Et
2663 4105 2819 4172 paulo
2846 4113 2994 4172 post:
3019 4122 3037 4154 ι
3064 4103 3212 4158 Sicut
3233 4113 3283 4156 et
3305 4101 3542 4158 Joannes
3564 4102 3792 4173 Baptista

2204 4202 2372 4257 dicit:
2411 4200 2511 4266 Qui
2540 4197 2689 4251 habet
2713 4213 2953 4264 sponsam
2984 4213 3199 4262 sponsus
3226 4208 3299 4250 est
3341 4195 3519 4266 (Joan.
3554 4212 3635 4266 ιιι,
3677 4195 3790 4267 ἳ9).

2198 4292 2458 4362 Quoniam
2493 4290 2655 4360 igitur
2680 4303 2895 4358 semper
2926 4287 3017 4342 Dei
3041 4288 3233 4356 conjux
3275 4287 3470 4343 dicitur
3500 4305 3792 4360 congrega-

2173 4385 2274 4439 'tio
2304 4383 2578 4437 hominum
2608 4381 2697 4450 qui
2729 4381 2777 4434 ei
2813 4394 2905 4446 per
2933 4379 3212 4432 scientiam
3237 4378 3580 4443 copulantur,
3613 4395 3790 4451 regem

2198 4486 2373 4533 autem
2398 4474 2668 4529 Christum
2713 4472 3095 4527 convenienter
3136 4467 3459 4539 appellavit:
3493 4474 3791 4528 necessario

2199 4584 2326 4638 ergo
2355 4578 2434 4623 est
2465 4566 2669 4634 regina,
2699 4579 2818 4634 quin
2847 4564 2989 4631 regia
3025 4578 3158 4616 uxor
3186 4571 3287 4626 est,
3311 4579 3415 4617 non
3444 4565 3545 4618 alia
3581 4581 3792 4633 promo.

512 4670 635 4710 esse
661 4657 905 4712 crederet
936 4658 1030 4713 Dei
1079 4659 1442 4729 Unigenitum,
1469 4677 1648 4733 .quem
1672 4663 1927 4732 Spiritum
1964 4678 2094 4719 san-
2124 4677 2177 4737 ι)
2201 4660 2346 4714 tione
2373 4657 2517 4712 circa
2549 4657 2635 4710 illa
2685 4654 3028 4723 procedente,
3073 4669 3232 4722 quam
3271 4669 3334 4708 ea
3383 4670 3544 4724 quam
3579 4657 3647 4713 de
3698 4657 3793 4712 viri

509 4759 653 4802 ctum
676 4789 689 4811 ,
724 4747 1006 4805 suffecerat
1041 4751 1264 4818 dixisse,
1299 4753 1707 4822 glorificantinm
1753 4755 1966 4823 quidem
2011 4755 2102 4810 Dei

513 4841 873 4912 Unigenitum,
905 4857 1003 4898 nec
1032 4853 1146 4898 erat
1175 4858 1311 4915 opus
1339 4845 1541 4911 dicere,
1565 4847 1936 4903 exhibentium
1972 4863 2100 4903 vero

583 4989 609 5017 ⁸
637 4980 750 5035 Hoc
779 4979 1104 5050 praecipuum
1148 4979 1242 5034 fuit
1272 4989 1432 5049 caput
1456 4980 1840 5037 Theodoriante.
1874 4997 2104 5037 accusa-

516 5051 677 5105 tionis
706 5067 722 5105 :
747 5051 886 5119 quod
916 5051 998 5105 his
1027 5051 1202 5105 verbis
1225 5051 1488 5119 designat,
1517 5065 1563 5106 et
1589 5055 1930 5107 anathemate
1954 5053 2106 5105 dam-

512 5130 603 5176 nat
627 5122 955 5197 Justitiianus
981 5126 1032 5175 in
1057 5123 1272 5197 edicto:
1302 5124 1362 5179 Εἴ
1382 5145 1458 5197 τίς
1484 5125 1820 5197 ἀντιποιεῖται
1835 5124 2099 5197 Θεοδώρῳ

511 5200 601 5247 τοῦ
633 5193 1004 5264 Μοψῳεστὲας,
1027 5199 1115 5248 τοῦ
1144 5195 1372 5254 εἰπόντος
1404 5192 1547 5248 ἄλλον
1575 5192 1700 5248 εἶναι
1729 5199 1813 5250 τὸν
1844 5197 1965 5248 Θεὸν
2000 5192 2100 5248 A6-

508 5285 615 5335 γον,
649 5263 728 5320 καὶ
754 5263 896 5338 ἄλλον
917 5265 1000 5319 τὸν
1013 5269 1281 5338 fetore»,
1316 5267 1541 5338 άνᾴθεμα
1588 5264 1749 5318 ἔστω.
1780 5265 2098 5338 Theodorus

511 5334 640 5404 sane
685 5336 964 5404 presbyter
1011 5334 1340 5399 Mithensis,
1373 5334 1804 5402 Mopsuestcnum
1860 5334 2015 5388 docet
2045 5339 2094 5386 in

515 5403 613 5457 hac
671 5403 857 5457 hzeresi
909 5405 1090 5468 fuisse,
1143 5417 1194 5457 ut
1246 5405 1516 5459 Christum
1567 5405 1769 5459 diceret
1827 5403 2094 5459 hominem

513 5487 676 5526 unum
699 5474 766 5527 de
791 5475 988 5537 multis,
1021 5475 1108 5539 qui
1158 5476 1488 5529 inhabilantc
1536 5477 1586 5528 in
1633 5489 1698 5529 eo
1727 5475 1836 5530 κατ’
1866 5473 2094 5530 εὐδοκίαν

516 5543 609 5598 Dei
644 5543 813 5615 Verbo
833 5547 995 5604 θειῖκῆς
1025 5546 1166 5607 ἀξίας
1198 5548 1463 5615 particeps
1487 5547 1656 5600 factus
1682 5546 1772 5600 sit.
1807 5545 1949 5598 Duas
1974 5560 2095 5612 pro-

513 5615 638 5668 inde
670 5614 721 5666 in
743 5618 809 5667 eo
839 5627 1059 5668 naturas
1091 5615 1254 5669 fuisse
1282 5614 1560 5680 discretas,
1593 5625 1754 5684 atque
1785 5615 2096 5671 habitudine

513 5685 628 5740 sola
659 5684 796 5739 inter
818 5698 875 5737 se
896 5687 1220 5752 conjunctae.
1253 5689 1349 5741 Δύο
1371 5686 1565 5757 φύσεις,
1602 5687 1788 5756 inquit,
1819 5685 2093 5763 ἱδωπεριο-

589 5799 607 5830 ⁸
637 5797 765 5853 Cod.
796 5797 1014 5863 V.cron.,
1048 5799 1197 5852 etiam
1227 5801 1424 5853 nomine

2211 4753 2466 4821 dignitate
2532 4747 2913 4803 communicat.
2983 4745 3390 4816 Consequenter
3455 4765 3586 4820 ergo
3659 4754 3793 4821 regi.

2216 4861 2337 4899 nam
2391 4851 2549 4896 vocat
2610 4839 2901 4894 Ecclesium
2934 4881 2949 4902 ,
3018 4839 3308 4894 ostendens
3365 4851 3620 4909 quantam
3681 4860 3794 4898 sor-

2207 4982 2419 5052 ρὶστςυς
2445 4981 2593 5049 φησὶν
2645 4974 2817 5030 εἰδέναι
2837 4977 2895 5052 έν
2922 4983 3147 5048 Χριστῷ,
3171 4977 3380 5052 ⁸ςινχιέωςιει
3406 4997 3500 5052 Em
3527 4982 3612 5034 καὶ
3649 4982 3794 5052 μενον

2209 5045 2799 5121 ἃλλήλαιξῴκειωμᾷνας.
2829 5045 2981 5111 Quod
3011 5053 3126 5097 erat
3151 5045 3282 5121 duas
3318 5046 3370 5121 in
3403 5046 3618 5121 C_ltri8lo
3644 5045 3792 5102 natu-

2210 5136 2296 5174 ras
2323 5117 2508 5184 verbo,
2560 5117 2793 5172 re'duas
2836 5129 3089 5188 personas
3121 5117 3378 5188 proﬁteri.
3427 5119 3494 5171 Et
3535 5122 3660 5188 quia
3698 5129 3792 5173 hoc

2209 5191 2381 5259 ipsum
2414 5197 2594 5257 postea
2629 5189 2724 5241 fuit
2774 5189 2966 5255 dogma
3000 5185 3251 5259 N_cst0rii,
3301 5187 3424 5241 ideo
3453 5185 3790 5244 Theodorum

2209 5255 2367 5334 vocat
2413 5255 2664 5334 irpéyovoa
2696 5261 2984 5334 Nearggioo.
3008 5255 3155 5334 llaec
3183 5272 3342 5334 porro
3389 5268 3551 5328 atque
3581 5263 3682 5334 alia
3716 5263 3793 5314 his

2205 5332 2386 5384 at'tinia
2421 5328 2611 5402 placita
2641 5328 2804 5383 fuis~e
2834 5328 3127 5402 'l'heodori,
3158 5329 3440 5402 confirmat
3475 5331 3713 5402 synodus
3741 5347 3791 5394 v,

2205 5404 2416 5455 actione
2447 5401 2501 5463 4,
2536 5410 2644 5453 tum
2675 5416 2740 5455 ex
2795 5400 2960 5452 variis
2990 5399 3246 5452 librorum
3279 5400 3442 5466 ipsius
3493 5399 3642 5465 foets,
3687 5411 3790 5456 tum

2204 5487 2272 5543 ex
2300 5471 2483 5543 Cyrilli
2506 5471 2837 5543 aliorumque
2868 5469 3196 5523 testimonio.
3226 5471 3296 5522 At
3321 5469 3603 5543 Facundus
3624 5473 3791 5527 Theo-

2205 5541 2395 5597 dorum
2419 5548 2494 5597 sic
2518 5541 2776 5605 defendit,
2810 5548 2867 5593 nt
2903 5549 3102 5594 rectam
3129 5549 3318 5594 contra
3346 5542 3505 5596 tidem
3532 5547 3582 5596 in
3614 5543 3790 5598 multis

2203 5611 2323 5682 ejus
2346 5614 2495 5668 libris
2525 5611 2809 5666 ostendere
2841 5611 3082 5675 studeat;
3115 5619 3168 5664 et
3195 5611 3242 5664 si
3269 5611 3394 5682 quid
3428 5627 3588 5668 secus
3629 5616 3786 5669 inter-

2204 5681 2330 5739 dum
2363 5684 2583 5749 excidit,
2619 5683 2898 5751 benignius
2920 5681 3383 5750 interpretandum
3410 5684 3719 5742 contendat.

587 5871 606 5899 ¹
636 5871 772 5925 Idem
801 5869 944 5932 cod.,
989 5881 1034 5923 et
1066 5871 1224 5922 alium
1257 5869 1447 5923 Filium
1480 5873 1640 5932 ipsum
1681 5872 2018 5940 unigenitum,
2045 5881 2090 5928 et
2112 5872 2270 5928 alium
2303 5871 2554 5940 Spiritum
2583 5877 2835 5923 sanciunt.
