4104 6360
267 325 389 380 7—H

1155 328 1286 385 ΡΙὶο
1325 327 1756 384 DEFENSIONE
1790 325 2002 382 TRIUM
2040 325 2356 384 CAPITUL.
2401 330 2525 383 Llli.
2563 330 2652 385 lX.

3463 342 3564 396 7L2

269 442 385 496 tita
437 441 506 494 sit
564 456 628 495 ex
702 442 894 496 Christi
963 444 1285 498 adunatioue
1348 443 1700 515 dignitatem,
1757 459 1875 514 quae
1903 455 1950 513 Α
1982 442 2358 510 terpretatione
2391 459 2485 514 pro
2517 445 2736 500 istorum
2768 446 3046 504 calumniis
3089 449 3308 506 forsitan
3359 453 3563 511 videro-
3607 477 3612 500 ε

271 532 331 586 ei
403 532 627 585 accessit
705 546 770 586 ex
843 532 966 588 ﬁde.
1021 535 1282 602 Quoniam
1359 545 1448 589 aut
1514 534 1582 590 de
1662 537 1876 592 Deo-et

270 616 446 676 Patre
499 621 613 675 luce
683 621 788 676 dici
864 639 968 678 non
1028 635 1255 694 possunt
1309 627 1358 692 ¹,
1407 642 1529 697 qua:
1581 640 1877 698 sequuntur

197 715 202 722 ’
269 719 531 764 :strunnt
558 711 859 768 manifeste.
889 733 907 764 ι
943 715 1078 782 Quid
1101 715 1258 770 etiam
1288 717 1340 770 in
1367 717 1616 786 pra-senti
1639 719 1876 788 capitulo

274 816 488 871 nempe
533 802 786 858 videntur
835 806 1067 862 haeretici
1121 809 1476 879 nequidquam
1506 809 1573 863 de
1605 809 1877 866 Theodori

275 909 513 961 persona
588 894 982 963 reprehendere
1054 899 1494 956 Chalcedonense
1546 901 1875 956 concilium?

270 983 419 1039 Nam
451 1001 640 1041 omnes
677 1002 862 1042 eorum
903 990 1198 1046 calumnias
1225 1009 1377 1063 irque
1417 994 1466 1047 in
1513 993 1601 1049 ilio
1635 995 1876 1051 videmus

270 1075 556 1132 exclusus.
592 1077 706 1132 Non
752 1081 896 1135 enim
928 1083 1188 1139 eumdem-
1216 1087 1444 1140 credidit
1474 1085 1686 1142 Patrem
1717 1105 1875 1158 quem

278 1166 508 1232 Filium,
542 1171 631 1236 qui
659 1171 772 1225 ait:
811 1174 1070 1241 Quoniam
1098 1177 1195 1230 hoc
1231 1179 1372 1243 quod
1410 1179 1477 1233 de
1513 1179 1648 1235 Filio
1676 1181 1876 1236 dictum

273 1269 391 1323 est,
425 1259 490 1313 de
535 1259 643 1316 Deo
669 1272 723 1317 et
770 1264 926 1320 Patre
957 1268 1060 1320 tlici
1106 1283 1212 1323 non
1262 1269 1446 1338 possit.
1496 1269 1680 1341 Neque
1712 1271 1875 1326 Deum

283 1349 524 1405 \‘erhnm
557 1352 776 1409 alterius
813 1358 1042 1412 creddit
1093 1375 1211 1414 esse
1257 1376 1524 1430 personae,
1577 1372 1630 1417 et
1658 1363 1877 1420 alterius

276 1440 582 1510 (Zhristum,
608 1446 692 1500 cui
723 1449 923 1502 diitum
979 1465 1005 1502 a
1063 1451 1319 1519 propheta
1353 1453 1636 1508 conﬁtetur
1671 1473 1686 1509 :
1720 1455 1880 1510 Sedes

277 1540 400 1598 tua,
433 1533 592 1599 Deus,
627 1537 681 1590 in
729 1541 974 1593 swculnm
1023 1543 1200 1596 sztculi
1254 1543 1425 1614 (Psal.
1475 1560 1622 1609 XLIV,
1679 1546 1772 1617 7);
1826 1558 1881 1603 et

276 1639 446 1692 quem
480 1637 639 1696 negat
659 1629 1124 1687 subintromismnn
1150 1649 1371 1705 regnum
1397 1636 1614 1703 habere,
1640 1646 1692 1692 et
1721 1639 1879 1696 docet

275 1730 351 1768 ex
377 1718 706 1786 sempiterno
729 1735 972 1790 regnare.
1004 1722 1118 1778 Non
1144 1739 1273 1794 ergo
1304 1726 1618 1781 Theodorus
1642 1727 1877 1784 Judaica:

1981 541 2086 602 tur,
2110 535 2230 603 quia
2250 535 2405 601 dixit,
2429 547 2481 591 et
2503 548 2724 594 naturas
2753 539 2932 594 divisit
2962 549 3016 596 et
3037 556 3281 611 personae
3307 545 3567 603 unitatem

1977 622 2386 692 demonstravit,
2422 627 2521 680 nisi
2556 629 2669 697 ipse
2703 633 3057 702 interpretans
3087 637 3432 706 semetipsum
3467 642 3568 694 do-

1977 725 2121 770 ceret
2147 725 2408 786 quatenus
2442 721 2638 776 dixerit
2664 737 2784 777 esse
2829 723 3048 792 divisas,
3083 740 3205 780 cum
3248 730 3568 785 subsecutus

1977 807 2173 874 adjecit
2204 826 2217 862 :
2257 827 2274 859 ‹
2326 810 2390 864 Et
2420 820 2634 866 naturas
2665 814 2876 881 quidem
2908 815 3088 870 divisit
3112 817 3166 872 in
3206 833 3295 884 eo,
3323 823 3462 890 quod
3488 822 3571 875 di-

1980 912 2252 954 versarum
2285 902 2758 973 intelligentiarum
2791 905 3141 964 declarativas
3183 926 3340 967 voces
3365 920 3567 968 emisit.

1979 991 2198 1046 Multum
2229 994 2371 1048 enim
2401 994 2576 1050 dill'ert
2604 998 2671 1051 ab
2713 997 2967 1064 invicem,
3001 1000 3161 1056 Sedes
3183 1011 3294 1070 tua,
3322 1003 3482 1072 Deus,
3516 1008 3571 1060 in

1977 1083 2223 1136 swculum
2270 1085 2466 1152 sucult',
2521 1096 2594 1152 et,
2629 1086 2908 1158 Propterea
2940 1094 3085 1145 unxit
3135 1103 3182 1147 te
3236 1079 3393 1161 Deus,
3430 1098 3568 1154 Deus

1979 1182 2114 1225 titus.
2152 1192 2169 1224 ι
2212 1177 2447 1230 Eatenus
2477 1177 2636 1246 igitur
2662 1179 2895 1233 asseruit
2916 1195 3035 1236 esse
3057 1181 3278 1250 divisas,
3307 1200 3571 1256 quatenus

1981 1265 2328 1336 intelligentia
2359 1267 2452 1323 Dei
2485 1270 2586 1324 vivi
2615 1269 2947 1326 dividuntur.
3001 1273 3071 1328 Et
3114 1274 3280 1330 claret
3334 1279 3474 1347 quod
3503 1281 3571 1335 ab

1983 1357 2209 1414 invicem
2240 1360 2531 1416 diil'erant:
2567 1377 2670 1417 non
2701 1365 2840 1432 quod
2872 1365 3004 1420 duas
3030 1381 3288 1435 personas
3314 1370 3570 1438 alliciant,

1981 1449 2122 1504 sicut
2146 1451 2306 1506 etiam
2337 1455 2492 1521 paulo
2523 1452 2749 1510 inferius
2779 1457 3132 1524 ostendimus,
3190 1459 3349 1514 etiam
3391 1462 3442 1515 in
3472 1463 3572 1515 lio-

1983 1542 2126 1597 mine
2155 1558 2261 1598 uno
2295 1545 2492 1601 dixisse
2523 1547 2755 1601 animam
2783 1561 2813 1601 a
2861 1565 2960 1603 suo
2988 1564 3212 1619 corpore
3257 1555 3571 1608 natttraliter

1981 1650 2099 1692 esse
2131 1639 2375 1692 divisam.
2415 1639 2562 1694 Unde
2589 1641 2748 1694 simul
2797 1643 2914 1697 haec
2943 1659 3154 1714 quoque
3197 1646 3488 1716 subiunxit,
3521 1657 3572 1702 et

1985 1729 2095 1782 ait:
2135 1748 2152 1780 ι
2204 1729 2472 1786 Unitatem
2502 1747 2630 1787 vero
2655 1734 2888 1788 ostendit
2916 1751 3182 1804 personae,
3237 1751 3297 1791 ea
3347 1754 3466 1807 quae
3492 1739 3572 1793 di-

276 1806 580 1876 impietatis
610 1815 912 1880 arguendos
944 1827 1046 1884 est,
1074 1827 1322 1886 tanquam
1351 1819 1622 1874 hominem
1649 1829 1876 1875 tantum-
1910 1833 1957 1892 Β
1985 1838 2136 1878 versa
2166 1835 2291 1880 sunt
2317 1825 2572 1896 colligens
2613 1828 2666 1880 in
2716 1826 2972 1882 unitatem
3006 1842 3270 1896 personae.
3308 1847 3326 1881 ›
3359 1830 3571 1900 Cogno-

278 1905 450 1955 modo
480 1906 746 1971 putaverit
792 1905 1086 1975 Christum,
1119 1925 1240 1964 cum
1272 1915 1446 1979 potius
1495 1913 1710 1968 Iudaeos
1761 1915 1880 1967 irri-

279 1995 414 2048 deat
443 1997 625 2051 dicens
657 2014 672 2051 :
710 1999 832 2054 Haec
879 2000 1051 2056 Judaei
1095 2013 1149 2056 ut
1196 2003 1398 2058 fabulas
1449 2006 1632 2059 inanes
1677 2006 1876 2060 intelli-

277 2098 441 2156 gunt,
477 2088 845 2147 existimantes
901 2094 965 2148 de
1016 2094 1232 2150 huinine
1279 2111 1404 2165 rege
1449 2098 1616 2163 dicta;
1670 2098 1878 2169 etquid

281 2179 407 2246 ipse
463 2180 648 2235 credat
703 2183 980 2239 insinuans
1027 2185 1178 2251 dicit,
1217 2189 1359 2256 quod
1415 2191 1546 2243 nulli
1600 2191 1876 2244 hominum

281 2271 572 2324 conveniat
613 2281 818 2327 tantum
868 2275 968 2330 huc
1016 2277 1218 2345 insigne
1278 2279 1548 2345 virtutum,
1604 2290 1654 2335 et
1697 2282 1877 2336 talium

285 2361 598 2428 magnitudo
629 2365 914 2433 dictorum,
969 2369 1159 2438 quibus
1208 2369 1402 2424 dicitur
1451 2372 1662 2426 Christo
1709 2391 1721 2425 :
1781 2374 1880 2428 De-

285 2455 438 2509 duxi!
470 2466 516 2510 te
541 2461 840 2515 mirabiliter
861 2464 1066 2518 dextera
1090 2475 1178 2519 tua
1204 2466 1394 2536 (Ibid.,
1425 2467 1480 2540 5)
1504 2488 1516 2522 :
1550 2471 1881 2541 quandoqui-

283 2547 412 2602 ιιι-ιιι
461 2550 636 2605 divina
666 2553 940 2623 Scriptura
975 2571 1164 2613 omnes
1214 2559 1460 2616 homines
1500 2562 1675 2632 justos
1705 2581 1766 2618 ex
1801 2566 1880 2618 di.

281 2638 415 2694 vino
462 2640 729 2712 adjutorio
760 2646 900 2702 dicat
956 2649 1232 2716 possidere
1276 2651 1566 2717 virtutem;
1609 2654 1878 2709 Christum

287 2747 440 2796 vero,
477 2744 724 2805 tanquam
753 2738 918 2794 Deum
950 2752 1221 2795 asseverat
1251 2743 1434 2797 divino
1471 2745 1740 2814 adjutorio
1774 2764 1879 2800 non

284 2837 466 2890 egere.
493 2823 730 2896 Itemque
762 2829 983 2884 inferius
1014 2831 1090 2884 ait
1123 2847 1136 2884 :
1185 2831 1240 2886 Si
1271 2845 1448 2887 autem
1501 2835 1568 2890 de
1620 2852 1742 2906 rcgc
1774 2837 1882 2892 Deo

284 2914 441 2980 dicit,
473 2920 814 2974 manifestum
844 2923 1094 2992 quoniam
1118 2925 1265 2987 et‘de
1297 2927 1477 2993 regina
1504 2943 1608 2982 non
1634 2931 1878 2994 muliere.

284 3005 383 3058 sed
418 3007 679 3076 Ecclesia,
706 3027 865 3080 quam
903 3014 1005 3068 sibi
1050 3015 1296 3071 Chriszns
1331 3032 1420 3085 per
1461 3017 1619 3072 fidem
1651 3019 1882 3088 deSpon-

285 3095 447 3160 savit,
499 3113 594 3166 per
633 3100 881 3157 aliectum
911 3105 1104 3159 anima:
1146 3107 1350 3161 scilicet
1397 3109 1496 3162 εειή
1533 3108 1880 3179 jungendum.

1984 1918 2092 1973 scis
2113 1933 2262 1988 ergo,
2308 1920 2623 1989 imperatur,
2665 1921 2918 1990 quoniam
2951 1922 3215 1976 veraciter
3243 1924 3573 1992 sapientissi-

1985 2027 2103 2066 mus
2133 2013 2368 2068 Joannes
2398 2030 2518 2068 cum
2541 2015 2788 2068 orientali
2820 2015 3071 2082 concilio,
3117 2016 3182 2070 ad
3210 2017 3421 2070 beatum
3464 2018 3570 2088 Cy-

1985 2105 2160 2157 rillum
2193 2105 2260 2159 de
2287 2105 2443 2159 beato
2489 2105 2772 2159 'l‘heodoro
2818 2109 3081 2172 scribens,
3116 2107 3306 2160 dixerit
3339 2124 3352 2161 :
3389 2125 3407 2158 ι
3445 2107 3573 2163 Pro-

1985 2197 2217 2264 pouebat
2242 2196 2382 2249 enim
2411 2210 2531 2250 eum
2563 2207 2704 2250 totus
2735 2197 2788 2249 iu
2836 2211 3120 2251 commune
3170 2198 3380 2263 Oriens,
3435 2204 3573 2254 sicut

1986 2289 2233 2342 viitutcm
2266 2289 2486 2342 multam
2512 2289 2773 2344 doctrinae
2802 2289 3084 2346 habentem
3118 2293 3376 2349 adversas
3404 2295 3574 2348 inere-

1983 2396 2090 2448 scs,
2115 2394 2298 2436 contra
2327 2397 2457 2451 quas
2489 2399 2730 2453 pugnans
2755 2395 2809 2439 et
2833 2386 3116 2452 dimicans,
3148 2389 3311 2440 multa
3343 2390 3574 2456 quadam

1983 2474 2248 2530 divisione
2276 2492 2401 2531 usus
2433 2488 2534 2544 est,
2568 2495 2672 2532 non
2697 2495 2760 2534 ex
2809 2494 2976 2549 pravo
3027 2481 3299 2536 intellectu
3328 2482 3576 2548 Veniens,

1983 2568 2078 2622 sed
2108 2567 2378 2624 ciiicacius
2408 2571 2664 2626 adversus
2696 2571 2976 2628 haereticos
3000 2573 3092 2626 illo
3116 2575 3273 2628 modo
3305 2578 3378 2628 uti
3404 2589 3464 2628 se
3488 2573 3575 2644 ju-

1984 2661 2188 2716 dicans.
2235 2661 2417 2733 Neque
2450 2666 2705 2719 unitatem
2751 2680 3016 2720 summam
3069 2667 3319 2736 ignorans
3351 2670 3433 2724 vel
3477 2682 3574 2722 ne-

1983 2767 2136 2823 gans,
2171 2753 2326 2819 absit,
2365 2757 2504 2824 pleni
2535 2759 2675 2811 enim
2708 2757 3012 2826 huiusmodi
3064 2770 3187 2813 sunt
3242 2774 3428 2814 omnes
3458 2762 3575 2831 ejus

1987 2847 2140 2911 libri;
2174 2847 2268 2901 sed
2296 2857 2605 2903 naturarum
2640 2851 3017 2920 proprietatem
3047 2853 3274 2921 amplius
3301 2853 3568 2917 dividens,

1985 2939 2121 2993 sicut
2167 2943 2215 2995 ei
2247 2957 2418 3012 pugna
2449 2958 2604 3012 quam
2634 2945 2891 3001 adversus
2922 2945 3206 3000 haereticos
3237 2946 3439 3009 habuit,
3494 2946 3574 3002 l'a-

1985 3033 2232 3087 ciendum
2255 3033 2508 3090 dictabat.
2543 3053 2560 3085 ι
2593 3034 2720 3100 Quis
2746 3034 2886 3088 enim
2915 3050 2976 3087 ex
3004 3033 3086 3089 his
3113 3049 3231 3103 quae
3255 3036 3574 3089 memoravic

1991 3141 2108 3179 mus
2139 3142 2243 3180 non
2271 3137 2580 3195 cognoscat,
2614 3126 2757 3194 quod
2786 3141 2973 3181 omnes
3002 3126 3124 3180 libri
3167 3126 3436 3181 Theodori
3478 3128 3574 3180 hu—

287 3185 464 3256 thue
493 3202 819 3248 monstraret
860 3196 1052 3250 iterum
1080 3199 1220 3267 quod
1261 3199 1530 3254 Cliiistum
1563 3203 1724 3259 Deum
1755 3219 1878 3260 cre-

1987 3218 2219 3285 jusmodi
2252 3219 2531 3272 sententiis
2558 3217 2700 3286 pleni
2730 3218 2858 3283 sint,
2889 3233 3095 3272 cumex
3127 3232 3232 3271 uno
3256 3218 3575 3286 scriptorum

286 3278 464 3345 deret,
516 3281 750 3349 Etenim,
781 3285 969 3356 inquit,
1012 3291 1175 3344 moris
1201 3303 1283 3345 eSt
1329 3291 1619 3361 Scriptura;
1659 3297 1873 3361 divinre,

286 3383 386 3424 eos
418 3373 508 3439 qui
540 3387 636 3440 per
675 3377 952 3432 scientiam
998 3379 1362 3452 adjunguntur
1420 3382 1550 3451 Deo,
1594 3387 1878 3457 conjugem

287 3468 408 3535 ejus
448 3482 670 3533 vocare,
706 3471 771 3525 ad
818 3474 1205 3530 ostendendam
1256 3492 1440 3531 eorum
1473 3494 1593 3533 cuin
1628 3480 1736 3535 Deo
1769 3483 1881 3551 ple-

299 3560 579 3615 nissimam
626 3564 1069 3633 copulationem:
1109 3568 1272 3623 Deum
1322 3573 1675 3639 proauntians
1720 3589 1880 3643 quem

294 3652 546 3721 superius
572 3654 841 3712 Christum
865 3658 1020 3714 dixit.
1063 3661 1188 3715 Ideo
1235 3663 1304 3716 ait
1356 3675 1410 3719 et
1461 3664 1704 3730 inferius,
1740 3667 1880 3734 quod

294 3762 508 3814 semper
559 3747 648 3804 Dei
695 3752 891 3820 conjux
941 3751 1149 3809 dicatur
1208 3759 1549 3827 congregatio
1582 3759 1877 3829 hominum,

297 3835 383 3903 qui
409 3837 455 3888 ei
489 3834 541 3889 in
569 3839 790 3894 scientia
812 3842 1156 3911 copulantur.
1191 3844 1324 3911 Quia
1359 3862 1488 3900 vero
1513 3862 1618 3902 non
1660 3857 1884 3903 evacuat

296 3942 483 3983 omnes
527 3929 580 3983 in
628 3930 900 3988 Christum
943 3934 1106 3990 factas
1159 3937 1490 4005 proplietias,
1537 3954 1604 3994 ex
1645 3954 1711 3994 eo
1771 3955 1883 3993 ma-

296 4018 553 4084 nifestum
585 4031 667 4076 est
697 4023 840 4091 quod
872 4024 1007 4080 hanc
1054 4026 1223 4095 ipsam
1269 4029 1603 4096 ιτοιιιιειὶειιι
1639 4030 1691 4082 in
1731 4031 1884 4084 Citri-

295 4120 434 4167 stum
483 4129 603 4171 esse
655 4117 851 4173 dictam
903 4127 957 4173 et
1016 4119 1068 4174 in
1129 4119 1415 4191 conjugeui
1464 4123 1582 4190 ejus
1633 4124 1653 4152 ²
1716 4124 1884 4176 conti-

295 4211 458 4260 tetur.
489 4207 674 4262 Denuo
723 4225 933 4279 quoque
975 4213 1250 4281 sequentia
1294 4212 1533 4280 ejusdem
1565 4211 1753 4279 psalmi
1802 4213 1886 4266 in-

294 4307 591 4369 terprirlans
647 4301 814 4356 dicit:
876 4301 1153 4375 PrOpIerea
1207 4304 1354 4357 unxit
1403 4313 1450 4358 te
1518 4301 1696 4372 Deus,
1745 4304 1887 4360 Deus

295 4398 412 4442 tuus
442 4390 614 4455 (ibid.,
644 4389 720 4461 8).
785 4392 858 4446 De
886 4393 994 4448 Deo
1034 4407 1162 4448 vero
1211 4394 1325 4448 hare
1355 4395 1531 4450 denuo
1558 4396 1665 4450 dici
1716 4398 1887 4450 mani-

295 4481 488 4538 iestum
526 4495 606 4539 est
639 4501 654 4541 :
687 4505 705 4538 ι
730 4485 834 4542 Sed
875 4489 998 4556 quia
1057 4490 1172 4544 haec
1217 4488 1330 4544 Deo
1381 4489 1526 4544 Patri
1585 4505 1693 4545 non
1751 4505 1885 4546 con-

1986 3311 2102 3379 ejus
2134 3311 2276 3374 loco,
2310 3314 2412 3366 hoc
2441 3321 2524 3366 est
2556 3326 2621 3366 ex
2655 3311 2823 3380 prima
2845 3321 2994 3379 parte
3024 3310 3480 3380 interpretationis
3507 3326 3575 3366 st.

1983 3412 2038 3458 et
2065 3417 2114 3457 tv
2144 3403 2330 3473 psalmi
2359 3403 2537 3457 omnia
2570 3402 2729 3458 simul
2775 3403 2897 3468 tria,
2928 3419 3045 3470 qua:
3077 3403 3321 3471 improbe
3371 3403 3438 3456 de
3485 3403 3574 3457 illo

1979 3496 2175 3562 jactata
2205 3503 2352 3559 sunt,
2378 3494 2506 3548 falsa
2537 3510 2658 3549 esse
2684 3496 2838 3550 tertio
2868 3493 3256 3563 probavimus?
3281 3494 3366 3548 Sic
3395 3495 3413 3523 ³
3445 3510 3576 3564 ergo

1983 3589 2194 3657 sapiens
2226 3589 2393 3643 lector
2439 3587 2697 3658 intelligat
2735 3599 2938 3661 quanta
2983 3588 3192 3656 possint
3243 3589 3293 3641 in
3326 3590 3575 3643 omnibus

1983 3681 2098 3748 ejus
2131 3681 2280 3735 libris
2306 3680 2501 3734 similia
2533 3680 2752 3734 binatim
2783 3694 2846 3734 ac
2867 3680 3174 3750 singillatim
3212 3684 3382 3749 posita
3417 3696 3574 3750 repe-

1987 3789 2101 3825 l‘ll'l.

2607 3885 2833 3940 CAPUT
2874 3884 2938 3942 ll.

1991 4025 2140 4092 Quod
2168 4022 2466 4079 Theodorus
2496 4037 2609 4102 vsre
2646 4018 2904 4074 Christum
2954 4021 3339 4102 non_hominem
3381 4030 3578 4077 tantum

2206 4098 2293 4148 sed
2322 4096 2477 4146 etiam
2508 4091 2675 4145 Deum
2704 4101 2892 4144 natura
2919 4108 3024 4144 esse
3053 4095 3220 4159 fassus
3249 4093 3334 4146 sit.

2059 4223 2256 4279 Verum
2291 4222 2444 4276 nobis
2477 4221 2690 4276 videtur
2722 4219 2862 4291 quod
2903 4235 2964 4274 ea
2990 4220 3107 4290 plus
3151 4237 3216 4274 ex
3267 4221 3420 4276 diitz's
3461 4223 3579 4292 ejus

1989 4318 2228 4389 proferre
2271 4319 2583 4380 debeamus,
2621 4316 2672 4368 in
2705 4313 2897 4382 quibus
2941 4313 3136 4366 fatetur
3159 4314 3425 4368 Christum
3468 4330 3577 4371 non

1988 4411 2259 4466 hominem
2320 4416 2550 4471 tantum,
2602 4406 2697 4461 sed
2750 4407 2912 4459 ttiam
2971 4407 3266 4462 secundum
3335 4419 3578 4465 naturam

1991 4508 2156 4562 Deum
2187 4517 2241 4560 et
2280 4502 2643 4558 essentialiter
2675 4507 2978 4556 exstantem
3023 4515 3206 4555 verum
3240 4501 3427 4557 Filium
3460 4503 3578 4570 Dei,

299 4585 530 4651 veniant,
574 4596 837 4656 praptsrea
891 4589 1035 4642 unxit
1081 4598 1129 4643 te
1173 4588 1332 4655 Deus,
1385 4589 1525 4645 Deus
1583 4601 1724 4656 tuus,
1772 4591 1880 4646 cla-

1991 4600 2336 4668 omninmque
2373 4594 2632 4650 faetorem
2666 4611 2678 4646 :
2712 4592 2855 4663 quod
2899 4608 3022 4648 eum
3071 4607 3297 4663 negasse
3343 4595 3581 4652 maxime

297 4681 377 4729 ret
425 4673 494 4729 de
557 4676 763 4745 reliquo
827 4679 969 4747 quod
1022 4678 1136 4735 haec
1201 4680 1270 4735 de
1337 4680 1552 4738 Christo
1611 4683 1877 4738 dicantur.

294 4775 354 4829 in
408 4789 519 4845 quo
567 4777 886 4832 mirabiliter
948 4790 1002 4834 et
1051 4789 1271 4834 naturas
1339 4780 1539 4847 divisit,
1587 4789 1642 4836 et
1696 4796 1879 4852 perso-

297 4879 384 4919 nte
439 4867 699 4921 unitatem
771 4869 1156 4925 demonstravit
1206 4889 1220 4925 :
1280 4881 1333 4926 et
1386 4885 1604 4929 naturas
1664 4874 1878 4943 quidem

296 4953 476 5010 divisit
505 4953 554 5008 in
582 4969 670 5020 eo,
725 4957 868 5026 quod
912 4958 1245 5014 diversarum
1276 4960 1750 5031 intelligentiarum
1781 4964 1891 5016 des

296 5046 576 5101 clarativas
604 5061 759 5103 voces
780 5050 989 5117 emisit;
1021 5053 1244 5107 multum
1277 5053 1420 5108 enim
1449 5053 1627 5108 dill‘ert
1652 5057 1719 5108 ab
1749 5055 1884 5108 invi-

297 5152 439 5203 cem,
467 5137 624 5194 Sedes
647 5149 755 5205 tua,
785 5139 940 5207 Deus,
964 5142 1019 5193 in
1044 5142 1285 5195 saeculum
1303 5145 1500 5210 surculi,
1529 5151 1582 5197 et
1604 5141 1888 5211 Pmpterea

299 5231 446 5283 unxit
489 5239 537 5283 te
579 5229 744 5296 Deus,
788 5228 928 5283 Deus
979 5240 1115 5284 tuus.
1151 5231 1418 5287 Unitatem
1473 5247 1600 5287 vero
1650 5234 1888 5289 ostendit

300 5335 562 5391 personae,
590 5336 650 5377 ea
684 5337 802 5392 qua:
831 5320 1042 5378 diversa
1088 5331 1213 5376 sunt
1256 5323 1511 5392 colligens
1543 5323 1596 5377 in
1627 5325 1883 5379 unitatem

300 5431 563 5486 personae.
594 5434 616 5470 s
647 5416 746 5472 Hic
769 5425 945 5472 autem
971 5432 1076 5471 non
1095 5416 1204 5487 jam
1231 5430 1452 5472 necesse
1473 5425 1556 5472 est
1583 5417 1882 5484 immorari,

298 5516 352 5561 et
378 5508 661 5563 ostendere
691 5508 813 5579 quia
856 5508 1100 5562 similiter
1151 5507 1386 5562 omnium
1435 5509 1823 5563 calumniarum
1850 5522 1879 5562 a

297 5613 357 5654 se
386 5603 609 5656 removit
631 5602 901 5657 invidiam.
932 5601 1106 5657 Unum
1137 5611 1220 5656 est
1244 5600 1384 5672 quod
1409 5603 1588 5672 aliqua
1616 5615 1778 5672 egere
1801 5600 1881 5654 in-

374 5767 387 5794 ¹
411 5764 550 5837 Cod.
586 5765 808 5833 verum,
842 5769 1052 5837 passim.

363 5838 383 5866 ³
408 5832 551 5889 idem
575 5839 720 5903 cod.,
761 5832 870 5908 pji/s
903 5837 1198 5892 Ercles'unt.

1988 4694 2366 4750 criminantur.
2398 4693 2529 4744 Nam
2554 4691 2835 4758 disputans
2861 4688 2927 4743 de
2954 4701 3021 4742 eo
3047 4687 3191 4757 quod
3216 4688 3473 4759 scriptum
3495 4699 3581 4744 est

1990 4787 2042 4840 in
2087 4784 2378 4855 Evangelio
2421 4785 2714 4837 secundum
2768 4780 3113 4834 Matthmum:
3153 4779 3374 4835 Veniens
3409 4793 3581 4837 autem

1988 4877 2019 4930 .I
2027 4893 2140 4930 esus
2168 4876 2222 4930 in
2245 4883 2410 4945 partes
2439 4874 2683 4927 Ctesarete
2706 4871 2957 4941 Philippi,
2983 4881 3029 4924 et
3057 4871 3400 4942 interrogabat
3426 4873 3580 4926 disci-

1992 4970 2138 5038 pulos
2163 4983 2282 5020 suos
2306 4967 2476 5020 dicens
2501 4979 2518 5016 :
2550 4967 2706 5028 Quem
2732 4979 2812 5016 me
2836 4963 3009 5016 dicunt
3035 4962 3262 5015 homines
3284 4979 3386 5016 esse
3409 4963 3579 5030 ﬁlium

1991 5057 2209 5110 hominis
2238 5053 2449 5126 (Matth.
2476 5069 2582 5122 xw,
2617 5053 2748 5125 15)?
2779 5054 2850 5108 ila
2878 5055 3087 5109 locutus
3108 5063 3190 5107 est
3215 5069 3226 5104 :
3264 5071 3282 5104 ι
3323 5054 3580 5110 Dominus

1991 5151 2131 5202 enim
2161 5146 2403 5199 Christus
2425 5155 2538 5198 erat
2561 5144 2773 5213 quidem
2810 5154 2866 5197 et
2898 5146 3037 5198 Deus
3059 5157 3110 5198 et
3141 5148 3326 5208 homo,
3369 5153 3573 5199 utrum-

1991 5255 2094 5309 que
2120 5238 2412 5292 secundum
2454 5244 2695 5290 naturam
2743 5234 2991 5288 similiter
3018 5251 3032 5286 :
3063 5249 3128 5289 ex
3160 5237 3330 5288 altero
3359 5235 3576 5303 quidem

1989 5346 2272 5398 apparens,
2308 5343 2372 5383 ex
2396 5327 2566 5380 altero
2596 5340 2740 5387 vero,
2778 5335 2833 5377 ut
2857 5332 2976 5392 pote
3012 5325 3302 5377 secundum
3334 5336 3576 5380 naturam

1989 5421 2244 5489 divinam,
2276 5421 2556 5475 invisibilis
2587 5429 2827 5473 exstans.
2864 5416 2991 5469 Erat
3039 5428 3213 5468 autem
3247 5431 3408 5470 unum
3455 5417 3574 5484 qui-

1989 5515 2111 5569 dem
2141 5513 2390 5567 omnibus
2432 5509 2796 5571 manifestum,
2828 5513 2884 5560 ut
2913 5513 3032 5576 pote
3073 5505 3213 5574 quod
3243 5507 3534 5577 apparebat
3559 5524 3573 5560 :

1991 5606 2256 5659 hominem
2281 5604 2423 5659 enim
2457 5616 2578 5656 eum
2599 5613 2788 5654 omnes
2808 5607 2932 5652 tunc
2957 5601 3215 5667 temporLs
3241 5598 3577 5656 aestimabant

2059 5767 2077 5798 ³
2111 5765 2252 5820 idem
2283 5759 2436 5829 cod.,
2471 5757 2606 5812 Hinc
2633 5769 2775 5822 ergo.
