4104 6360
574 342 679 411 “333

1656 333 1953 391 FACi‘Nl)!
2001 326 2212 384 EI‘IStZ.

2264 329 2772 389 liEltiiitNENSiS
3784 324 3867 399 iii

576 480 713 535 esse,
747 456 1047 534 et'amplius
1079 461 1230 516 nihil.
1264 458 1413 527 Quod
1441 458 1581 513 enim
1606 458 1657 511 in
1686 458 1776 512 illo
1809 457 2030 518 latebat,
2057 468 2176 507 om—
2205 500 2206 506 η

2293 471 2305 503 ι
2346 454 2623 509 Proximus
2659 457 2824 511 etiam
2874 455 3111 526 passi0ai
3169 457 3231 509 ad
3282 455 3601 525 discipulos
3648 458 3867 522 Dominus

577 563 738 619 nibus
768 568 882 614 erat
914 553 1231 611 incredibile
1250 552 1427 621 priore
1457 562 1725 617 tempore;
1756 548 1848 602 sed
1877 563 1940 602 ex
1974 544 2178 615 magni-

579 655 760 709 tudine
790 662 974 703 eorum
1003 655 1128 716 qua:
1149 644 1294 697 circa
1325 641 1468 695 ilium
1504 641 1818 711 agebantur,
1849 647 1904 692 et
1948 636 2185 689 novitate

579 741 993 804 miraculorum,
1042 749 1378 807 quatcunqne
1433 733 1496 785 ad
1539 732 1839 785 doctrinam
1888 726 2182 781 videntium

580 834 871 900 efﬁciebat,
910 841 963 886 et
987 846 1052 884 ex
1085 829 1252 900 gratia
1286 826 1457 882 sancti
1485 826 1713 893 Spiritus
1737 824 1822 893 qui
1857 835 2020 890 super
2054 834 2182 887 apo-

580 926 747 981 stolo;
774 925 952 988 venit,
985 923 1298 977 intellectus
1325 929 1407 974 est
1438 927 1622 989 pvstea
1661 926 1717 969 et
1751 912 1988 969 creditus
2030 923 2191 964 verus

583 1020 751 1080 Ileus,
779 1014 1142 1072 essentialiter
1173 1022 1392 1068 exstans
1442 1011 1605 1064 Filius
1647 1022 1805 1063 verus
1840 1005 1933 1059 Dei
1976 1002 2185 1057 a-terni.

585 1110 853 1178 Quoniam
905 1122 1031 1162 vero
1080 1107 1130 1159 in
1177 1106 1360 1175 priore
1403 1110 1643 1169 tempore
1695 1097 2042 1170 ignorabatur
2089 1096 2193 1149 bo'c

591 1201 892 1255 secundum
924 1197 1213 1251 essentiam
1241 1202 1475 1259 exstare,
1502 1208 1567 1246 ex
1614 1207 1677 1245 eo
1708 1198 1885 1244 autem
1923 1188 2063 1258 quod
2102 1203 2193 1255 ap-

589 1293 817 1362 parebat
844 1290 1150 1343 videntibus
1180 1288 1340 1341 homo
1371 1299 1532 1354 purus
1562 1282 1865 1353 putabatur,
1899 1280 2192 1336 secundum

595 1387 865 1440 hominem
898 1384 1172 1452 pleraque,
1202 1391 1255 1435 et
1283 1378 1578 1434 secundum
1602 1392 1717 1431 eam
1748 1389 1863 1445 qum
1897 1370 2197 1443 apparebat

595 1488 847 1532 naturam
880 1475 1220 1541 loquebatur.
1258 1472 1323 1525 Et
1353 1470 1467 1524 bare
1498 1486 1562 1523 ex
1593 1468 1675 1521 his
1708 1482 1826 1535 qua:
1861 1466 1912 1518 in
1956 1466 2197 1533 Evan‘ge«

603 1560 675 1623 lio
711 1570 911 1636 scripta
943 1576 1068 1621 sunt
1096 1564 1271 1634 quivis
1304 1561 1541 1616 inveniet
1565 1558 1998 1613 animadverteris
2024 1564 2198 1609 atten-

601 1664 730 1717 tius.
770 1681 787 1713 ι
826 1661 1060 1715 Putasne
1086 1658 1221 1729 jam,
1246 1654 1668 1711 clementissime
1703 1653 2015 1721 imperator,
2069 1649 2199 1705 sub-

600 1765 810 1824 reptum
840 1754 939 1809 sibi
961 1756 976 1785 ί
1001 1760 1352 1823 cognoscunt,
1386 1750 1474 1819 qui
1500 1748 1701 1803 dolosis
1734 1745 2197 1817 impugnatoribus

597 1844 1055 1903 Clialct-donensis
1108 1844 1300 1916 synodi
1369 1841 1748 1905 crediderunt,
1801 1848 1858 1893 ut
1928 1838 1993 1893 ad
2078 1837 2196 1906 ejus

604 1941 1025 1996 destructionem
1058 1939 1431 2004 Theodorum,
1468 1937 1619 1993 velut
1653 1935 1959 1990 Nestoriani
2002 1933 2207 1989 erraris

602 2040 900 2095 auctorem,
947 2037 1202 2097 putarent
1258 2044 1380 2084 esse
1428 2025 1825 2081 damnandum?
1873 2025 2010 2093 Quid
2061 2025 2204 2079 enim

608 2122 989 2187 examinatius,
1024 2122 1108 2177 vel
1156 2120 1285 2190 quid
1330 2120 1582 2175 subtilius
1625 2128 1811 2173 contra
1857 2117 2206 2172 Nestorianos

614 2214 839 2269 inveniri
868 2230 896 2268 a
925 2213 1201 2267 catholicis
1230 2216 1427 2283 potest,
1462 2220 1617 2280 quam
1650 2219 1707 2264 ut
1733 2210 1938 2264 dicatur
1960 2208 2204 2262 Christus

616 2313 757 2381 quod
790 2312 927 2366 Dens
958 2319 1071 2364 erat
1102 2318 1156 2363 et
1187 2308 1369 2374 homo,
1404 2316 1456 2362 et
1478 2316 1765 2376 utrmnque
1795 2303 2086 2359 secundum
2114 2318 2205 2357 na-

611 2413 787 2462 turam
831 2403 1113 2458 similiter?
1149 2402 1263 2456 Non
1291 2402 1442 2471 quasi
1474 2399 1635 2454 homo
1666 2401 1865 2453 tantum
1911 2397 2202 2452 secundum

610 2511 878 2561 mnu-am,
912 2497 1051 2550 Deus
1074 2509 1205 2549 vero
1235 2493 1327 2547 Dei
1353 2492 1566 2555 similis,
1598 2491 1649 2546 id
1674 2499 1757 2546 est
1782 2490 2073 2545 secumlum
2113 2494 2202 2543 re-

609 2587 865 2644 lationem
912 2587 1208 2657 dignitatis,
1258 2585 1340 2639 vel
1388 2585 1762 2639 auctoritatem
1803 2598 2068 2653 persona),
2117 2583 2203 2638 vel

618 2682 802 2751 gratim.
850 2678 1335 2748 nuncupationem,
1395 2675 1536 2746 quod
1584 2677 1755 2730 solum
1810 2674 1989 2729 dicere
2042 2673 2201 2729 iidem

610 2761 914 2829 Nestoriani
945 2771 1150 2836 solent;
1181 2768 1275 2824 sed
1302 2776 1588 2835 utrumque
1613 2765 1906 2821 secundum
1957 2776 2203 2819 naturam

613 2875 670 2920 et
697 2865 947 2919 similiter
978 2872 1063 2918 est
1091 2877 1227 2917 unus
1249 2860 1495 2915 Christus
1536 2861 1586 2913 in
1639 2868 1904 2928 utroque:
1940 2875 2005 2914 ex
2036 2858 2205 2913 altero

614 2964 901 3026 apparens,
928 2970 993 3010 ex
1023 2954 1195 3009 altero
1222 2967 1376 3017 vero,
1410 2960 1468 3006 ut
1496 2962 1619 3022 pote
1642 2951 1936 3005 secundum
1962 2951 2201 3005 divinam

613 3056 894 3113 naturam,
948 3046 1234 3102 invisibilis
1284 3054 1527 3101 exstans.
1584 3045 1846 3098 Eumdem
1894 3059 2061 3114 ergo,
2116 3038 2203 3113 qui

613 3146 901 3210 ‘utruquJe
969 3148 1089 3205 est,
1138 3148 1189 3193 et
1243 3136 1509 3193 visibilem
1566 3146 1621 3192 et
1660 3136 1981 3191 invisibilem
2026 3135 2204 3191 Theo—

614 3232 776 3288 dorus
808 3231 1111 3296 conﬁtetur,
1137 3232 1238 3285 hoc
1260 3245 1472 3301 quoque
1496 3229 1757 3299 adjiciens
1784 3247 1795 3281 :
1832 3247 1849 3280 ι
1882 3229 2005 3283 Erat
2026 3240 2201 3283 autem

614 3339 778 3381 unum
810 3327 1058 3381 omnibus
1087 3326 1450 3391 manifestum,
1477 3335 1533 3380 ut
1558 3334 1679 3393 pote
1702 3325 1841 3393 quod
1873 3324 2165 3392 apparebat
2193 3342 2206 3377 :

624 3418 898 3473 hominem
940 3425 1081 3472 enim
1115 3433 1238 3471 eum
1274 3432 1462 3471 omnes
1505 3423 1631 3471 tunc
1671 3416 1931 3485 temporis
1980 3416 2212 3469 testimo-

618 3508 751 3567 bant
778 3525 919 3575 esse,
945 3519 997 3565 et
1023 3510 1252 3580 amplius
1276 3510 1430 3563 nihil.
1462 3508 1613 3575 Quod
1638 3510 1778 3562 enim
1800 3507 1851 3562 in
1877 3508 1967 3563 illo
1992 3508 2208 3572 latebat,

620 3590 868 3657 Omnibus
890 3612 1005 3657 erat
1031 3601 1345 3657 incredibile
1375 3602 1553 3670 priore
1585 3612 1845 3671 tempore.
1882 3621 1899 3653 ι
1932 3601 2213 3667 Quomodo

621 3693 800 3766 itaque
830 3695 1029 3749 dicitur
1055 3696 1157 3750 iste
1186 3695 1327 3766 quod
1356 3695 1628 3751 hominem
1657 3694 2027 3749 tantummodo
2058 3705 2213 3764 puta-

620 3789 760 3845 verit
788 3789 1081 3851 Cbristum,
1114 3798 1168 3843 et
1202 3788 1431 3859 amplius
1462 3787 1614 3851 nihil,
1647 3803 1768 3843 cum
1795 3787 1909 3856 ipse
1938 3786 2039 3842 hoc
2064 3789 2215 3855 igno-

622 3880 811 3935 rantia:
851 3879 1091 3950 deputet,
1136 3879 1279 3949 quod
1329 3878 1430 3933 boc
1468 3876 1612 3933 illius
1660 3879 1917 3946 temporis
1969 3878 2215 3932 homines

621 3970 977 4034 aestimarent,
1011 3978 1065 4025 et
1096 3969 1174 4024 eis
1211 3978 1357 4024 esset
1393 3969 1705 4027 incredibile
1731 3970 1873 4040 quod
1908 3972 1958 4025 in
1993 3985 2058 4027 eo
2085 3970 2217 4025 late-

624 4051 750 4116 bat?
780 4061 869 4128 qui
899 4060 1059 4115 etiam
1094 4074 1159 4114 ex
1192 4060 1558 4128 magnitudine
1602 4062 2008 4126 miraculorum,
2047 4071 2100 4116 et
2149 4062 2214 4116 ex

626 4154 796 4222 gratia
829 4154 1000 4207 sancti
1034 4152 1267 4223 Spiritus
1308 4153 1471 4223 super
1505 4157 1775 4222 apostolos
1815 4156 2213 4223 descendentis,

624 4238 953 4302 inteileetum
981 4262 1099 4300 eum
1126 4261 1244 4301 esse
1265 4255 1446 4316 postea
1480 4256 1534 4301 et
1556 4248 1814 4303 crestum
1838 4265 2021 4303 verum
2048 4249 2214 4304 Deum

624 4337 1331 4392 essentialiter‘exstantem
1378 4338 1571 4391 Filium
1641 4355 1822 4393 verum
1882 4340 1973 4395 Dei
2024 4340 2219 4396 arterni

625 4431 843 4484 fatetur.
872 4429 1007 4496 Quid
1036 4446 1161 4498 ergo
1187 4431 1447 4485 dicimus?
1477 4432 1710 4500 nunquid
1756 4430 1967 4486 videtur
2013 4433 2216 4488 intelli-

628 4521 878 4589 gentibus
937 4521 1214 4586 credibile,
1270 4526 1327 4575 ut
1374 4512 1515 4591 quod
1562 4524 1892 4578 intellectum
1938 4534 2119 4593 postea
2166 4535 2221 4580 et

629 4612 891 4666 creditum
922 4627 1041 4667 esse
1072 4614 1273 4677 docuit,
1306 4615 1419 4683 ipse
1456 4630 1556 4687 nec
1583 4615 1927 4683 intellexerit,
1956 4633 2055 4671 nec
2099 4633 2216 4672 cre-

630 4703 862 4758 diderit?
888 4704 953 4757 Et
982 4702 1213 4772 amplius
1248 4706 1346 4760 hoc
1375 4708 1547 4775 ipsum
1585 4708 1734 4775 quasi
1784 4717 1969 4761 contra
2011 4709 2216 4763 calum-

632 4797 872 4851 niatores
903 4811 1039 4865 quos
1067 4798 1286 4869 patitur,
1322 4810 1570 4867 repetens
1592 4811 1648 4855 et
1670 4802 1941 4855 inrulcans
1968 4822 1977 4855 :
2018 4822 2037 4855 ι
2076 4804 2219 4871 Quo-

632 4890 772 4945 niam
797 4905 942 4954 vero,
975 4892 1169 4961 inquit,
1203 4892 1254 4945 in
1286 4891 1465 4961 priore
1489 4903 1730 4962 tempore
1752 4894 2097 4965 ignorabatur
2119 4897 2219 4951 hoc

632 4985 925 5038 secundum
958 4987 1247 5039 essentiam
1279 4994 1527 5052 exstare;
1555 4992 1623 5043 ex
1665 5003 1730 5044 eo
1758 4997 1934 5072 autem
1962 4988 2101 5060 quod
2127 5006 2221 5061 ap-

635 5075 856 5143 parebat
888 5074 1214 5140 videntibus,
1269 5077 1427 5131 liomo
1471 5084 1633 5148 purus
1677 5076 1996 5150 putabatur:
2028 5096 2220 5138 secun-

633 5161 759 5220 dum
793 5166 1064 5221 hominem
1108 5166 1383 5237 pleraque,
1416 5178 1467 5223 et
1505 5169 1796 5225 secundum
1837 5184 1956 5226 eam
1996 5188 2099 5243 qua
2130 5189 2223 5242 ap-

634 5259 857 5326 parebat
908 5272 1151 5313 naturam
1205 5262 1558 5331 loquebatur?
1612 5274 1630 5314 ι
1691 5264 2009 5334 ignorantia:
2059 5266 2225 5320 fuisse

638 5351 833 5405 iterum
866 5353 1074 5420 dicens,
1106 5355 1246 5422 quod
1276 5371 1379 5410 non
1425 5355 1819 5427 intelligebatur
1849 5358 2094 5413 Christus
2141 5373 2225 5414 se-

636 5445 869 5497 cundum
921 5448 1205 5501 essentiam
1254 5448 1434 5514 Deus,
1492 5452 1585 5507 sed
1645 5453 1807 5507 homo
1853 5453 2225 5508 tantummodo

640 5550 822 5602 purus,
850 5539 937 5604 qui
963 5555 1065 5592 non
1095 5546 1253 5595 etiam
1286 5553 1428 5598 esset
1459 5545 1618 5609 Deus,
1652 5556 1703 5599 et
1738 5543 1839 5598 hoc
1870 5543 1982 5611 ipse
2007 5542 2221 5613 ﬁngitur

640 5622 945 5694 ignorasse?
1003 5630 1100 5695 Qui
1163 5644 1279 5700 post
1336 5637 1601 5702 aliquanta
1659 5638 1734 5690 sic
1799 5637 1988 5690 iterum
2051 5635 2216 5692 dicit:

714 5760 730 5840 ξ
760 5757 894 5840 Cod.
929 5760 1151 5840 Verum,
1183 5764 1274 5816 sibi
1300 5767 1454 5840 [uisse
1484 5783 1815 5840 cognoscunt.

708 5825 730 5859 ⁸
762 5828 902 5886 idem
933 5834 1079 5898 C0«l.,
1115 5849 1257 5887 suum
1288 5825 1332 5887 Ῐ)
1367 5855 1471 5891 um.

2290 547 2461 602 dixit:
2497 548 2556 601 Si
2584 564 2664 601 me
2693 547 2911 612 sciretis,
2947 548 3120 618 utique
3146 560 3189 601 et
3224 547 3447 601 Patrem
3494 566 3659 602 meum
3704 554 3869 611 sciretis

2294 638 2472 710 (Jonn.
2507 656 2619 703 vttt,
2652 639 2734 709 l9)
2758 657 2770 705 ;
2794 650 2847 693 et
2874 639 2939 694 ad
2967 640 3265 707 Philippum
3294 661 3303 692 :
3347 640 3523 694 Tanto
3555 652 3762 714 tempore
3797 664 3866 702 ro-

2293 732 2484 784 biscnm
2513 748 2648 794 sum,
2678 740 2725 785 et
2749 747 2850 786 non
2881 732 3188 801 cegnorists
3213 736 3294 786 me
3314 736 3339 786 ?
3376 733 3646 801 Philippe,
3667 740 3743 804 qui
3761 741 3867 793 ridet

2293 840 2392 885 mc,
2424 824 2555 877 ridet
2580 836 2626 879 et
2654 820 2860 877 Patrem
2903 841 3069 877 meum
3095 821 3274 895 (Joan.
3326 841 3445 890 xw,
3490 826 3567 897 ti).
3612 828 3862 888 Ostendet);

2295 917 2542 986 quoniam
2578 932 2749 985 neque
2776 915 3011 970 divinam
3041 929 3285 972 naturam
3322 920 3581 973 sciebant
3612 920 3861 992 Unigeniti,

2297 1024 2469 1077 neque
2499 1010 2666 1062 Deum
2720 1009 2963 1063 sciebant
3005 1026 3186 1064 verum
3230 998 3488 1066 Patrem.
3545 1011 3689 1068 Unde
3733 1031 3863 1085 neque

2297 1100 2566 1154 dicentem
2600 1100 2665 1155 de
2700 1101 2918 1170 preprio
2958 1102 3117 1157 Patre
3147 1104 3314 1156 velu'i
3369 1092 3443 1157 dc
3484 1103 3598 1158 Deo
3646 1094 3863 1161 dicentem

2300 1195 2642 1263 aliquatenus
2667 1194 3043 1262 advertebant,
3079 1196 3172 1249 sed
3202 1195 3385 1248 divi~a
3420 1195 3763 1265 intelligentia
3800 1215 3865 1253 ea.

2298 1283 2419 1340 dem
2467 1288 2579 1356 ipsa
2614 1286 2867 1355 putabant
2913 1288 3072 1341 etiam
3109 1288 3219 1341 illa.
3254 1286 3405 1340 llinc
3448 1287 3615 1341 etiam
3654 1289 3863 1343 adductus

2299 1384 2384 1434 est
2413 1377 2691 1449 Philippus
2711 1376 2777 1434 ad
2804 1380 3087 1435 dicendum
3114 1398 3127 1432 1
3161 1381 3400 1433 Ostende
3434 1380 3582 1433 nobis
3615 1380 3806 1443 l’atrem,
3831 1394 3864 1437 et

2300 1475 2478 1543 sufﬁcit
2510 1474 2652 1527 nobis
2680 1464 2870 1542 (Ibid,
2904 1470 2979 1543 8).
3025 1473 3078 1530 Si
3122 1474 3264 1528 enim
3308 1476 3486 1526 sciret
3538 1474 3731 1542 integre
3773 1477 3860 1543 quia

2304 1562 2514 1623 Patrem
2545 1570 2743 1622 suum’
2765 1567 2978 1621 dicebat
3000 1578 3121 1621 eum
3152 1568 3240 1636 qui
3273 1584 3475 1620 revera
3510 1550 3627 1635 ejus
3656 1575 3775 1619 esset
3795 1548 3859 1618 l’a-

2304 1666 2406 1724 ter,
2442 1673 2505 1711 ex
2538 1672 2644 1725 quo
2675 1667 2789 1711 erat
2818 1672 2943 1711 vere
2985 1658 3122 1711 sicut
3170 1656 3314 1713 Deus
3346 1673 3418 1711 ex
3459 1655 3594 1717 Deo,
3645 1672 3858 1724 nunquam

2302 1750 2561 1806 dixisset:
2587 1750 2821 1805 Ostende
2845 1749 2998 1804 nobis
3012 1740 3225 1805 Patrem
3243 1760 3341 1803 tun
3351 1767 3402 1803 ιιι
3416 1792 3429 1812 ,
3450 1753 3589 1807 bene
3604 1750 3757 1805 sciens
3774 1750 3856 1817 quia

2226 1846 2273 1907 Β
2302 1843 2589 1898 invisibilis
2611 1851 2694 1896 est
2720 1842 3028 1897 hominibus
3054 1843 3234 1896 divina
3261 1854 3487 1897 natura.
3514 1842 3855 1912 Consequentcr

2310 1938 2489 2005 itaque
2515 1946 2568 1989 et
2599 1930 2855 1988 Dominus
2882 1935 3019 1989 dixit
3045 1932 3111 1988 ad
3143 1936 3293 1988 illum
3323 1952 3338 1987 :
3378 1935 3553 1988 Tanto
3588 1946 3855 2002 temperem

2314 2027 2504 2082 (iiscum
2532 2044 2663 2089 sum,
2701 2017 2941 2095 Philippe
2960 2014 2999 2090 3,
3045 2040 3087 2080 et
3139 2030 3242 2080 non
3288 2028 3605 2096 cognovisti:
3643 2044 3728 2092 me,
3770 2026 3851 2079 Phi-

2309 2120 2481 2191 lippe?
2509 2120 2661 2175 Velle
2687 2121 2830 2174 enini
2875 2119 3087 2173 Patrem
3128 2120 3338 2183 videre,
3379 2104 3637 2171 indicium
3674 2128 3771 2171 erat
3808 2134 3850 2170 co

2309 2214 2453 2283 quod
2480 2227 2652 2281 neque
2680 2213 2851 2281 ipsum
2885 2214 3047 2267 sciret
3076 2212 3196 2282 quis
3220 2224 3374 2267 esset
3420 2211 3706 2265 secundum
3747 2221 3850 2263 natu-

2311 2318 2448 2369 ram,
2483 2314 2656 2372 neque
2686 2317 2843 2372 quem
2874 2302 3076 2357 diceret
3114 2305 3335 2357 Patrem
3367 2316 3515 2365 CSSC,
3546 2300 3698 2354 l-‘ilius
3729 2314 3778 2353 ex
3811 2314 3851 2351 c0

2308 2406 2549 2453 exstans.
2581 2397 2646 2451 Et
2690 2397 2939 2464 aperiens
2985 2396 3085 2450 hoc
3136 2398 3311 2465 ipsum
3374 2396 3613 2449 addidit:
3644 2394 3731 2461 Qui
3760 2394 3848 2445 ridet

2308 2506 2409 2558 me,
2441 2490 2575 2543 videt
2606 2499 2654 2543 et
2684 2487 2917 2542 Patrem.
2950 2488 3004 2542 Si
3027 2490 3167 2542 enim
3193 2504 3403 2557 cogitat
3420 2488 3554 2553 eris,
3581 2487 3745 2555 inquit,
3771 2485 3851 2551 quis

2308 2583 2433 2651 sim,
2474 2596 2771 2653 cognosces
2800 2592 2855 2637 et
2886 2581 3064 2643 illum,
3113 2583 3419 2637 secundum
3466 2578 3605 2649 quod
3659 2576 3848 2647 passibiie

2308 2686 2410 2740 est,
2445 2689 2538 2743 per
2561 2690 2646 2729 me
2675 2675 3045 2742 contemplans
3087 2672 3262 2727 Patris
3300 2683 3577 2731 naturam,
3613 2668 3745 2737 cujus
3770 2680 3848 2717 Sillll

2310 2759 2478 2821 Filius
2505 2781 2575 2820 ex
2610 2766 2727 2835 ipso
2758 2774 2975 2820 exstans
3006 2763 3300 2818 secundum
3337 2761 3654 2824 essentiam,
3680 2769 3723 2812 ct
3746 2758 3847 2823 ejus-

2308 2861 2431 2916 dem
2460 2868 2583 2915 cbm
2614 2854 2705 2915 illo
2732 2869 2950 2915 exstans
2973 2860 3244 2913 essentne.
3272 2857 3547 2925 Quoniam
3570 2866 3689 2908 vero
3726 2850 3849 2904 nescis

2312 2961 2422 3023 me,
2477 2969 2653 3024 neque
2698 2948 2910 3008 Patrem
2956 2968 3134 3007 meum
3178 2952 3284 3005 scis
3333 2965 3498 3021 quem
3529 2948 3667 3011 dico;
3706 2956 3848 3012 regna;

2310 3062 2471 3103 scens
2507 3056 2685 3101 autem
2717 3061 2823 3113 me,
2858 3058 3155 3115 cognosces
3196 3054 3250 3100 et
3299 3046 3520 3098 Patrem
3570 3055 3711 3110 quem
3749 3034 3847 3089 dixi:

2313 3158 2402 3198 me
2430 3139 2629 3211 videns
2662 3140 3119 3209 contemplatione
3152 3138 3545 3207 intelligetitiw,
3579 3150 3666 3204 per
3694 3148 3760 3185 me
3796 3131 3845 3179 v5-

2235 3243 2280 3306 ρ
2314 3234 2467 3290 dehis
2523 3234 2744 3288 omnino
2800 3231 2964 3287 etiam
3012 3232 3182 3285 illum.
3234 3230 3463 3285 Addidit
3511 3222 3845 3288 cliam:t."squt

2317 3343 2453 3381 nunc
2478 3328 2607 3381 nihil
2636 3326 2827 3396 petistis
2870 3326 2919 3378 in
2967 3326 3172 3379 nomine
3207 3341 3318 3378 meo
3352 3323 3534 3395 (Joan.
3568 3336 3667 3383 tm,
3694 3318 3779 3384 ‘2-l).
3804 3314 3843 3367 Et
3876 3344 3891 3357 ι

2317 3422 2565 3490 aperiens
2596 3420 2846 3491 quoniam
2883 3416 3110 3473 necdmn
3142 3418 3384 3472 divinam
3420 3428 3653 3471 naturam
3678 3410 3843 3480 eiusin-

2319 3514 2645 3583 telligentes,
2692 3527 2863 3581 neque
2918 3511 3193 3566 orationes
3233 3513 3280 3565 ei
3334 3509 3629 3565 offerebant
3664 3514 3713 3558 ut
3754 3503 3842 3561 Deo,

2320 3620 2493 3675 neque
2533 3605 2817 3673 petitiones
2859 3604 3065 3687 aliquas
3117 3605 3166 3657 in
3210 3604 3331 3671 ejus
3370 3601 3584 3681 nomine
3621 3594 3842 3650 faciebant.

2318 3696 2455 3751 sicut
2502 3695 2783 3764 oportebat
2827 3678 3004 3750 facere
3047 3696 3099 3748 in
3138 3695 3359 3750 nomine
3413 3678 3505 3748 Dei
3550 3683 3775 3745 exs'autis
3810 3687 3845 3732 ct

2323 3787 2440 3841 Filii
2474 3787 2565 3841 Dei
2601 3786 2835 3840 omnium
2862 3802 2874 3838 :
2907 3795 2957 3840 et
2981 3786 3097 3856 quia
3133 3797 3356 3854 propter
3379 3786 3514 3837 hanc
3543 3793 3709 3837 eorum
3740 3777 3846 3826 inlir-

2322 3870 2561 3935 mitatem
2609 3880 2661 3934 ib
2706 3878 3149 3935 similitudinilms
3186 3880 3253 3935 de
3294 3871 3453 3934 Patre
3482 3875 3777 3946 loquebatur,
3801 3879 3846 3919 eo

2321 3973 2459 4040 quod
2487 3984 2659 4043 neque
2693 3962 2765 4026 illi
2800 3982 3086 4039 potuerunt
3120 3973 3325 4043 integre
3362 3973 3501 4026 scire
3529 3984 3586 4022 ra
3615 3979 3717 4033 tunc
3739 3960 3842 4014 dice-

2321 4076 2531 4129 rentur,
2578 4064 2659 4119 vel
2704 4064 2771 4119 de
2810 4073 2915 4135 quo
2945 4066 3149 4118 diceret
3195 4076 3368 4131 patre,
3420 4063 3501 4117 vel
3544 4058 3745 4129 qualiter
3777 4066 3844 4103 ex-

2322 4166 2521 4223 stante,
2552 4157 2727 4211 adhue
2768 4156 3007 4226 apertius
3056 4155 3344 4209 indicatur.
3401 4154 3537 4208 Divit
3565 4150 3724 4205 enim:
3756 4140 3846 4195 tlirc

2320 4254 2372 4307 in
2406 4251 2663 4321 parabolis
2690 4251 2887 4304 locutus
2909 4265 3021 4303 sum
3052 4250 3189 4303 vobis
3216 4265 3233 4303 :
3263 4249 3398 4303 vmit
3429 4248 3552 4300 Iwra
3580 4236 3759 4311 quando
3778 4246 3845 4283 non

2314 4349 2427 4416 jam
2451 4345 2502 4397 in
2533 4342 2791 4411 p..rabolis
2824 4343 3000 4410 loquar
3024 4342 3179 4403 vobis,
3215 4343 3305 4395 sed
3350 4338 3613 4403 manifeste
3644 4332 3699 4384 dc
3734 4326 3843 4377 Pal"?

2322 4438 2635 4492 annuntiabo
2658 4436 2793 4489 vobis
2824 4435 3009 4502 (lbitl.,
3039 4434 3153 4504 25).
3185 4434 3321 4500 Quid
3346 4447 3521 4489 autem
3543 4436 3645 4484 erat
3670 4418 3782 4492 quod
3800 4416 3845 4465 de

2326 4530 2482 4584 Patre
2513 4544 2619 4583 non
2653 4528 2936 4582 manifeste
2964 4528 3198 4589 dixerat,
3252 4529 3354 4581 nisi
3388 4527 3508 4595 quia
3548 4532 3709 4575 revera
3745 4507 3842 4564 divi-

2244 4632 2294 4691 D
2321 4640 2442 4681 nam
2488 4630 2735 4676 naturam
2776 4608 3045 4689 Unigeniti
3094 4619 3429 4682 nesciebant,
3463 4632 3524 4671 ex
3554 4628 3648 4681 quo
3676 4607 3841 4675 possent

2326 4719 2533 4773 discere
2565 4717 2729 4769 Deum
2759 4713 2998 4777 Patrem,
3030 4712 3116 4780 qui
3145 4726 3210 4766 ex
3242 4721 3394 4765 certo
3420 4710 3530 4777 ejus
3558 4711 3681 4759 esset
3711 4696 3839 4750 Pater.

2328 4819 2386 4866 ut
2412 4811 2550 4864 Deus
2577 4808 2763 4861 Deiex
2810 4820 2876 4859 eo
2920 4806 3027 4858 nati
3068 4806 3366 4859 secundum
3400 4793 3698 4858 essentiam?
3722 4782 3840 4851 C|=i"5

2328 4902 2405 4958 rei
2437 4900 2611 4971 gratia
2639 4914 2731 4967 per
2759 4896 3137 4950 similitudines
3166 4896 3245 4949 eis
3274 4896 3343 4949 de
3374 4895 3527 4948 Patre
3555 4880 3835 4973 loquebatur:

2329 5009 2471 5049 nunc
2516 4993 2732 5063 quidem
2769 4990 2988 5045 nomine
3034 4997 3241 5041 tantum
3278 4987 3415 5057 apid
3459 4997 3549 5039 eos
3582 4986 3734 5032 utens.
3757 4974 3837 5030 81⁵³⁵

2326 5096 2505 5141 autem
2536 5099 2720 5138 veram
2764 5082 3168 5151 intelligentiam
3214 5082 3263 5134 in
3297 5089 3560 5150 posterum
3593 5068 3683 5125 il.is
3710 5070 3833 5115 rescr-

2328 5186 2459 5232 vans
2488 5174 2720 5237 edicere,
2753 5173 2966 5243 quando
2994 5187 3087 5227 eos
3130 5172 3300 5242 gratia
3333 5159 3552 5240 Spiritus
3589 5154 3729 5216 sancti
3752 5158 3833 5243 qua!

2329 5285 2490 5339 super
2531 5284 2625 5325 eos
2667 5257 2834 5335 venit,
2871 5256 3158 5322 instituens
3192 5263 3556 5336 perceptibiles
3603 5240 3826 5342 [anteibit

2329 5337 2516 5418 ctrinae
2544 5360 2844 5431 perﬁceret.
2880 5360 3103 5427 Propter
3138 5358 3241 5413 hoc
3287 5359 3444 5413 etiam
3492 5352 3596 5420 ipse
3638 5337 3833 5432 Daunius

2332 5448 2386 5510 in
2415 5444 2605 5510 eodem
2637 5454 2755 5524 ipso
2784 5466 3035 5508 sermone
3068 5450 3341 5519 proximus
3373 5437 3611 5517 passioni,
3643 5441 3686 5484 ut
3726 5419 3828 5524 iniit:

2329 5547 2571 5602 mitatem
2603 5560 2789 5600 eorum
2813 5518 3141 5607 ostenderet,
3174 5540 3315 5595 unde
3356 5540 3561 5608 possent
3599 5518 3827 5608 doctrinfs‘l."

2331 5639 2706 5711 perfectiorcm
2750 5650 3050 5698 assumere,
3101 5634 3351 5688 dicebat:
3379 5626 3535 5682 Multa
3574 5612 3704 5669 habeo
3730 5597 3826 5654 tab:

2404 5775 2511 5828 ³1η
2540 5774 2727 5829 eodem
2770 5773 2889 5828 eod.
2935 5771 3083 5826 deest
3130 5768 3401 5840 Philippe;
3453 5759 3592 5816 deest
3628 5740 3754 5802 etiam
3788 5735 3827 5780 ω

2336 5856 2481 5904 textu
2513 5845 2734 5900 Joannis
2759 5859 2875 5904 Cap.
2914 5858 3020 5901 χιιι.
3054 5856 3197 5897 vers.
3231 5840 3285 5896 σε
