4104 6360
316 312 427 368 745

320 430 491 484 dicere
519 429 697 501 (Joan.
722 430 962 499 sv1,l2).
993 426 1161 499 Cujus
1186 442 1316 498 ergo
1336 428 1411 482 rei
1434 426 1603 496 gratia
1623 425 1781 480 modo
1807 440 1910 480 non
1940 426 1992 486 Α

314 522 487 578 dicis?
506 522 627 591 quia
656 536 763 576 non
791 522 1017 591 potestis
1042 520 1197 575 modo
1220 529 1436 589 portare
1462 535 1477 574 :
1512 533 1619 573 non
1648 518 1912 585 invidens,

317 614 413 669 sed
441 614 563 683 quia
593 628 701 668 non
732 614 979 669 sufﬁcitis
1011 613 1076 667 ad
1106 613 1366 683 majorem
1397 626 1575 666 rerum
1612 612 1914 681 perceptio-

318 722 466 772 nem,
502 706 768 762 inﬁrmius
795 708 970 763 adhuc
1001 706 1196 772 aﬂ‘ecti,
1223 720 1380 776 quam
1403 715 1461 761 ut
1480 705 1668 761 horum
1693 706 1912 776 dogma-

325 792 437 856 tutu
469 801 827 871 integritatem
860 802 1073 870 possitis
1104 800 1337 855 edoceri.
1384 800 1606 866 Quando
1648 815 1776 871 ergo
1823 814 1916 869 po-

322 902 521 957 terunt,
540 895 620 949 vel
647 895 823 951 unde?
849 895 1067 962 Quando
1093 896 1282 950 venerit
1304 895 1392 949 ille
1413 893 1639 964 Spiritus
1663 895 1911 963 veritatis,

321 985 522 1040 Inducet
550 1003 635 1040 vos
662 988 716 1040 in
757 1003 957 1041 omnem
984 986 1244 1041 veritatem
1286 986 1472 1057 (lbid.,
1509 986 1619 1056 l9).
1653 987 1916 1056 Superve-

324 1078 435 1132 niet
462 1078 605 1131 enim
642 1092 805 1147 super
843 1095 939 1135 vos
984 1079 1217 1148 Spiritus
1245 1081 1415 1134 sancti
1460 1079 1655 1149 gratia,
1704 1094 1770 1134 ex
1812 1094 1914 1149 qua

323 1176 575 1223 cunctam
617 1168 925 1238 dogmatum
967 1170 1315 1225 subtilitatem
1351 1169 1743 1239 cognoscitis“.
1779 1170 1914 1225 Pro-

328 1257 457 1313 inde
488 1259 532 1313 si
563 1258 899 1315 divinitatem
937 1260 1204 1331 Unigeniti
1241 1262 1585 1327 docerentur,
1614 1270 1666 1317 et
1701 1262 1911 1317 Patrem

323 1350 490 1407 Deum
522 1353 707 1423 utique
743 1354 1089 1422 docerentur,
1133 1366 1189 1411 ut
1232 1366 1355 1425 pote
1384 1357 1476 1412 Dei
1519 1357 1641 1411 Filii
1672 1357 1909 1425 Patrem,

324 1452 379 1497 et
408 1445 533 1513 quid
569 1444 863 1514 perfectius
894 1446 959 1501 ad
990 1447 1302 1517 dogmatum
1330 1449 1611 1503 scientiam
1631 1449 1713 1503 eis
1742 1463 1915 1503 rema-

326 1536 516 1591 neret?
551 1554 569 1587 ι
599 1536 704 1592 Sed
756 1538 836 1592 his
886 1541 1343 1605 commemoratis,
1402 1554 1511 1594 non
1565 1548 1769 1595 tantum
1819 1556 1915 1609 pro

325 1640 593 1699 susceptae
639 1644 816 1685 causa:
870 1631 1085 1699 merito,
1135 1646 1294 1702 quam
1340 1632 1498 1703 longe
1542 1632 1799 1688 distetnus
1848 1634 1914 1687 ab

326 1727 734 1781 accusatoribus
764 1727 1053 1796 Theodori,
1083 1728 1209 1799 quin
1243 1729 1420 1797 potius
1457 1728 1913 1785 Chalcedonensis

326 1820 567 1886 concilii,
603 1819 810 1875 debetis
840 1822 1160 1879 attendere:
1197 1837 1381 1876 verum
1415 1821 1576 1876 etiam
1604 1836 1761 1892 quam
1785 1822 1915 1875 sim-
1947 1815 1994 1875 B

334 1911 548 1981 pliciter
590 1905 701 1966 ‘nos
751 1927 813 1968 ac
877 1913 1113 1967 ﬁdeliter
1169 1928 1281 1968 rem
1333 1928 1602 1984 geramus.
1668 1913 1919 1969 llaeretici

334 2003 501 2067 enim,
527 2003 672 2058 velut
699 2003 844 2059 fures
875 2013 929 2059 et
955 2020 1138 2070 canes,
1164 2020 1268 2059 non
1294 2006 1527 2075 integras
1552 2006 1689 2060 sicut
1719 2006 1919 2060 haben-

331 2105 416 2149 tur
462 2095 629 2164 ipsius
676 2096 946 2151 Theodori
987 2098 1279 2151 sententias
1304 2105 1330 2133 ⁸
1362 2098 1571 2153 sincere
1600 2097 1920 2167 depromunt

330 2198 491 2259 atque
520 2190 869 2259 simpliciter;
899 2190 991 2245 sed
1023 2190 1469 2260 quemadmodum
1514 2190 1580 2245 de
1626 2192 1754 2260 ipsis
1784 2205 1918 2259 quo-

331 2297 437 2352 que
467 2282 758 2351 Scripturis
786 2283 1059 2338 canonicis
1090 2283 1266 2338 facere
1296 2284 1492 2349 solent,
1520 2298 1685 2353 pauca
1711 2298 1775 2337 ex
1806 2284 1922 2353 ejus

331 2380 488 2434 dictis
514 2380 741 2435 obscura
772 2380 935 2436 verba
968 2381 1295 2450 subripiunt,
1340 2390 1397 2436 et
1447 2382 1559 2436 hmc
1598 2384 1709 2451 ipsa
1758 2382 1924 2438 male-

331 2473 448 2529 dico
478 2474 637 2530 dente
664 2474 975 2529 concidunt.
1008 2474 1114 2529 Nos
1149 2487 1349 2540 autem,
1382 2474 1518 2529 sicut
1554 2476 1773 2541 videtis,
1806 2490 1923 2529 ma-

331 2566 410 2635 gis
432 2566 677 2634 eligimus
711 2564 983 2619 fastidium
1014 2566 1082 2620 de
1113 2566 1465 2633 longitudine,
1499 2582 1658 2635 quam
1694 2566 1762 2621 de
1803 2566 1924 2621 bre—

335 2656 496 2710 vitate
523 2664 681 2725 atque
720 2654 1052 2711 obscuritate
1098 2655 1459 2724 suspicionem
1497 2656 1697 2712 fraudis
1741 2658 1924 2711 incur-

337 2763 475 2802 rere.
501 2747 616 2801 Non
641 2756 723 2802 est
750 2762 914 2816 quare
946 2747 998 2801 in
1030 2747 1113 2801 his
1134 2762 1251 2817 qua:
1286 2762 1384 2801 nos
1412 2747 1733 2817 proferimus
1756 2747 1928 2803 lector

337 2849 558 2909 quaerat,
593 2838 678 2893 vel
704 2838 829 2908 quid
861 2837 1107 2905 superius
1130 2852 1160 2891 a
1190 2836 1477 2891 Theodoro
1509 2836 1669 2891 fuerit
1698 2837 1921 2905 dictum,

338 2930 418 2983 vel
453 2930 704 2984 inlerius‘
736 2930 1124 2998 subsequatur,
1160 2928 1245 2983 vel
1282 2945 1385 2999 qua
1408 2930 1616 2984 ratione
1648 2928 1805 2984 fuerit
1851 2931 1928 2983 sic

338 3021 579 3077 locutus:
612 3032 776 3077 totam
806 3024 852 3077 si
876 3038 1091 3077 causam
1121 3024 1142 3053 ¹
1174 3033 1296 3078 ante
1343 3024 1528 3077 oculos
1573 3022 1926 3091 judicantium

338 3114 722 3183 inspiciendam
780 3116 1158 3169 constituimus
1202 3133 1213 3165 :
1258 3129 1366 3169 non
1407 3128 1475 3169 ex
1520 3114 1702 3168 multis
1767 3123 1929 3184 atque

1209 308 1344 366 eno
1382 284 1814 365 DEFENSIONE
1854 302 2069 362 rtuuu
2108 305 2425 366 CAPITUL.
2464 308 2595 367 LIB.
2639 310 2732 367 1x.

3502 306 3608 365 746

2022 495 2172 561 Quod
2221 495 2545 550 Theodorus
2576 422 2870 550 51.651.52.th
2902 423 3107 551 lgitristi
3150 496 3347 551 naturis
3399 497 3605 551 unicam

2090 568 2204 637 ejus
2232 584 2503 640 personam
2533 570 2817 640 agnoverit,
2846 568 3143 640 alienasque
3166 568 3319 639 fuerit
3343 567 3404 623 ab
3430 583 3604 623 errore

2091 636 2197 691 tum
2226 636 2693 705 Judteorumftum
2719 638 3145 694 Manichworum.

2094 731 2307 798 Ergone
2336 734 2456 798 iste,
2488 733 2578 802 qui
2609 747 2733 787 vere
2762 732 2930 788 Deum
2959 746 3026 788 ex
3056 733 3188 801 Deo,
3241 742 3294 788 et
3326 732 3611 807 invisﬂiilis

2018 841 2081 880 ac
2102 827 2293 881 divinae
2336 835 2541 881 natura:
2584 825 2780 881 Filium
2812 840 2909 896 pro
2936 827 3093 882 nobis
3133 827 3327 882 asserit
3368 841 3605 897 passum,

2019 914 2155 971 duos
2200 914 2337 970 ﬁlios
2388 913 2600 969 volebat
2648 915 2889 983 intelligi,
2925 924 3175 984 tanquam
3220 916 3440 971 alterius
3482 915 3609 970 sub-

2018 1006 2275 1060 sistentiae
2303 1004 2372 1058 sit
2399 1004 2486 1073 qui
2515 1017 2612 1072 pro
2636 1002 2788 1059 nobis
2821 1016 3008 1072 passus
3036 1012 3139 1071 est,
3168 1014 3222 1059 et
3242 1005 3464 1059 alterius
3486 1005 3606 1059 uni-

2017 1096 2250 1164 genitus,
2278 1094 2366 1164 qui
2396 1110 2522 1149 vere
2547 1094 2685 1149 sicut
2714 1093 2856 1148 Deus
2898 1109 2965 1148 ex
2999 1094 3107 1149 Deo
3152 1094 3431 1150 invisibilis
3471 1096 3607 1150 divi-

2020 1199 2208 1254 nmque
2246 1194 2452 1237 naturae
2493 1182 2601 1237 sit?
2632 1192 2724 1237 aut
2758 1192 2941 1251 posset
2990 1183 3056 1238 de
3101 1199 3165 1239 eo
3213 1200 3371 1255 quem
3418 1200 3607 1254 purum

2018 1274 2272 1330 credebat
2304 1273 2598 1341 hominem,
2628 1273 2809 1328 dicere
2846 1291 2857 1325 :
2914 1292 2931 1325 α
2972 1272 3029 1329 Si
3078 1275 3223 1329 enim
3269 1260 3612 1344 cognoveris,

2019 1366 2208 1437 inquit,
2251 1366 2375 1435 quis
2401 1368 2525 1432 sim,
2559 1352 2855 1435 cognosces
2889 1375 2941 1421 et
2973 1366 3121 1422 illum
3151 1367 3445 1423 secundum
3468 1360 3611 1438 quOd

2020 1460 2277 1529 possibile
2318 1469 2424 1525 est,
2453 1475 2548 1530 per
2584 1475 2673 1515 me
2718 1460 3090 1528 contemplans
3120 1459 3294 1514 Patris
3340 1470 3609 1529 naturam,

2019 1554 2169 1622 cujus
2200 1569 2321 1609 sum
2354 1553 2517 1621 ﬁlius,
2558 1568 2622 1607 ex
2667 1553 2783 1622 ipso
2828 1561 3047 1607 exstans
3092 1553 3386 1607 secundum
3426 1544 3617 1609 essen?

2021 1647 2169 1709 tiam,
2204 1655 2258 1700 et
2284 1644 2525 1715 ejusdem
2559 1659 2681 1699 cum
2710 1644 2807 1699 illo
2845 1658 3063 1699 exstans
3092 1647 3371 1700 essentia?
3402 1665 3420 1698 ι
3458 1647 3524 1701 Ει
3555 1630 3617 1701 ut

2020 1754 2127 1793 non
2171 1740 2358 1804 alium,
2405 1738 2502 1794 sed
2556 1739 2729 1806 ipsum
2763 1738 2906 1793 Patri
2950 1738 3462 1794 consubstantialem
3514 1726 3617 1809 pro

2022 1834 2174 1888 nobis
2204 1834 2509 1903 passionem
2552 1832 2851 1899 suscepisse
2900 1841 3248 1901 monstraret,
3292 1834 3393 1887 hoc
3436 1834 3611 1902 ipsum

2024 1932 2277 1994 repetens
2327 1925 2521 1979 iterum
2573 1922 2751 1978 dicit:
2804 1942 2823 1975 ι
2862 1922 3088 1992 Propter
3138 1923 3239 1978 hoc
3287 1924 3447 1979 etiam
3498 1926 3613 1996 ipse

2025 2016 2284 2073 Dominus
2312 2016 2365 2070 in
2391 2016 2581 2071 eodem
2614 2017 2732 2085 ipso
2762 2030 3017 2070 sermone
3047 2017 3323 2085 proximus
3353 2017 3613 2086 passioni,

2024 2119 2083 2164 ut
2109 2111 2472 2165 inﬁrmitatem
2500 2124 2687 2165 eorum
2720 2110 3052 2176 ostenderet,
3084 2111 3227 2166 unde
3275 2118 3494 2180 possent
3517 2111 3615 2167 do-

2023 2203 2251 2257 etrinam
2284 2203 2657 2272 perlectiorem
2690 2216 2988 2258 assumere.
3016 2203 3227 2257 dicebat
3262 2222 3274 2257 :
3319 2203 3490 2258 Multa
3517 2204 3613 2257 Im-

2026 2293 2113 2346 beo
2141 2294 2277 2348 vobis
2317 2295 2501 2350 dicere.
2537 2310 2557 2371 μ
2606 2294 2725 2363 Ipse
2776 2309 2905 2364 ergo
2952 2296 3229 2360 Dominus,
3271 2297 3360 2366 qui
3394 2296 3616 2352 consul;

2026 2386 2288 2443 stantialis
2333 2396 2417 2441 est
2462 2386 2631 2454 Patri,
2672 2396 2725 2442 et
2777 2402 2885 2443 non
2928 2388 3083 2465 alius,
3131 2404 3160 2443 a
3192 2389 3477 2444 Theodoro
3518 2404 3615 2458 pro

2026 2480 2182 2534 nobis
2206 2478 2404 2533 dicitur
2429 2492 2642 2548 passus.
2685 2478 2883 2533 Verum
2930 2494 3104 2548 neque
3146 2480 3260 2548 ipse
3296 2480 3363 2535 ab
3393 2495 3458 2535 eo
3487 2495 3615 2547 pro-

2028 2572 2303 2626 nuntiatur
2332 2572 2490 2625 Pater
2518 2586 2638 2626 esse
2669 2572 2757 2641 qui
2789 2571 2957 2625 Filius
2992 2590 3003 2625 :
3033 2573 3265 2642 alioquin
3299 2571 3525 2644 loquens
3551 2573 3619 2629 de

2029 2664 2276 2733 Philippo
2316 2677 2423 2717 non
2454 2664 2681 2728 diceret,
2742 2682 2759 2714 ι
2790 2663 2943 2719 Velle
2977 2665 3118 2719 enim
3150 2664 3361 2719 Patrem
3410 2666 3615 2733 videre,

2030 2756 2284 2811 indicium
2336 2765 2451 2811 erat
2486 2771 2551 2810 eo
2580 2756 2723 2827 quod
2768 2771 2943 2825 neque
2991 2757 3166 2824 ipsum
3207 2758 3393 2825 sciret,
3444 2758 3497 2813 id
3538 2766 3622 2814 est

2028 2848 2334 2913 Christum;
2366 2848 2451 2902 vel
2500 2848 2641 2916 quod
2682 2849 2751 2901 ibi
2796 2849 3114 2903 subsecutus
3156 2848 3227 2902 ait
3275 2863 3339 2903 ex
3390 2864 3622 2917 persona

2031 2939 2243 2993 Domini
2273 2956 2285 2993 :
2319 2940 2375 2995 Si
2420 2942 2562 2993 enim
2595 2941 2933 3008 cognoveris,
2966 2941 3157 3010 inquit,
3197 2944 3315 3009 quis
3360 2942 3483 3009 sim,
3530 2956 3622 2998 co-

2031 3045 2256 3100 gnosces
2286 3040 2339 3086 et
2367 3030 2514 3085 illum
2559 3032 2855 3086 secundum
2886 3030 3030 3100 quod
3078 3022 3330 3100 posSibile
3375 3042 3479 3100 est,
3526 3049 3624 3103 per

2034 3139 2122 3179 me
2145 3124 2521 3194 contemplans
2553 3124 2726 3179 Patris
2760 3132 3003 3178 naturam
3032 3143 3043 3177 :
3085 3144 3105 3177 ι
3140 3135 3193 3181 et
3222 3141 3448 3197 quaeque
3473 3128 3624 3184 simi-

336 3209 539 3276 apertis
572 3222 765 3275 pauca,
792 3208 1241 3275 quemadmodum
1281 3206 1379 3272 illi.
1412 3214 1466 3261 et
1486 3207 1713 3262 obscura
1745 3207 1923 3263 verbis
1950 3190 1997 3254 (ἶ
2036 3215 2104 3269 lia
2143 3216 2215 3269 ibi
2246 3190 2619 3281 continentur,
2648 3232 2767 3287 qua:
2795 3220 2861 3271 de
2910 3217 3067 3271 Patre
3108 3232 3170 3272 ac
3198 3190 3625 3291 Filiogquorum

335 3316 444 3355 non
468 3300 487 3330 ³
517 3314 580 3355 ex
614 3298 835 3369 integris
857 3307 911 3353 et
937 3299 1190 3367 perlectis
1213 3299 1499 3369 particulas
1527 3299 1927 3356 detnordemus.

334 3394 487 3449 Sicut
515 3400 695 3446 autem
728 3401 904 3461 potest
932 3407 996 3447 ex
1026 3392 1107 3445 his
1135 3406 1254 3460 qu-.e
1288 3402 1580 3446 memorata
1616 3403 1739 3448 sunt
1768 3409 1933 3449 unus-

258 3473 271 3477 -
336 3486 565 3555 quisque
592 3498 943 3553 cognoscere,
980 3498 1087 3539 non
1120 3485 1390 3539 hominem
1417 3501 1628 3555 purum,
1660 3486 1711 3540 id
1739 3488 1931 3557 estqui

340 3594 449 3633 non
482 3578 550 3629 sit
572 3578 733 3631 etiam
768 3577 932 3643 Deus,
962 3576 1056 3631 sed
1097 3576 1426 3647 unigenitum
1456 3576 1548 3633 Dei
1582 3578 1772 3633 Filium
1813 3593 1935 3633 con-

338 3667 742 3722 substantialem
772 3666 940 3733 Patri,
973 3683 1068 3735 pro
1091 3668 1244 3723 nobis
1266 3668 1460 3723 asserit
1491 3682 1708 3737 passum
1736 3688 1748 3724 :
1774 3684 1931 3739 quem

339 3762 462 3815 dicit
496 3762 793 3830 proximum
842 3762 1077 3831 passioni
1119 3778 1233 3817 suae
1282 3764 1486 3817 dixisse
1525 3762 1802 3831 discipulis
1830 3779 1842 3815 :
1874 3762 1937 3817 Si

339 3871 416 3907 me
444 3855 661 3919 sciretis,
689 3856 858 3918 utique
885 3864 932 3909 et
956 3854 1168 3908 Patrem
1194 3870 1359 3909 meum
1385 3854 1582 3907 sciretis
1610 3854 1793 3924 (Joan.
1820 3839 1934 3921 vm,

341 3947 452 4014 l9).
478 3946 543 3999 Et
570 3946 633 3999 ad
680 3945 980 4013 Philippum
1009 3962 1022 4001 :
1058 3946 1220 3999 Tanto
1250 3956 1473 4015 tempore
1502 3946 1759 3998 vobiscum
1800 3962 1936 4013 sum,

339 4047 384 4090 et
410 4054 507 4089 non
545 4037 850 4107 caguoristis
880 4038 994 4090 me?
1019 4034 1283 4105 Philippe,
1314 4036 1400 4104 qui
1440 4036 1570 4089 videt
1600 4052 1699 4099 me,
1732 4037 1864 4088 ridet
1895 4045 1940 4091 et

346 4129 554 4185 Patrem
580 4132 759 4199 (Joan.
793 4149 901 4198 xw,
930 4134 1029 4202 9):
1064 4133 1437 4188 ostendentem
1481 4132 1734 4201 quoniam
1767 4145 1941 4198 neque

343 4223 578 4277 divinam
611 4236 857 4277 naturam
888 4224 1091 4279 sciebat
1116 4221 1419 4293 Unigeniti;
1456 4220 1595 4293 quod
1628 4219 1943 4275 Theodorus

343 4333 447 4372 non
473 4318 696 4383 diceret,
725 4318 828 4372 nisi
852 4317 1097 4373 crederet
1133 4315 1474 4385 Unigenitum
1519 4312 1715 4367 divina:
1739 4320 1944 4366 natura:

345 4425 440 4478 pro
469 4410 623 4464 nobis
654 4425 891 4480 passum.
931 4408 1129 4463 Verum
1166 4422 1264 4461 nec
1294 4405 1426 4461 illud
1452 4404 1526 4458 ibi
1554 4412 1778 4473 poneret
1803 4404 1943 4472 quod

342 4506 416 4557 ait
440 4522 452 4557 :
489 4504 626 4559 lliue
654 4505 813 4559 etiam
837 4504 1098 4558 adductus
1125 4511 1207 4557 est
1230 4500 1512 4569 Philippus
1530 4498 1594 4551 ad
1620 4495 1940 4552 dicendum:

2036 3324 2139 3364 una
2164 3321 2351 3363 natura
2377 3322 2479 3377 est,
2510 3327 2615 3365 non
2647 3311 2748 3366 nisi
2777 3326 2874 3380 pro
2904 3311 3231 3368 discretione
3273 3328 3625 3382 personarum

2036 3402 2174 3457 dicta
2202 3412 2407 3471 queunt
2446 3392 2690 3473 intelligi.
2724 3403 2779 3458 In
2828 3404 2933 3459 ﬁne
2964 3398 3095 3459 vero
3137 3405 3303 3473 ipsius
3346 3406 3627 3462 sententim

2038 3511 2227 3552 omnes
2251 3506 2359 3551 tres
2386 3510 2644 3565 personas
2670 3496 2843 3550 Patris
2872 3504 2925 3550 et
2953 3495 3070 3550 Filii
3100 3486 3153 3549 et
3194 3496 3427 3569 Spiritus
3456 3498 3629 3551 sancti

2039 3590 2201 3644 simul
2269 3590 2543 3656 insinuat,
2601 3604 2721 3643 cum
2771 3604 2837 3644 ex
2904 3601 3135 3659 persona
3195 3587 3408 3659 Domini
3462 3588 3628 3643 dicit:

2046 3700 2065 3733 ι
2101 3682 2327 3749 Quando
2358 3683 2564 3737 venerit
2594 3682 2686 3737 ille
2714 3680 2945 3750 Spiritus
2982 3680 3256 3745 veritatis,
3289 3681 3506 3737 inducet
3536 3696 3631 3737 vos

2042 3773 2096 3827 in
2135 3789 2351 3828 omnem
2384 3775 2687 3829 veritatem.
2735 3760 3103 3841 Superveniet
3138 3772 3278 3828 enim
3324 3788 3488 3842 super
3536 3787 3632 3829 vos

2043 3866 2273 3935 Spiritus
2313 3867 2483 3921 sancti
2534 3867 2726 3935 gratia,
2765 3880 2831 3919 ex
2879 3880 2980 3933 qua
3025 3876 3271 3919 cunctam
3320 3864 3632 3934 dogmatum

2044 3958 2393 4013 subtilitatem
2457 3956 2816 4026 cognoscetis.
2872 3975 2890 4008 ι
2970 3957 3202 4011 Proinde
3267 3958 3311 4012 si
3378 3957 3631 4013 divinita-

2047 4059 2155 4107 tem
2209 4051 2480 4120 Unigeniti
2535 4051 2881 4116 docerentur,
2931 4060 2985 4105 et
3036 4049 3249 4105 Patrem
3311 4051 3479 4106 Deum
3534 4052 3633 4105 uti-

2045 4156 2150 4211 que
2179 4140 2520 4196 docerentur.
2554 4142 2692 4209 Quid
2722 4142 2881 4211 igitur
2924 4141 3299 4196 bazreticorum
3331 4142 3627 4211 complices

2049 4234 2102 4286 in
2136 4233 2502 4302 praeiudicium
2532 4242 2735 4287 sanctae
2763 4231 2955 4303 synodi
2990 4242 3190 4286 tantam
3214 4248 3395 4287 rerum
3417 4234 3637 4289 eviden-

2050 4324 2175 4379 tiam
2211 4326 2501 4381 obscurare
2545 4326 2722 4380 conati
2752 4335 2899 4389 sunt,
2933 4324 3083 4393 quasi
3126 4323 3373 4379 omnibus
3404 4325 3481 4381 sic
3511 4340 3638 4395 pos-

2050 4427 2171 4473 sent
2201 4419 2389 4474 oculos
2418 4418 2686 4483 claudere,
2721 4419 2859 4471 sicut
2887 4416 2987 4471 sibi
3021 4417 3363 4471 clauserunt?
3392 4416 3525 4472 Natn
3554 4432 3639 4472 se-

2053 4511 2283 4564 cundum
2300 4511 2562 4566 Joannem
2585 4509 2931 4579 Evangelium
2955 4508 3313 4579 interpretans
3336 4510 3463 4564 dicit
3487 4526 3499 4563 :
3533 4529 3551 4561 (
3574 4508 3641 4563 In

348 4603 569 4657 Ostende
600 4604 744 4657 nobis
774 4603 1007 4669 Patrem,
1042 4613 1089 4657 et
1121 4601 1304 4670 suﬁicit
1337 4598 1480 4652 nobis
1505 4597 1546 4650 ⁸.
1594 4597 1649 4651 Si
1682 4597 1822 4650 enim
1856 4597 1936 4649 in-
1968 4577 2022 4637 D
2050 4604 2240 4657 mundo
2269 4612 2397 4670 erat,
2426 4608 2471 4654 et
2500 4603 2720 4656 mundus
2752 4619 2842 4671 per
2872 4618 2985 4655 eum
3016 4601 3183 4669 factus
3211 4609 3306 4669 est,
3340 4612 3387 4655 et
3410 4603 3637 4658 mundus

346 4706 494 4765 tegre
520 4698 683 4751 sciret
704 4698 826 4765 quia
852 4696 1061 4751 Patrem
1085 4708 1240 4748 suum
1266 4691 1289 4723 ⁸
1317 4690 1530 4746 dicebat
1562 4704 1683 4743 eum
1708 4688 1799 4759 qui
1853 4703 1941 4742 re-

345 4806 473 4844 vera
503 4790 619 4857 ejus
643 4798 787 4843 esset
829 4789 1011 4857 Pater,
1044 4805 1109 4843 ex
1161 4802 1267 4857 quo
1298 4797 1413 4841 erat
1442 4799 1568 4840 vere
1614 4784 1753 4838 sicut
1802 4782 1943 4837 Deus

348 4894 417 4935 ex
462 4879 593 4942 Deo,
644 4895 912 4949 nunquam
958 4881 1213 4934 dixisset:
1265 4878 1489 4932 Ostende
1541 4878 1687 4930 nobis
1732 4875 1943 4928 Patrem

356 4980 521 5034 tuum,
549 4970 686 5024 bene
714 4972 890 5026 sciens
922 4971 1044 5041 quia
1076 4969 1364 5025 invisibilis
1394 4978 1481 5023 est
1507 4967 1814 5021 hominibus
1864 4966 1944 5020 di-

353 5064 477 5119 vina
502 5072 711 5117 natura.
1892 5076 1939 5105 --;

430 5214 456 5242 ι
485 5205 575 5258 Sic
621 5200 911 5272 Dionysius
971 5198 1575 5272 Alexandrinus,_teste
1626 5193 1942 5272 Athanasio,

355 5277 679 5347 querebatur
708 5264 814 5327 non
846 5272 1121 5347 integras,“
1137 5269 1231 5324 sed
1265 5267 1506 5347 concisas
1528 5266 1595 5318 ab
1616 5264 1945 5347 adversariis

358 5339 651 5403 sententias
675 5358 796 5399 suas
824 5339 1071 5412 proferri.
1101 5340 1315 5396 ’Ἔπειτα
1360 5343 1584 5394 αἰτιᾶται
1614 5339 1735 5412 rei};
1786 5356 1950 5412 uarat-

356 5420 545 5480 πόντας
575 5419 755 5482 αὐτοῦ,
787 5406 854 5474 cii;
882 5419 950 5487 μή
980 5413 1274 5487 ὁλοκλήρους
1298 5412 1550 5483 λέγοντας.
1585 5409 1704 5462 ἀλλὰ
1743 5406 1949 5495 reputo-

434 5555 451 5586 ⁸
484 5552 616 5609 Cod.
646 5551 866 5616 Veron”
906 5548 979 5602 vel
1005 5548 1131 5618 quid
1163 5547 1402 5617 inferius.

432 5628 453 5657 ³
483 5625 626 5679 Idem
656 5622 806 5694 cod.,
838 5630 993 5694 totam
1016 5621 1145 5694 sicut
1172 5630 1241 5672 est
1271 5631 1539 5694 causam.-_
1698 5684 1707 5694 .

437 5696 457 5726 ⁸
478 5695 620 5750 Idem
642 5693 783 5757 cod.,
816 5692 966 5747 verba
988 5692 1268 5761 elegimus;
1292 5690 1401 5743 'non
1433 5702 1496 5742 ex
1524 5690 1755 5744 tutearis.

448 5822 461 5833 ‘
488 5807 646 5865 Forte
678 5814 1007 5877 ragnoscetts.

610 5926 879 5983 Pnaoc.
956 5922 1205 5982 LXV“.

2049 4713 2160 4750 eum
2190 4713 2289 4749 non
2329 4696 2565 4768 cognovit
2593 4693 2773 4766 (Joan.
2807 4710 2851 4759 t,
2886 4695 3005 4765 10),
3037 4694 3222 4750 dicens
3251 4696 3555 4751 venientem
3586 4695 3644 4749 in

2051 4790 2189 4842 hunc
2235 4786 2491 4844 mundum
2524 4784 2593 4841 de
2642 4786 2867 4841 Domino
2904 4787 3122 4843 Christo
3173 4787 3310 4843 bene
3351 4788 3554 4852 intulit,
3587 4787 3643 4841 in

2048 4879 2248 4934 mundo
2278 4888 2409 4946 erat,
2442 4888 2502 4936 ut
2536 4880 2849 4934 ostenderet
2885 4880 3005 4948 quia
3036 4877 3339 4935 venientem
3378 4880 3445 4933 ad
3475 4875 3644 4931 mani-

2047 4971 2387 5026 festationem
2416 4970 2620 5026 retulit.
2654 4971 2963 5027 Substantia
2992 4973 3133 5025 enim
3158 4978 3211 5024 et
3235 4978 3423 5023 natura
3451 4977 3566 5022 erat
3587 4966 3647 5024 in

2051 5059 2276 5126 mundo,
2312 5059 2507 5129 inquit,
2530 5072 2585 5117 et
2619 5069 2794 5116 antea.
2830 5060 2895 5115 Et
2928 5059 3097 5116 veluti
3126 5058 3228 5113 hoc
3256 5072 3443 5127 parum
3475 5063 3644 5123 esset,

2052 5220 2275 5259 πτοντας
2304 5200 2456 5253 αὐτοῦ
2486 5202 2578 5260 τὰς·
2607 5202 2779 5265 λέξεις.
2817 5201 2879 5253 Ει
2936 5198 3002 5253 de
3044 5196 3357 5259 Apolinario
3399 5196 3647 5264 Apostoli

2054 5270 2217 5342 verba
2250 5280 2528 5324 truncante
2558 5272 2845 5342 Gregorius
2887 5269 3255 5342 Nazianzenus
3284 5268 3525 5342 oratione
3577 5266 3647 5320 ad

2055 5339 2356 5416 l‘jectarium
2388 5358 2401 5394 :
2434 5345 2577 5412 Λέγει
2600 5338 2697 5416 γὰρ
2722 5343 2868 5416 πᾴλιν
2894 5339 3231 5416 atros-701tan
3254 5360 3367 5393 τινα
3386 5338 3538 5409 ῥῆσιν
3557 5342 3647 5395 τοῦ

2060 5410 2174 5468 ὅλου
2204 5416 2441 5484 σώματος
2468 5410 2558 5473 τῆς
2586 5410 2929 5483 οίυξὶφράσεως
2961 5413 3262 5469 ἀποκνίσας.

2128 5553 2149 5583 ⁸
2175 5552 2315 5606 Idem
2345 5551 2493 5614 cod.,
2526 5549 2699 5613 nobis;
2732 5548 2823 5600 [τοι
2848 5547 2998 5599 etiam
3030 5544 3279 5615 adﬁciens
3308 5560 3326 5614 ς
3351 5544 3396 5598 si
3418 5542 3575 5599 enim.

2133 5626 2151 5655 ⁵
2183 5624 2324 5680 idem
2354 5622 2501 5687 cud.,
2531 5635 2678 5675 suum
2704 5617 2889 5671 Deum.

3128 5908 3161 5963 2

3170 5905 3191 5955 ᾗ
