4104 6360
527 288 630 344 747

1636 221 2724 331 ρΑςυΝῖῖΕ’ῦῖεόῗήειιωρλῇεηειδ

3735 289 3825 349 748

528 401 707 459 intulit
728 402 757 464 ,‘
772 398 992 453 mundus
1031 411 1120 467 per
1159 407 1275 449 eum
1323 395 1491 462 factus
1519 397 1591 444 est
1617 403 1637 444 :
1669 388 1774 444 hoc
1818 397 1944 456 est,
1989 387 2118 458 quid
2146 387 2200 450 Α
2223 389 2458 445 alterum
2505 399 2560 446 et
2609 392 2838 446 alterum
2888 393 3199 449 necessario
3248 393 3589 461 invenit;et
3617 395 3735 460 huic
3758 409 3830 468 ηῐ

529 493 726 548 mirum
756 492 800 546 si
823 499 938 545 erat
969 489 1019 540 in
1057 483 1279 546 mundo,
1307 482 1400 552 qui
1436 495 1544 536 non
1575 488 1740 547 esset,
1774 479 1878 535 nisi
1902 479 1994 534 ille
2019 493 2114 534 vo-
2152 515 2160 523 -

532 584 754 640 luisset?
779 581 880 638 Sed
910 588 1088 634 tamen
1120 584 1234 632 erat
1257 573 1471 645 quidem
1496 572 1549 627 in
1581 571 1782 630 mundo
1803 581 1854 627 et
1883 578 2125 639 antea,et

531 677 655 732 iecit
676 675 836 731 etiam
858 671 1112 728 mundum
1147 670 1288 739 ipse,
1309 673 1364 722 et
1395 665 1626 722 mundus
1645 679 1766 721 eum
1793 679 1900 720 non
1919 680 2122 736 cogno-

531 768 626 822 vit.
655 766 798 821 Bene
831 762 918 820 hic
961 772 1016 818 et
1044 777 1149 817 non
1181 759 1434 831 cognovit
1460 759 1633 826 dixit,
1664 759 1809 815 velut
1832 759 1878 815 si
1915 758 2125 815 diceret

533 875 638 918 non
663 864 1033 933 cognoverunt
1061 856 1336 927 pr0prium
1369 852 1676 910 Dominum.
1714 871 1734 906 ι
1761 851 2126 910 Conﬁrmatur

535 953 752 1011 omnino
781 951 923 1024 quod
973 950 1404 1023 sapientissimus
1432 950 1666 1006 Joannes
1711 964 1834 1004 cum
1877 949 2126 1006 orientali

535 1046 761 1102 concilio
802 1045 871 1100 de
919 1043 1203 1100 Theodoro
1249 1043 1382 1098 dicit
1420 1043 1460 1096 ί.
1494 1040 1575 1097 Re
1603 1042 1746 1098 enim
1787 1055 1914 1098 vera
1939 1082 1955 1110 ,
1988 1041 2130 1098 sicut

537 1145 781 1209 apparet,
810 1150 914 1191 non
941 1133 1224 1205 ignorabat
1261 1134 1345 1190 vel
1378 1131 1603 1203 negabat
1641 1146 1904 1188 summam
1948 1119 2125 1188 unita-

540 1239 649 1286 tem
675 1240 722 1299 ει,
757 1229 850 1301 qui
883 1237 938 1284 et
963 1229 1052 1283 illa
1086 1236 1194 1284 tam
1226 1229 1392 1283 multa
1433 1244 1551 1298 qua:
1577 1229 1825 1300 superius
1856 1243 2126 1285 memora-

539 1323 720 1380 vimus
753 1318 910 1390 dixit,
938 1321 1154 1391 etquod
1178 1321 1247 1377 de
1276 1320 1491 1378 Christo
1513 1323 1567 1378 in
1613 1323 1791 1378 carnis
1819 1324 2128 1380 manifesta-

539 1416 689 1473 tione
735 1416 982 1471 veniente
1027 1414 1259 1481 dicebat,
1307 1415 1429 1484 quia
1482 1415 1788 1471 substantia
1834 1424 1890 1470 et
1937 1423 2127 1472 natura

545 1521 663 1568 erat
707 1511 761 1566 in
801 1510 1000 1567 mundo
1040 1519 1095 1565 et
1138 1520 1263 1564 ante
1304 1509 1476 1579 ipsum
1502 1553 1516 1574 ,
1572 1511 1762 1566 dicens
1797 1518 1921 1592 ante
1967 1511 2132 1568 fuisse

540 1606 594 1660 in
627 1603 827 1659 mundo
873 1605 964 1674 qui
994 1611 1074 1658 est
1106 1609 1286 1671 postea
1315 1601 1682 1657 manifestatus
1722 1601 1777 1656 in
1805 1616 1986 1658 carne.
2019 1602 2132 1660 Nec

543 1698 734 1754 mirum
767 1711 886 1752 esse
915 1695 1268 1766 pronuntians
1295 1693 1438 1764 quod
1469 1694 1680 1749 dicatur
1701 1703 1757 1750 et
1786 1703 1940 1751 antea
1969 1695 2126 1750 Chri-

543 1797 684 1845 stum
713 1790 766 1843 in
796 1787 998 1843 mundo
1025 1786 1212 1855 luisse,
1246 1785 1336 1855 qui
1366 1800 1470 1841 non
1501 1795 1648 1843 esset
1675 1785 1781 1841 nisi
1811 1784 1903 1843 ille
1933 1787 2130 1844 voluis-
2161 1762 2208 1824 Β

543 1890 664 1936 et:
703 1879 953 1934 eumdem
1002 1892 1188 1934 rursus
1220 1876 1493 1933 afﬁrmans
1529 1877 1584 1932 in
1633 1875 1894 1947 principio
1939 1876 2134 1936 fecisse

542 1973 820 2039 mundum,
852 1986 1012 2044 quem
1044 1968 1294 2041 perhibet
1323 1970 1632 2027 novissimis
1662 1972 2003 2043 temporibus
2030 1989 2132 2030 ve-

544 2066 783 2121 nientem
811 2078 842 2118 a
874 2061 1074 2118 mundo
1104 2076 1213 2116 non
1254 2074 1374 2117 esse
1411 2061 1686 2134 cognitum
1718 2063 1993 2134 proprium
2033 2066 2135 2120 Do-

544 2162 772 2221 minum.
815 2161 1075 2228 Quocirca
1115 2167 1340 2216 noverat
1383 2158 1487 2216 iste
1534 2160 1806 2216 Christum
1856 2162 1908 2216 in
1951 2161 2132 2216 carnis

553 2254 991 2312 manifestatione
1041 2252 1344 2309 venientem
1395 2251 1650 2309 factorem
1703 2268 1823 2310 esse
1870 2253 2053 2309 mundi
2082 2263 2136 2310 et

546 2348 822 2420 proprium
861 2344 1178 2412 Dominum;
1212 2359 1310 2401 nec
1339 2344 1572 2402 dicendo
1598 2345 1732 2401 duas
1767 2359 1888 2401 esse
1918 2356 2135 2402 naturas

545 2440 779 2508 Christi,
806 2441 941 2498 duos
971 2439 1184 2496 dicebat
1228 2437 1367 2494 ﬁlios
1388 2480 1402 2506 ,
1432 2449 1525 2494 aut
1563 2439 1699 2495 duos
1730 2440 2012 2507 Dominus,
2045 2451 2138 2496 aut

549 2534 686 2591 duos
715 2533 984 2602 Christos,
1031 2532 1169 2590 sicut
1220 2533 1549 2589 mentiuntur
1595 2533 1855 2590 hatretici.
1886 2534 2016 2589 Nam
2060 2534 2139 2591 sic

551 2633 738 2696 aperte
766 2626 819 2681 in
851 2625 989 2683 libro
1014 2625 1082 2682 ad
1107 2625 1405 2695 baptizatos
1426 2627 1446 2657 ³
1478 2625 1506 2661 ³*
1533 2625 1741 2681 locutus
1766 2634 1847 2682 est
1876 2626 1903 2665 ι’
1934 2645 1948 2682 :
1979 2645 1999 2680 ι
2036 2627 2139 2683 Ne-

553 2735 658 2792 que
687 2721 830 2776 enim
850 2764 865 2790 ,
899 2721 944 2775 si
990 2719 1121 2776 duas
1161 2728 1379 2772 naturas
1409 2716 1650 2773 dicamus
1674 2760 1687 2783 ,
1719 2720 2012 2775 necessitas
2039 2733 2138 2775 nos

549 2812 658 2868 ulla
687 2809 1009 2883 constringit
1051 2820 1144 2866 aut
1172 2811 1307 2866 duos
1336 2811 1518 2866 dicere
1559 2809 1721 2879 ﬁlios,
1749 2819 1839 2866 aut
1881 2811 2016 2866 duos
2043 2813 2140 2868 ho-

547 2903 720 2960 mines
746 2902 794 2971 ⁸,
841 2911 936 2958 aut
972 2903 1104 2960 duos
1156 2903 1396 2958 Christos
1438 2920 1451 2956 :
1491 2903 1745 2974 quoniam
1790 2904 1890 2959 hoc
1955 2914 2140 2974 putare

548 3009 806 3054 extremae
849 3006 933 3053 est
973 2997 1244 3053 amentiae.
1283 3015 1302 3049 ι
1341 2996 1444 3052 Sed
1476 2995 1602 3065 quid
1646 2994 1809 3051 etiam
1855 2997 2044 3067 quinto
2073 2996 2140 3054 de

548 3087 922 3146 incarnatione
944 3089 1101 3153 libro,
1123 3088 1358 3159 capitulo
1383 3086 1476 3156 52,
1516 3087 1661 3144 dicat
1681 3088 1940 3144 adversus
1960 3090 2142 3160 Apoli-

549 3183 781 3239 naristas
828 3191 885 3239 et
935 3180 1164 3238 Arianos
1229 3181 1624 3252 interrogantes
1669 3190 1847 3237 utrum
1900 3184 2036 3240 alter
2085 3193 2138 3240 et
2167 3153 2214 3216 ο

549 3275 706 3345 alter,
733 3291 802 3331 an
843 3276 985 3331 idem
1024 3276 1160 3344 ipse,
1198 3273 1453 3329 attentius
1483 3289 1665 3343 quaeso
1689 3273 2030 3332 considerare
2057 3277 2138 3331 di-

549 3365 807 3440 gnemini.
834 3366 965 3421 Nam
993 3367 1046 3421 in
1076 3380 1143 3422 eo
1165 3381 1273 3421 non
1302 3365 1472 3420 solum
1500 3373 1651 3420 recta
1671 3365 1739 3421 de
1769 3365 2140 3425 incarnatione

553 3457 755 3516 Christi
803 3457 936 3512 ﬁdes
966 3457 1088 3526 ejus
1111 3464 1368 3526 apparet,
1399 3469 1586 3510 verum
1636 3455 1798 3512 etiam
1844 3458 2138 3513 secundum

553 3566 712 3624 quam
742 3548 1025 3614 rationem,
1071 3549 1156 3604 vel
1192 3548 1487 3603 secundum
1516 3561 1675 3618 quem
1704 3546 1913 3604 dicendi
1937 3565 2140 3608 morem

554 3645 765 3700 locutus
787 3649 872 3698 est
896 3641 997 3696 alia
1029 3655 1128 3712 pro
1161 3638 1354 3711 quibus
1381 3654 1502 3696 eum
1542 3641 1940 3698 calumniantur
1969 3646 2138 3702 haere-

553 3735 665 3794 tici.
697 3734 785 3791 Ait
816 3733 961 3792 enim
987 3752 999 3790 :
1029 3753 1048 3788 ‹
1081 3732 1312 3802 Quando
1340 3741 1561 3791 naturas
1595 3735 1822 3806 quisque
1849 3736 2137 3806 discernit,

627 3861 654 3890 ι
695 3851 802 3908 Sed
831 3849 942 3906 κατ’
967 3849 1195 3907 εὐδοκίαν
1235 3850 1497 3922 benevolo
1523 3850 1715 3904 affectu
1742 3859 1793 3906 et
1821 3855 2011 3922 σχέσει
2039 3860 2137 3911 τινι

552 3933 801 3989 tantum,
845 3931 904 3976 ut
944 3922 1144 3978 dictum
1191 3931 1294 3977 est.
1341 3921 1475 3976 Nam
1519 3922 1771 3976 unionem
1821 3921 1929 3978 ita?
1956 3927 2134 3983 οὐσίαν

551 3991 868 4064 Theodorus
895 4002 1040 4047 recte
1068 3993 1283 4064 quidem
1313 4003 1500 4049 contra
1537 3991 1879 4064 Synusiastas
1911 3997 2133 4052 refelle-

553 4065 666 4147 bat,
691 4063 1200 4147 sed‘hypostaticam
1230 4080 1334 4119 non
1363 4063 1706 4147 agnoscebat.
1737 4063 1886 4130 Quod
1918 4065 2006 4147 illa
2036 4068 2138 4147 im-

554 4136 744 4208 primis
769 4134 1042 4208 declarant
1087 4149 1206 4204 quae
1237 4150 1301 4190 ex
1339 4134 1458 4208 ejus
1485 4136 1570 4208 adi
1597 4135 1860 4208 Domnum
1905 4138 2132 4207 epistola

550 4205 743 4264 recitat
785 4205 1406 4284 Anastasiuspresbyter
1448 4207 1501 4260 in
1533 4207 1727 4284 Ecloge
1755 4205 1991 4284 χρήσω
2022 4209 2138 4284 δογ-

2228 497 2404 552 neque
2431 482 2577 554 ipsos
2607 493 2734 554 puto
2764 498 3087 555 repugnare,
3115 486 3250 557 quia
3285 485 3530 543 alterum
3555 489 3691 548 Deus
3711 495 3824 554 Ver.

2226 575 2352 630 hum
2405 584 2620 644 natura,
2671 577 2897 632 alterum
2937 585 3117 633 autem
3159 578 3320 649 quod
3368 578 3706 652 assumptum
3734 599 3823 658 est,

2226 669 2483 740 quidquid
2521 669 2654 726 illud
2704 671 2796 738 sit,
2845 673 3170 728 concedatur
3217 691 3236 728 τ
3291 673 3406 729 hoc
3456 676 3669 733 interim
3715 673 3849 743 item.

2228 776 2457 835 persona
2500 763 2638 822 idem
2683 765 2800 835 ipse
2845 764 3150 834 invenitur,
3198 781 3567 837 nequaquam
3612 775 3819 833 confusis

2229 858 2455 925 naturis,
2483 858 2578 914 sed
2610 868 2829 929 propter
2857 859 3243 916 adunationem
3296 874 3430 930 quae
3464 862 3600 918 facta
3635 877 3712 922 est
3742 885 3815 925 as-

2229 950 2430 1020 sumpti
2467 951 2533 1005 ad
2565 959 2945 1008 assumentem.
2993 951 3050 1008 Si
3093 952 3240 1007 enim
3283 953 3511 1024 integre
3537 959 3818 1018 conceditur

2231 1043 2335 1100 hoc
2359 1044 2586 1099 alterum
2618 1058 2740 1100 esse
2762 1044 2828 1100 ab
2847 1043 2944 1099 illo
2986 1052 3197 1111 natura,
3235 1053 3297 1100 et
3347 1045 3694 1104 manifestum
3721 1053 3821 1122 quia

2231 1139 2438 1208 aequale
2461 1153 2565 1193 non
2596 1148 2681 1194 est
2707 1139 2850 1208 quod
2881 1147 3220 1209 assumptum
3255 1147 3354 1194 est
3385 1144 3716 1211 assumenti,
3746 1161 3821 1202 ne-

2231 1244 2338 1301 que
2368 1227 2546 1285 simile
2573 1229 2676 1285 hoc
2697 1230 2774 1283 illi
2793 1270 2807 1294 ,
2841 1244 3014 1300 neque
3043 1230 3184 1286 idem
3209 1231 3372 1301 quod
3403 1243 3732 1304 assumptum
3751 1249 3817 1292 est

2231 1320 2527 1378 assumenti
2567 1339 2578 1373 :
2618 1321 2954 1378 manifestum
3006 1321 3127 1394 quia
3174 1322 3333 1379 idem
3381 1323 3506 1393 ipse
3552 1323 3817 1385 invenietur

2232 1416 2554 1472 adunatione
2583 1430 2845 1486 personae.
2886 1416 2976 1473 Sic
3014 1432 3141 1488 ergo
3167 1420 3428 1489 oportuit
3456 1419 3694 1478 dividere
3718 1439 3813 1494 qua:

2232 1506 2375 1566 circa
2404 1508 2678 1565 Christum
2709 1517 2833 1565 sunt
2860 1527 2874 1566 :
2901 1510 3018 1565 istis
3044 1510 3185 1566 enim
3226 1509 3610 1567 divisionibus
3631 1523 3812 1569 contra-

2235 1602 2373 1656 rium
2402 1599 2534 1656 nihil
2560 1610 2661 1666 est,
2694 1602 2808 1656 htec
2849 1602 2990 1658 enim
3019 1603 3246 1659 multam
3281 1605 3459 1660 etiam
3498 1620 3619 1661 cum
3654 1605 3809 1665 divinis

2237 1692 2429 1748 litteris
2470 1693 2880 1749 consonantiam
2924 1695 3144 1752 habent.
3177 1695 3275 1752 Sic
3309 1709 3498 1764 neque
3535 1707 3808 1755 naturarum

2238 1784 2481 1842 conlusio
2511 1785 2622 1851 ﬁet,
2657 1799 2830 1854 neque
2858 1801 3102 1856 personae
3125 1787 3389 1857 quaedam
3421 1801 3591 1858 prava
3631 1788 3803 1846 divisio.

2239 1879 2450 1936 Maneat
2479 1878 2620 1934 enim
2652 1891 2707 1935 et
2747 1886 3056 1934 naturarum
3095 1881 3233 1935 ratio
3269 1879 3590 1948 ineonlusa,
3615 1891 3665 1936 et
3694 1882 3806 1937 indi-

2240 1974 2352 2029 visa
2378 1973 2733 2044 cognoscatur
2755 1987 2876 2029 esse
2906 1987 3155 2042 persona.
3186 1972 3335 2028 illud
3362 1971 3586 2043 quidem
3613 1975 3803 2046 propria

2239 2076 2348 2123 tate
2392 2077 2614 2133 natura,
2662 2067 2837 2122 diviso
2886 2066 3027 2137 quod
3074 2074 3426 2138 assumptum
3471 2074 3558 2122 est
3593 2065 3657 2121 ab
3687 2081 3803 2123 assu-

2240 2167 2450 2225 mente;
2482 2157 2609 2213 illud
2640 2167 2817 2214 autem
2858 2157 3182 2214 adunatione
3225 2171 3492 2229 persona:
3522 2158 3575 2214 in
3610 2172 3701 2214 una
3726 2172 3800 2228 ap-

2241 2252 2531 2322 pellatione
2565 2253 2730 2308 totius
2775 2250 3112 2308 considerata
3152 2253 3276 2309 sive
3325 2251 3686 2319 assumentis,
3715 2252 3802 2308 sive

2239 2346 2400 2403 etiam
2437 2345 2695 2416 assumpti
2739 2355 2926 2401 natura
2953 2387 2968 2412 ,
3004 2355 3057 2401 et
3101 2346 3269 2402 veluti
3306 2347 3406 2410 sic
3436 2348 3606 2404 dicam
3628 2348 3675 2403 in
3707 2349 3798 2404 Filii

2241 2437 2598 2508 appellatione
2625 2436 2784 2493 simul
2812 2447 2865 2494 et
2902 2437 3070 2494 Deum
3117 2438 3362 2495 Verbum
3394 2441 3732 2511 appellamus,
3756 2450 3797 2496 et

2241 2541 2570 2601 assumptam
2601 2539 2869 2597 naturam,
2899 2545 3236 2602 quaecunque
3262 2532 3363 2588 illa
3405 2533 3497 2598 sit,
3529 2531 3795 2604 eonsiguiti-

2241 2637 2428 2679 camus
2460 2628 2681 2692 propter
2699 2622 3078 2679 adunationem
3107 2638 3272 2694 quam
3303 2625 3375 2680 ad
3408 2625 3559 2680 illum
3592 2625 3748 2682 habet.
3777 2642 3792 2678 ι

2245 2715 2414 2771 Estne
2440 2711 2722 2786 quisquam
2742 2753 2759 2782 ,
2790 2713 3210 2772 clementissime
3249 2715 3575 2786 imperator,
3610 2724 3701 2772 tarn
3725 2715 3794 2771 ob-

2243 2809 2441 2866 scurati
2472 2807 2648 2863 cordis
2669 2818 2724 2863 et
2746 2807 2813 2862 ab
2835 2807 3070 2864 humano
3097 2807 3384 2865 intellectu
3411 2807 3620 2879 penitus
3645 2808 3792 2876 alieni,

2244 2900 2334 2969 qui
2365 2901 2477 2954 hate
2505 2899 2729 2954 audiens
2761 2909 2818 2956 et
2845 2900 3110 2971 relegens,
3148 2909 3304 2970 putet
3330 2899 3671 2957 Theodorum
3689 2900 3794 2954 duos

2246 2993 2383 3046 ﬁlios
2411 2992 2768 3061 praedicasse?
2796 2991 2964 3063 Magis
2989 2993 3132 3048 enim
3176 3004 3530 3048 accusatores
3555 2991 3678 3063 ejus,
3702 3001 3791 3060 qua

2245 3093 2469 3154 egerunt
2527 3083 2595 3138 ad
2643 3083 3046 3139 evacuationem
3095 3083 3290 3155 synodi
3345 3080 3790 3143 Chalcedonensis,

2245 3175 2506 3233 existimo
2535 3184 2723 3230 contra
2754 3173 3139 3230 conscientiam
3170 3175 3445 3231 fallaciter
3474 3188 3644 3246 agere,
3666 3181 3789 3242 quam

2243 3285 2338 3341 per
2390 3268 2744 3338 ignorantiam
2792 3267 2846 3322 in
2899 3267 3196 3324 manifestis
3255 3269 3425 3325 rebus
3465 3280 3654 3324 errare.
3691 3264 3790 3319 illud

2243 3371 2424 3418 autem
2457 3370 2540 3416 est
2569 3360 2714 3431 quod
2749 3359 2945 3428 petivi,
2979 3371 3036 3414 ut
3077 3361 3338 3416 attentius
3369 3355 3703 3423 advertatis",
3725 3351 3787 3409 vel

2245 3468 2350 3524 quo
2389 3452 2548 3509 modo
2579 3451 2795 3508 dicendi
2823 3453 3098 3522 loquatur,
3126 3452 3213 3507 ubi
3239 3453 3522 3522 imperitos
3543 3459 3595 3505 et
3620 3449 3788 3518 ignaros

2248 3561 2362 3603 sua:
2392 3545 2705 3601 intentionis
2729 3544 2943 3600 videtur
2967 3543 3243 3600 oll'endere
3267 3563 3280 3598 :
3307 3543 3433 3616 quia
3469 3543 3589 3597 dum
3615 3547 3786 3593 naturas

2251 3641 2303 3698 in
2331 3642 2549 3698 Christo
2573 3642 2885 3697 discernens
2929 3641 3157 3696 alterum
3189 3651 3244 3698 et
3282 3641 3509 3696 alterum
3541 3635 3682 3698 dicit,
3707 3641 3787 3683 non

2253 3739 2405 3810 quasi
2431 3737 2569 3793 duos
2593 3736 2733 3790 ﬁlios
2760 3734 3082 3802 introducit;
3115 3735 3207 3790 sed
3236 3734 3364 3806 quia
3395 3734 3610 3788 alterum
3631 3729 3652 3763 '
3677 3732 3785 3786 Deus

2240 3850 2582 3927 ἀσυγχύτους
2615 3852 2878 3924 φυλάττων
2923 3852 3017 3927 τὰς
3045 3849 3232 3927 ,φύσεις
3277 3852 3364 3905 καί
3409 3847 3719 3927 ἀδιαιρέῖογῑ,
3749 3842 3785 3898 ἓν

2241 3920 2538 3999 ἀμφοτῖιςων
2582 3920 2641 3977 τὸ
2669 3925 2947 3996 πρόσωπον
2981 3921 3221 3999 δείκνυσι]
3252 3926 3337 3976 καὶ
3368 3925 3485 3992 μίαν
3509 3920 3780 3999 τῇτῡέὶησιν,

2239 3988 2466 4066 astutus
2495 3999 2584 4053 τήν
2622 3988 2869 4066 ὶνᾷῥγειαν
2907 3993 3042 4066 μετὰ
3063 4000 3158 4066 τῆς
3198 3988 3450 4066 ἑπομένης
3470 3988 3661 4066 τούτοις
3690 3991 3783 4066 wing

2239 4054 2501 4126 αὐθέντίας
2549 4068 2632 4119 καὶ
2677 4054 2996 4123 tisana-rei“.
3054 4061 3118 4113 Et
3161 4054 3303 4131 quid.
3329 4064 3503 4116 multis
3547 4075 3660 4128 opus
3690 4054 3783 4131 est?

2246 4133 2503 4192 Unitionis
2530 4135 2810 4189 secundum
2839 4126 3182 4188 substantiam
3209 4136 3342 4188 ratio
3372 4138 3424 4187 in
3458 4126 3583 4185 solis
3598 4126 3781 4183 consub-

2245 4208 2569 4263 stantialibus
2599 4222 2716 4260 vera
2745 4213 2818 4260 est
2841 4222 2862 4272 ;
2890 4207 2943 4257 in
2981 4205 3044 4258 iis
3072 4215 3186 4271 qua
3212 4204 3426 4259 alterius
3445 4211 3558 4257 sunt
3585 4200 3782 4272 substan-

553 4285 795 4354 ματικῶν,
846 4277 930 4354 his
971 4268 1186 4354 verbis:
1225 4268 1509 4354 ΘεοδώρουΔ
1533 4268 1910 4354 Μοψουεᾶτίᾳς,
1959 4281 2013 4333 ἐκ
2029 4268 2138 4354 fni);

2247 4282 2331 4335 lia:
2356 4277 2513 4348 falsa,
2539 4294 2655 4354 cum
2683 4279 2792 4331 sine
2833 4268 3136 4354 confusione
3165 4291 3272 4354 esse
3304 4284 3533 4346 nequeat.
3563 4268 3779 4354 Unitioais

552 4346 684 4425 ἆρὸς
705 4349 882 4425 Δόμνᾼον
911 4348 1200 4425 ἐπιστολῆς-⁸
1231 4360 1282 4403 Ἦ
1300 4346 1408 4425 war:
1432 4346 1653 4404 εὐδοκίοίν
1682 4355 1780 4425 τῷν
1805 4353 1999 4422 φύσεων
2021 4352 2140 4405 ἕνω-

552 4420 640 4481 σὶς
668 4423 784 4492 μίαν
814 4421 1107 4493 ἀμφοτέρων
1145 4425 1222 4493 τῷ
1249 4428 1349 4493 τῆς
1379 4420 1666 4493 ὁμωνυμίας
1704 4420 1835 4492 λόγῳ
1875 4423 2143 4493 ἐργάζεται

555 4497 646 4565 τήν
671 4491 1061 4565 ίπροοξηγορίάνρ
1088 4493 1179 4546 τήν
1204 4491 1416 4565 θέλησιν,
1439 4496 1527 4565 τήν
1550 4492 1815 4565 ἐνέργεοᾳν.
1845 4491 1946 4550 τήν
1966 4495 2139 4547 αὐθεν-

554 4564 690 4628 τίαν,
706 4558 796 4619 τῆν
817 4558 1140 4626 δυ’νάστείαν,
1162 4565 1251 4628 τὴν
1267 4559 1590 4618 δεσποτείαν.
1612 4558 1700 4620 τίῆν
1720 4563 1880 4626 ἀξίαν,
1894 4567 1982 4620 τήν
2003 4565 2144 4628 ἐξου-

556 4627 693 4694 σίαν,
725 4627 896 4702 μηδενί
939 4630 1114 4700 τρόπῳ
1161 4627 1536 4704 διαιρουμένην·
1570 4632 1673 4705 ius;
1707 4633 1998 4705 ἀμφοτέρων
2027 4627 2132 4690 δέατ’

555 4703 707 4759 αὐτὴν
738 4703 1021 4774 προσώπου
1050 4703 1134 4774 ῖςξί
1159 4702 1553 4774 simoniacam!
1584 4702 1873 4774 λεγομένου.
1907 4704 2137 4759 Natura-

555 4786 672 4825 rum
700 4768 812 4847 quis
831 4771 988 4847 juxta
1027 4768 1256 4847 ιύδοιίὲαν
1276 4768 1352 4847 ﬁt
1378 4768 1659 4836 adunatio,
1692 4768 2134 4847 unamutriusque

555 4843 810 4916 communi
840 4841 1045 4894 nomine
1083 4841 1480 4912 appellationem
1510 4852 1715 4916 praestat
1741 4884 1755 4908 ,
1786 4841 2096 4901 voluntatem
2116 4891 2130 4916 ,

557 4913 935 4988 operationem,
985 4916 1381 4988 auctoritatem,
1435 4913 1728 4988 potentiam,
1787 4913 2133 4988 dominatum,

553 4981 884 5056 dignitatem,
914 4981 1186 5056 imperium
1226 4984 1367 5039 nullo
1408 4985 1561 5038 modo
1602 4985 1839 5054 divisum,
1878 5005 1993 5042 cum
2033 4981 2138 5044 una

553 5055 819 5125 utriusque
845 5055 1124 5126 secundant
1164 5055 1310 5108 illam
1346 5058 1411 5110 sit
1447 5058 1749 5124 dicaturque
1791 5075 2027 5126 persona.
2073 5061 2139 5115 Et

551 5138 675 5254 post
703 5127 808 5182 alia
836 5143 850 5180 ζ
881 5129 969 5182 Καὶ
1009 5127 1061 5182 τί
1103 5125 1185 5182 δεῖ
1221 5127 1380 5182 πολλά
1418 5129 1610 5200 λέγειν;
1646 5129 1671 5185 ὁ
1702 5125 1798 5190 τῆςν
1834 5130 1940 5186 κατ’
1968 5136 2138 5188 οὐσίαν

607 5203 778 5254 diem:
808 5198 892 5254 ἕπί
927 5199 1086 5254 μόνων
1114 5205 1212 5253 τῶν
1239 5197 1525 5254 ὃμοουσίων
1564 5203 1829 5254 ﬁlioeum:
1860 5205 2025 5254 lci-ver
2060 5205 2138 5254 ἐπὶ

607 5203 778 5274 diem;
808 5198 892 5254 ἕπί
925 5199 1086 5274 μόνων
1110 5205 1212 5274 τῶν
1239 5197 1525 5268 ὃμοουσίων
1564 5203 1830 5274 ἠλήθευταε
1860 5205 2025 5274 λόγος’
2060 5205 2142 5257 ἐπὶ

630 5279 730 5349 τῷν
754 5267 1762 5349 inportunior?Idtéxbsua'rat'auyxbasmr
1784 5271 1909 5328 εἶναι
1925 5267 2150 5349 ’καθαρὸς

552 5342 612 5394 iis
659 5337 953 5413 δυνάμένοφ
994 5340 1020 5396 ὁ
1054 5339 1108 5396 δί
1133 5337 1223 5403 τῆς
1259 5343 1364 5398 κατ’
1392 5337 1615 5398 ιύδοέίὀξν
1659 5345 1888 5406 iudicem;
1930 5337 2140 5420 τρόπος,

626 5456 645 5488 ⁸
682 5456 812 5511 Cod.
849 5458 1072 5524 Verum,
1103 5457 1180 5512 De
1212 5459 1477 5512 Theodoro
1499 5458 1653 5522 dicit,
1699 5473 1859 5528 neque
1888 5459 2136 5511 unitatem

551 5541 800 5599 summam
830 5531 1071 5598 ignorans
1099 5533 1174 5583 vel
1201 5547 1408 5599 negans.
1441 5531 1602 5583 Absit.
1632 5530 1707 5583 Re
1727 5531 1860 5582 enim
1888 5545 2029 5582 ocra.

625 5597 648 5631 ³
686 5600 829 5654 Idem
853 5597 1007 5666 cod.,
1038 5602 1107 5654 ad
1136 5597 1417 5670 baptizatos
1445 5602 1660 5669 scripto.

2247 4347 2364 4422 vero
2381 4353 2536 4422 juxta
2559 4348 2787 4405 εὐδοκίαν
2815 4348 3019 4422 modus,
3050 4347 3346 4416 inconfusas
3382 4361 3578 4422 seruans
3613 4349 3779 4393 natura:

2246 4419 2294 4477 et
2326 4415 2589 4488 indiuisus,
2626 4435 2780 4473 unam
2802 4421 3060 4487 utriusque
3088 4415 3358 4487 personam
3387 4415 3608 4479 ostendit,
3635 4422 3779 4464 unam-

2245 4495 2346 4564 que
2371 4494 2680 4546 voluntatem
2704 4529 2719 4557 ,
2758 4495 2803 4544 et
2838 4491 3207 4564 operationem
3224 4499 3414 4564 unam,
3444 4501 3552 4564 cum
3576 4497 3668 4564 utut
3690 4489 3775 4564 φξὲξ

2245 4548 2344 4618 ista
2372 4548 2730 4636 consequitur,
2759 4548 3148 4636 auctoritate-ac
3170 4548 3456 4636 dominatu.
3484 4559 3544 4612 Et
3572 4560 3675 4636 post
3698 4548 3775 4636 alia

2245 4650 2459 4719 rursum
2477 4651 2492 4690 :
2509 4631 2774 4719 Karajoip
2795 4635 2881 4688 τὸν
2897 4641 2993 4719 Ξῆς
3011 4631 3242 4719 εὐδοκίας
3262 4633 3449 4719 τρόπον
3467 4637 3534 4716 τεῷ
3553 4633 3652 4719 Θαξίὶ

2245 4707 2532 4786 συναφθεζς)
2558 4707 2626 4766 ὡς
2652 4695 2854 4786 ἤρεμον,
2889 4705 2940 4786 ἐξ
2966 4705 3124 4766 αὐτῆς
3139 4695 3461 4786 incuria-pa;
3486 4695 3772 4786 ὁἸτεξςθξᾷξ-ἔξ

2243 4786 2334 4839 τῆς
2361 4772 2608 4854 τξαρθένου
2637 4772 2778 4839 uade,
2815 4777 3081 4846 μεμένηκεν
3128 4772 3432 4854 ἀδιμαίρετος,
3472 4777 3553 4854 τήν
3589 4772 3630 4854 ἐξ
3649 4772 3773 4854 πτξξςξ

2246 4851 2384 4924 ante)
2412 4829 2774 4924 r‘etu'roaouliaw
2815 4829 2903 4924 lycii
2935 4829 3277 4920 rawoupyimi
3313 4847 3566 4924 égxnxfb!‘
3588 4835 3644 4924 ᾧν

2247 4901 2786 4991 ξοῖτίίσυνοιξρέστερον.
2816 4901 2982 4991 Juxta
3023 4901 3247 4991 modum
3273 4901 3416 4991 enin?
3447 4911 3651 4969 εὐδοκίας

2258 4974 2418 5044 verba
2449 4974 2804 5058 conjunclum,
2838 4999 2891 5040 ut
2923 4988 3168 5052 diximus,
3197 4989 3260 5040 ab
3295 4986 3405 5057 ipso
3430 4994 3569 5058 νιιιενο
3592 4974 3771 5058 quoii;

2246 5042 2640 5133 virgine—nolunt
2668 5071 2739 5114 est
2767 5042 3035 5133 templum,
3069 5042 3254 5133 mansit
3281 5042 3558 5114 itidit't'stnll,

2249 5133 2300 5184 in
2325 5120 2566 5186 omnibus
2611 5148 2727 5185 cum
2770 5120 2881 5200 ipso
2909 5120 3095 5203 habens
3135 5131 3462 5203 voluntatem,
3504 5120 3767 5203 cottidcm‘i“

2250 5209 2591 5273 Operationem
2615 5218 2633 5256 :
2655 5199 2834 5266 quibus
2863 5201 2990 5255 nihil
3026 5215 3132 5255 esse
3161 5207 3322 5273 potest
3349 5199 3676 5270 (Onjunctius._

2337 5273 2362 5311 δ
2402 5275 2544 5328 Idem
2578 5273 2787 5328 videtnr
2813 5273 2902 5343 qui
2934 5273 2985 5326 in
3009 5273 3218 5328 actione
3241 5271 3276 5328 4
3304 5269 3485 5344 synodi
3510 5280 3539 5321 V
3563 5257 3766 5334 μετβεωθ

2597 5289 2787 5324 ῖιιιθιιιι*
2813 5289 2902 5324 0111
2934 5289 2985 5324 In
3009 5289 3068 5324 Ἄρ

2255 5345 2561 5400 inscribitur
2587 5361 2602 5397 :
2626 5344 2705 5397 Ad
2733 5344 3086 5414 boptizandos.

2317 5459 2338 5491 ³
2381 5460 2522 5514 Idem
2551 5460 2697 5527 cod.,
2730 5461 2997 5527 Dominos,
3034 5473 3144 5518 aut.

2321 5529 2350 5606 ξ
2385 5532 2526 5606 idem
2554 5517 2702 5606 cod.,
2736 5517 3012 5586 advertatis
3039 5517 3140 5606 hoc,
3167 5537 3441 5606 proposito,
3465 5517 3554 5584 uel.

2331 5602 2351 5634 ⁸
2391 5603 2534 5658 Idem
2562 5605 2707 5670 cod.,
2734 5609 2952 5659 alterum
2977 5615 3049 5659 est
3073 5602 3235 5663 Deus.

617 5714 654 5794 γέ
688 5712 896 5794 [idem
926 5715 980 5770 in
1025 5715 1163 5772 hunc
1195 5717 1366 5772 locum
1399 5716 1685 5773 Toutteum
1707 5713 1774 5770 ad
1804 5712 2060 5788 Cyrillum
2083 5715 2656 5793 Ilienosolymitanum,
2690 5721 2907 5778 dissert.
2940 5721 2992 5793 5,
3019 5737 3138 5794 cap.
3170 5721 3222 5791 4,
3255 5737 3398 5781 num.
3431 5699 3512 5786 25,
3542 5719 3644 5784 μευ
3666 5689 3757 5758 cm

550 5786 682 5854 edit.
710 5784 882 5842 Paris,
