4104 6360
318 297 425 355 149

1211 295 1345 352 PRO
1389 291 1816 349 DEFENSIONE
1857 290 2071 347 THiUM
2104 291 2414 349 CAPITUL.
2449 293 2576 350 LIB.
2622 295 2713 351 IX.

3502 297 3612 358 ’1ΰο

313 413 559 469 Verbum
594 420 803 476 natura,
857 412 992 468 sicut
1024 411 1109 466 hic
1162 412 1564 467 evidentissime
1604 409 1788 476 docet;
1833 408 1914 462 al-
1950 407 1995 468 Α
2025 406 2182 460 οειτάἱ
2210 407 2370 462 mOdO
2393 409 2777 466 commendo”
2800 409 3068 467 “Nesse
3088 413 3271 485 itaque
3309 415 3465 472 "0N8
3489 417 3607 476 hac

314 515 498 564 terum
533 514 714 560 autem
749 505 888 574 quod
932 511 1265 573 assumptum
1305 512 1420 569 est,
1459 502 1548 573 qui
1581 511 1759 557 tamen
1790 515 1909 570 pcr-

317 613 455 655 sona
500 598 641 652 idem
685 597 798 666 ipse
835 595 1123 650 invenitur.
1165 593 1273 650 Nec
1302 608 1444 660 mea,
1496 593 1589 648 sed
1637 591 1753 664 ejus
1795 591 1910 647 haec

321 690 492 746 verba
523 696 665 756 sunt,
697 685 1013 757 exponentis
1036 687 1410 757 semetipsum,
1438 694 1494 742 et
1519 684 1761 742 docentis
1782 699 1914 756 quo-

323 781 489 837 modo
513 779 735 850 intelligi
755 780 1011 835 debeatin
1031 779 1263 845 caeteris,
1291 780 1377 834 ubi
1408 781 1485 835 sic
1517 779 1751 849 loquitur
1784 797 1794 830 :
1822 779 1911 846 qui

327 877 433 932 hoc
461 877 630 946 ipsum
660 885 940 945 repetens,
973 884 1031 931 ut
1068 874 1329 939 decebat,
1357 873 1530 930 sicubi
1575 874 1680 928 tale
1718 872 1914 944 aliquid

324 972 525 1027 dicitur
548 974 590 1039 ',
613 988 716 1027 non
742 971 896 1026 aliter
922 971 1077 1027 nobis
1099 971 1468 1042 accipiendum
1495 984 1614 1026 esse
1641 981 1915 1025 commen-

331 1063 446 1119 dat.
480 1081 498 1115 1
533 1061 587 1117 Si
617 1062 758 1118 enim
799 1061 1003 1133 integre
1043 1061 1372 1127 conceditur,
1402 1060 1603 1131 inquit,
1651 1059 1752 1113 hoc
1784 1059 1917 1114 alte-

328 1170 448 1211 rum
483 1168 602 1209 esse
631 1153 696 1207 ab
725 1152 820 1206 illo
853 1161 1062 1218 natura,
1096 1163 1148 1208 et
1176 1151 1542 1217 manifestum,
1571 1151 1692 1224 quia
1713 1152 1916 1221 aequale

330 1262 438 1303 non
463 1243 697 1315 estquod
724 1255 1053 1314 assumptum
1079 1253 1161 1299 est
1189 1241 1483 1298 assumenti
1501 1285 1514 1308 ,
1547 1257 1719 1311 neque
1745 1241 1916 1296 simile

337 1339 442 1394 hoc
475 1338 583 1403 illi,
610 1350 782 1406 neque
809 1337 950 1391 idem
975 1336 1113 1406 quod
1141 1345 1472 1406 assumptum
1497 1345 1577 1390 est
1602 1333 1916 1400 assumenti,

335 1427 675 1485 manifestum
698 1427 818 1494 quia
837 1428 974 1482 idem
1001 1428 1111 1496 ipse
1134 1428 1433 1482 invenietur
1454 1426 1778 1480 adunatione
1801 1439 1918 1494 per-

330 1535 500 1576 sona}.
530 1537 547 1570 1
575 1518 856 1588 Perspicis,
875 1519 1130 1588 Anguste,
1151 1519 1290 1590 quod
1313 1533 1416 1573 non
1439 1531 1689 1589 persona,
1715 1515 1806 1571 sed
1827 1531 1920 1570 na-

335 1620 458 1665 tura
487 1611 684 1680 potius,
711 1620 1074 1666 assumcntem
1106 1612 1172 1664 ab
1202 1622 1476 1680 assumpto
1508 1611 1732 1666 alterum
1755 1609 1916 1675 dicat,

329 1708 382 1756 et
413 1700 478 1754 de
505 1701 712 1755 naturis
741 1700 843 1755 hoc
888 1701 1018 1756 velit
1062 1700 1320 1769 intelligi,
1359 1716 1585 1771 quarum
1625 1711 1707 1755 est
1753 1701 1916 1756 tnulta

2013 497 2130 567 ejus
2161 498 2298 552 ratio
2325 499 2488 556 debet
2527 502 2593 556 ad
2622 501 2712 556 illa
2738 518 2857 572 quae
2886 503 3138 560 videntur
3166 507 3414 576 obseura,
3459 516 3516 565 ut
3543 524 3616 568 ex

2014 591 2101 648 his
2146 594 2462 650 certissimis
2514 596 2622 651 alia
2680 607 2800 666 quae
2851 597 2990 654 forte
3018 609 3144 654 sunt
3192 601 3352 658 dubia
3398 599 3612 673 judice-

2017 700 2157 740 mus.
2185 684 2302 740 Non
2339 685 2670 756 aspiciamus
2701 687 2752 740 in
2795 686 3021 744 furtivas
3060 691 3446 747 sententiarum
3494 693 3614 764 ejus

2017 776 2303 847 particulas
2329 817 2340 842 ,
2366 791 2500 846 quas
2550 777 2674 832 ideo
2712 779 3013 847 praecidunt
3043 780 3279 838 hmretici
3304 821 3318 848 ,
3348 785 3409 839 ut
3452 784 3506 838 in
3535 785 3613 840 eis

2017 884 2126 925 non
2157 879 2420 940 appareat
2451 870 2678 926 dicentis
2709 871 2955 928 intentio.
2990 872 3144 940 Quod
3194 891 3323 948 ergo
3353 877 3507 934 nobis
3533 878 3616 935 di-

2017 971 2165 1028 cunt,
2196 962 2560 1032 disputantem
2589 962 2660 1018 de
2683 960 2883 1019 Christi
2932 966 3302 1023 incarnatione
3335 969 3617 1040 scripsisse

2019 1053 2364 1110 Theodorum
2411 1070 2519 1109 non
2555 1055 2694 1110 idem
2740 1069 2861 1111 esse
2909 1068 3242 1128 assumptum
3282 1051 3646 1135 assumenti,’

2018 1145 2112 1202 sed
2141 1146 2369 1201 alterum
2403 1161 2526 1202 esse
2553 1156 2610 1202 et
2640 1148 2897 1214 alterum,
2932 1149 3034 1204 hoc
3063 1159 3117 1205 et
3145 1166 3243 1206 nos
3271 1167 3392 1207 eum
3415 1154 3615 1213 dixisse

2021 1237 2335 1292 testimonio
2363 1238 2616 1305 praesenti
2651 1239 3090 1304 monstravimus,
3123 1239 3216 1295 sed
3265 1257 3363 1310 pro
3389 1244 3612 1301 duarum

2018 1328 2335 1384 diversitate
2380 1338 2716 1394 naturarum,
2751 1343 2858 1382 non
2897 1344 2994 1397 pro
3028 1330 3183 1386 unius
3212 1331 3470 1389 divisione
3495 1315 3636 1403 per?

2020 1435 2168 1476 sonae
2194 1440 2205 1474 :
2231 1422 2369 1476 sicut
2401 1422 2652 1488 dicimus,
2683 1421 2914 1477 alterum
2942 1437 3065 1479 esse
3091 1423 3407 1481 interiorem
3442 1425 3616 1482 homi-

2022 1527 2146 1568 nem
2174 1513 2240 1568 ad
2272 1513 2560 1584 imaginem
2601 1521 2657 1567 et
2683 1513 3092 1570 similitudinem
3143 1515 3236 1570 Dei
3285 1515 3518 1584 factum,
3557 1526 3614 1574 et

2025 1605 2256 1661 alterum
2287 1607 2612 1662 exteriorem
2651 1604 2967 1661 similiorem
3003 1607 3175 1677 magis
3215 1607 3496 1676 pecoribus
3527 1609 3612 1665 Ia-

2023 1705 2172 1752 ctum
2205 1715 2217 1751 :
2245 1713 2349 1752 non
2375 1699 2515 1767 quod
2539 1699 2660 1752 dum
2689 1713 2952 1766 personae,
2978 1699 3070 1754 sed
3098 1700 3239 1770 quod
3267 1705 3386 1756 dure
3411 1710 3618 1760 natum

328 1789 634 1858 diversitas,
683 1800 734 1846 et
781 1791 847 1846 de
887 1806 1108 1861 quarum
1159 1793 1365 1847 ratione
1406 1793 1657 1848 convenit
1703 1794 1908 1861 dicere,
1945 1781 1994 1845 Β
2017 1790 2146 1845 sint.
2174 1790 2326 1857 Quod
2355 1791 2515 1845 etiam
2542 1790 2697 1860 hujus
2729 1789 3008 1846 manifesta
3040 1791 3202 1846 verba
3233 1793 3527 1860 declarant,
3553 1802 3613 1850 et

330 1885 452 1955 quia
487 1899 590 1939 non
619 1891 702 1939 est
735 1883 875 1939 idem
921 1885 1060 1954 quod
1105 1895 1438 1955 assumptum
1466 1894 1550 1941 est
1580 1885 1872 1940 assumenti
1900 1902 1912 1938 :

330 1980 400 2031 de
434 1991 660 2046 persona
683 1992 814 2033 vero
844 1976 987 2032 dicat
1015 1979 1154 2048 quod
1181 1979 1321 2034 idem
1351 1980 1420 2033 sit
1451 1993 1733 2035 assumens
1759 1990 1918 2050 atque

331 2077 664 2138 assumptus.
721 2069 918 2124 Plusne
945 2069 1138 2140 aliquis
1167 2071 1346 2126 dicere
1378 2072 1546 2140 potuit
1573 2088 1729 2143 quam
1779 2073 1914 2127 idem

332 2158 484 2229 ipse?
515 2159 654 2228 quod
681 2160 734 2214 in
760 2160 859 2214 hac
887 2161 1177 2228 sententia,
1218 2178 1319 2218 non
1355 2169 1557 2218 tantum
1591 2163 1792 2231 semel,
1825 2164 1917 2218 sed

330 2249 526 2307 Iterum
569 2252 700 2307 dicit
728 2253 991 2324 :ideoque
1021 2254 1499 2322 sequitur,‘dieens
1545 2258 1654 2312 sic:
1687 2276 1704 2309 1
1739 2257 1919 2328 Neque

336 2354 648 2400 naturarum
699 2345 787 2400 ﬁet
839 2347 1124 2415 confusio,
1170 2363 1344 2417 neque
1403 2363 1646 2420 persona:
1674 2336 1917 2420 quaedam

335 2449 496 2508 prava
547 2436 767 2491 divisio.
802 2455 820 2489 I
852 2438 990 2506 Quid
1021 2439 1320 2494 evidentius
1367 2455 1629 2509 quaerere,
1662 2439 1746 2494 vel
1793 2438 1917 2508 quid

336 2527 569 2600 amplius
595 2529 661 2584 de
702 2529 795 2583 illo
834 2540 1147 2599 exspectare
1175 2531 1492 2600 possemus?
1522 2542 1574 2584 et
1616 2542 1789 2584 tamen
1831 2528 1920 2584 ille

337 2621 513 2676 adhuc
557 2619 702 2675 addit
742 2627 794 2676 et
841 2620 1008 2676 dicit:
1041 2641 1058 2672 ι
1096 2622 1306 2677 Maneat
1345 2625 1484 2678 enim
1519 2632 1571 2676 et
1608 2633 1916 2678 naturarum

339 2711 479 2767 ratio
524 2711 822 2780 inconfusa,
869 2721 923 2768 et
965 2713 1189 2769 indivisa
1238 2727 1593 2786 cognoscatur
1635 2731 1754 2770 esse
1800 2731 1923 2785 pcr-

339 2818 489 2858 sena.
521 2823 538 2856 ι
585 2804 651 2859 Et
674 2805 864 2859 iterum
892 2807 1181 2872 cumulata,
1207 2807 1251 2863 si
1284 2808 1563 2862 dicendum
1597 2817 1696 2875 est,
1734 2822 1920 2875 super--

338 2895 702 2960 sccumulans,
729 2895 803 2950 ait
831 2911 842 2949 :
879 2914 897 2948 ‹
930 2896 1064 2952 Illud
1090 2899 1302 2968 quidem
1334 2900 1659 2969 proprietate
1691 2912 1914 2966 naturae,

339 2988 510 3044 diviso
539 2990 679 3058 quod
712 3000 1042 3060 assumptum
1078 3001 1160 3046 est
1192 2992 1258 3047 ab
1292 3003 1620 3048 assumente.
1647 2993 1781 3048 Illud
1824 3007 1918 3047 au-

340 3089 446 3138 tem
475 3081 798 3137 adunatione
826 3098 1093 3152 personrc,
1123 3086 1175 3139 in
1221 3102 1324 3140 una
1357 3087 1712 3156 appellatione
1757 3086 1917 3140 totius

341 3173 680 3229 considerata
715 3175 832 3231 sive
861 3179 1188 3233 assumentis
1219 3178 1329 3233 sive
1361 3179 1516 3232 etiam
1543 3180 1800 3248 assumpti
1829 3195 1921 3233 na-
1948 3149 1996 3214 ο

342 3275 485 3329 tura,
517 3275 570 3319 et
593 3266 755 3320 veluti
788 3269 863 3320 sic
901 3267 1070 3321 dicam
1109 3269 1160 3322 in
1191 3269 1309 3323 Filii
1349 3271 1730 3340 appellatione,
1765 3270 1922 3324 simul

342 3366 395 3412 et
425 3357 588 3412 Deum
640 3357 871 3413 Verbum
916 3362 1265 3429 appellamus,
1294 3372 1346 3417 et
1395 3373 1720 3433 as<umptam
1771 3373 1924 3418 natu-

342 3463 498 3518 ram,
548 3468 881 3523 quaecunque
923 3456 1010 3510 illa
1060 3455 1163 3521 sit,
1215 3458 1699 3528 consignilicamus.
1747 3479 1763 3508 ι
1803 3461 1924 3514 Ideo

341 3554 469 3597 vero
511 3543 671 3612 dicit,
726 3563 1056 3619 quaecunque
1106 3549 1191 3603 illa
1244 3549 1331 3614 sit,
1385 3552 1634 3620 quoniam
1687 3551 1924 3608 haeretici

342 3642 530 3689 contra
557 3650 691 3706 quos
740 3637 881 3708 agit,
906 3641 1067 3694 etiam
1096 3658 1124 3694 a
1162 3657 1220 3695 se
1260 3643 1476 3697 diverso
1514 3660 1697 3700 errore
1731 3647 1796 3700 de
1845 3649 1924 3700 in-

343 3728 650 3783 carnatione
705 3730 1044 3789 dissentiunt.
1095 3734 1226 3790 Nam
1289 3739 1662 3807 Apolinaristae
1710 3742 1922 3809 quidem

342 3818 516 3873 carnis
539 3830 590 3875 et
617 3824 807 3877 animae
853 3833 1096 3881 naturam
1127 3837 1150 3865 α
1197 3831 1312 3885 sine
1349 3842 1529 3885 mente
1561 3835 1921 3901 assumpsisse

349 3905 635 3963 Dominum
668 3913 923 3979 credunt;
957 3916 1138 3975 Ariani
1175 3933 1304 3971 vero
1331 3919 1508 3972 carnis
1534 3926 1921 3978 tantummodo.

345 3997 548 4056 Idcirco
601 4004 757 4057 etiam
811 4008 1055 4073 superius
1098 4007 1209 4061 ait:
1246 4010 1472 4063 alterum
1514 4011 1652 4065 Deus
1695 4014 1925 4068 Verbum

343 4098 556 4158 natura,
580 4095 807 4147 alterum
833 4105 1008 4150 autem
1033 4098 1172 4166 quod
1197 4110 1526 4166 assumptum
1553 4114 1651 4170 est,
1674 4104 1926 4175 quidquid

345 4181 471 4237 illud
500 4185 588 4238 sit.
625 4184 728 4240 Sed
763 4187 1005 4256 nunquid
1055 4197 1173 4258 post
1219 4190 1357 4245 hanc
1402 4194 1740 4248 manifestam
1774 4197 1927 4251 nobis

346 4275 413 4330 ab
445 4291 509 4332 eo
533 4279 771 4347 regulam
800 4282 1174 4348 constitutam,
1205 4292 1256 4338 et
1282 4299 1385 4338 non
1410 4289 1572 4341 semel
1599 4300 1687 4342 aut
1712 4290 1925 4359 iterum,

344 4367 436 4423 sed
476 4369 670 4438 saepius
701 4371 1089 4442 conculcatam,
1139 4376 1443 4447 ubicunque
1477 4379 1740 4436 dictorum
1804 4399 1928 4438 suo-

342 4470 457 4513 rum
489 4460 755 4515 invenitur
776 4461 843 4516 de
880 4462 1090 4519 Christo
1136 4465 1362 4538 loquens
1394 4470 1623 4525 altermn
1658 4473 1723 4529 ab
1754 4475 1924 4532 altero

343 4564 649 4620 secernere,
675 4563 728 4609 et
759 4567 1126 4612 assuntcntetn
1151 4557 1224 4614 ita
1265 4560 1597 4633 distinguere
1624 4565 1692 4620 ab
1719 4580 1929 4622 assum-
1955 4537 2004 4597 υ

343 4650 452 4711 pto,
481 4652 615 4699 utet
642 4644 744 4700 hoc
771 4655 825 4701 et
859 4646 985 4704 illud
1019 4651 1160 4706 idem
1191 4667 1294 4706 non
1325 4669 1442 4711 esse
1483 4658 1787 4724 conﬁrmet,
1831 4675 1928 4730 pro

342 4730 602 4792 divisione
645 4739 803 4793 unius
844 4756 1090 4809 persona:
1115 4745 1340 4813 dictum,
1387 4755 1442 4801 et
1480 4763 1584 4802 non
1628 4751 1803 4820 potius
1834 4767 1928 4821 pro

247 4821 249 4824 ⁴
345 4825 654 4883 diversitate
697 4829 920 4886 duarum
972 4845 1282 4890 naturarum
1338 4837 1600 4896 debemus
1640 4845 1925 4914 accipere,

345 4927 465 4971 cum
517 4913 657 4971 dicat
701 4919 822 4987 quia
879 4938 1104 4990 persona
1166 4926 1306 4981 idem
1354 4928 1469 4997 ipse
1515 4942 1600 4985 est
1643 4913 1930 4990 assumens

345 5015 504 5078 atque
532 5019 858 5077 assumptus,
890 5021 943 5067 et
983 5014 1085 5068 hoc
1110 5015 1284 5084 ipsnm
1311 5028 1541 5087 repetat,
1582 5029 1632 5073 et
1662 5023 1810 5076 vario
1848 5024 1926 5077 di-

418 5154 443 5180 δι
485 5143 596 5199 Hoc
637 5158 846 5222 quoque
893 5147 1180 5222 discrimen
1215 5160 1536 5222 artanorum
1574 5163 1628 5208 et
1675 5157 1928 5222 Apolina-

350 5215 601 5291 ristarunt
625 5215 1274 5291 observat‘Theodoretus
1294 5221 1502 5291 dialogo
1533 5223 1586 5276 Ξ.
1617 5224 1687 5279 At.
1706 5215 1924 5284 Sanetus

347 5287 672 5367 Augustinus
706 5288 900 5367 haeresi
949 5289 1016 5343 55
1045 5289 1307 5367 signiﬁcat
1340 5287 1727 5367 Apo’linaristas
1780 5301 1926 5367 priu-

348 5357 485 5424 cipio
533 5370 657 5410 cum
694 5358 903 5412 Arianis
954 5374 1189 5414 SCIISISSO
1233 5357 1502 5416 Christum
1552 5357 1927 5425 earnem'sine

348 5429 890 5499 animasuscepissc:
933 5441 1110 5497 poster
1146 5435 1466 5499 evangelicis
1502 5438 1816 5492 ιιιδιίιιιυιιίίδ
1847 5444 1927 5494 vi-

348 5497 690 5572 ctos_dixIsse
723 5510 953 5572 illt'illeill
985 5520 1087 5556 non
1123 5497 1354 5555 Fuisse—in
1383 5508 1555 5558 anima
1587 5510 1804 5572 Christi,
1833 5513 1928 5566 sed

351 5580 446 5634 pro
475 5567 572 5620 hac
603 5570 772 5634 ipsum
803 5571 1030 5625 Verbum
1055 5574 1104 5626 in
1129 5590 1190 5626 ea
1221 5574 1400 5629 tuisse.
1426 5577 1591 5642 Quam
1618 5579 1685 5632 ob
1712 5567 1923 5638 causam

423 5677 440 5750 ξ
480 5680 608 5750 Cod.
639 5681 864 5750 Veron.,
893 5688 1031 5740 (iitfil.

422 5747 442 5779 ¹
481 5747 622 5810 Idem
651 5755 791 5822 cod.,
819 5747 1048 5828 cogitate.

2020 1882 2340 1937 inconcusse
2392 1881 2680 1936 tenendum
2731 1882 3014 1951 multiplici
3067 1885 3223 1939 nobis
3276 1887 3606 1954 repetitione

2019 1972 2420 2030 commendant.
2453 1972 2589 2028 Illud
2619 1988 2749 2043 ergo
2776 1974 2931 2029 nobis
2963 1975 3139 2043 potius
3167 1977 3394 2045 probent
3423 1983 3466 2033 si
3490 1994 3615 2048 pos-

2021 2077 2171 2131 sunt,
2207 2069 2299 2123 ubi
2352 2067 2646 2122 secundum
2701 2082 2988 2137 personam
3038 2083 3144 2122 non
3175 2069 3422 2125 eumdem
3470 2086 3614 2143 esse,

2019 2160 2102 2215 vel
2132 2160 2362 2214 alterum
2385 2174 2505 2214 esse
2531 2159 2745 2224 dixerit,
2772 2169 2830 2214 ut
2851 2175 2974 2215 eum
2999 2176 3100 2216 nos
3120 2176 3332 2232 quoque
3354 2164 3616 2221 fateamur

2020 2266 2250 2309 errasse.
2285 2253 2507 2307 Probari
2539 2260 2717 2308 autem
2765 2253 2864 2308 hoc
2894 2254 3218 2323 expetimus,
3251 2272 3357 2311 non
3387 2272 3485 2327 pro
3515 2273 3616 2315 ne-

2022 2347 2140 2402 scio
2176 2347 2329 2414 cujus
2359 2345 2666 2415 suspicione
2714 2355 2805 2400 aut
2854 2347 3126 2402 voluntate
3161 2347 3386 2416 jactari,
3422 2357 3480 2404 ut
3506 2365 3616 2408 non

2021 2452 2085 2494 ex
2114 2439 2340 2492 a‘iorum
2388 2437 2701 2508 conjectura
2751 2438 2865 2514 sive
2913 2439 3179 2493 calumnia
3207 2480 3221 2505 ,
3256 2443 3348 2496 sed
3397 2457 3468 2497 ex
3501 2443 3617 2500 suis

2023 2532 2200 2587 verbis
2234 2533 2428 2588 merito
2463 2531 2755 2601 judicetur.
2785 2513 2844 2585 Si
2891 2547 3022 2587 vero
3069 2533 3200 2586 nihil
3251 2535 3304 2588 in
3356 2549 3477 2592 eum
3507 2538 3618 2595 tale

2025 2623 2239 2692 probari
2275 2633 2470 2692 potest,
2506 2623 2778 2693 quomodo
2807 2640 2926 2677 eum
2959 2624 3146 2680 dicunt
3169 2642 3197 2678 a
3230 2627 3437 2698 synodo
3458 2627 3620 2684 Chal-

2024 2715 2313 2770 cedonensi
2346 2723 2594 2783 tanquam
2638 2714 2938 2768 Nestoriani
2977 2715 3243 2784 dogmatis
3285 2717 3620 2775 inventorem

2023 2805 2275 2860 debuisse
2295 2805 2579 2859 damnari?
2607 2805 2706 2870 Qui
2737 2818 2921 2859 rursus
2961 2813 3116 2859 sexto
3148 2807 3388 2874 ejusdem
3437 2810 3616 2878 operis

2023 2898 2192 2962 libro,
2225 2899 2458 2965 capitulo
2517 2896 2584 2950 51
2628 2897 2885 2950 adversus
2929 2898 3148 2952 eosdem
3183 2900 3612 2970 Apolinaristas,

2022 2994 2113 3063 qui
2147 3009 2243 3048 nos
2273 2994 2446 3049 videri
2486 2993 2668 3046 volunt
2718 2993 3070 3048 hominicolas
3100 2993 3149 3059 ἲ),
3178 2995 3255 3049 sic
3297 2995 3613 3064 respondit:

2030 3110 2050 3141 ι
2086 3091 2146 3144 Si
2192 3106 2317 3158 ergo
2347 3070 2618 3142 hominem
2668 3087 2911 3143 dicentes
2957 3087 3226 3142 Christum
3273 3089 3614 3147 hominicolas

2027 3181 2207 3238 vocari
2235 3177 2379 3247 juste
2409 3179 2488 3232 eis
2518 3178 2785 3242 videmur,
2821 3178 2920 3232 hoc
2961 3186 3244 3247 antequam
3278 3194 3374 3234 nos
3409 3187 3619 3236 dicere-

2029 3285 2148 3324 mus
2180 3269 2462 3339 Scriptura
2497 3268 2679 3323 docuit
2709 3281 2898 3322 omnes
2930 3269 3176 3324 homines
3208 3284 3301 3338 per
3330 3286 3390 3324 ea
3428 3272 3620 3341 quibus

2031 3361 2300 3413 hominem
2336 3373 2530 3414 vocare
2561 3374 2664 3413 non
2696 3367 2930 3422 recusat,
2964 3359 3099 3413 sicut
3131 3361 3378 3428 superius
3407 3361 3462 3414 in
3503 3363 3618 3432 ple-

2029 3453 2209 3521 risque
2238 3453 2370 3507 locis
2393 3453 2571 3507 vocari
2601 3455 2700 3506 hoc
2722 3452 2942 3507 nomine
2968 3451 3238 3508 Christum
3260 3455 3615 3512 ostendimus.

2030 3547 2136 3602 Sed
2168 3548 2434 3602 hominem
2454 3587 2468 3613 ,
2506 3547 2786 3616 inquiunt,
2821 3561 3010 3614 purum
3047 3546 3288 3601 dicentes
3314 3561 3435 3603 esse
3461 3547 3619 3604 Chrio

2030 3647 2172 3693 stum
2205 3638 2552 3693 hominicolas
2591 3645 2802 3706 oportet
2833 3638 3010 3690 vocari
3044 3655 3056 3689 :
3092 3638 3191 3691 hoc
3227 3637 3338 3707 jam
3371 3649 3616 3708 apertum

2030 3732 2366 3786 mendacium
2427 3740 2547 3795 est,
2596 3730 2858 3798 siquidem
2917 3732 3019 3784 hoc
3063 3732 3242 3787 dicere
3307 3734 3616 3789 voluerunt.

2030 3822 2219 3879 Nullus
2249 3824 2393 3878 enim
2438 3822 2722 3890 aliquando
2768 3822 2881 3875 haec
2931 3837 3028 3875 nos
3074 3823 3254 3876 dicere
3285 3823 3524 3887 audivit;
3557 3832 3614 3879 et

2034 3925 2160 3986 puto
2193 3930 2368 3984 neque
2396 3916 2529 3969 istos
2553 3915 2834 3983 suscipere
2858 3928 3015 3982 posse
3039 3915 3254 3969 mentiri
3278 3915 3620 3974 mendacium

2035 4019 2140 4063 tam
2171 4016 2413 4074 apertum
2445 4025 2456 4058 :
2486 4022 2589 4061 non
2621 4006 2744 4075 quia
2777 4020 2884 4058 non
2914 4006 3128 4076 cognite
3152 4009 3170 4038 '
3209 4021 3267 4062 se
3296 4007 3524 4062 habeant
3548 4006 3619 4063 ad

2032 4098 2392 4165 mendacium,
2435 4099 2529 4152 sed
2557 4097 2677 4165 quia
2709 4099 2956 4167 redargui
2987 4112 3045 4152 se
3075 4113 3234 4166 posse
3261 4098 3513 4154 facillime
3534 4101 3617 4155 vi-

2031 4191 2158 4246 dent
2184 4209 2195 4242 :
2222 4205 2520 4259 quanquam
2553 4190 2598 4243 si
2631 4189 2807 4242 minus
2836 4188 2952 4256 ejus
2973 4189 2992 4218 ⁸
3021 4198 3191 4251 curet,
3223 4197 3278 4244 et
3315 4190 3418 4243 hoc
3445 4188 3608 4245 forsi-

2033 4303 2120 4347 tan
2153 4291 2439 4360 contingat.
2467 4291 2572 4344 Nos
2595 4289 2735 4344 enim
2768 4288 2881 4343 haec
2909 4289 3110 4356 dicere,
3148 4288 3196 4342 id
3224 4299 3303 4343 est
3338 4270 3612 4357 Uuigeniti

2033 4399 2229 4454 negaro
2271 4383 2636 4444 divinitatem,
2668 4395 2895 4436 summa;
2926 4381 3074 4434 furiae
3107 4394 3230 4435 esse
3260 4380 3609 4450 arbitramur,

2031 4487 2122 4530 aut
2174 4473 2294 4543 quid
2343 4475 2448 4541 jam
2500 4482 2666 4527 restat
2711 4487 2807 4526 cur
2837 4471 2905 4524 ab
2938 4471 3211 4525 haereticis
3256 4473 3616 4542 separemur?

2030 4567 2181 4635 cujus
2209 4565 2287 4618 rei
2310 4564 2478 4634 gratia
2502 4573 2556 4619 et
2587 4563 2718 4616 tales
2743 4570 2798 4616 et
2827 4568 3002 4616 tantas
3031 4563 3433 4630 persecutiones
3455 4562 3620 4619 susti-

2033 4672 2221 4712 nemus
2242 4653 2301 4709 δῖ’
2330 4663 2423 4709 aut
2450 4655 2568 4724 quis
2611 4656 2821 4723 ignorat
2849 4668 3066 4721 semper
3107 4653 3390 4710 adversum
3424 4669 3522 4711 nos
3545 4655 3616 4722 ab

2031 4748 2296 4804 hmreticis
2349 4748 2546 4800 bellum
2601 4745 2723 4816 agi?
2781 4759 2941 4799 omne
2989 4745 3298 4812 metallum,
3351 4756 3406 4801 et
3457 4760 3622 4806 omne

2033 4843 2206 4896 locum
2241 4840 2514 4894 desertum
2543 4839 2804 4906 repletum
2835 4846 3010 4892 estex
3055 4840 3258 4893 nostris
3301 4838 3615 4904 hominibus

2033 4945 2252 5004 propter
2299 4932 2593 4986 doctrinam
2666 4931 2898 4999 pietatis.
2954 4948 2974 4982 ι
3022 4930 3090 4986 Et
3141 4938 3260 4999 post
3304 4931 3616 5000 aliquanta:

2040 5044 2058 5078 ι
2096 5026 2222 5079 Hth
2247 5031 2449 5085 autem,
2483 5022 2672 5091 inquit,
2697 5023 2876 5078 omnia
2905 5021 3120 5092 quando
3149 5021 3340 5076 beatus
3368 5021 3617 5080 Meletius

2038 5177 2065 5214 a
2101 5157 2390 5220 nonnullis,
2415 5156 2536 5225 quia
2563 5171 2664 5210 non
2690 5164 2856 5210 totum
2882 5155 3151 5210 hominem
3181 5173 3210 5211 a
3239 5155 3413 5213 Verbo
3431 5169 3617 5215 susce-
3646 5170 3672 5198 κ

2039 5239 2188 5302 ptum
2208 5228 2482 5302 dicebant,
2506 5236 2789 5302 Διμοιρῖται
2811 5227 3059 5302 appellati
3087 5236 3234 5302 sunt.

2108 5298 2134 5336 b
2175 5298 2997 5373 ’ΛνθρωπολάτρᾴςςΑιΙιξίῃθείηδ
3043 5298 3144 5350 sub
3188 5299 3348 5353 linem
3396 5299 3514 5373 libri
3545 5299 3616 5358 de

2040 5369 2405 5446 [incarnatione
2431 5369 2636 5422 Domini
2665 5387 2676 5420 :
2708 5371 2795 5422 Καὶ
2817 5370 2966 5446 gusti;
2989 5378 3420 5446 europa-aramve:
3447 5371 3613 5446 λέγετι

2036 5445 2169 5512 ἡμᾶς
2199 5439 2288 5495 δύο
2328 5441 2485 5512 λέγειν
2523 5443 2696 5503 viz-dc,
2746 5441 2828 5490 καὶ
2871 5440 3297 5512 ἀνθρωποᾎάτρεςς
3327 5439 3611 5512 ὀνομάζὶτε.

2038 5510 2365 5566 Caiumniam
2389 5510 2446 5562 in
2477 5527 2567 5561 nos
2598 5517 2864 5570 struentes,
2908 5510 3034 5562 duas
3062 5510 3504 5577 ﬁlios—dicerem:
3532 5513 3614 5567 di»

2038 5586 2176 5647 citis,
2207 5595 2252 5635 et
2293 5582 2628 5634 hominicolas
2657 5577 2949 5647 appellatis.

2107 5699 2124 5727 ³
2167 5695 2306 5750 Idem
2331 5696 2474 5757 cod.,
2504 5697 2597 5750 eis.

2105 5767 2123 5796 *
2166 5768 2307 5823 Idem
2336 5769 2477 5830 cod.,
2510 5766 2863 5824 sustinuimus.
