4104 6360
1535 240 1831 305 FAC'UNDI
1871 232 2087 296 EPISC.
2129 220 2644 288 HERMIANENSIS
3240 304 3247 305 ί
3711 204 3813 260 752

2055 328 2240 387 Atem
2283 322 2618 391 rediguntur,
2679 312 3016 371 manifestam
3070 303 3476 377 suspicimus
3525 297 3815 352 adunatio-

2140 431 2283 472 nem.
2310 388 2505 468 Beatus
2536 412 2714 479 itaque
2742 407 2975 461 Joannes
2996 397 3378 471 evangelista
3413 392 3563 447 dicit
3592 408 3606 444 :
3643 388 3813 443 Altera

2139 511 2219 563 die
2244 508 2369 562 uidit
2391 505 2572 559 Iesum
2604 503 2883 556 venientem
2910 498 2985 551 ad
3020 513 3073 551 se
3106 503 3170 549 et
3203 490 3362 544 dicit
3400 504 3420 541 :
3455 484 3602 538 Ecce
3648 486 3816 553 Agnus

2142 602 2260 670 Dei,
2287 616 2400 655 ecce
2427 599 2514 668 qui
2542 596 2673 651 tollit
2713 602 2921 665 peccata
2944 590 3149 644 mundi.
3181 585 3318 640 Iste.
3349 588 3437 637 est
3489 579 3559 633 de
3602 596 3707 648 quo
3728 596 3814 649 ego

2143 695 2273 758 dixi,
2318 693 2436 762 quia
2485 696 2599 759 post
2650 705 2728 743 me
2780 687 2913 741 venit
2958 685 3034 738 rir
3070 682 3165 752 qui
3221 686 3369 732 ante
3398 691 3491 727 me
3525 674 3699 743 {actus
3727 681 3813 737 est,

2143 788 2264 854 quia
2292 784 2435 855 prior
2472 799 2553 835 me
2587 789 2717 845 erat,
2766 788 2815 833 et
2859 795 2951 847 ego
2991 775 3312 829 nesciebam
3366 784 3503 823 eum
3556 763 3742 835 (Joan.
3778 784 3812 833 ι,

2146 877 2258 946 29).
2284 877 2381 930 llic
2412 875 2556 929 enim
2586 871 2837 936 dicendo,
2872 869 3015 924 Vidit
3036 868 3239 923 Jesum
3258 861 3612 918 venientem
3645 859 3712 912 ad
3742 874 3815 923 se,

2149 980 2202 1024 et
2229 969 2360 1023 dicit
2390 987 2401 1019 :
2432 967 2571 1022 Ecce
2618 967 2802 1035 Agnus
2844 962 2979 1027 Dei,
3028 957 3353 1015 manifeste
3414 952 3811 1008 humanitatem

2152 1060 2453 1129 signiﬁcare
2491 1057 2620 1112 mihi
2654 1055 2888 1111 videtur.
2924 1053 3037 1108 Hoc
3064 1051 3224 1108 enim
3279 1046 3536 1101 videbat
3586 1044 3817 1113 Baptista

2153 1154 2413 1222 Jonnnes,
2441 1152 2541 1206 hoc
2571 1159 2688 1207 erat
2727 1148 2869 1219 quod
2900 1152 3226 1213 susceperat
3277 1149 3585 1208 mortem,
3630 1152 3811 1207 corpus

2157 1246 2405 1301 videlicet
2452 1242 2594 1312 quod
2643 1256 2738 1311 pro
2790 1240 2938 1294 omni
2967 1237 3221 1291 oblatum
3273 1241 3375 1288 est
3403 1229 3647 1285 mundo.
3672 1228 3813 1295 Quod

2157 1353 2290 1393 vero
2319 1336 2580 1405 sequitur,
2614 1333 2716 1400 Qui
2742 1331 2882 1386 tollit
2914 1338 3132 1400 peccata
3167 1324 3437 1389 mundi,
3473 1336 3807 1392 nequaquam

2157 1428 2268 1501 jam
2298 1428 2549 1482 convenit
2579 1425 2750 1480 carni.
2775 1422 2891 1478 Non
2917 1423 3061 1477 enim
3092 1420 3251 1474 illius
3282 1426 3421 1473 erat
3449 1415 3629 1469 totius
3667 1429 3807 1468 mun-

2164 1522 2217 1577 di
2244 1534 2522 1590 peccatum
2552 1516 2786 1580 auferre,
2818 1513 2913 1570 sed
2944 1521 3060 1569 erat
3083 1512 3187 1566 hoc
3225 1523 3341 1579 pro
3367 1516 3539 1562 certo
3571 1504 3805 1560 divinita-

2166 1613 2235 1667 tis
2256 1627 2411 1681 opus.
2450 1630 2467 1661 ι
2503 1609 2635 1675 Quis
2678 1607 2802 1661 talia
2852 1620 2958 1659 non
3005 1604 3376 1659 existimaret
3433 1607 3570 1667 post
3610 1608 3807 1651 exortas

441 283 539 341 751

446 488 649 544 vincias
693 492 747 538 et
794 480 1033 535 civitates
1078 481 1134 528 et
1165 470 1279 524 loca
1328 464 1396 519 ab
1425 457 1697 516 haereticis
1720 495 1735 519 ,
1772 450 1927 519 cujus
1955 444 2034 501 rei

449 582 656 657 gratia?
684 591 856 632 nonne
881 572 1008 642 quia
1029 565 1315 623 Dominum
1339 557 1618 615 Christum
1655 562 1839 605 verum
1862 541 2033 599 confi-

1442 648 1473 657 ..
1544 646 1557 657 .
1655 652 1665 657 _
1702 639 1885 657 ,νηημ
1920 634 2011 657 ,με

452 634 737 734 :ebantur?
764 634 939 723 nonne
956 662 1078 733 quia
1104 670 1289 712 verum
1313 646 1673 723 praedicabant
1700 639 1890 695 Filium
1920 634 2039 697 Dei,

453 770 521 825 de
550 764 782 822 essentia
825 766 1046 829 paterna
1077 751 1336 821 genitum,
1366 754 1581 809 semper
1619 733 1779 791 simul
1820 738 2040 785 exstan-

455 874 561 917 tem
584 872 704 914 cum
732 820 1023 924 generante
1056 820 1235 908 Patre,
1260 833 1522 894 addentes
1552 832 1713 886 etiam
1736 826 1805 880 de
1828 820 2040 892 Spiritu

458 963 643 1011 sancto
665 919 806 1022 piam
830 937 1257 1001 confessionem?
1281 931 1526 1003 Qualiter
1555 928 1755 993 itaque,
1780 919 1869 989 qui
1897 924 2044 970 tanta

458 1058 677 1120 propter
710 1044 847 1097 hanc
886 1036 1277 1093 confessionem
1315 1024 1458 1095 passi
1494 1033 1699 1079 sumus,
1723 1009 2046 1068 calumniam

1357 1117 1367 1120 ‘
1414 1113 1426 1120 '
1547 1111 1558 1120 '
1803 1115 1913 1120 7---..-
1975 1096 2021 1120 At

460 1096 665 1213 patirah
696 1133 826 1203 ipsis
861 1138 1174 1199 possumus,
1207 1117 1371 1174 veluti
1414 1111 1686 1167 hominem
1728 1115 1920 1172 purum
1971 1096 2052 1150 di-

464 1194 670 1293 centes,
706 1225 867 1279 rebus
899 1219 1032 1288 ipsis
1068 1215 1204 1268 hanc
1230 1205 1552 1265 calumniam
1602 1194 1937 1253 manifestam
1968 1203 2052 1243 re-

466 1314 884 1395 darguentibus?
924 1332 943 1365 ι
978 1304 1257 1376 Quomodo
1307 1301 1407 1354 iste
1451 1292 1820 1363 imprudenter
1852 1282 2051 1343 solum,

1685 1380 1698 1395 .
1782 1394 1787 1395 ,
1838 1373 2025 1395 _.,..__,

468 1432 532 1472 ac
554 1373 660 1469 ιῗοη
685 1410 844 1466 etiam
868 1401 1205 1471 impudenter
1229 1396 1532 1449 accusetur,
1560 1380 1700 1453 quod
1724 1378 1877 1449 quasi
1900 1373 2057 1429 Chri-

471 1520 610 1565 stum
637 1502 905 1559 hominem
930 1466 1119 1565 purnm
1136 1489 1300 1548 dicat,
1326 1484 1513 1552 ignoro
1534 1494 1550 1534 :
1570 1476 1692 1544 quia
1714 1472 1822 1542 jam
1850 1466 2057 1538 pridem

472 1592 867 1668 Apolinaristis,
918 1581 1369 1653 Eutychianorum
1408 1567 1736 1631 auctoribus,
1785 1562 1921 1615 duas
1961 1572 2060 1612 na-

476 1649 621 1747 turras
666 1686 863 1741 Christi
910 1649 1254 1748 negantibus,
1288 1676 1342 1724 et
1381 1672 1665 1736 propterea
1704 1656 1851 1711 velut
1887 1649 2058 1706 homi-

475 1782 682 1838 nicolas
726 1772 1053 1831 orthodnxos
1104 1758 1556 1821 calumniantibus
1588 1794 1603 1821 ,
1646 1750 1737 1814 qui
1786 1744 2061 1802 Christum

478 1886 531 1933 et
569 1872 841 1928 hominem
906 1862 1286 1919 confiterentur
1328 1863 1382 1909 et
1438 1851 1648 1911 Deum,
1704 1842 1896 1897 falsum
1948 1849 2069 1891 esse

480 1931 756 2036 respondit
803 1959 941 2031 quod
990 1956 1262 2011 Christum
1308 1960 1499 2019 purum
1562 1939 1833 1996 hominem
1890 1931 2073 1988 dicere

483 2062 831 2130 putabantur,
862 2052 1136 2108 affirmans
1165 2044 1307 2115 quod
1340 2044 1441 2096 hoc
1470 2039 1538 2091 ab
1565 2037 1645 2091 eis
1674 2031 1853 2087 nullus
1888 2024 2074 2081 audie-

485 2128 578 2223 rit,
629 2159 685 2207 et
735 2148 839 2203 hoc
890 2144 1070 2199 dicere
1106 2151 1330 2194 summa:
1377 2130 1531 2186 furiae
1566 2141 1691 2183 esse
1743 2128 2074 2178 contestans.

490 2215 746 2304 Sanctum
811 2236 1083 2294 Meletium
1158 2226 1551 2285 Antiochenum
1624 2215 1960 2278 antistitem,
2026 2216 2081 2263 et

490 2341 625 2395 alios
675 2334 966 2392 catholicos
1015 2325 1354 2382 confessores
1417 2330 1539 2372 cum
1601 2312 1696 2367 illo
1728 2353 1743 2377 ,
1796 2313 2079 2378 propterea

491 2433 621 2488 dicit
662 2427 881 2485 metalla
914 2432 968 2479 et
1008 2434 1169 2477 omne
1214 2417 1390 2471 locum
1452 2412 1723 2464 desertum
1766 2399 2080 2471 replevisse,

492 2528 613 2597 quia
644 2525 811 2579 Deum
841 2532 1027 2573 verum
1073 2511 1346 2567 Christum
1388 2499 1822 2561 conﬁtebantur,
1876 2509 1944 2549 ex
1992 2506 2084 2560 pa-

495 2628 644 2671 terna
705 2610 940 2668 essentia
984 2606 1264 2677 genitum,
1312 2607 1367 2654 et
1408 2610 1528 2651 cum
1581 2595 1871 2661 generante
1919 2583 2080 2637 Patre

495 2721 710 2776 semper
752 2674 1052 2758 cxsmntrin
1072 2740 1086 2764 ,
1115 2693 1376 2751 addentes
1416 2687 1575 2743 etiam
1620 2683 1759 2751 piam
1791 2679 1857 2734 de
1885 2674 2089 2745 Spiritu

495 2805 685 2855 sancto
705 2790 1119 2849 confessionem.
1153 2781 1385 2840 Proinde
1412 2794 1532 2833 cum
1567 2762 1827 2829 Dominus
1849 2771 1900 2823 in
1916 2767 2092 2822 Evan-

498 2891 637 2962 gelio
664 2888 805 2943 dicat
832 2903 846 2939 :
882 2883 964 2937 Ea:
983 2880 1143 2935 verbis
1184 2876 1281 2930 tuis
1308 2869 1672 2946 justiﬁcaberis
1696 2907 1711 2933 ,
1756 2872 1803 2918 et
1843 2878 1906 2915 ex
1931 2858 2094 2913 verbis

504 2955 606 3038 iuit
626 2975 1041 3037 condemnaberis
1069 2968 1287 3043 (Matth.
1319 2980 1415 3032 xu,
1445 2962 1537 3033 37)
1558 3001 1573 3026 ,
1602 2955 1872 3029 quomodo
1910 2959 2093 3007 sancta

2094 1721 2145 1782 Β
2170 1705 2610 1759 Nestorianorum
2642 1707 2697 1753 et
2721 1695 3176 1766 Eutychianorum
3214 1691 3497 1746 haereses
3528 1686 3690 1753 dicta,
3716 1687 3803 1743 nisi

2176 1802 2447 1849 auctorem
2473 1791 2739 1846 dictorum
2767 1786 2953 1842 titulus
2976 1781 3289 1839 indicaret?
3326 1781 3431 1836 Sic
3465 1779 3617 1833 inter
3644 1787 3800 1833 utros-

2176 1904 2281 1960 que
2309 1886 2518 1941 medius
2547 1893 2602 1940 et
2630 1890 2810 1938 rectus
2840 1878 3059 1945 incedit,
3109 1878 3189 1933 sic
3242 1885 3542 1945 utrosque
3576 1872 3798 1941 δεύρω-

2178 1998 2254 2039 rae
2283 1982 2481 2037 divina:
2527 1977 2903 2035 testificatione
2949 1973 3192 2029 confutat
3253 1973 3372 2027 iste
3408 2011 3428 2038 ,
3482 1969 3578 2040 qui
3631 1968 3797 2024 dicitur

2180 2073 2447 2133 confutari
2495 2070 2747 2127 debuisse
2792 2085 2821 2124 a
2878 2066 3106 2123 concilio
3157 2060 3653 2127 Chalcedonensi,
3700 2071 3797 2115 tan-

2181 2181 2341 2236 quam
2380 2162 2684 2218 Nestoriani
2731 2168 2919 2215 auctor
2948 2156 3169 2222 erroris,
3215 2163 3285 2209 ut
3328 2152 3479 2208 nihil
3526 2151 3672 2206 aliud
3698 2166 3797 2205 esse

2182 2256 2459 2313 definitum
2490 2252 2573 2308 vel
2597 2251 2869 2320 Ephesino
2897 2250 2980 2304 vel
3011 2249 3129 2318 ipso
3168 2245 3638 2301 Chalcedonensi
3690 2258 3795 2297 con-

2186 2347 2312 2404 cilio
2344 2348 2508 2402 lector
2544 2343 2803 2398 inveniat.
2845 2340 2954 2398 Sed
2997 2340 3198 2394 utinam
3248 2338 3383 2392 haec
3416 2336 3719 2393 Nestoriani
3752 2345 3795 2391 et

2188 2437 2507 2508 Eutychiani
2538 2434 2815 2490 nobiscum
2857 2438 3253 2501 sequerentur,
3302 2430 3444 2499 quia
3493 2442 3603 2481 non
3642 2432 3795 2481 essent

2191 2529 2446 2585 hairctici.
2481 2527 2693 2584 Utinam
2743 2526 2860 2580 haec
2904 2524 3183 2579 nobiscum
3218 2521 3460 2577 tandem
3505 2518 3787 2574 Nestoriani

2192 2632 2247 2678 et
2278 2619 2599 2692 Eutychiani
2643 2626 2961 2689 sequantur,
3004 2625 3062 2669 ut
3114 2630 3221 2667 non
3267 2612 3391 2666 sint
3446 2607 3790 2665 haeretici:in

2195 2715 2392 2786 quibus
2414 2716 2491 2768 sic
2523 2712 2575 2767 in
2606 2710 2822 2767 Christo
2862 2709 3085 2764 duarum
3126 2713 3465 2761 naturarum
3514 2702 3788 2759 differentia

2200 2806 2546 2877 praedicatur,
2613 2813 2669 2858 ut
2726 2802 2887 2857 simul
2940 2800 3102 2854 etiam
3149 2798 3499 2867 prtcdicetur
3539 2796 3789 2862 utriusque

2197 2907 2402 2954 naturae
2430 2911 2587 2951 unam
2613 2910 2733 2949 csse
2763 2906 3069 2964 personam.
3096 2890 3214 2945 Non
3246 2903 3389 2961 ergo
3412 2887 3667 2945 simulent
3694 2885 3784 2938 Eu-

2200 2990 2433 3063 tychiani
2466 2999 2748 3057 propterea
2773 3001 2832 3040 se
2854 2985 3033 3041 odisse
3055 2981 3417 3039 Theodorum
3448 3025 3461 3047 ,
3504 2980 3652 3049 quasi
3678 2977 3788 3030 duas

504 3076 741 3150 syno‘lus
772 3078 953 3144 posset
982 3069 1125 3123 hunc
1152 3062 1456 3157 “milia”:
1482 3072 1549 3112 θ’
1584 3052 1771 3157 verbi:
1796 3045 2096 3157 #15359:
2125 3090 2175 3157 ο
2204 3045 2479 3156 personas.
2510 3045 2630 3135 Filii
2656 3079 2748 3133 Dei
2771 3093 2835 3133 ac
2864 3076 2955 3130 ﬁlii
2985 3074 3219 3129 hominis
3247 3045 3660 3143 praedicantem,
3682 3080 3781 3121 cum

510 3138 726 3224 ﬁcatum
755 3138 789 3232 ,v
821 3179 887 3218 ex
955 3158 1137 3215 verbis
1184 3150 1668 3224 Apolinaristarum
1732 3138 2101 3212 Eutychisque

509 3258 803 3318 damnare?
844 3257 981 3309 Ecce
1022 3251 1220 3305 clamat
1256 3256 1311 3300 et
1337 3242 1533 3311 saepius
1573 3240 1753 3304 iterat,
1785 3248 1891 3289 non
1936 3245 1996 3285 se
2023 3229 2101 3283 di-

512 3367 640 3411 cere
664 3351 935 3406 Christum
968 3341 1240 3399 hominem
1272 3350 1488 3407 purum,
1516 3332 1611 3387 sed
1641 3343 1825 3384 verum
1854 3326 2022 3380 Deum
2048 3330 2103 3376 ct

513 3460 703 3503 verum
752 3443 849 3496 Dei
894 3439 1105 3502 Filium,
1142 3433 1209 3488 de
1239 3440 1461 3501 paterna
1502 3422 1801 3481 substantia
1838 3418 2100 3489 genitura,

513 3549 570 3593 et
600 3549 813 3602 semper
844 3546 965 3585 cum
993 3534 1287 3599 generante
1312 3522 1474 3576 Patre
1507 3515 1668 3571 simul
1696 3518 2027 3572 exstantem;
2050 3516 2107 3561 et

515 3630 698 3685 nescio
727 3628 815 3696 qui
843 3625 1051 3687 dicunt,
1077 3619 1219 3691 quod
1258 3632 1378 3672 cum
1424 3622 1543 3683 post
1587 3620 1817 3665 mortem
1869 3604 2106 3676 synodus

516 3719 978 3778 anathematizare
1006 3712 1273 3777 debuerit,
1318 3719 1571 3777 tanquam
1616 3703 1886 3758 Christum
1928 3697 2103 3751 homi-

518 3832 643 3872 nem
678 3828 889 3884 pnrnm.
918 3819 971 3864 et
998 3824 1103 3861 non
1128 3807 1304 3872 ipsum
1336 3817 1455 3856 csse
1481 3799 1772 3862 dicentem,
1805 3792 1894 3863 qui
1919 3806 2107 3846 secun-

517 3908 641 3962 dum
676 3903 965 3960 essentiam
993 3898 1159 3952 Filius
1192 3896 1285 3950 Dei
1331 3894 1421 3948 sit.
1451 3890 1550 3946 Ubi
1596 3888 1756 3943 simul
1801 3886 2104 3946 advertant,

520 4015 621 4054 nec
650 3998 831 4051 videre
856 3991 1219 4053 dissimulent,
1252 3987 1373 4057 quia
1403 3985 1563 4039 etiam
1598 3997 1719 4036 cum
1759 3978 1888 4033 dicit
1915 3976 2108 4032 Filium

524 4094 616 4147 Dei
647 4091 919 4145 Christum
943 4087 1011 4141 de
1034 4082 1267 4140 essentia
1300 4088 1520 4150 paterna
1559 4075 1795 4147 genitum
1823 4114 1836 4137 ,
1877 4079 1934 4127 et
1976 4085 2112 4125 scm-

520 4200 618 4254 per
646 4185 764 4237 cum
795 4185 1090 4251 generante
1124 4175 1283 4228 Patre
1309 4170 1469 4225 simul
1499 4173 1830 4231 exstantem,
1856 4172 1912 4217 et
1936 4160 2113 4215 adhuc

523 4279 765 4333 referens
800 4266 1083 4342 sequitur;
1117 4267 1390 4321 Addentes
1442 4264 1601 4316 etiam
1646 4259 1713 4312 de
1762 4257 1960 4326 Spiritu
1990 4269 2114 4307 san-

521 4379 611 4426 cto
653 4370 794 4439 piam
841 4364 1265 4425 confessionem,
1306 4354 1622 4410 Trinitatem
1663 4365 1875 4421 quoque
1921 4347 2115 4417 prsidi-

524 4472 630 4525 rat,
663 4476 821 4527 quant
871 4468 1094 4525 negasse
1145 4450 1395 4505 similiter
1424 4447 1655 4514 fingitur.
1708 4445 2116 4510 Recognoscant
2143 4472 2196 4532 Ι)
2224 4460 2443 4530 pingam

528 4557 709 4621 itaque
734 4547 1042 4603 facilitatem
1070 4559 1247 4607 suam,
1279 4552 1332 4595 et
1357 4544 1750 4593 circumventos
1795 4551 1854 4590 se
1902 4533 2114 4587 tandem

529 4642 854 4711 intelligant,
885 4640 971 4708 qui
1001 4636 1169 4704 magis
1194 4632 1457 4688 haereticis
1486 4633 1565 4685 vel
1596 4628 1969 4684 haereticorum
2001 4622 2119 4677 fau-

528 4738 767 4802 toribus,
798 4747 956 4802 quam
987 4730 1186 4784 sanctis
1226 4726 1471 4782 Patribus
1515 4722 1769 4776 Ecclesia:
1816 4715 2119 4781 catholicae,

528 4829 598 4884 de
629 4825 914 4881 Theodoro
940 4820 1303 4877 crediderunt.
1335 4814 1556 4870 Decimo
1595 4812 1755 4868 etiam
1800 4809 1935 4863 libro
1974 4808 2121 4875 ejus-

529 4919 653 4974 dem
685 4915 885 4986 operis,
924 4911 1160 4982 capitulo
1191 4909 1286 4974 70,
1322 4908 1401 4961 sic
1429 4906 1502 4959 ait
1531 4922 1546 4959 :
1582 4923 1600 4955 ‹
1648 4904 1795 4958 Sicut
1831 4902 1974 4956 enim
2026 4913 2122 4969 per

532 5015 671 5065 tates
698 5004 858 5063 voces
884 5022 946 5061 ex
980 5005 1259 5073 Scriptura
1288 5000 1465 5053 divina
1509 5006 1820 5051 naturarum
1865 4994 2121 5050 differen-

533 5102 636 5156 tias
664 5100 680 5129 ¹
709 5087 1017 5161 euocentur,
1050 5095 1128 5150 sic
1157 5102 1212 5149 et
1238 5087 1618 5146 adunationem
1657 5088 1944 5155 discimus,
1992 5103 2123 5158 quo-

535 5195 639 5249 ties
667 5192 947 5247 ambarum
973 5200 1282 5245 naturarum
1310 5186 1663 5256 proprietates
1694 5185 1748 5239 in
1783 5198 1947 5239 unum
1993 5197 2125 5239 cou-

535 5286 706 5349 ducit,
735 5295 789 5339 et
815 5284 953 5338 sicut
978 5282 1048 5336 de
1093 5295 1200 5335 uno
1230 5279 1460 5350 quodam
1497 5276 1782 5349 eloquitur.
1823 5275 1935 5331 Hoc
1978 5275 2124 5330 enim

537 5382 623 5429 est
651 5371 810 5426 simul
837 5372 1124 5428 ostendere
1148 5377 1203 5424 et
1224 5378 1440 5423 naturas
1466 5368 1773 5425 dilferentes
1795 5408 1813 5436 ,
1858 5377 1913 5422 et
1939 5380 2126 5437 perso-

540 5479 626 5518 me
653 5463 1028 5517 adunationem
1054 5481 1067 5515 :
1096 5478 1160 5517 ex
1194 5463 1495 5517 differentia
1545 5464 1761 5533 quidem
1793 5476 1977 5516 eorum
2008 5474 2128 5529 qua:

512 5646 519 5651 ‘
543 5560 810 5627 dicuntur,
838 5558 1138 5615 differentia
1165 5559 1480 5629 intelligitur
1507 5568 1851 5623 naturarum;
1882 5570 2005 5613 cum
2036 5569 2129 5612 au-

620 5700 634 5731 ⁵
659 5696 792 5755 Cod.
819 5695 1038 5765 Veron.,
1071 5697 1432 5765 cli/Terentiam.

2205 3194 2273 3234 ex
2299 3177 2384 3231 his
2417 3191 2533 3245 quae
2557 3179 2851 3228 memorata
2875 3175 2999 3223 sunt
3023 3166 3388 3222 ostendantur
3415 3163 3491 3218 ob
3528 3162 3630 3216 hoc
3659 3159 3784 3213 illum
3874 3222 3889 3235 Ι

2208 3270 2384 3341 potius
2409 3267 2612 3331 odisse,
2648 3263 2789 3333 quod
2820 3262 2953 3317 duas
2983 3260 3142 3315 unius
3166 3255 3554 3329 praedicaverit
3577 3266 3686 3308 esse
3707 3264 3780 3305 na-
3866 3238 3870 3243 ’

2210 3374 2381 3418 turas.
2415 3360 2528 3414 Non
2581 3357 2647 3411 ad
2694 3356 2809 3409 haec
2858 3353 3190 3423 ingeniosum
3236 3350 3671 3409 intellectorem,
3708 3338 3782 3395 sed

2208 3454 2387 3523 potius
2417 3451 2672 3504 lectorem
2708 3460 2814 3499 non
2849 3443 3186 3498 fastidiosum
3232 3441 3585 3509 requirimus.
3613 3437 3778 3502 Aperta

2210 3560 2297 3600 res
2325 3558 2390 3597 ac
2431 3539 2713 3595 manifesta
2761 3534 3207 3604 interpretatione
3251 3535 3366 3588 ulla
3409 3547 3518 3589 non
3569 3527 3776 3595 indiget:

2212 3644 2414 3690 tantum
2446 3641 2530 3687 est
2559 3640 2615 3685 ut
2657 3629 2841 3683 videre
2876 3628 2987 3697 jam
3025 3626 3224 3689 velint,
3271 3626 3365 3693 qui
3398 3620 3597 3677 clausis
3640 3614 3777 3671 oculis

2213 3726 2424 3783 veritati
2455 3724 2730 3781 resistunt.
2763 3721 2898 3789 Nm:
2923 3719 3051 3774 etin
3078 3733 3153 3771 xu
3179 3716 3424 3785 prmdicti
3449 3710 3621 3780 operis
3647 3706 3778 3769 libro,

2220 3837 2238 3870 ι
2277 3818 2332 3872 Si
2363 3832 2490 3871 vero
2515 3814 2731 3880 aliquis,
2765 3812 2861 3879 ait,
2896 3812 3229 3879 interrogare
3255 3808 3512 3874 voluerit,
3544 3802 3661 3874 quid
3685 3812 3776 3854 tan-

2214 3909 2334 3963 dem
2366 3921 2488 3961 esse
2525 3906 2700 3960 dicam
2730 3903 2916 3973 ~.Iesutn
2947 3902 3241 3969 Christum,
3275 3901 3402 3957 dico
3444 3899 3607 3952 Deum
3628 3904 3676 3948 et
3702 3889 3776 3944 Fi-

2215 4002 2345 4056 lium
2376 3998 2494 4053 Dei.
2534 4015 2551 4048 ι
2590 3996 2732 4051 Ecce
2760 3993 2935 4065 qualis
2962 4004 3078 4047 erat
3109 3992 3225 4060 ejus
3272 3989 3571 4053 confessio,
3600 3984 3676 4054 qui
3700 3994 3775 4050 pu-

2216 4108 2335 4147 rum
2364 4089 2640 4143 hominem
2674 4086 2949 4142 Christum
2980 4084 3183 4139 dixisse
3204 4082 3530 4152 conﬁngitur
3560 4095 3571 4130 :
3600 4075 3673 4130 cui
3693 4086 3774 4125 nte-

2219 4186 2470 4237 luendum
2501 4188 2588 4238 est
2617 4194 2684 4233 ne
2719 4192 2840 4233 cum
2870 4192 2992 4231 eum
3020 4176 3258 4231 Judaicze
3286 4172 3575 4244 impietatis
3599 4162 3773 4222 abistis

2219 4274 2704 4333 calumniatoribus
2730 4271 2881 4341 argui
2910 4284 3259 4335 recusamus,
3291 4263 3593 4323 econtrario
3633 4253 3771 4311 Mani-

2220 4370 2495 4424 chaeorum
2524 4366 2572 4420 ei
2601 4363 2807 4417 crimen
2827 4369 2884 4415 et
2908 4361 2960 4414 in
3004 4360 3261 4429 mysterio
3300 4349 3667 4413 incarnationis
3689 4347 3771 4399 iut-

2486 4475 2497 4509 :
2546 4456 2800 4526 quoniam
2862 4453 2914 4507 in
2979 4452 3082 4507 hoc
3134 4452 3253 4505 loco
3304 4451 3487 4506 Jesum
3540 4444 3765 4499 Christqu

2226 4526 2393 4604 Deum
2425 4546 2691 4602 conﬁtens
2716 4554 2770 4600 et
2797 4543 2993 4598 Filium
3027 4542 3140 4609 Dei,
3166 4541 3297 4596 nihil
3325 4542 3390 4597 de
3422 4539 3535 4610 ejus
3570 4526 3768 4588 humaui-

2225 4652 2333 4698 tate
2364 4643 2575 4696 locutus
2605 4649 2708 4694 est.
2740 4637 2878 4703 Quid
2915 4635 3068 4691 enim
3110 4634 3328 4698 mirum,
3382 4632 3428 4688 si
3471 4628 3544 4686 illi
3572 4625 3651 4696 qui
3669 4632 3765 4677 eum

2224 4734 2425 4790 dudum
2472 4741 2528 4787 et
2575 4729 2877 4785 solitarium
2910 4729 2931 4759 ²
2965 4727 3133 4782 Deum
3176 4725 3493 4796 pra-dicasse
3537 4720 3642 4773 sine
3684 4711 3767 4766 ﬁlio

2225 4837 2281 4882 et
2310 4825 2515 4895 Spiritu
2547 4831 2755 4886 sancto,
2788 4830 2841 4876 et
2873 4821 3009 4876 duos
3026 4806 3338 4874 'econtrario
3378 4811 3608 4872 docuisse
3634 4804 3760 4866 filios,

2231 4918 2333 4972 hoc
2360 4929 2573 4985 quoque
2611 4912 2772 4967 simili
2803 4913 3183 4968 contrarietate
3222 4912 3543 4980 confingant,
3587 4911 3640 4958 ut
3670 4907 3762 4953 cum

2231 5023 2354 5064 eum
2374 5006 2626 5072 dixerint,
2652 5005 2789 5058 sicut
2834 5002 3040 5069 Judaei,
3080 5017 3271 5072 purum
3317 5002 3572 5058 hominem
3616 4991 3758 5047 Jesum

2231 5100 2503 5156 Christqu
2533 5097 2862 5160 credidisse,
2897 5106 3147 5165 tanquam
3198 5110 3305 5151 non
3352 5096 3422 5151 sit
3458 5093 3600 5149 etiam
3631 5084 3759 5141 Deus,

2234 5208 2422 5250 rursus
2454 5192 2603 5247 illum
2633 5231 2649 5257 ,
2697 5192 2836 5246 sicut
2863 5189 3190 5245 Manichteus
3214 5232 3230 5257 ,
3260 5190 3437 5246 dicant
3461 5182 3589 5258 quod
3614 5170 3755 5234 Domi“

2234 5298 2363 5339 num
2394 5283 2665 5339 Christum
2693 5281 2863 5336 Deum
2897 5289 3102 5337 tantum
3136 5290 3193 5336 et
3217 5280 3410 5337 Filium
3440 5277 3526 5334 Dei
3559 5269 3757 5329 credens.

2235 5377 2506 5433 hominem
2529 5375 2699 5430 fuisse
2730 5374 3008 5444 negaverit
3041 5392 3052 5427 :
3086 5373 3355 5445 siquidem
3385 5387 3497 5430 eum
3521 5359 3752 5440 jam,sictll

2234 5488 2394 5541 supra
2446 5470 2768 5535 docuimus,
2825 5478 2880 5524 et
2944 5467 3256 5524 Iudaeorum
3309 5479 3363 5525 et
3412 5460 3753 5524 Manicltaiorum

2236 5564 2485 5621 duxerint
2550 5576 2736 5618 errore
2794 5560 3214 5629 maculandum,
3271 5561 3421 5632 quasi
3471 5552 3747 5614 evacuantttln

2356 5700 2501 5771 Idem
2525 5698 2669 5763 cod...
2700 5698 2953 5763 dixerunt,
2986 5705 3032 5749 ct
3064 5694 3372 5754 solitarii-rm.
