4104 6360
320 371 445 429 ’155

1220 365 1351 423 PRO
1388 362 1818 423 DEFENSIONE
1855 356 2071 421 TRIUM
2109 361 2423 421 CAPITUL.
2469 363 2599 421 LIB.
2631 364 2723 420 lx.

3521 364 3630 425 784

337 487 529 545 omnes
558 486 610 541 in
631 484 847 542 Christo
870 483 1034 539 factas
1066 480 1393 553 prophetias.
1434 482 1624 536 Omnia
1656 482 1799 537 enim
1837 495 1926 535 eo.
1960 480 2009 540 Α
2036 478 2339 534 videbatur.
2367 478 2500 533 Nam
2536 479 2624 535 cui
2663 481 2799 535 bene
2846 478 3033 535 scienti
3061 476 3082 510 ⁸
3114 492 3220 535 non
3262 480 3534 536 sufficeret
3562 480 3630 537 ad

334 595 459 637 sum
489 578 774 648 sapientiae
812 576 997 641 licent,
1028 584 1080 629 et
1100 573 1234 628 nihil
1262 572 1507 642 estquod
1537 574 1730 639 libeat,
1754 581 1808 627 et
1832 572 1933 627 sibi

338 689 451 732 non
479 672 731 745 expedire
786 669 1027 725 credant.
1080 668 1235 722 Sicut
1278 675 1455 721 autem
1504 681 1608 720 non
1655 675 1935 734 propterea

346 766 622 822 hominem
653 764 882 834 denegat
909 763 1089 818 Jesum
1118 760 1411 825 Christum,
1437 759 1557 830 quia
1598 760 1664 814 de
1688 756 1936 813 humani-

346 866 459 915 tate
488 859 606 928 ejus
638 867 820 913 tacens
864 857 1027 911 Deum
1056 854 1205 909 illum
1234 846 1599 908 tantummodo
1628 850 1717 904 hic
1743 850 1939 905 fatetur

345 960 401 1006 et
430 950 626 1005 Filium
662 949 755 1005 Dei
790 966 803 1002 :
834 949 906 1003 ita
939 948 1103 1004 etiam
1140 960 1245 1001 non
1293 946 1457 1000 Deum
1495 943 1721 1014 denegat
1757 941 1939 997 Jesum

346 1044 643 1110 Christum,
672 1044 759 1099 ubi
783 1043 851 1098 de
875 1042 1158 1098 divinitate
1187 1040 1305 1110 ejus
1335 1050 1539 1105 tacens,
1582 1046 1676 1093 aut
1719 1044 1939 1091 natura-

346 1154 467 1194 rum
520 1136 898 1191 discretionem
953 1134 1175 1201 faciens,
1232 1133 1423 1187 rctieet
1472 1130 1616 1200 quod
1672 1128 1815 1183 idem
1872 1126 1943 1182 sit

346 1231 512 1284 etiam
542 1228 686 1282 Deus
712 1237 766 1282 et
804 1226 972 1281 Filius
1004 1226 1119 1281 Dei.
1150 1224 1265 1280 Non
1300 1224 1445 1280 enim
1494 1231 1550 1279 et
1597 1222 1787 1277 Petrus
1814 1234 1944 1289 apo-

347 1322 522 1376 stolus
569 1320 738 1375 Deum
781 1318 1079 1387 denegabat
1126 1316 1422 1380 Christum,
1453 1329 1574 1369 cum
1620 1312 1821 1368 Iudaeis
1866 1312 1944 1366 lo-

348 1427 524 1483 quens
552 1411 621 1467 de
660 1411 939 1467 divinitate
968 1411 1085 1481 ejus
1126 1410 1485 1481 dispensative
1534 1415 1756 1472 taceret,
1783 1421 1944 1477 quam

320 1508 443 1562 ‘vel
475 1507 581 1562 levi
627 1507 811 1561 auditu
858 1506 932 1560 illi
978 1507 1115 1561 ferre
1161 1521 1267 1561 non
1319 1504 1566 1575 possent;
1598 1513 1653 1557 et
1694 1502 1941 1557 diceret:

357 1595 476 1650 Viri
507 1595 777 1662 Israelita,
813 1596 987 1651 audite
1030 1596 1178 1650 verba
1217 1597 1343 1650 hare.
1387 1593 1565 1648 Jesum
1595 1592 1953 1659 Nazarenam,

351 1691 521 1744 uirum
545 1689 883 1758 approbatum
912 1705 943 1741 a
974 1687 1079 1743 Deo
1106 1688 1160 1743 in
1203 1688 1340 1743 vobis
1373 1686 1644 1742 virtutibus
1685 1695 1731 1740 et
1773 1685 1950 1755 pradi-

356 1782 453 1853 giis
481 1789 527 1834 et
550 1781 731 1850 signis,
762 1795 878 1848 qua:
899 1780 1015 1850 fecit
1042 1796 1133 1850 per
1156 1779 1303 1834 illum
1332 1778 1471 1833 Deus
1502 1779 1554 1831 in
1583 1777 1747 1831 medio
1773 1776 1946 1840 vestri,

2038 570 2467 641 cognoscendam
2496 570 2766 627 Theodori
2817 571 2976 627 ﬁdem
3038 572 3153 641 ipse
3201 573 3348 629 solus
3387 573 3631 643 ejusdem

2039 668 2220 736 operis
2252 666 2471 722 titulus?
2501 666 2635 733 Quis
2687 667 2832 721 enim
2883 681 3005 721 eum
3053 667 3281 724 audiens
3326 667 3635 723 condidisse

2041 760 2209 817 libros
2246 750 2323 815 Vde
2372 761 2774 833 lncarnatione,
2813 770 2936 831 aut,
2970 771 3028 817 ut
3069 762 3285 833 proprie
3311 762 3411 818 hoc
3457 763 3635 831 expri-

2041 870 2202 921 mam,
2234 855 2411 911 minus
2460 854 2672 925 quidem
2715 856 2925 921 Latino,
2970 855 3064 911 sed
3094 857 3399 912 necessario
3442 857 3630 923 verbo,

2041 947 2183 1003 sicut
2208 963 2241 1003 a
2270 947 2471 1003 Graecis
2498 948 2714 1015 dicitur,
2744 948 2812 1002 de
2844 947 3285 1003 lnhumanatione
3315 957 3340 985 ⁸
3372 947 3490 1002 Filii
3514 948 3632 1013 Dei,

2044 1041 2178 1096 duos
2206 1056 2327 1096 eum
2359 1049 2509 1111 putet
2547 1040 2686 1095 ﬁlios
2734 1040 3093 1108 prmdicasse?
3122 1039 3253 1094 Nam
3285 1040 3513 1109 qualiter
3549 1037 3638 1091 Fi-

2043 1133 2172 1189 lium
2198 1133 2315 1200 Dei,
2348 1133 2399 1187 id
2426 1144 2508 1188 est
2544 1134 2710 1187 Deum
2740 1131 3006 1197 Verbum,
3046 1147 3153 1187 non
3188 1131 3461 1187 hominem
3505 1145 3640 1200 quo-

2046 1242 2151 1296 que
2174 1227 2401 1293 diceret,
2433 1242 2591 1297 quem
2621 1225 2825 1281 diceret
2856 1224 3305 1300 inhumanatum?
3334 1223 3450 1279 Non
3494 1224 3637 1279 enim

2045 1322 2251 1392 refugio
2296 1321 2549 1387 verbum,
2606 1321 2748 1390 quod
2791 1334 2821 1373 a
2851 1335 2938 1375 me
2969 1319 3094 1375 fidei
3133 1319 3270 1374 ratio
3319 1324 3478 1387 atque
3530 1317 3640 1372 uti-

2048 1416 2170 1471 litas
2203 1416 2432 1486 ﬂagitat,
2461 1415 2723 1471 adversus
2754 1428 2850 1469 eos
2872 1414 2962 1484 qui
2996 1427 3105 1468 non
3136 1410 3409 1467 hominem
3440 1417 3640 1474 totum,

2049 1508 2104 1564 id
2152 1518 2234 1563 est
2288 1523 2505 1564 carnem
2566 1515 2619 1562 et
2657 1507 2889 1561 animam
2960 1503 3311 1569 rationalem,
3342 1502 3435 1557 sed
3469 1500 3636 1557 solam

2051 1614 2296 1663 carnem,
2352 1607 2442 1653 aut
2480 1612 2696 1653 carnem
2738 1606 2943 1651 tantum
2992 1604 3047 1650 et
3089 1594 3324 1649 animam
3376 1592 3493 1647 sine
3549 1606 3641 1647 ra-

2053 1691 2217 1754 tione,
2276 1691 2579 1760 suseepisse
2608 1689 2791 1744 dicunt
2838 1688 3031 1743 Filium
3064 1686 3181 1743 Dei.
3241 1684 3481 1753 Qualiter
3535 1683 3640 1737 ita~

2052 1798 2156 1852 que
2192 1783 2361 1838 Deum
2406 1783 2667 1850 Verbum,
2726 1796 2883 1851 quem
2933 1780 3157 1835 docebat
3208 1778 3640 1841 inhumanalum,

360 1873 495 1926 sicut
526 1888 613 1925 vos
639 1872 795 1936 scitis,
845 1872 978 1923 hunc
1017 1870 1227 1939 deﬁnito
1275 1868 1489 1923 consilio
1535 1877 1579 1922 et
1631 1865 1950 1938 prwscientia
1981 1862 2028 1923 Β
2056 1891 2158 1930 non
2205 1875 2379 1944 ipsum
2410 1883 2464 1929 et
2510 1874 2782 1928 hominem
2814 1870 3052 1927 diceret?
3077 1879 3170 1924 aut
3212 1867 3481 1940 quomodo
3510 1866 3646 1920 duos

358 1962 455 2016 Dei
486 1964 734 2015 traditum
761 1978 850 2031 per
872 1978 1050 2016 manus
1089 1962 1379 2031 iniquorum
1405 1961 1660 2031 afﬁgentes
1694 1958 1950 2013 interemi-

358 2056 482 2121 stis,
537 2070 684 2124 quem
731 2052 877 2108 Deus
924 2053 1178 2107 suscitavit
1223 2052 1407 2107 solutis
1447 2050 1709 2105 doloribus
1754 2046 1948 2118 inferni

367 2145 507 2218 (Act.
539 2159 601 2213 ιι,
624 2143 741 2214 22),
771 2155 825 2198 et
854 2144 981 2199 talia
1023 2153 1239 2209 caetera,
1265 2158 1383 2213 quae
1411 2151 1724 2213 sequuntur.
1770 2141 1953 2209 Neque

362 2237 560 2292 Paulus
607 2236 724 2307 ejus
776 2236 1090 2305 apostolus‘
1143 2236 1308 2291 Deum
1357 2235 1583 2304 negabat
1641 2233 1948 2299 Christum,

359 2339 480 2381 eum
512 2326 752 2382 diceret:
783 2326 929 2382 Unus
960 2326 1119 2391 Deus,
1143 2343 1279 2381 unus
1302 2334 1350 2381 et
1374 2327 1624 2380 mediator
1655 2324 1751 2379 Dei
1781 2332 1827 2378 et
1857 2324 1947 2378 ho-

361 2422 575 2488 minum,
607 2421 757 2474 homo
805 2418 1038 2473 Christus
1085 2420 1259 2487 Iesus,
1306 2419 1395 2489 qui
1450 2420 1591 2473 dedit
1627 2418 1949 2485 semetipsum

360 2512 755 2582 redemptionem
803 2527 898 2581 pro
946 2511 1196 2576 omnibus,
1251 2512 1595 2565 testimonium
1640 2511 1955 2578 temporibus

362 2603 467 2655 suis
497 2598 551 2669 (1
578 2600 711 2657 Tim.
736 2617 795 2667 ιι,
824 2600 884 2670 5)
916 2617 928 2652 :
968 2602 1116 2670 quasi
1161 2600 1407 2656 Christus
1447 2602 1588 2657 Deus
1630 2617 1737 2657 non
1780 2610 1945 2670 esset,

363 2692 459 2747 sed
490 2700 697 2747 tantum
732 2692 994 2747 mediator
1017 2693 1112 2747 Dei
1146 2704 1201 2750 et
1237 2694 1535 2763 hominum,
1578 2702 1671 2749 aut
1708 2694 1955 2750 conditor

363 2800 469 2841 non
499 2795 643 2843 esset
669 2794 725 2842 et
753 2796 929 2842 rector
957 2788 1197 2841 omnium
1227 2795 1527 2857 temporum
1551 2827 1567 2854 ,
1602 2796 1658 2841 ut
1706 2787 1952 2855 quaedam

364 2879 514 2947 quasi
538 2879 653 2948 ejus
677 2887 920 2948 tempora
951 2879 1281 2944 dicerentur,
1312 2879 1450 2934 sicut
1483 2879 1548 2934 de
1578 2893 1686 2933 uno
1712 2880 1952 2948 quolibet

364 2970 538 3026 simile
563 2972 737 3029 nostri
766 2972 983 3027 homine
1014 2972 1156 3041 loqui
1178 2971 1437 3038 solemus,
1468 2981 1522 3027 et
1545 2970 1725 3026 dicere
1744 3012 1761 3036 ,
1794 2972 1955 3026 Tem-

366 3064 585 3133 poribus
605 3065 716 3120 suis
753 3064 857 3120 hoc
893 3067 977 3120 vel
1029 3064 1158 3119 illud
1202 3065 1367 3131 dicit,
1417 3072 1509 3118 aut
1553 3062 1694 3118 facit.
1729 3063 1831 3119 Sed
1860 3079 1954 3133 pro

365 3155 679 3212 diversitate
707 3172 987 3213 causarum
1015 3156 1225 3212 diversa
1258 3172 1483 3226 semper
1501 3165 1583 3212 est
1607 3157 1839 3213 dicentis
1873 3157 1954 3212 in-

2056 1968 2196 2023 tilios
2226 1967 2446 2033 docens,
2477 1974 2725 2036 tanquam
2757 1963 2981 2019 alterius
3021 1976 3264 2036 persona:
3314 1961 3384 2015 sit
3414 1959 3646 2012 Verbum

2057 2060 2173 2127 Dei,
2198 2060 2419 2115 alterius
2448 2074 2577 2114 vero
2619 2059 2780 2112 homo
2835 2035 3138 2124 susceptus,
3168 2063 3224 2109 et
3266 2067 3373 2107 non
3416 2050 3556 2105 idem
3591 2049 3646 2103 in

2058 2167 2285 2222 persona
2309 2152 2449 2206 Deus
2472 2151 2705 2205 Verbum
2736 2150 2826 2219 qui
2855 2148 3035 2214 homo,
3068 2148 3241 2216 ipsum
3284 2145 3377 2199 Dei
3408 2141 3644 2197 Verbum

2032 2245 2261 2300 'diceret
2320 2241 2759 2298 inltumanatum?
2822 2241 3163 2296 Contrarium
3212 2238 3312 2293 sibi
3361 2244 3648 2304 utrumque

2057 2346 2162 2402 est,
2194 2345 2250 2390 et
2297 2335 2500 2403 pudere
2555 2333 2740 2388 debuit
2796 2332 2921 2387 hinc
2965 2342 3248 2386 accusasse
3275 2327 3649 2383 doctissimum

2057 2432 2251 2495 virum,
2304 2438 2417 2492 aut,
2470 2427 2513 2483 si
2561 2428 2663 2482 hoc
2714 2426 2901 2481 nolunt
2955 2425 3158 2489 dicere,
3215 2420 3649 2477 doctissimorum

2057 2532 2205 2579 certe
2236 2522 2471 2576 virorum
2504 2520 2809 2575 testimonio
2858 2517 3202 2587 przcdicatum
3235 2531 3246 2565 :
3278 2512 3429 2581 cujus
3471 2510 3647 2578 impu-

2057 2614 2254 2669 dentiae
2273 2628 2380 2667 non
2414 2613 2577 2666 fuisse
2616 2611 2886 2681 particeps
2921 2608 3161 2681 synodus
3188 2601 3649 2663 Chalcedonensis

2058 2708 2317 2777 arguitur,
2354 2721 2511 2776 quam
2566 2705 2863 2777 intelligere
2892 2704 3149 2773 oportuit,
3180 2702 3301 2771 quia
3352 2700 3443 2753 ubi
3473 2696 3650 2752 Theo‘

2056 2800 2242 2866 dorus,
2272 2800 2577 2855 necessario
2616 2810 2802 2853 contra
2845 2797 3126 2851 haereticos
3167 2803 3478 2848 naturarum
3529 2803 3653 2858 pro-

2058 2894 2314 2962 prietates
2341 2892 2567 2962 amplius
2592 2890 2857 2956 dividens,
2890 2897 3252 2943 assumentcm
3287 2885 3353 2939 ab
3375 2890 3650 2950 assumpto

2058 2987 2289 3041 alterum
2315 2999 2437 3041 esse
2461 2989 2753 3048 assereret,
2784 2991 2970 3035 natura
3004 2995 3127 3033 eum
3150 3019 3164 3039 .
3197 2978 3337 3032 sicut
3368 2990 3524 3044 supra
3557 2973 3653 3028 do-

2058 3076 2287 3141 cuimus,
2320 3092 2426 3131 non
2450 3088 2680 3145 persona
2711 3072 2918 3130 diceret
2943 3071 3194 3125 alterum.
3236 3068 3404 3124 Porro
3452 3065 3520 3119 ab
3551 3064 3654 3119 hoc

2059 3184 2224 3239 Opere
2249 3169 2316 3223 de
2346 3167 2718 3222 lncarnatione
2761 3164 2827 3220 ad
2881 3163 3025 3219 aliud
3065 3161 3205 3232 quod
3255 3171 3442 3214 contra
3476 3157 3653 3213 Euno-

367 3249 553 3303 ιεηιίοι
604 3248 737 3302 Nam
785 3256 840 3302 ει
885 3249 1000 3317 ipse
1043 3249 1297 3303 Dominus
1339 3249 1393 3304 in
1435 3249 1729 3319 Evangelio
1756 3245 2029 3310 JudwisC
2070 3263 2234 3317 mium
2291 3260 2459 3315 edidit
2519 3270 2899 3324 transeamus,
2944 3256 3032 3311 ubi
3068 3254 3291 3321 ,decitno
3340 3252 3478 3335 libro
3532 3250 3653 3305 ait:

364 3347 537 3402 dicit:
567 3346 722 3401 Nunc
759 3357 926 3403 autem
957 3348 1182 3417 quaeritis
1222 3364 1302 3401 me
1337 3348 1653 3417 interﬁcere,
1696 3348 1955 3404 hominem

366 3439 451 3507 qui
483 3438 739 3492 ueritatem
773 3439 910 3492 vobis
959 3438 1155 3492 locutus
1200 3454 1334 3505 sum,
1375 3455 1530 3509 quam
1578 3440 1751 3493 audivi
1778 3458 1811 3492 a
1851 3439 1962 3497 Deo

366 3529 549 3601 (Joan.
584 3546 701 3595 vm,
732 3529 844 3595 40).
876 3530 1124 3600 Nunquid
1161 3529 1277 3584 haec
1315 3530 1502 3586 dicens
1540 3531 1708 3586 Deum
1753 3548 1811 3586 se
1840 3547 1963 3589 esse

366 3622 578 3692 negavit
603 3630 658 3677 et
684 3620 953 3677 Christum
984 3622 1043 3675 ’ἲ
1075 3621 1301 3678 Proinde
1342 3623 1636 3678 secundum
1679 3624 1818 3679 hanc
1856 3623 1963 3680 for-

370 3728 512 3767 mam
538 3723 592 3767 et
617 3712 887 3781 apostolos
928 3711 1081 3781 ejus,
1124 3721 1178 3767 et
1216 3712 1465 3768 doctores
1511 3713 1768 3769 Ecclesiae
1811 3731 1961 3785 qure-

370 3803 493 3857 dam
520 3802 727 3856 locutos
767 3815 887 3857 esse
930 3802 1231 3869 credamus,
1290 3811 1543 3873 tanquam
1574 3804 1739 3859 divini
1783 3819 1964 3860 sacra-

368 3893 532 3948 menti
580 3891 998 3960 diSpeusatores,
1050 3908 1155 3946 non
1203 3892 1449 3947 omnibus
1479 3894 1689 3960 eadem,
1724 3910 1825 3949 nec
1867 3912 1963 3952 es-

369 3986 489 4042 dem
521 3984 680 4040 modo
713 3984 1006 4039 tradentes.
1046 3984 1191 4051 Quos
1220 3984 1277 4038 in
1319 3985 1576 4040 Ecclesiae
1628 4001 1760 4056 pace
1781 3987 1965 4043 defun-

369 4084 482 4131 ctos
526 4080 608 4145 pie
638 4091 702 4131 ac
748 4075 1001 4145 religiose
1041 4075 1267 4130 facimus
1297 4077 1343 4131 si
1382 4077 1575 4132 melius
1621 4080 1965 4148 interpretari

370 4168 619 4235 velimus,
652 4167 729 4222 sic
752 4176 1072 4223 excusantes
1109 4166 1391 4233 homines,
1430 4177 1488 4221 ut
1525 4184 1838 4225 accusemus
1879 4186 1966 4225 er-

371 4274 543 4316 rores.
575 4259 683 4314 Nec
704 4273 808 4313 non
836 4266 891 4313 et
916 4273 982 4311 xv
1007 4256 1166 4321 libro,
1199 4272 1308 4326 quo
1336 4257 1512 4326 ipsum
1546 4267 1714 4313 totum
1742 4275 1877 4329 opus
1898 4260 1966 4315 de

371 4350 741 4408 lncarnatione
768 4347 1062 4415 conclusit,
1091 4356 1371 4417 utramque
1415 4358 1660 4404 naturam
1705 4350 1759 4403 in
1807 4353 1966 4407 unius

373 4441 492 4497 Filii
522 4456 802 4513 personam
832 4440 1145 4497 convenisse
1176 4440 1497 4507 testificaris,
1529 4442 1605 4495 ait
1632 4457 1647 4496 :
1687 4460 1705 4493 ι
1740 4441 1966 4512 Propter

370 4532 511 4601 quod
553 4541 837 4601 utrumque
881 4531 1024 4601 juste
1054 4531 1223 4585 Filius
1271 4540 1514 4597 vocatur,
1569 4548 1672 4587 una
1719 4543 1963 4591 exstante

2071 3371 2089 3404 ι
2128 3353 2328 3407 Omnes
2357 3352 2500 3405 enim
2524 3350 2694 3406 Judaei
2719 3357 3000 3403 venturum
3029 3344 3301 3401 Christum
3333 3359 3395 3398 ex
3420 3341 3655 3413 prophe-

2068 3446 2185 3501 ticis
2231 3444 2448 3500 vocibus
2492 3442 2894 3512 exspectabant,
2953 3454 3208 3509 magnum
3261 3435 3545 3506 quemdam
3601 3442 3655 3490 et

2066 3538 2356 3592 multorum
2388 3538 2650 3590 honorum
2693 3536 2772 3590 eis
2811 3540 3085 3588 auctorem
3117 3529 3377 3585 futurum.
3412 3528 3657 3596 Quapro-

2066 3638 2184 3701 pter
2206 3633 2571 3699 interrogante
2603 3627 2816 3683 llerode
2848 3635 2971 3696 post
2996 3639 3275 3693 magorum
3316 3620 3656 3691 praesentiam

2066 3722 2281 3778 Scribas
2310 3733 2364 3777 et
2393 3721 2720 3787 Pltaristeos,
2762 3719 2850 3773 ubi
2894 3719 3139 3772 Christus
3166 3723 3478 3770 nasceretur
3500 3756 3515 3781 ,
3569 3727 3657 3768 re-

2067 3814 2402 3885 Sponderuut
2431 3813 2530 3878 illi,
2562 3822 2616 3868 et
2648 3812 2821 3866 locum
2851 3810 3117 3871 dixerunt,
3152 3809 3274 3876 quia
3300 3807 3350 3859 ia
3385 3804 3658 3859 Bethleem
3708 3802 3719 3813 '

2066 3905 2238 3959 Judte.
2294 3904 2399 3960 Sed
2452 3918 2558 3959 non
2625 3911 2910 3971 propterea
2976 3899 3246 3953 Christum
3314 3897 3505 3951 Filium
3566 3898 3660 3950 Dei

2067 3997 2234 4052 Deum
2282 3996 2561 4061 sciebant,
2615 3994 2887 4048 hominem
2944 4002 3121 4047 autem
3174 4004 3364 4061 purum
3419 3987 3661 4042 arbitrati

2067 4097 2192 4143 sunt
2238 4087 2512 4142 Christum
2571 4087 2866 4141 secundum
2924 4083 3329 4153 probatissimos
3366 4078 3657 4155 propheta-

2068 4195 2185 4235 rum
2214 4179 2469 4242 futurum,
2496 4177 2622 4231 licet
2656 4191 2841 4244 parum
2873 4173 3073 4242 aliquid
3100 4172 3182 4225 his
3206 4167 3663 4238 meliorem,quod

2069 4270 2229 4324 etiam
2260 4281 2402 4321 nunc
2427 4272 2673 4334 putantes
2701 4264 2919 4319 Judaeos
2965 4260 3193 4331 quilibet
3237 4258 3458 4312 videbit.
3493 4275 3512 4308 ι
3537 4256 3664 4322 Jus-

2069 4368 2255 4414 tumne
2307 4358 2522 4412 videtur
2547 4342 2742 4422 adhuc,
2780 4363 2837 4407 ut
2866 4360 3051 4409 sancta
3091 4358 3146 4405 et
3189 4364 3378 4419 magna
3418 4345 3663 4417 synodus

2068 4461 2346 4522 arguatur,
2374 4449 2514 4519 quod
2538 4463 2645 4503 non
2667 4456 2719 4503 et
2747 4446 2863 4515 ipsa
2908 4441 3245 4499 Theodorum
3282 4440 3441 4495 simul
3482 4447 3538 4494 et
3568 4438 3663 4494 Ju-

2069 4543 2236 4597 daicae
2266 4539 2594 4595 inﬁdelitatis
2624 4547 2679 4593 et
2720 4535 3029 4592 Manichaee
3072 4532 3235 4604 pestis
3274 4540 3556 4602 argueret,
3603 4538 3664 4586 ut

370 4638 619 4693 persona,
650 4637 809 4692 quam
836 4621 1093 4677 adunatio
1137 4628 1445 4677 naturarum
1474 4621 1670 4678 effecit.
1707 4642 1725 4676 ι
1752 4623 1952 4681 Verum
1985 4620 2038 4681 D
2063 4649 2185 4690 eum
2231 4641 2285 4687 et
2330 4644 2451 4687 cum
2503 4628 2702 4685 Judaeis
2749 4626 3152 4690 condemnaret,
3209 4623 3358 4694 quasi
3391 4621 3664 4676 hominem

370 4731 471 4785 ego
500 4716 552 4770 in
581 4717 683 4771 hoc
724 4716 843 4783 ejus
870 4730 1032 4784 opere
1060 4716 1126 4771 de
1156 4718 1530 4773 lncarnatione
1559 4719 1760 4775 diutius
1785 4737 1961 4778 mora-

372 4812 459 4858 tus
487 4819 638 4869 sum,
668 4820 827 4872 quam
866 4806 987 4861 fidei
1029 4815 1084 4862 et
1125 4809 1351 4875 rationi,
1394 4824 1457 4865 ac
1489 4811 1536 4865 si
1590 4827 1692 4867 non
1737 4813 1957 4884 diutius,

372 4906 530 4961 quam
569 4902 757 4974 contra
785 4893 1076 4950 calumnias
1117 4898 1179 4951 ac
1207 4898 1555 4967 pertinaciam
1598 4906 1960 4959 necessarium

444 5039 469 5069 ⁸
498 5033 614 5116 napi
644 5030 1081 5116 ivstaepwrrriesmf.
1116 5032 1358 5116 Edictum
1390 5034 1696 5116 iustiniani,
1724 5040 1968 5116 Θερδῶρῳ

371 5100 634 5183 λέγοχςιὲγ
648 5108 756 5183 τοξς
768 5100 1341 5183 ἑτερῇνανθρωπῃξσεωςί
1356 5107 1508 5183 adeo?
1534 5100 1786 5181 διαφόροις
1807 5100 1968 5183 λόγόιξι

372 5170 575 5246 aerea;
602 5170 869 5246 t’x‘rsOﬁat.
888 5170 977 5225 Sic
998 5170 1343 5246 θιιῖξιιϐῐάξοὶ
1382 5176 1450 5229 de
1488 5176 1588 5230 hoc
1615 5170 1880 5246 I'Itj'slerio'
1908 5170 1964 5236 li:

375 5243 502 5297 bros
540 5257 668 5297 suos
691 5241 983 5295 inscribere
1026 5241 1302 5309 solebant,
1333 5259 1466 5311 quos
1496 5241 1758 5303 Latini'dc
1788 5249 1973 5305 lncarw

375 5311 976 5385 natione_appellahant
1002 5330 1012 5363 :
1041 5323 1097 5367 ut
1135 5314 1494 5381 Athanasius,
1534 5318 1686 5385 cujus
1726 5322 1898 5375 oratio
1928 5322 1963 5375 2

376 5386 581 5464 titulum
613 5383 788 5447 habet,
821 5386 1491 5464 ξκρὶξῆςηξνανθρωπήᾳεως
1515 5383 1750 5464 τρῦήβεοβ
1772 5391 1956 5464 Λόγου·

374 5455 670 5522 eodemque
714 5453 894 5507 ntodo'
933 5455 1159 5523 Cyrillus
1215 5453 1269 5509 ct
1311 5457 1401 5509 alii
1454 5457 1758 5513 orthodoxi.
1826 5453 1955 5517 Nam

373 5525 556 5578 Ariani
596 5534 651 5578 et
679 5524 1071 5591 Apolinarislu‘,
1104 5527 1225 5592 quia
1256 5533 1423 5579 totum
1449 5528 1719 5582 hominem
1765 5544 1794 5583 a
1826 5532 1956 5587 Ver-

376 5594 445 5649 bo
474 5603 774 5665 susceptura
807 5596 1090 5666 negabant,
1115 5597 1530 5674 ἐνανορωπήσεως
1571 5600 1778 5655 titulum
1814 5606 1954 5660 relu-

448 5735 467 5767 ¹
499 5734 629 5790 Cod.
660 5735 881 5799 V'cron.,
915 5738 1260 5801 coapostolus.

446 5805 469 5839 ⁸
496 5804 638 5862 Idem
667 5809 810 5876 cod.,
842 5808 1108 5862 Christus?

2066 4733 2271 4778 tantum
2333 4719 2627 4775 crediderit
2674 4717 2978 4781 Christum;
3037 4722 3091 4769 et
3139 4730 3260 4769 cum
3313 4712 3661 4777 Manichaeis,

2066 4819 2218 4890 quasi
2262 4833 2368 4873 non
2418 4814 2686 4885 acceperit
2736 4812 3024 4883 pr0phetas
3071 4811 3139 4866 de
3175 4810 3387 4865 Christo
3414 4806 3662 4862 locutos?

2069 4927 2189 4967 cum
2219 4918 2273 4964 et
2299 4909 2421 4964 illos
2446 4914 2655 4976 arguat,
2679 4904 2820 4974 quod
2850 4905 2972 4959 licet
3001 4901 3392 4972 probatissimis
3426 4897 3662 4969 prophe-

2071 5041 2509 5113 gienlcs,_altero
2554 5043 2677 5113 περὶ
2716 5043 3031 5113 ςαρκὼσιως
3055 5035 3388 5113 _ut_ebantttr,
3441 5033 3663 5113 ut__Eu-

2072 5105 2908 5179 doxiusConstantinopolitanus
2953 5112 3006 5162 in
3055 5105 3572 5179 Ecloge‘Anasmsii,
3606 5115 3663 5160 et

2072 5182 2588 5255 Apolinariusipse,
2618 5174 2771 5248 cujus
2794 5184 2910 5255 napi
2934 5174 3489 5255 aapxéasggioyi'dcov
3514 5191 3662 5255 com-

2070 5246 2332 5308 memorat
2387 5246 2759 5306 Theodoreus
2808 5246 3020 5315 dialogo
3068 5246 3123 5299 5.
3185 5246 3275 5300 Usi
3328 5246 3505 5298 tamen
3558 5248 3662 5301 hoc

2067 5327 2228 5379 etiam
2258 5322 2523 5377 interdum
2551 5322 2822 5383 catholici,
2859 5330 2914 5370 nt
2944 5316 3268 5370 Athanasius
3294 5316 3434 5369 idem
3464 5315 3517 5369 in
3540 5317 3659 5372 aliis

2066 5394 2215 5448 libris
2246 5412 2257 5446 :
2283 5395 2407 5463 quin
2455 5404 2508 5446 ct
2546 5401 2732 5463 contra
2764 5389 3125 5463 Apolinarimu
3171 5387 3410 5463 scribens
3452 5396 3658 5463 utram-

2067 5481 2171 5534 que
2192 5459 2380 5518 vocem
2412 5478 2512 5517 una
2541 5462 2838 5534 conjunxit.
2865 5468 3150 5527 Μανιχαῖος
3176 5500 3190 5523 ,
3222 5459 3411 5527 inquit,
3444 5461 3663 5534 diatoni-

2065 5531 2179 5611 crae
2210 5544 2272 5611 τῇ
2321 5540 2576 5611 cupiebas;
2624 5536 2710 5587 καὶ
2750 5533 3070 5603 ἀνθρωπήσει
3101 5538 3192 5585 τοῦ
3224 5534 3429 5604 κυρίου,
3461 5531 3653 5591 ἀσεϐής
3691 5535 3695 5539 ’

2062 5609 2191 5664 κατὰ
2209 5608 2373 5663 πάντα
2388 5608 2602 5679 έγέγονεν.

2142 5745 2162 5777 ³
2193 5744 2338 5801 Idem
2365 5744 2514 5810 cod.,
2536 5744 2783 5798 sentienti.
