4104 6360
587 327 695 385 755

1630 318 1926 377 FACUNDI
1968 314 2175 374 EPISC.
2210 315 2726 377 HERMIANENSIS

3766 330 3849 388 756

588 451 759 496 tarum
790 456 974 511 parum
1000 438 1197 508 aliquid
1227 439 1508 494 meliorem
1532 450 1652 491 eum
1689 436 1888 492 fuerint
1914 429 2178 497 arbitrati,
2214 430 2255 488 A
2291 427 2418 484 bent
2440 440 2699 494 mentem,
2756 440 2951 500 praeter
3004 446 3119 497 vos,
3149 433 3240 503 qui
3276 448 3377 503 per
3420 435 3596 491 omnia
3636 440 3750 497 estis
3776 443 3848 502 de.

588 533 755 589 Deum
784 542 959 589 tamen
1007 547 1126 588 esse
1150 533 1494 597 nescierunt;
1529 539 1583 584 et
1608 538 1793 585 contra
1824 528 1961 584 istos
2004 527 2173 591 dicat,

585 626 728 696 quod
759 642 881 682 eum
908 625 1079 681 Judaei
1127 636 1410 681 venturum
1458 640 1523 680 ex
1572 622 1902 694 propheticis
1949 620 2175 678 vocibus

582 726 972 785 exspectarent,
1006 718 1301 773 secundum
1331 732 1468 786 quas
1493 716 1654 771 etiam
1697 714 1895 771 Herodi
1936 712 2172 768 interro-

580 806 729 877 ganti
755 809 1165 876 responderunt,
1196 809 1337 879 quod
1384 808 1439 863 in
1483 806 1759 863 Bethleem
1803 804 1954 861 ilwa
1987 817 2175 861 nasce-

580 902 768 956 retur?

1206 982 1429 1038 CAPUT
1470 983 1558 1037 ιν.

583 1072 734 1141 Quod
793 1075 1091 1129 Theodorus
1143 1076 1211 1127 ad
1264 1075 1627 1133 ostendendam
1680 1082 1874 1128 tantum
1928 1074 2173 1126 unitatem

652 1162 881 1213 persona:
906 1147 959 1199 in
987 1145 1210 1210 Christo,
1248 1163 1345 1198 non
1370 1147 1434 1197 ad
1464 1145 1848 1211 confitndt'mltts
1877 1146 1987 1212 ejus
2022 1153 2174 1195 natu-

647 1231 757 1279 ras,
786 1217 1123 1270 similitudine
1148 1234 1267 1270 usus
1296 1218 1361 1269 sit
1402 1218 1621 1270 hominis
1668 1232 1729 1269 ca;
1768 1218 1940 1268 anima
1980 1224 2026 1268 et
2062 1230 2173 1267 cor-

651 1302 775 1355 pore
810 1289 1100 1356 compositi.

664 1376 815 1434 Unde
844 1380 965 1448 quia
991 1389 1046 1434 et
1085 1379 1396 1448 Eutychiani
1444 1394 1542 1433 nec
1584 1394 1707 1449 erga
1741 1393 1984 1448 magnam
2013 1390 2177 1448 syno-

570 1472 730 1537 dum,
762 1488 860 1528 nec
890 1489 1016 1545 erga
1045 1474 1385 1528 Theodorum
1418 1474 1616 1543 placari
1660 1482 1905 1543 possunt,
1950 1480 2173 1542 quanta-

574 1579 789 1635 cunque
820 1568 888 1621 de
920 1567 1067 1621 libris
1096 1567 1214 1635 ejus
1240 1568 1435 1623 similia
1466 1567 1838 1637 proferantur,
1866 1566 1971 1620 tale
1996 1566 2172 1634 potius

573 1659 773 1728 aliquid
820 1675 941 1714 eum
983 1660 1183 1715 dixisse
1237 1669 1624 1727 monstremus,
1652 1659 1792 1729 quod
1838 1672 1935 1712 suo
1983 1664 2174 1727 putent

572 1752 745 1807 errori
783 1767 1096 1823 congruere.
1144 1753 1276 1808 Nam
1324 1754 1404 1809 his
1450 1768 1571 1823 quae
1602 1762 1894 1808 merueram
1934 1760 2081 1819 sunt,
2111 1759 2165 1807 et

2280 532 2489 578 mentes
2520 539 2534 576 :
2567 525 2659 592 qui
2682 522 3139 593 dispensationem
3188 543 3316 597 quite
3369 540 3588 599 propter
3614 547 3703 591 nos
3742 537 3846 595 facta

2280 622 2382 679 est,
2406 615 2475 669 ab
2505 616 2754 671 oratione
2780 618 3162 686 assumptionis
3186 619 3205 649 ³
3225 620 3436 676 mentis
3468 621 3520 674 in
3544 622 3699 690 ipsam
3726 642 3847 687 inen-

2280 715 2392 763 tem
2419 708 2682 777 judicium
2725 711 3007 781 recepistis
3050 712 3216 766 totius
3250 712 3585 781 insipientia:
3628 717 3765 783 plena
3787 720 3848 777 lo-

2278 810 2525 872 quentes,
2542 816 2727 858 etcum
2747 804 2911 859 multa
2927 804 3285 861 irreverentia
3303 806 3455 876 leges
3483 810 3840 873 constituentes.

2276 895 2618 966 Quaecunque
2630 897 2773 953 enim
2790 902 3082 954 secundum
3097 899 3303 970 aliquid
3322 900 3583 969 discreta,
3598 906 3841 963 secundum

2278 989 2477 1058 aliquid
2511 998 2833 1058 acceperunt
2858 990 3142 1059 unitatem,
3166 1002 3401 1049 servant
3448 1007 3601 1048 suam
3639 1010 3731 1065 qua
3754 997 3840 1054 dis-

2276 1090 2422 1133 creta
2443 1090 2567 1134 sunt
2590 1080 2917 1137 incolumem
2943 1082 3231 1149 rationem,
3259 1092 3315 1138 et
3341 1082 3607 1140 unitatem
3628 1083 3840 1155 integram

2276 1170 2497 1226 habent.
2526 1170 2697 1228 Unum
2713 1182 2796 1228 est
2818 1172 3019 1242 aliquid
3044 1183 3255 1242 natura,
3282 1175 3450 1230 sicuti
3472 1174 3674 1232 ﬁliuset
3693 1186 3837 1250 pater;

2278 1272 2457 1318 manet
2484 1273 2661 1320 autem
2692 1280 3043 1333 personarum
3074 1266 3340 1323 discretio
3369 1284 3385 1320 :
3418 1268 3648 1322 essentia
3669 1269 3837 1338 quidem

2276 1354 2707 1425 inseparabiliter
2737 1358 3006 1413 existente
3037 1375 3163 1428 una,
3214 1373 3475 1429 personae
3504 1360 3749 1428 propriam
3769 1360 3836 1415 ba-

2275 1446 2404 1501 bent
2433 1446 2845 1516 discretionem;
2880 1460 2935 1503 ut
2963 1464 3136 1520 neque
3165 1460 3328 1521 pater
3368 1450 3581 1506 dicatur
3607 1451 3741 1515 ﬁlius,
3768 1468 3834 1508 ne-

2275 1555 2379 1609 que
2409 1540 2548 1595 illius
2583 1550 2751 1610 pater.
2798 1541 3057 1599 Similiter
3086 1541 3190 1599 etsi
3218 1552 3419 1598 natura
3442 1542 3675 1613 quaedam
3698 1544 3833 1601 diver.

2274 1649 2330 1689 εδ
2353 1644 2499 1703 sunt,
2538 1634 2831 1691 secundum
2869 1634 3014 1691 aliud
3038 1651 3164 1691 vero
3204 1635 3441 1691 adunari
3494 1636 3831 1709 contigeritea,

2260 1743 2447 1796 neque
2490 1729 2790 1785 naturalem
2842 1729 3075 1798 perdunt
3123 1728 3482 1798 divisionem,
3529 1739 3583 1785 et
3631 1729 3829 1786 unitatem

572 1844 690 1898 aliis
722 1811 1027 1913 ltujusmodi
1058 1845 1234 1899 sedari
1266 1861 1373 1898 non
1402 1811 1690 1911 potuerunt
1725 1861 1736 1897 :
1768 1844 1892 1912 quia
1925 1811 2078 1907 non;
2107 1851 2165 1896 ut
2193 1811 2243 1874 Β
2271 1821 2541 1887 Propriam
2591 1820 2810 1889 “abem:
2841 1822 2981 1877 δίουί
3028 1821 3207 1876 anima
3245 1820 3489 1878 “dum”
3520 1830 3601 1877 θδι
3646 1824 3827 1891 corpori:

570 1934 848 2000 simulant,
877 1937 963 1991 vel
994 1936 1167 2004 ipsum
1190 1938 1271 1991 vel
1293 1937 1730 1993 Chalcedonense
1768 1939 2055 1994 concilium
2095 1939 2164 1993 ob

571 2026 675 2081 hoc
704 2027 951 2093 oderunt,
986 2029 1107 2098 quia
1136 2029 1272 2085 duos
1295 2031 1667 2100 praedicat/erit
1693 2031 1851 2093 filios,
1884 2031 1984 2086 hoc
2019 2033 2162 2087 enim

570 2128 758 2186 aperte
796 2120 990 2176 falsum
1034 2131 1145 2187 est;
1198 2124 1290 2178 sed
1346 2125 1521 2193 potius
1567 2125 1708 2191 quod
1760 2124 2164 2179 evidentissima

568 2209 705 2267 duas
734 2213 891 2268 unius
941 2212 1031 2268 lilii
1082 2215 1277 2271 dixerit
1332 2231 1452 2271 esse
1502 2225 1740 2270 naturas.
1772 2216 1839 2271 Et
1878 2225 2161 2286 propterea

568 2306 844 2376 quoniam,
876 2306 1017 2361 sicut
1064 2307 1237 2375 primo
1295 2308 1430 2362 libro
1471 2309 1886 2363 memoravimus
1912 2348 1925 2373 ,
1984 2308 2162 2364 dicere

565 2394 748 2450 solent
768 2394 928 2449 iidem
953 2395 1269 2467 Eutychiani
1295 2398 1379 2451 vel
1402 2398 1877 2470 Semieutychiani,
1900 2400 1978 2455 sic
2000 2416 2158 2455 unam

562 2481 767 2542 Christi
822 2501 941 2543 esse
986 2499 1231 2542 naturam
1278 2503 1343 2543 ex
1396 2490 1674 2546 divinitate
1721 2500 1775 2547 et
1826 2492 2162 2549 humanitate

567 2580 945 2648 compositam,
971 2583 1242 2651 quomodo
1266 2595 1372 2636 una
1401 2592 1482 2637 est
1508 2583 1667 2637 etiam
1709 2582 1939 2639 humana
1971 2592 2159 2641 natura

567 2683 640 2725 ex
669 2669 845 2725 anima
886 2686 1221 2743 corporeque
1260 2674 1586 2744 composita;
1628 2676 1978 2733 ostendamus
2025 2678 2157 2746 illis,

564 2760 657 2816 ubi
685 2762 851 2817 etiam
881 2764 1197 2821 Theodorus
1218 2765 1368 2832 dicit,
1396 2768 1521 2837 quia
1550 2771 1689 2823 sicut
1714 2768 1888 2824 anima
1926 2770 2158 2826 adunata

560 2856 801 2925 corpori,
828 2856 991 2914 homo
1013 2873 1078 2915 ex
1100 2860 1361 2917 ambobus
1400 2860 1655 2926 eflicitur,
1703 2863 1775 2918 ita
1819 2878 1885 2918 ex
1927 2864 2159 2920 adunata

560 2946 735 3003 forma
763 2949 859 3007 Dei
880 2960 935 3007 et
955 2952 1125 3009 forma
1154 2955 1317 3023 servi,
1348 2954 1403 3010 id
1439 2964 1522 3010 est
1550 2955 1827 3012 divinitate
1860 2966 2020 3026 atque
2061 2957 2183 3023 hu-,

558 3040 844 3113 suauitate,
868 3060 1006 3102 unus
1024 3054 1112 3102 est
1140 3046 1405 3105 Christus.
1452 3049 1544 3105 Sic
1594 3049 1739 3106 enim
1786 3050 2034 3117 fortasse,
2064 3053 2155 3122 qui

557 3144 625 3193 ut
650 3138 918 3197 catholico
959 3155 1067 3196 non
1098 3152 1486 3212 pepercerunt,
1516 3146 1605 3201 vel
1655 3155 1909 3215 tanquam
1936 3161 2066 3217 suo,
2103 3147 2156 3202 id

562 3237 646 3287 est
697 3231 1033 3306 Eutychiano
1082 3235 1197 3290 sive
1242 3238 1733 3309 Semieutychiano,
1794 3252 2047 3311 parcent,
2105 3252 2163 3298 et

554 3335 814 3392 magnum
846 3325 1159 3393 concilium,
1183 3329 1326 3397 quod
1366 3345 1487 3385 eum
1525 3346 1632 3388 non
1661 3333 2033 3402 damnaverit,
2065 3337 2161 3391 de-

560 3407 741 3463 sinent
763 3410 1058 3469 crimlnari.
1092 3414 1157 3469 Et
1182 3413 1270 3471 ille
1290 3416 1506 3485 quidem
1533 3433 1641 3475 non
1670 3436 1768 3490 pro
1799 3430 2025 3489 naturze,
2062 3427 2159 3481 sed

560 3510 664 3566 pro
688 3512 937 3568 personae
965 3504 1167 3561 unitate
1195 3504 1297 3562 hoc
1326 3509 1503 3577 posuit
1530 3551 1545 3575 ,
1577 3511 1717 3565 sicut
1746 3521 1802 3567 et
1827 3513 1916 3568 alii
1944 3513 2153 3583 Patres,

558 3603 788 3658 quorum
812 3592 899 3647 isti
925 3595 1065 3649 male
1107 3606 1327 3653 utuntur
1356 3601 1640 3669 exemplis.
1675 3603 1803 3656 Nam
1852 3604 1944 3659 Dei
1991 3605 2153 3663 Verbi

548 3691 769 3751 natura,
795 3699 916 3754 quae
951 3687 1177 3758 simplex
1223 3698 1307 3747 est
1348 3700 1408 3748 et
1452 3692 1998 3755 incontaminabiliter
2026 3701 2156 3756 sim-

554 3773 702 3844 plex,
731 3777 986 3847 componi
1032 3795 1138 3835 non
1180 3783 1373 3850 potuit.
1429 3785 1566 3841 Dicit
1602 3802 1732 3859 ergo
1762 3790 1815 3844 in
1842 3800 2034 3860 quarto
2062 3793 2157 3850 ad-

555 3878 746 3923 versus
778 3868 1125 3938 Apolinarem
1156 3871 1295 3929 libro
1324 3889 1338 3927 :
1375 3892 1395 3927 ι
1426 3875 1687 3943 Quoniam
1710 3888 1889 3936 autem
1919 3891 1971 3937 et
2001 3882 2154 3952 juxta

554 3974 659 4018 nos
688 3962 852 4020 homo
879 3964 1079 4023 dicitur
1104 3982 1172 4024 ex
1195 3969 1371 4025 anima
1418 3978 1476 4027 et
1508 3986 1736 4042 corpore
1776 3984 2057 4044 constare,
2100 3986 2157 4034 et

554 4050 693 4109 duas
722 4055 939 4125 quidem
967 4056 1063 4114 has
1083 4058 1312 4116 dicimus
1343 4070 1582 4129 naturas,
1609 4062 1843 4121 animam
1858 4075 1912 4123 et
1932 4080 2151 4136 corpus,

552 4155 723 4202 unum
750 4162 881 4205 vero
915 4149 1191 4208 hominem
1234 4165 1303 4208 ex
1350 4152 1611 4209 ambobus
1651 4160 2047 4226 compositum;
2097 4167 2154 4213 ut

549 4249 934 4299 conservemus
962 4259 1127 4300 unum
1157 4259 1279 4301 esse
1305 4255 1611 4317 utrumque,
1661 4258 1875 4319 oportet
1918 4251 2151 4306 confun-

542 4327 682 4389 dere
709 4343 949 4402 naturas,
980 4345 1034 4392 et
1056 4347 1499 4395 reconvertentes
1529 4339 1731 4407 dicere,
1759 4342 2013 4412 quoniam
2035 4343 2152 4400 ani-

542 4435 641 4480 ma
660 4438 788 4482 caro
816 4436 920 4498 est,
954 4439 1007 4485 et
1034 4446 1163 4488 caro
1184 4434 1385 4490 anima.
1416 4435 1485 4491 Et
1525 4438 1780 4504 quoniam
1808 4437 1901 4493 illa
1932 4439 2150 4508 quidem

538 4512 872 4575 immortalis
909 4530 992 4577 est
1035 4533 1091 4580 et
1138 4526 1446 4592 rationalis,
1498 4542 1625 4583 caro
1650 4545 1781 4585 vero
1809 4531 2053 4587 mortalis
2098 4541 2152 4589 et
2181 4562 2235 4626 υ

536 4608 826 4666 rationalis
851 4614 892 4680 ί,
915 4626 1354 4675 reconvertentes
1382 4620 1685 4677 diceremus
1702 4625 1746 4689 ³,
1779 4624 1903 4693 quia
1925 4625 2142 4683 immor-

536 4700 676 4757 talis
700 4712 783 4757 est
808 4705 1072 4774 mortalis,
1104 4717 1161 4765 et
1187 4711 1436 4767 mortalis
1456 4712 1804 4782 immortalis;
1830 4725 1884 4772 et
1910 4717 2141 4774 rationa-

536 4793 614 4849 ‘lis
634 4792 981 4865 irrationalis,
1014 4806 1067 4854 et
1094 4800 1419 4858 irrationalis
1469 4803 1766 4863 rationalis.
1810 4807 1917 4866 Sed
1966 4826 2140 4881 neque

546 4900 612 4942 ex
647 4886 828 4943 divina
856 4887 1131 4960 Scriptura
1160 4894 1261 4951 hoc
1290 4896 1464 4953 edocti
1504 4911 1723 4967 sumus,
1747 4915 1779 4956 o
1806 4903 2140 4973 sapientissi-

526 4993 635 5035 .me
664 4982 938 5051 omnium,
972 5000 1147 5057 neque
1173 4986 1311 5043 alius
1350 4990 1629 5060 quisquam
1662 4990 1764 5048 hoc
1783 4993 1933 5061 dicit,
1970 5012 2140 5066 usque

534 5069 599 5128 tiu
622 5072 941 5134 hodiernum
964 5078 1105 5135 diem
1123 5121 1139 5149 ,
1164 5095 1351 5138 eorum
1392 5085 1483 5154 qui
1508 5099 1693 5141 sanam
1725 5088 2009 5147 humanam
2044 5093 2137 5149 ha-

618 5189 858 5270 “.Vﬁujus
886 5197 1320 5270 comparationis
1366 5198 1725 5270 discrepantia
1777 5202 2022 5262 undecim
2070 5223 2135 5264 ex

545 5261 810 5345 capitibus
830 5278 861 5317 a
886 5261 1173 5345 Theodoro
1205 5261 1615 5345 Httgiopolitano
1637 5261 2002 5332 deu'tonstrata
2031 5261 2137 5345 est,

546 5330 740 5458 gpibus
765 5335 904 5388 hunc
935 5336 1143 5393 titulum
1170 5330 1396 5409 prazﬁgii
1422 5360 1432 5394 :
1462 5340 1669 5398 Ἕνδεκα
1692 5330 2139 5421 statuistis}

605 5406 795 5458 ἱκυυται
828 5406 885 5458 τὸ
910 5409 1144 5458 ἀπεοικὸς
1171 5417 1261 5458 τοῦ
1305 5412 1721 5458 πειῑιαδιίθυηηφῆι-
1750 5425 1840 5458 ,ηδ
1879 5423 2017 5458 ...υλρ
2046 5423 2135 5458 .3..-

605 5409 795 5459 ἱκυυται
828 5409 885 5461 τὸ
910 5409 1144 5470 ἀπεοικὸς
1171 5417 1261 5466 τοῦ
1305 5412 1721 5489 παραδείγματος
1750 5409 1840 5475 ἓοῦ
1879 5409 2017 5482 nis;
2046 5409 2135 5478 ἆνέ

622 5493 639 5524 ⁸
670 5492 804 5549 Cod.
828 5495 1054 5562 Veron.,
1086 5502 1422 5558 irrationalis.

618 5566 639 5595 ³
664 5562 806 5619 [dem
835 5567 979 5634 cod.,
1008 5573 1259 5627 dicamus.

582 5634 640 5759 1"
673 5636 814 5719 Idem
845 5638 989 5705 cod.,
1015 5645 1154 5709 facta
1180 5654 1251 5697 est
1290 5648 1597 5716 auferentes,
1635 5653 1892 5706 ablatione
1937 5668 2136 5707 assum-

600 5722 754 5763 toms.
1406 5754 1409 5761 .

582 5721 754 5763 nonis.
1406 5754 1409 5761 .

542 5721 579 5780 ρ
616 5774 817 5839 ﬁdem
866 5779 1023 5853 cod.,
1065 5799 1353 5857 quanquam
1404 5810 1505 5848 non
1555 5794 1705 5848 unius
1755 5804 1949 5851 natura;
1994 5796 2131 5866 sint,

2269 1922 2323 1967 et
2352 1929 2487 1968 unus
2513 1931 2584 1969 ex
2614 1916 2876 1973 ambobus
2909 1915 3133 1974 effectus
3162 1925 3247 1972 est
3281 1917 3475 1972 homo.
3508 1915 3676 1971 Manet
3710 1924 3828 1969 natu-

2268 2021 2449 2062 rarum
2472 2008 2701 2064 divisio:
2726 2010 2828 2065 alia
2855 2010 3070 2081 quidem
3095 2013 3278 2068 anima
3309 2021 3418 2079 est,
3443 2012 3547 2067 alia
3574 2026 3689 2069 vero
3706 2026 3826 2077 caro;

2267 2107 2316 2151 et
2348 2098 2477 2151 illud
2509 2099 2724 2167 quidem
2759 2102 3059 2157 immortale
3088 2111 3192 2168 est,
3220 2102 3367 2159 illud
3395 2114 3577 2159 autem
3622 2103 3825 2165 mortale;

2269 2198 2322 2243 et
2344 2188 2471 2244 illud
2498 2191 2713 2259 quidem
2740 2193 3002 2250 rationale
3031 2204 3135 2262 est,
3168 2196 3305 2253 illud
3336 2205 3519 2253 autem
3551 2197 3823 2253 irrationale.

2270 2280 2418 2336 Unus
2468 2291 2646 2337 autem
2699 2283 2862 2340 homo
2900 2295 3227 2357 utrumque:
3287 2290 3608 2345 alterutrum
3651 2302 3756 2343 vero
3787 2286 3823 2344 in

2266 2374 2450 2442 seipse
2486 2376 2650 2431 homo
2695 2394 2969 2449 nunquam
2995 2381 3194 2437 dicitur
3220 2382 3477 2439 absolute
3521 2391 3575 2438 et
3620 2381 3821 2452 proprie:

2267 2466 2369 2521 nisi
2414 2466 2551 2524 forte
2605 2482 2727 2524 cum
2784 2470 2965 2540 aliquo
3012 2471 3427 2540 additamento,
3476 2474 3612 2529 sicut
3653 2471 3821 2528 interior

2266 2560 2430 2615 homo
2456 2569 2508 2615 et
2536 2561 2773 2616 exterior
2798 2561 2980 2629 homo,
3015 2578 3124 2619 non
3150 2564 3407 2621 absolute
3443 2564 3618 2631 homo,
3647 2564 3727 2619 sed
3758 2564 3817 2617 in-

2266 2651 2434 2706 terior
2460 2661 2513 2708 et
2539 2652 2777 2709 exterior
2807 2672 2821 2710 :
2856 2662 2916 2710 ut
2942 2666 3199 2726 appareat
3226 2657 3377 2712 aliud
3405 2657 3615 2728 quidem
3644 2656 3817 2711 interius

2264 2743 2523 2811 hominis,
2573 2746 2718 2803 aliud
2767 2762 2895 2805 vero
2951 2748 3210 2807 exterius.
3282 2750 3363 2806 ιω
3419 2761 3475 2807 et
3526 2751 3577 2806 in
3644 2749 3815 2805 Domino

2265 2835 2486 2893 Chrisw
2509 2837 2763 2905 dicimus,
2790 2854 2824 2895 o
2854 2838 3113 2896 mirabilis
3134 2880 3150 2906 ,
3176 2840 3440 2910 quoniam
3484 2841 3535 2895 in
3562 2838 3711 2895 lorum
3747 2836 3815 2891 Dei

2264 2935 2489 2983 exstans
2535 2929 2709 2985 forma
2754 2932 2928 2998 servi,
2972 2945 3148 3000 neque
3169 2945 3463 2987 assumens
3496 2928 3629 3000 quod
3655 2940 3812 2982 assum-

2264 3029 2413 3090 ptum
2434 3030 2538 3088 est,
2563 3038 2737 3091 neque
2749 3024 2891 3093 quod
2905 3033 3243 3094 assumptum
3258 3033 3348 3082 est
3363 3037 3653 3081 assumens.
3671 3020 3814 3076 Unius

2263 3122 2443 3168 autem
2476 3116 2738 3184 assumpti
2774 3116 2918 3172 circa
2954 3125 3324 3175 assumentem
3356 3113 3706 3187 inseparabilis
3730 3118 3808 3173 est.

2184 3200 2237 3265 C
2267 3206 2562 3262 secundum
2595 3208 2797 3263 nullum
2827 3208 3051 3265 modum
3080 3208 3247 3265 incidi
3274 3209 3483 3265 valens.
3520 3227 3538 3260 ι
3566 3206 3671 3262 1am
3695 3215 3809 3270 ergo,

2268 3298 2408 3353 sicut
2430 3298 2686 3367 diximus,
2712 3299 2796 3355 vel
2819 3308 3072 3371 tanquam
3087 3300 3563 3373 Semieutycbiano
3584 3292 3811 3351 Theodoro

2268 3397 2508 3459 parcant,
2544 3400 2597 3446 et
2627 3391 2893 3462 synodum
2941 3405 3050 3447 non
3084 3399 3377 3461 accusent,
3406 3404 3525 3461 qua:
3553 3400 3645 3443 nec
3667 3391 3804 3449 antea,

2265 3497 2365 3538 nec
2412 3482 2554 3552 apud
2594 3497 2656 3539 se
2711 3491 3022 3540 accusatum
3088 3482 3403 3553 adjudicare
3482 3493 3584 3537 non
3630 3480 3809 3546 posset:

2264 3575 2505 3632 maxime
2534 3592 2655 3632 cum
2687 3575 2851 3641 dicat,
2876 3577 3000 3646 quia
3031 3576 3171 3632 sicut
3194 3575 3426 3632 interior
3454 3574 3609 3630 homo
3627 3575 3674 3625 et
3697 3572 3807 3622 exte-

2267 3666 2379 3722 rior
2410 3666 2593 3733 homo,
2622 3666 2675 3722 id
2726 3675 2813 3724 est
2855 3666 3033 3722 anima
3060 3674 3115 3723 et
3155 3681 3386 3735 corpus,
3413 3672 3695 3733 quanquam
3724 3665 3804 3709 non

2264 3758 2420 3815 unius
2449 3767 2652 3815 natura:
2686 3758 2815 3825 sint,
2846 3773 3005 3814 unam
3044 3768 3222 3814 tamen
3250 3756 3453 3813 faciant
3497 3742 3793 3844 personare‘-

2262 3847 2392 3915 Quae
2419 3863 2581 3919 porro
2610 3848 2861 3905 subtilior
2889 3848 3108 3905 unitatis
3130 3846 3404 3904 confessio
3433 3843 3515 3900 vel
3541 3843 3799 3910 expressior

2264 3954 2387 4016 esse
2408 3948 2605 4016 potest,
2632 3954 2815 4016 quam”
2842 3954 2905 3995 ea
2953 3954 3071 4010 quae
3108 3948 3328 4011 putatur
3357 3952 3465 3995 non
3495 3935 3653 3991 solum
3692 3922 3801 3997 quod

2270 4008 3021 4097 dnus‘sit’Cbristugverum
3051 4008 3214 4086 etiam
3257 4028 3404 4101 quod
3432 4040 3532 4084 una
3569 4021 3635 4079 sit
3655 4025 3801 4074 natura

2274 4120 2412 4186 ejus,
2468 4118 2791 4174 ostendere?
2833 4120 2972 4175 hanc
3016 4130 3195 4176 autem
3225 4118 3330 4176 iste
3367 4133 3463 4190 pro
3505 4105 3799 4183 exprimenda

2266 4223 2517 4279 personae
2541 4210 2750 4265 unitate
2778 4224 2886 4267 non
2914 4208 3127 4281 refugit.
3153 4208 3263 4269 Sed
3307 4210 3446 4265 sicut
3491 4206 3584 4260 hoc
3617 4194 3800 4257 dicendo

2260 4313 2370 4355 non
2395 4308 2476 4355 est
2504 4299 2802 4356 credendus
2830 4298 3227 4370 Acephalorum
3257 4307 3437 4369 caput,
3464 4292 3691 4367 quoniam
3717 4288 3796 4341 hoc

2258 4404 2367 4446 non
2397 4405 2495 4461 pro
2526 4390 2883 4461 denegatione
2926 4390 3151 4447 duarum
3200 4397 3512 4445 naturarum
3553 4380 3685 4447 dicit,
3721 4371 3794 4431 sed

2258 4482 2438 4550 potius
2489 4495 2587 4550 pro
2631 4479 2787 4537 unius
2825 4480 3125 4538 assertione
3170 4494 3457 4551 personae:
3502 4475 3569 4531 ita
3610 4482 3701 4526 non
3734 4468 3793 4520 eat

2258 4568 2562 4629 credendus
2592 4574 2753 4628 etiam
2785 4570 3087 4627 Nestoriani
3112 4579 3301 4628 auctor
3324 4567 3539 4636 erroris,
3576 4562 3654 4620 ubi
3675 4564 3792 4615 natu-

2251 4677 2435 4719 rarum
2465 4662 2837 4718 confusionem
2878 4661 3146 4732 repellens
3169 4662 3209 4729 ',
3239 4662 3468 4734 amplius
3494 4668 3658 4744 earum

2253 4754 2513 4823 prietates
2553 4753 2873 4810 necessitate
2910 4752 3271 4824 respondendi
3312 4748 3571 4810 hiereticis
3611 4735 3786 4835 dividit;

2250 4842 2503 4915 quoniam
2554 4846 2658 4899 hoc
2706 4857 2811 4898 non
2850 4851 3040 4898 contra
3084 4859 3331 4913 personae
3386 4840 3627 4899 unitatem
3669 4828 3782 4885 facit.

2249 4934 2385 4990 Hinc
2406 4941 2585 4989 autem
2614 4941 2943 5004 cognoscant
2984 4932 3462 5005 Semieutychiani,
3510 4939 3604 4997 qua
3648 4919 3781 4974 inten-

2247 5024 2396 5081 tione
2416 5024 2625 5079 dicatur
2657 5023 2724 5078 ab
2753 5022 2871 5079 aliis
2912 5022 3184 5091 Patribus,
3216 5004 3352 5094 quos
3400 5023 3576 5091 putant
3615 5012 3658 5065 in
3683 5004 3781 5061 dua-

2245 5109 2349 5171 bus
2373 5112 2648 5170 Christum
2680 5126 2904 5184 ncgasse
2930 5116 3163 5183 naturis,
3197 5116 3323 5185 quia
3350 5113 3483 5169 sicut
3522 5102 3677 5160 anima
3700 5105 3718 5131 ⁸
3740 5096 3781 5147 el

2244 5229 2450 5305 ᾅρὼπου
2472 5229 2700 5305 τῇ-κατᾴ
2721 5228 2939 5305 Χριστὸν
2975 5229 3152 5287 ἐνώσσι
3184 5246 3197 5287 :
3234 5229 3476 5305 Undecim
3495 5219 3776 5305 ‘Cﬂpi‘ﬁ

2248 5292 2339 5372 b'us
2361 5292 2643 5372 ostenditur
2666 5300 2720 5353 in
2759 5292 2858 5369 quo
2887 5300 3137 5371 discrepet
3176 5301 3459 5372 exemplum
3486 5292 3677 5349 hominis
3712 5292 3777 5332 σε·

2247 5371 2432 5439 iusque
2458 5388 2489 5426 a
2518 5369 2722 5426 Christo
2744 5372 3035 5427 incantato.

2247 5540 2405 5578 unum
2437 5534 2600 5598 tamen
2633 5528 2889 5581 hominem
2921 5529 3139 5598 faciunt,
3167 5531 3237 5583 ita
3264 5538 3313 5585 et
3350 5530 3403 5584 in
3443 5521 3639 5581 Domino
3660 5510 3775 5598 Clit

2244 5604 2323 5648 sto
2348 5600 2525 5673 forma
2556 5596 2672 5666 Dei,
2703 5609 2751 5652 et
2793 5590 2960 5669 [ον-πίει
3008 5590 3161 5669 servi,
3209 5614 3490 5673 quanquam
3528 5608 3616 5673 γξρπ

2243 5657 2446 5745 natura?
2481 5669 2602 5733 sint,
2628 5657 2803 5745 tinam:
2824 5678 2993 5745 tamen
3033 5657 3199 5742 fecere
3220 5657 3512 5745 'personamo
3536 5662 3664 5732 ουδ’
3684 5657 3766 5709 διδ

2317 5737 2338 5769 ⁸
2367 5736 2511 5794 Idem
2540 5739 2689 5811 cod.,
2717 5741 2971 5811 refellens.
