4104 6360
318 282 428 339 757

1223 271 1357 328 PRO
1397 266 1820 324 DEFENSIONE
1860 263 2076 323 TRIUM
2114 265 2424 323 CAPITUL.
2457 266 2586 322 LIB.
2630 263 2719 319 1X.

3498 261 3567 316 '75
3579 261 3602 312 ,ξ

322 410 524 467 corpus
572 409 737 450 unum
791 392 1063 448 hominem
1091 388 1311 452 faciunt,
1343 387 1416 440 ita
1454 400 1521 442 ex
1550 383 1828 439 divinitate
1857 388 1911 437 et
1938 381 1992 442 Δ
2016 383 2452 440 Chalcedonensc
2482 383 2788 448 concilium,
2821 383 2864 437 si
2884 393 2938 437 et
2965 381 3131 451 ipsos,
3153 389 3210 436 ut
3233 395 3341 435 non
3367 379 3599 448 amplius

323 486 657 542 humanitate
682 499 822 540 unus
859 493 941 552 est
978 480 1224 538 Christus
1249 497 1261 532 :
1286 476 1426 548 quod
1467 477 1569 531 hoc
1598 475 1666 530 ab
1694 475 1778 530 eis
1807 488 1912 527 non

324 581 396 636 ad
426 587 656 644 naturae,
682 577 780 634 sed
805 576 875 632 ad
907 589 1147 645 persona:
1179 570 1354 642 potius
1377 570 1635 625 unitatem
1675 567 1912 632 dicatur;

327 671 543 742 quando
568 670 731 727 etiam
761 668 1098 734 Theodorus,
1127 681 1284 736 quem
1334 662 1708 720 Nestorianunt
1740 662 1920 715 crimi-

329 775 541 830 nantes,
597 777 794 834 negare
849 777 954 818 non
1008 767 1235 831 possunt
1287 760 1339 812 in
1394 755 1600 834 duabus
1643 752 1920 808 Christum

329 859 655 928 praedicasse
681 855 905 922 naturis,
927 854 1028 909 hac
1050 861 1228 909 utatur
1243 832 1616 913 similitudine,
1634 861 1793 916 quam
1810 860 1922 899 suae

331 959 520 1021 putant
541 950 830 1005 dementiae
879 945 1193 1003 convenire.
1223 946 1461 1015 Apparet
1490 956 1618 1011 ergo
1665 937 1925 1008 sapienti-

331 1046 434 1102 bus
467 1042 917 1114 quemadmodum
959 1042 1157 1097 veritas
1205 1037 1440 1107 undique
1484 1032 1762 1104 fugacibus
1815 1030 1926 1085 suis

279 1208 289 1221 ί
331 1147 606 1204 occurrat,
638 1145 694 1194 et
717 1149 1141 1207 quaquaversum
1175 1130 1583 1196 declinaverint,
1632 1129 1691 1183 in
1733 1127 1926 1183 faciem

332 1229 436 1287 sibi
462 1244 579 1284 eam
621 1229 896 1284 inveniant
929 1228 1294 1282 resistentem.
1325 1222 1475 1279 Unde
1517 1220 1661 1278 enim
1703 1219 1783 1274 eis
1819 1232 1926 1273 non

334 1322 490 1376 obvia
515 1321 717 1387 veniat,
746 1334 882 1390 quos
903 1335 967 1375 ex
989 1333 1086 1374 sua
1106 1330 1319 1388 quoque
1345 1312 1684 1369 accusatione
1705 1308 1931 1366 confun-

333 1414 451 1470 dit?
481 1413 611 1469 Nam
634 1412 960 1485 refugientes
983 1409 1102 1481 ejus
1129 1408 1430 1464 doctrinam
1457 1419 1614 1475 quam
1647 1418 1742 1473 per
1768 1401 1933 1458 Chal-

335 1507 642 1562 cedonense
685 1505 976 1562 concilium
1006 1503 1210 1567 docuit,
1250 1499 1384 1555 duas
1413 1498 1572 1553 unius
1601 1497 1693 1551 Dei
1733 1493 1932 1550 Christi

336 1611 460 1652 esse
487 1607 739 1662 naturas;
765 1595 880 1652 sive
907 1595 1081 1665 ipsum
1102 1636 1115 1660 ,
1145 1593 1260 1648 sive
1291 1589 1654 1656 Theodorum,
1679 1587 1833 1657 cujus
1860 1585 1934 1641 ibi

340 1691 526 1748 laudes
548 1692 786 1748 recitatae
839 1697 983 1757 sunt,
1033 1688 1101 1745 de
1142 1685 1462 1743 Nestoriana
1507 1681 1701 1738 haeresi
1752 1680 1936 1736 crimi-

2017 477 2208 541 dicam,
2238 477 2307 531 ita
2333 478 2612 546 loquentes
2637 477 2982 543 pronuntiare
3004 475 3272 530 audebunt
3294 472 3600 528 haereticos.

2018 569 2109 626 Sic
2135 576 2315 624 autem
2342 569 2697 639 loquebantur
2721 570 2775 623 in
2809 568 3048 624 Ecclesia
3083 565 3317 628 Christi,
3352 575 3602 635 tanquam

2019 662 2166 718 nulla
2192 660 2423 717 Nestorii
2468 661 2764 730 quaestione
2813 659 3132 717 sollicitante
3162 659 3354 724 securi,
3388 673 3493 714 non
3550 665 3607 710 ut

2023 759 2280 814 unitatem
2306 769 2548 826 personae
2574 753 2775 811 Christi
2797 753 3135 819 dividerent,
3167 768 3325 822 quant
3353 761 3405 806 et
3432 751 3606 806 Theo-

2024 854 2188 908 dorus
2217 849 2629 921 inseparabilem
2660 849 2960 919 proﬁtetur,
2993 859 3048 905 et
3079 845 3372 902 secundum
3406 844 3608 899 nullum

2025 945 2243 1002 modum
2270 943 2432 998 incidi
2461 943 2749 998 valentem.
2783 939 3080 996 Admodum
3112 953 3242 997 vero
3270 946 3474 1008 gratum
3504 945 3607 1001 est,

2028 1039 2170 1109 quod
2199 1051 2364 1092 vanas
2389 1045 2445 1092 et
2472 1035 2698 1089 invicem
2731 1047 2790 1088 se
2816 1031 3154 1087 destruentes
3185 1029 3372 1085 horum
3412 1027 3610 1083 calum-

2030 1134 2167 1198 nias,
2199 1131 2291 1202 qui
2330 1144 2452 1185 eum
2479 1129 2663 1184 dicunt
2709 1135 2764 1181 et
2792 1140 2956 1179 unam
3003 1123 3281 1183 Trinitatis
3319 1122 3614 1177 credidisse

2032 1240 2342 1297 personam,
2382 1233 2435 1279 et
2482 1217 2895 1292 quaternitatem
2933 1215 3258 1287 praedicasse
3299 1213 3434 1268 duos
3479 1212 3614 1265 ﬁlios

2033 1309 2344 1382 asserendo,
2373 1314 2646 1384 reciproce
2673 1311 2833 1367 simul
2863 1318 2916 1365 et
2944 1309 3059 1378 ipse
3081 1323 3148 1362 ex
3187 1305 3403 1360 alterius
3439 1304 3616 1371 repul-

2034 1414 2186 1469 sione
2214 1413 2434 1466 alteram
2466 1421 2676 1478 quoque
2697 1403 2930 1474 repellit,
2946 1416 3066 1457 cum
3083 1415 3148 1457 ex
3168 1394 3250 1454 his
3273 1412 3391 1468 quae
3415 1409 3618 1450 memo-

2035 1507 2269 1564 ravimus
2298 1503 2474 1567 docet,
2519 1499 2795 1572 quoniam,
2826 1497 2962 1550 sicut
2994 1502 3143 1564 pater
3171 1500 3226 1546 et
3270 1489 3406 1544 lilius
3465 1485 3620 1541 unius

2036 1597 2253 1668 quidem
2283 1602 2483 1649 naturae
2513 1601 2657 1655 sunt,
2706 1587 2802 1643 sed
2832 1587 2985 1642 unius
3014 1597 3260 1654 personae
3297 1595 3401 1636 non
3450 1588 3576 1632 sunt
3602 1620 3614 1642 ,

2038 1691 2112 1746 ita
2145 1690 2202 1746 in
2235 1689 2449 1745 homine
2482 1700 2581 1742 una
2623 1683 2793 1740 anima
2843 1688 2898 1735 et
2925 1693 3151 1746 corpus,
3191 1675 3274 1728 vel
3317 1673 3368 1728 in
3407 1670 3622 1727 Christo

344 1792 565 1852 nantur,
599 1791 846 1852 putantes
873 1780 1014 1852 quod
1044 1795 1148 1835 una
1181 1778 1250 1834 sit
1279 1775 1478 1832 Christi
1506 1771 1807 1831 conﬁtenda
1839 1785 1935 1825 na-

2056 1785 2180 1840 )eus
2207 1793 2262 1839 et
2287 1783 2470 1845 homo,
2503 1781 2656 1835 unius
2677 1775 2891 1847 quidem
2916 1785 3156 1844 persona:
3179 1775 3323 1829 sunt,
3351 1766 3442 1822 sed
3466 1763 3623 1818 unius

345 1886 486 1934 tura.
522 1876 632 1933 Hoc
660 1887 838 1934 autem
885 1893 951 1932 ex
987 1890 1054 1931 eo
1084 1875 1330 1928 nituntur
1358 1881 1624 1937 astruere,
1684 1866 1937 1938 quoniam

346 1971 521 2025 sancti
552 1970 740 2025 Patres
763 1969 1038 2033 dixerunt,
1067 1967 1205 2022 sicut
1234 1981 1300 2022 ex
1323 1965 1499 2018 anima
1525 1969 1581 2017 et
1607 1974 1770 2014 carne
1799 1971 1936 2012 unus

342 2071 427 2119 est
461 2062 649 2124 homo,
687 2061 764 2116 ita
801 2061 858 2116 in
893 2061 1169 2116 divinitate
1196 2068 1252 2114 et
1285 2055 1617 2112 humanitate
1671 2066 1808 2108 unus
1857 2057 1971 2105 est'

343 2153 618 2210 Christus.
653 2153 1003 2224 Suspicantes
1028 2167 1177 2222 ergo,
1219 2148 1366 2220 quod
1399 2147 1509 2202 hoc
1540 2160 1637 2216 pro
1667 2143 1824 2201 unius
1847 2156 1944 2198 na-

355 2254 514 2314 turai,
548 2254 604 2303 et
634 2260 738 2301 non
787 2246 989 2314 potius,
1023 2244 1162 2300 sicut
1191 2241 1389 2299 veritas
1419 2239 1602 2306 habet,
1653 2250 1754 2307 pro
1782 2235 1943 2291 unius

348 2349 594 2406 personae
622 2335 920 2393 assertione
945 2333 1014 2389 ab
1036 2334 1115 2390 eis
1141 2332 1304 2389 fuerit
1329 2331 1569 2395 dictum;
1599 2341 1707 2383 non
1745 2333 1941 2397 negant

350 2427 518 2484 errori
542 2427 859 2483 Nestoriano
894 2425 1116 2481 omnino
1142 2438 1264 2481 esse
1317 2422 1648 2480 contrarium
1676 2461 1690 2484 ,
1723 2427 1776 2474 et
1821 2418 1944 2474 ideo

350 2519 495 2588 suis,
533 2518 671 2574 sicut
711 2518 964 2582 diximus,
1019 2515 1338 2572 refutantur.
1392 2513 1524 2568 Nam
1566 2513 1626 2566 in
1667 2519 1871 2565 tantum
1914 2525 1943 2562 a

350 2612 553 2667 sanctis
593 2610 842 2667 Patribus
888 2611 979 2665 illa
1007 2608 1300 2664 similitudo
1327 2606 1394 2661 de
1423 2607 1618 2660 animae
1655 2602 1943 2669 carnisque

352 2701 705 2769 adunatione,
754 2716 862 2756 non
891 2702 956 2755 ad
991 2700 1148 2755 unius
1185 2705 1390 2754 naturae
1418 2693 1621 2750 Christi
1657 2693 1948 2748 documen-

351 2804 466 2849 tum
506 2794 672 2848 relata
720 2802 824 2859 est,
877 2801 932 2847 ut
974 2793 1075 2846 hac
1113 2791 1274 2846 etiam
1318 2786 1636 2844 Theodorus
1679 2790 1942 2848 uteretur,

355 2899 512 2954 quem
545 2898 650 2938 non
679 2883 852 2940 solum
882 2882 1015 2937 duas
1049 2879 1451 2949 naturas,quod
1482 2890 1668 2933 verum
1690 2889 1753 2929 ac
1778 2873 1950 2929 mani-

356 2973 558 3030 festum
591 2983 696 3039 est,
725 2975 821 3030 scd
852 2973 1037 3039 etiam,
1061 2973 1200 3044 quod
1227 2971 1418 3027 falsum
1445 2979 1552 3033 est,
1584 2967 1718 3022 duas
1747 2964 1949 3020 Christi

359 3067 540 3125 dicunt
567 3068 860 3124 credidisse
883 3082 1141 3138 personas
1164 3084 1178 3120 :
1205 3076 1263 3120 ut.
1285 3066 1387 3120 hac
1407 3061 1757 3118 similitudine
1776 3067 1951 3115 utere-

361 3167 446 3217 tur
467 3175 570 3231 qua
603 3168 817 3216 sanctos
842 3159 1030 3215 Patres
1055 3158 1368 3214 existimant
1408 3170 1516 3210 non
1564 3153 1738 3209 solum
1785 3163 1946 3205 unam
1976 3153 2024 3220 α

361 3267 669 3323 personam,
701 3267 888 3308 verum
913 3253 1070 3307 etiam
1104 3264 1261 3304 unam
1289 3247 1488 3304 Christi
1515 3247 1764 3301 docuisse
1793 3252 1947 3298 natu-

364 3358 500 3398 ram.
549 3341 702 3400 Sicut
733 3349 912 3398 autem
939 3341 1005 3396 de
1038 3339 1212 3394 anima
1242 3347 1297 3394 et
1334 3350 1496 3392 carne
1525 3335 1681 3390 unius
1720 3331 1951 3388 hominis

363 3435 561 3494 dicitur
587 3435 631 3502 ί,
652 3435 794 3504 quod
828 3448 927 3490 nos
971 3431 1391 3503 promiseramus
1421 3427 1730 3492 ostendere,
1772 3433 1953 3480 manet

365 3534 675 3584 naturarum
697 3525 906 3594 divisio,
929 3533 985 3581 et
1000 3524 1104 3579 alia
1133 3521 1350 3592 quidem
1377 3520 1558 3576 anima
1575 3525 1678 3583 est,
1703 3516 1807 3571 alia
1825 3529 1954 3571 vero

366 3632 515 3684 caro,
573 3626 761 3672 natura
810 3616 1018 3685 utique,
1075 3628 1183 3670 non
1222 3625 1474 3684 persona,
1523 3607 1774 3679 quoniam
1825 3604 1953 3663 illud

371 3708 585 3779 quidem
635 3707 916 3774 rationale,
949 3705 1075 3764 illud
1123 3713 1304 3762 autem
1347 3700 1657 3758 irrationale
1686 3707 1803 3764 est,
1835 3710 1956 3752 nam

374 3817 511 3858 unus
541 3802 700 3856 homo
721 3812 1044 3870 utrumque:
1077 3798 1148 3854 ita
1178 3797 1339 3854 etiam
1372 3794 1702 3862 ubicunque,
1732 3803 1961 3860 praeser-

371 3896 468 3952 tim
497 3904 621 3952 ante
650 3909 891 3950 errorem
937 3892 1167 3950 Nestorii
1207 3889 1558 3959 divulgatum,
1585 3886 1655 3940 ab
1693 3881 1962 3951 aliquibus

377 3985 626 4045 Ecclesia:
653 3986 932 4043 catholicae
963 3983 1274 4039 doctoribus
1309 3978 1612 4036 invenimus
1651 3976 1817 4031 alium
1857 3973 1962 4028 dici

377 4092 758 4148 assumcntem,
781 4081 950 4136 alium
973 4092 1101 4132 vero
1119 4083 1479 4142 assumptum,
1508 4085 1616 4125 non
1637 4081 1865 4138 persona
1882 4065 1968 4121 vel

377 4175 725 4231 subsistentia
762 4174 785 4208 ²
837 4170 975 4237 alia,
1023 4167 1121 4223 sed
1157 4174 1346 4220 natura
1386 4161 1647 4218 debemus
1691 4157 1966 4227 accipere,

367 4267 519 4324 sicut
543 4267 593 4320 in
618 4279 724 4321 uno
746 4263 964 4319 homine
979 4261 1121 4316 alius
1145 4255 1394 4322 interior,
1419 4254 1555 4309 alius
1578 4251 1814 4308 exterior
1839 4249 1972 4306 dici-

383 4367 468 4416 tur
496 4361 677 4426 homo,
709 4359 754 4414 si
784 4370 958 4428 neque
988 4367 1089 4409 nos
1113 4363 1304 4408 errare
1332 4347 1605 4412 volumus,
1637 4356 1812 4412 neque
1841 4341 1972 4411 ipsis

347 4517 351 4524 ,
379 4452 718 4520 calumniari,
741 4446 1183 4520 nequeEcclesia:
1201 4441 1402 4499 Christi
1422 4437 1728 4503 detrahere,
1753 4436 1808 4492 in
1823 4435 1974 4505 cujus

349 4530 351 4532 ’
385 4559 515 4615 pace
537 4553 697 4614 atque
720 4541 927 4597 honore
951 4534 1187 4593 detnncti
1216 4544 1339 4590 sunt
1364 4550 1376 4587 :
1405 4543 1578 4601 neque
1601 4527 1972 4587 auctoritatem

384 4637 555 4691 errori
585 4632 902 4690 Nestoriano
928 4629 1193 4692 tribuere,
1225 4632 1285 4680 ut
1311 4624 1399 4684 liis
1428 4622 1519 4693 qui
1546 4619 1834 4676 maximam
1859 4617 1973 4672 lau-

385 4727 506 4783 dem
539 4727 606 4782 de
630 4725 834 4796 judicio
866 4722 1122 4780 Ecclesiae
1160 4721 1509 4781 meruerunt,
1549 4712 1746 4768 similia
1783 4709 1974 4766 Nesto-

387 4819 500 4874 rius
546 4817 867 4886 praedicasse
926 4814 1155 4871 dicatur.
1196 4809 1350 4876 Quod
1387 4807 1602 4878 quidem
1649 4819 1683 4860 a
1732 4801 1976 4874 ﬁdelibus

343 4983 346 4990 ι
389 4908 538 4966 credi
569 4909 764 4963 veritas
788 4907 1088 4963 nullatenus
1114 4903 1277 4970 sinit,
1306 4916 1427 4972 quas
1447 4897 1850 4955 maledictorum
1884 4908 1978 4950 ca-

392 5001 626 5059 lumnias
653 5013 721 5056 ex
741 4998 866 5054 aliis
894 5011 1078 5052 eorum
1108 4993 1265 5049 dictis
1286 5031 1300 5055 ,
1340 4990 1535 5061 quibus
1585 4985 1862 5042 evidenter
1912 4982 1980 5038 de

393 5095 602 5154 unitate
632 5104 879 5164 personae
904 5086 1104 5143 Christi
1133 5081 1298 5141 locuti
1327 5089 1471 5146 sunt,
1504 5078 1623 5134 sine
1651 5073 1983 5134 dubitatione

396 5189 660 5248 conlutat.
696 5185 811 5240 Non
838 5180 1014 5250 enim,
1043 5178 1183 5234 sicut
1209 5174 1382 5246 ignari
1415 5176 1640 5242 putant,
1671 5166 1754 5222 vel
1797 5165 1986 5219 adver-

397 5284 524 5342 sarii
553 5278 826 5348 simulant,
856 5275 1004 5332 solus
1033 5268 1351 5328 Theodorus
1393 5265 1466 5320 ita
1497 5263 1706 5317 locutus
1752 5264 1855 5324 est,
1889 5254 1986 5310 sed

397 5376 556 5436 multi
580 5374 669 5432 alii
690 5371 900 5435 Patres,
931 5377 1159 5437 quorum
1186 5356 1462 5429 sequentia
1483 5401 1500 5426 ,
1532 5361 1590 5409 ut
1621 5348 1978 5421 promisimus,

397 5468 722 5540 proferimus
761 5459 1001 5530 exempla
1035 5475 1048 5510 :
1092 5456 1145 5511 in
1184 5451 1379 5524 quibus
1407 5445 1864 5540 Eutychianorum
1903 5439 1988 5496 vel

407 5533 695 5619 satellitum
742 5567 928 5613 eorum
983 5548 1284 5606 libertatem
1335 5542 1584 5598 volumus
1632 5533 1886 5605 experiri,
1935 5538 1991 5587 et

407 5653 583 5711 selum
634 5648 757 5706 ﬁdei
807 5657 966 5705 ouem
1013 5645 1286 5712 ostentant
1325 5635 1388 5712 in
1453 5627 1738 5688 Theodoro
1804 5629 1990 5681 contra

483 5835 504 5870 ⁸
526 5828 643 5890 Cod
667 5828 888 5893 Verum,
908 5821 1050 5878 dicit.

2040 1877 2287 1933 essentim
2310 1889 2414 1928 non
2446 1879 2601 1934 sunt;
2623 1867 2749 1940 quia
2773 1880 2943 1937 neque
2967 1864 3135 1919 forma
3165 1861 3261 1917 Dei
3284 1860 3452 1914 forma
3479 1855 3623 1912 servi

2040 1977 2142 2032 est,
2175 1980 2346 2042 neque
2380 1965 2549 2021 forma
2604 1963 2745 2019 servi
2781 1960 2948 2014 forma
2982 1957 3074 2012 Dei
3107 1963 3206 2021 est,
3237 1953 3480 2024 quamvis
3512 1947 3625 2003 uni-

2041 2071 2124 2118 tas
2150 2045 2394 2132 personae
2423 2065 2638 2113 maneat
2685 2051 3059 2124 inseparabilis
3094 2047 3387 2105 secundum
3419 2042 3624 2099 nullum

2043 2153 2262 2211 modum
2287 2151 2453 2209 incidi
2483 2150 2687 2206 valens.

2681 2299 2910 2360 CAPUT
2947 2300 3012 2356 V.

2051 2451 2204 2526 Quod
2231 2450 2443 2526 obscura
2473 2451 2520 2526 et
2542 2441 2793 2522 ambigua
2814 2437 3032 2526 Patrum
3062 2432 3199 2526 dicta
3227 2444 3305 2526 εξ
3328 2429 3520 2500 apertis
3548 2443 3630 2526 eo-

2065 2499 2425 2578 ‘Ui'vuwmndicvtis
2467 2499 2795 2584 interpretari
2845 2514 3115 2577 oporteat,
3168 2503 3305 2573 quod
3353 2499 3631 2573 propositis

2118 2597 2314 2664 aliquot
2344 2587 2589 2658 exemplis
2617 2583 2865 2638 declarat.

2123 2733 2198 2788 Ex
2232 2731 2314 2785 his
2344 2741 2471 2798 ergo
2490 2724 2650 2781 certis
2672 2730 2724 2778 et
2754 2717 3090 2776 evidentibus
3115 2714 3383 2771 Theodori
3415 2722 3634 2768 senten-

2051 2807 2164 2894 tiis,
2195 2819 2539 2890 intelligenda
2562 2816 2715 2871 nobis
2745 2821 2869 2867 sunt
2897 2811 3019 2875 alia,
3067 2823 3184 2878 quae
3216 2808 3266 2862 in
3319 2807 3435 2876 ejus
3483 2803 3637 2859 dictis

2054 2911 2300 2976 videntur
2335 2911 2650 2988 quibusdam
2701 2905 2858 2961 dubia
2910 2903 2994 2957 vel
3038 2901 3286 2966 obscura,
3334 2898 3378 2952 si
3408 2911 3527 2952 cum
3560 2895 3640 2951 eis

2054 3014 2227 3072 notari
2260 3011 2529 3071 nolumus,
2558 3003 2625 3058 de
2655 3002 2846 3072 quibus
2869 2997 2941 3051 ait
2984 2997 3170 3051 beatus
3200 2991 3464 3063 Cyrillus,
3498 2987 3640 3058 quod

2055 3106 2340 3165 sciniense
2369 3102 2630 3156 haberent
2656 3095 2794 3151 circa
2837 3089 3082 3145 eumdem
3121 3087 3294 3141 virum
3351 3080 3639 3137 admirabi-

2056 3206 2181 3267 lem,
2226 3209 2279 3255 et
2321 3195 2608 3268 maximam
2655 3188 2877 3262 gloriam
2932 3190 3229 3240 merentem
3270 3176 3640 3242 Theodorum,

2056 3295 2394 3358 occasionem
2425 3286 2684 3343 facientes
2725 3277 3000 3336 contrario
3047 3273 3281 3344 dogmati
3334 3284 3442 3341 quo
3493 3277 3644 3324 tene-

2055 3394 2270 3458 bantur,
2301 3396 2358 3442 ut
2388 3387 2693 3456 quaererent
2724 3375 2966 3447 quaedam
3009 3369 3126 3440 ejus
3164 3365 3394 3437 capitula
3430 3377 3538 3418 non
3578 3376 3644 3416 ex

2058 3454 2370 3548 melioribus
2407 3454 2694 3532 intellecta
2762 3466 3026 3525 damnari.
3083 3463 3208 3518 lltee
3280 3474 3386 3515 vox
3448 3454 3648 3529 Cyrillo

2055 3577 2216 3650 digna
2247 3594 2260 3629 :
2294 3575 2370 3638 sic
2401 3573 2670 3642 integrum
2700 3561 2956 3620 Ecclesiae
2986 3559 3262 3614 doctorem
3293 3551 3440 3622 loqui
3490 3550 3650 3606 dece-

2213 3668 2344 3728 Nam
2391 3641 2838 3735 quemadmodum
2884 3649 3321 3709 calumniantium
3371 3641 3652 3699 haeretico-

2064 3779 2181 3822 rum
2210 3769 2311 3826 est,
2341 3733 2606 3813 exrduhiis
2629 3757 2685 3807 et
2708 3745 2951 3804 obscuris
2969 3756 3085 3814 quae
3113 3749 3260 3796 certa
3288 3748 3337 3792 et
3370 3733 3653 3790 manifesta

2065 3863 2193 3914 sunt
2220 3824 2359 3914 male
2385 3839 2762 3914 interpretari,
2811 3840 2881 3892 ita
2912 3833 3125 3890 solitum
3159 3839 3240 3883 cst
3272 3824 3563 3896 prudentiae
3590 3838 3653 3879 ac

2066 3945 2279 4018 pietatis
2323 3936 2622 4015 catholicis,
2653 3946 2718 3988 ex
2756 3923 3068 3986 indubitatis
3094 3930 3254 3989 atque
3284 3915 3628 3972 evidentibus

2070 4005 2124 4100 et
2155 4039 2370 4094 ﬁrmare
2409 4013 2677 4100 ambigua,
2718 4030 2772 4078 et
2819 4016 3035 4075 latentia
3081 4013 3376 4069 declarare.
3423 4005 3657 4073 Ideoque
3739 4009 3744 4011 ’

2071 4130 2264 4190 melius
2293 4125 2537 4189 facimus,
2576 4119 2622 4175 si
2663 4116 2902 4169 virorum
2942 4107 3376 4164 doctissimorum
3419 4100 3473 4156 in
3525 4110 3659 4168 pace

2074 4222 2330 4285 Ecclesiae
2382 4223 2609 4274 mortem
2653 4205 2963 4270 obeuntium
3004 4199 3201 4268 scripta
3250 4194 3441 4272 melius
3492 4192 3660 4260 inter-

2073 4324 2376 4390 pretemur,
2434 4307 2521 4364 vel
2553 4306 2597 4361 si
2633 4285 2806 4358 minus
2841 4298 2894 4352 in
2934 4295 3012 4351 eis
3053 4292 3315 4346 bazrcsum
3361 4285 3660 4340 futurarum

2077 4373 2373 4478 calumnias
2402 4401 2573 4457 vitare
2621 4397 2926 4466 potuerunt.
2959 4387 3014 4444 Si
3055 4384 3147 4456 qui
3197 4395 3324 4438 vero
3374 4373 3661 4434 orthodoxi

2078 4477 2240 4562 etiam
2261 4473 2406 4576 aliud
2429 4491 2730 4566 faciendum
2761 4481 3090 4556 putaverint,
3123 4493 3228 4532 non
3255 4482 3377 4530 sunt
3406 4472 3459 4529 in
3491 4471 3594 4525 hoc
3631 4483 3662 4524 a

2077 4563 2434 4672 prudentibus
2473 4563 2735 4643 imitandi.
2777 4577 2878 4648 Qui
2921 4575 2966 4630 si
3014 4571 3293 4648 utriusque
3337 4563 3503 4638 partis
3551 4573 3666 4663 mo-

2081 4651 2262 4754 menta
2286 4679 2637 4756 perpendant,
2671 4671 2826 4728 facile
2865 4668 3180 4740 dignoscent
3221 4672 3446 4734 quorum
3495 4651 3667 4723 magis

2084 4749 2416 4855 propositum
2447 4771 2676 4830 debeant
2705 4762 3026 4836 approbare,
3053 4767 3232 4813 utrum
3275 4749 3666 4830 accusantium,

2083 4839 2153 4936 an
2183 4839 2575 4930 excusantium,
2609 4861 2664 4916 in
2694 4855 2948 4914 Ecclesiae
2977 4864 3110 4923 pace
3138 4857 3193 4904 et
3234 4845 3454 4902 Patrum
3486 4839 3670 4894 lauda-

2069 4932 2231 5024 tione
2257 4959 2559 5026 defunctos.
2581 4951 2820 5020 Primum
2848 4948 3031 5020 itaque
3051 4939 3394 5020 considerare
3414 4932 3667 5026 debeant,

2078 5055 2213 5128 quid
2239 5054 2310 5110 sit
2338 5049 2492 5124 nobis
2509 5024 2758 5120 ,utrisque
2777 5049 3078 5104 commune,
3107 5033 3195 5103 qui
3225 5043 3332 5113 quo
3357 5024 3561 5128 similes
3592 5022 3674 5124 eis

2087 5113 2162 5205 de.
2206 5121 2520 5202 orthodoxis
2563 5113 2968 5195 accusatoribus
3023 5137 3240 5190 sumus,
3291 5129 3346 5178 et
3397 5116 3553 5187 quale
3605 5113 3674 5168 sit

2087 5241 2347 5312 cujusque
2371 5233 2665 5308 pr0prium,
2709 5231 2762 5286 in
2793 5240 2902 5298 quo
2937 5223 3006 5282 ab
3039 5219 3271 5278 invicem
3305 5212 3668 5270 dissonamus.

2087 5333 2248 5408 Fides
2275 5332 2455 5403 itaque
2475 5327 2630 5384 nobis
2652 5327 2704 5380 in
2728 5323 2897 5380 Deum
2926 5311 3222 5373 communis
3249 5313 3365 5375 est;
3392 5302 3672 5376 proprium

2092 5396 2222 5492 vero
2249 5433 2334 5484 est
2357 5396 2550 5494 cuique
2578 5417 2739 5491 parti,
2764 5416 2816 5471 in
2845 5425 2950 5482 quo
2969 5408 3307 5466 dissonamus
3333 5399 3400 5456 ab
3419 5396 3672 5468 invicem,

2093 5489 2237 5595 quod
2265 5519 2340 5575 illi
2360 5489 2647 5574 crudeliter
2674 5517 2730 5565 et
2749 5506 2999 5563 audacter
3024 5499 3382 5557 condemnant
3408 5493 3463 5549 in
3491 5489 3676 5546 Eccle-

2093 5585 2188 5674 siae
2214 5613 2419 5669 unitate
2460 5604 2738 5677 gloriaque
2765 5596 3068 5663 defunctos,
3103 5603 3233 5662 quos
3267 5588 3361 5646 Dei
3404 5585 3570 5644 solius
3596 5587 3676 5636 est

2168 5793 2188 5824 ⁸
2219 5787 2361 5847 ldcln
2386 5780 2529 5846 θοὰ..
2561 5779 2737 5834 alium.
