4104 6360
530 242 633 298 759

1634 241 1664 284 ιι
1679 224 1930 286 ACUNDI
1965 218 2176 280 EPISC.
2218 216 2723 277 "ERMIANENSIS

3752 221 3840 280 760

526 347 764 416 judicare
795 365 807 401 :
843 362 941 405 nos
981 361 1128 414 vero,
1173 348 1295 419 quia
1340 362 1438 403 nec
1480 347 1663 418 pietati
1697 362 1796 403 nec
1839 344 2115 401 modestia:
2144 344 2194 402 Α
2222 337 2513 407 redigentis
2538 337 2593 391 in
2620 334 2932 391 servitutem
2960 348 3135 403 suam,
3168 344 3230 393 et
3265 336 3445 391 aliam
3490 335 3687 406 ipsius.
3717 336 3839 395 lllud

527 444 799 506 convenit,
827 441 1229 497 considerantes
1257 456 1353 497 nos
1378 442 1622 497 homines
1653 455 1794 507 esse,
1822 439 1955 494 nihil
1978 438 2119 507 quod

526 533 765 589 divinum
798 542 881 590 est
911 534 1281 602 prazsumimus
1311 548 1593 605 usurpare.
1616 533 1693 587 llli
1718 534 1825 588 alta
1847 532 2121 601 sapientes

528 634 814 695 respuunt,
849 634 902 679 et
932 625 1064 679 nihil
1098 626 1336 694 pendunt
1374 634 1689 681 sanctorum
1731 624 1945 677 Patrum
1999 636 2122 677 sen—

529 720 743 784 tentias,
790 734 817 772 a
848 719 1042 789 quibus
1075 721 1358 789 approbati
1390 729 1553 787 atque
1590 719 1787 774 laudati
1828 725 1990 771 sunt:
2024 729 2124 771 nos

530 808 820 865 humilibus
852 812 1255 867 consentientes
1276 854 1290 878 ,
1321 811 1639 866 ohedieuter
1673 824 1763 865 cas
1792 818 1843 864 et
1877 824 1999 863 cum
2032 808 2126 861 de-

531 902 641 956 bita
671 903 1023 958 veneratione
1050 904 1395 973 suscipimus.
1423 903 1502 957 llli
1536 903 1908 957 auctoritatem
1939 901 2126 955 incon-

529 995 666 1050 sulte
696 996 940 1050 tribuunt
970 997 1349 1052 haereticorum
1379 997 1675 1064 erroribus,
1698 1004 2002 1051 asserentes
2032 1008 2127 1049 eos

531 1083 912 1140 honoratorum
942 1085 1179 1139 virorum
1213 1087 1584 1155 praedicationi
1616 1086 1807 1141 similia
1838 1086 2083 1139 docuisse
2111 1102 2125 1138 :

531 1191 630 1232 nos
656 1188 856 1243 autem,
900 1178 1100 1232 nullam
1145 1178 1407 1233 donantes
1456 1179 1720 1233 haereticis
1763 1179 2123 1245 occasionem,

533 1268 752 1336 provide
780 1269 1191 1337 respondemus,
1234 1270 1375 1339 quod
1426 1270 1560 1323 tales
1604 1270 1965 1339 hlasphemias
1994 1285 2129 1324 nun-

534 1373 693 1429 quam
728 1360 967 1415 Ecclesia
998 1361 1194 1415 Christi
1234 1363 1550 1431 susceperit,
1580 1362 1674 1416 se‘d
1708 1378 1924 1416 omnem
1980 1362 2129 1415 novi-

536 1459 721 1513 tatem,
770 1468 892 1506 mox
947 1461 1006 1507 ut
1061 1462 1246 1508 exorta
1297 1464 1395 1517 est,
1447 1454 1711 1508 reintarit.
1774 1454 1851 1506 Illi
1901 1454 2129 1523 denique

536 1541 705 1610 ipsam
765 1558 884 1613 quae
942 1559 1039 1599 nos
1082 1546 1302 1614 genuit,
1361 1546 1717 1601 criminantur
1770 1553 1825 1599 et
1873 1545 2131 1598 infamant

536 1634 862 1701 Ecclesiam,
899 1637 1057 1691 'velut
1094 1638 1413 1693 adulterinis
1454 1638 1794 1707 dogmatibus
1842 1637 2129 1708 aliquando

2234 438 2414 484 autem
2446 428 2677 498 amplius
2725 427 2936 481 videtur
2982 440 3124 496 esse,
3151 427 3312 500 quod
3350 426 3438 481 ait
3467 426 3670 482 'l‘obith
3700 446 3713 481 :
3745 430 3843 502 Ego

2229 531 2276 575 ct
2304 521 2477 574 anima
2521 537 2634 574 utea
2674 519 2801 589 Regi
2829 521 3071 574 caelorum
3115 520 3371 575 Iustitiam
3425 521 3651 574 dicimus
3692 522 3841 589 (Tob.

2229 630 2343 682 xm,
2377 614 2468 684 9);
2500 622 2553 668 et
2579 614 2745 667 multa
2772 614 2989 679 similia,
3021 630 3124 671 non
3150 615 3375 669 divinis
3404 622 3623 668 tantum
3655 613 3840 683 litteris,

2228 707 2322 763 sed
2353 708 2512 761 etiam
2543 707 2594 760 in
2622 706 2741 761 aliis
2762 747 2776 771 ,
2829 716 2883 761 et
2914 708 2966 761 in
2999 708 3114 777 ipso
3142 717 3350 762 nostro
3384 706 3708 775 quotidiauo
3749 721 3845 761 ser-

2230 814 2410 865 mone,
2440 800 2483 853 si
2510 799 2631 869 quis
2655 799 2918 863 attendat,
2955 800 3209 856 inveniet.
3242 800 3308 855 Si
3337 808 3533 853 autem
3558 798 3661 853 hoc
3682 798 3744 854 de
3766 800 3843 855 ho-

2228 892 2391 951 mine.
2423 890 2574 957 cnjus
2607 898 2755 944 recte
2780 897 2956 958 potest
2978 904 3105 956 una,
3138 890 3187 944 id
3213 898 3309 944 est
3337 891 3615 954 humana,
3644 889 3745 943 dici
3765 906 3843 942 na-

2231 990 2369 1045 tura,
2398 980 2545 1035 nulla
2576 982 2873 1049 quaestione
2903 991 3148 1050 cogente,
3183 982 3257 1035 ab
3297 979 3579 1049 ApOstoio
3601 990 3651 1033 et
3675 980 3842 1035 Tobith

2232 1071 2429 1127 dicitur
2462 1089 2476 1125 :
2509 1082 2710 1143 quanto
2752 1073 2919 1143 magis
2948 1074 3015 1128 dc
3053 1072 3303 1140 Christo,
3343 1087 3517 1141 quem
3568 1072 3623 1126 in
3654 1073 3839 1128 duabus

2233 1168 2501 1222 credimus
2536 1183 2656 1225 esse
2680 1168 2905 1233 naturis,
2933 1178 3117 1222 contra
3144 1166 3570 1236 Apolinaristas
3592 1176 3733 1220 recte
3752 1166 3839 1221 dici

2234 1264 2427 1330 potuit,
2459 1262 2601 1330 quod
2633 1262 2772 1315 Deus
2803 1260 3029 1314 Verbum
3063 1268 3424 1328 assumptum
3462 1258 3733 1315 hominem
3758 1274 3837 1327 pro

2232 1354 2385 1408 nobis
2418 1354 2575 1407 morti
2611 1352 2919 1418 tradiderit;
2950 1369 3071 1407 cum
3098 1353 3357 1407 dicamus
3405 1351 3561 1420 quod
3610 1366 3724 1404 eum
3755 1360 3838 1405 tra-

2234 1448 2431 1504 diderit
2461 1448 2645 1514 Pater,
2676 1458 2730 1502 et
2756 1447 3134 1517 inseparabilia
3155 1446 3473 1502 credamus
3501 1460 3666 1513 opera
3694 1444 3835 1498 Trini-

2235 1540 2394 1594 tatis?
2438 1538 2512 1593 lta
2536 1539 2556 1568 ⁵
2586 1554 2706 1593 cum
2753 1540 3013 1609 propheta
3038 1538 3181 1593 dicat
3207 1556 3220 1591 :
3260 1538 3374 1591 Cor
3405 1552 3585 1591 meum
3606 1536 3836 1605 dereliquit

2234 1654 2312 1691 me
2339 1637 2513 1707 (Psat.
2567 1653 2750 1701 χχχιχ,
2785 1637 2896 1706 i5),
2930 1651 3029 1690 nec
3066 1650 3125 1691 sc
3177 1635 3231 1689 in
3290 1634 3442 1689 duas
3493 1648 3743 1703 personas
3768 1633 3832 1687 vel

536 1734 842 1795 corruptam
873 1745 883 1779 :
931 1743 1029 1782 nos
1071 1740 1247 1784 autem
1292 1730 1651 1799 virginitatem
1699 1739 1895 1783 nostra:
1946 1728 2133 1782 matris
2164 1728 2212 1788 B
2240 1734 2618 1788 subsistentias
2644 1734 2933 1802 partiatur;
2964 1746 3059 1785 cur
3091 1731 3135 1785 si
3182 1733 3493 1800 quisquam
3526 1746 3593 1785 ex
3617 1728 3830 1783 Patrihus

536 1820 798 1874 excidisse
825 1835 1060 1888 unquam
1092 1836 1120 1873 a
1151 1821 1414 1875 charitatc
1438 1838 1555 1890 quae
1587 1822 1638 1875 in
1671 1822 1887 1876 Christo
1910 1830 2015 1889 est,
2044 1822 2137 1875 de-

538 1928 818 1983 negamus,
844 1924 1150 1968 asserentes
1193 1929 1298 1968 non
1342 1913 1505 1968 fuisse
1548 1916 1830 1969 haereticos
1874 1930 2004 1984 quos
2044 1913 2137 1968 ha-

539 2003 655 2060 buit
679 2004 991 2059 honoratos.
1023 2006 1167 2070 Quas
1200 2007 1270 2059 ob
1301 2021 1417 2070 res,
1452 2007 1496 2060 si
1528 2006 1771 2061 volumus
1796 2016 1848 2061 et
1878 2006 1988 2059 Deo
2017 2020 2137 2061 esse

541 2097 767 2166 subjecti
799 2106 851 2152 et
875 2098 1075 2152 sanctis
1109 2097 1353 2151 Patribus
1384 2099 1776 2171 obsequentes;
1810 2098 1855 2152 si
1894 2099 2137 2153 volumus

542 2189 726 2253 etiam,
751 2190 892 2259 quod
921 2189 987 2243 ad
1010 2199 1329 2258 prmsentem
1365 2192 1557 2246 attinet
1585 2205 1825 2254 causam,
1866 2190 2139 2246 Nestoria-

546 2297 736 2335 norum
770 2297 862 2336 ora
894 2297 1187 2347 censuere,
1224 2293 1276 2337 et
1319 2284 1611 2338 Ecclesiam
1652 2300 1769 2353 qua:
1804 2300 1899 2338 nos
1954 2286 2139 2353 genuit

544 2375 609 2430 ab
659 2376 941 2443 impiorum
983 2377 1268 2431 calumniis
1320 2392 1614 2444 excusare,
1663 2392 1769 2430 non
1818 2377 1991 2431 solum
2032 2392 2138 2431 non

545 2467 966 2523 condemnemus
1018 2470 1068 2522 in
1126 2468 1378 2523 Ecclesiae
1448 2471 1830 2524 communione
1877 2470 2139 2540 laudeque

545 2559 845 2626 defunctos,
876 2562 969 2616 sed
1003 2577 1102 2616 nec
1131 2562 1371 2617 dicamus
1400 2578 1493 2617 eos
1523 2572 1649 2619 ante
1676 2563 1981 2619 Nestorium
2015 2564 2138 2621 talia

545 2650 821 2718 docuisse;
854 2655 1125 2724 magisque
1141 2670 1206 2709 ex
1236 2655 1356 2709 aliis
1382 2670 1573 2711 eorum
1594 2657 1896 2722 sententiis,
1922 2657 2137 2714 eviden-

545 2754 627 2801 ter
657 2745 973 2802 Nestoriano
1010 2750 1181 2804 errori
1231 2751 1536 2819 contrariis,
1569 2751 1995 2821 interpretemur
2033 2754 2141 2809 alia

545 2853 664 2908 qua:
710 2844 761 2894 in
803 2856 992 2896 eorum
1038 2842 1251 2912 scriptis
1295 2844 1547 2899 videntur
1594 2845 1821 2899 obscura
1857 2864 1870 2900 :
1907 2863 1973 2902 ne
2018 2846 2139 2916 jure

545 2932 846 3002 meritoque
876 2937 1356 3003 reprehendamur,
1390 2937 1532 3007 quod
1557 2948 1613 2993 et
1644 2939 1851 2993 cautela
1878 2948 1931 2994 et
1958 2940 2138 2995 studio

544 3023 675 3091 ipsis
704 3024 1038 3080 Nestorianis
1085 3028 1319 3097 impares
1364 3028 1531 3082 simus
1556 3070 1570 3094 ,
1614 3036 1667 3082 et
1697 3030 1924 3098 amplius
1955 3030 2029 3084 illi
2063 3032 2139 3084 vi-

2242 1826 2546 1880 inveniatur
2587 1826 2788 1879 dixisse
2814 1866 2828 1889 ,
2859 1825 2999 1894 quod
3033 1824 3173 1879 Deus
3225 1823 3484 1878 Verbum
3539 1824 3724 1887 inerat,
3759 1824 3825 1877 vel

2240 1918 2422 1973 aderat
2454 1919 2689 1983 Christo,
2724 1918 2856 1971 duas
2881 1916 3081 1969 Christi
3106 1924 3333 1984 putetur
3364 1914 3651 1969 induxisse
3676 1928 3829 1981 perso-

2243 2010 2376 2063 nas?
2410 2008 2541 2062 Nam
2566 2010 2609 2062 si
2633 2008 3005 2076 derelinquere
3031 2006 3231 2061 dicitur
3255 2004 3551 2060 [nominem
3575 2019 3667 2059 cor
3684 2020 3826 2070 suum,

2241 2110 2296 2157 et
2325 2101 2466 2156 nulla
2500 2100 2815 2168 intelligitur
2850 2100 3007 2152 unius
3047 2113 3295 2167 personae
3323 2097 3475 2151 facta
3506 2097 3711 2161 divisio,
3732 2112 3827 2149 cum

2241 2194 2617 2263 derelinquere
2635 2195 3030 2263 separationem
3056 2192 3353 2262 quamdam
3375 2190 3647 2260 signiﬁcet
3664 2208 3676 2253 ;
3696 2190 3823 2258 quia‘

2242 2303 2465 2344 necesse
2490 2294 2593 2357 est,
2622 2302 2744 2342 cum
2774 2287 2951 2341 inesse
2994 2286 3081 2339 vel
3120 2285 3320 2340 adesse
3350 2283 3580 2350 dicitur,
3610 2282 3732 2335 duas
3751 2296 3823 2349 pu-

2244 2389 2357 2436 tare
2387 2381 2715 2449 signiﬁcatas
2756 2393 2877 2435 esse
2904 2393 3191 2448 personas,
3226 2392 3358 2433 cum
3393 2386 3450 2431 et
3479 2376 3653 2430 anima
3698 2375 3817 2429 carui

2242 2486 2354 2527 suae
2382 2472 2561 2527 inesse
2588 2472 2799 2527 dicatur
2830 2479 2883 2525 et
2912 2471 3123 2537 adesse,
3156 2485 3282 2525 cum
3318 2484 3449 2524 eam
3480 2469 3650 2523 nutrit
3684 2482 3737 2522 ac
3763 2467 3820 2520 io-

2247 2572 2354 2628 vet,
2386 2571 2443 2617 et
2470 2578 2499 2616 a
2533 2562 2738 2618 morbis
2782 2562 3233 2631 passionibusque
3263 2560 3542 2617 defendit.
3578 2559 3748 2614 Verum
3779 2565 3818 2613 et

2245 2656 2348 2709 hoc
2377 2655 2799 2719 constituamus,
2832 2653 2974 2723 quod
3023 2654 3228 2723 antiqui
3283 2653 3549 2707 doctores
3604 2650 3818 2706 Ecclesia

2245 2747 2519 2812 dixerunt,
2545 2746 2797 2817 quoniam
2833 2746 2973 2800 Deus
3004 2746 3238 2800 Verbum
3267 2746 3346 2800 sit
3391 2743 3814 2814 principaliter‘et

2246 2839 2539 2894 secundum
2570 2840 2859 2894 essentiam
2900 2838 3207 2908 unigenitus
3263 2839 3443 2894 Filius
3489 2835 3663 2901 Deil';
3690 2836 3815 2889 homo

2246 2948 2375 2989 vero
2420 2941 2730 3000 assumptus
2779 2946 2845 2987 ex
2876 2932 3081 2987 unitate
3112 2946 3370 3001 personae
3420 2934 3538 3001 ejus
3566 2929 3749 2997 accepit
3773 2938 3812 2980 ut

2247 3028 2551 3096 unigenitus
2597 3026 2766 3081 Filius
2811 3041 3026 3094 semper
3067 3036 3213 3082 esset
3260 3041 3328 3080 ac
3380 3026 3674 3087 diceretur,
3701 3032 3745 3077 et
3777 3022 3812 3073 in

546 3113 776 3171 deantur
805 3126 990 3171 contra
1014 3120 1317 3185 veritatem,
1350 3135 1508 3189 quam
1542 3134 1640 3174 nos
1664 3134 1758 3189 pro
1782 3122 2004 3175 veritate
2025 3129 2135 3176 sat-
2166 3132 2211 3194 ρ
2251 3117 2408 3173 unius
2432 3117 2549 3172 Filii
2577 3117 2936 3188 appellatione
2958 3118 3451 3187 cointelligeretur.
3481 3113 3712 3184 Nunquid
3737 3113 3810 3165 hoc

546 3224 725 3279 agere.
774 3209 905 3264 Nam
930 3210 973 3264 si
1006 3210 1083 3264 illi
1112 3210 1443 3266 clarissimos
1474 3211 1729 3266 Ecclesi.c
1755 3211 2002 3267 doctores
2026 3228 2138 3267 suac

546 3302 681 3369 parti
702 3300 945 3361 volentes
967 3301 1260 3369 applicare,
1276 3302 1567 3356 sententias
1588 3316 1800 3371 eorum,
1826 3302 2140 3358 NeStoriano

547 3391 784 3460 dogmati
831 3391 1116 3447 manifeste
1148 3393 1468 3459 contrarias,
1504 3407 1571 3447 ex
1601 3393 1719 3447 aliis
1743 3394 1917 3449 minus
1944 3394 2142 3462 apertis

548 3481 840 3537 obscurare
868 3492 1150 3548 conantur,
1176 3493 1229 3537 et
1260 3484 1313 3537 in
1357 3499 1508 3539 suam
1554 3485 1879 3553 detorquere
1928 3494 2143 3540 senten-

549 3574 715 3637 tiam;
746 3574 919 3628 multo
947 3575 1115 3643 magis
1139 3590 1237 3629 nos
1268 3589 1329 3629 ea
1359 3591 1479 3643 quae
1509 3576 1667 3631 dubia
1696 3577 1945 3632 videntur
1977 3578 2027 3632 in
2049 3593 2144 3633 e0-

549 3682 667 3721 rum
696 3667 890 3733 dictis,
923 3669 1114 3723 melius
1161 3668 1580 3737 interpretamur
1628 3685 1692 3724 ex
1740 3669 1824 3723 his
1852 3685 1969 3739 qum
2000 3680 2143 3725 certa

548 3771 694 3827 sunt,
726 3777 791 3816 ex
819 3776 924 3831 quo
956 3761 1234 3817 Nestorius
1278 3762 1611 3830 ostendatur,
1638 3770 1697 3817 ut
1728 3763 1850 3816 novi
1879 3763 2148 3832 dogmatis

548 3850 833 3918 inventor,
884 3865 991 3905 non
1042 3851 1309 3906 immerito
1360 3851 1523 3906 fuisse
1571 3851 1879 3906 damnatus.
1926 3850 2150 3907 Constat

550 3952 680 4011 ergo
692 3940 897 4009 aliquos
914 3943 928 3971 ²
944 3956 1006 3995 ex
1028 3942 1256 4012 antiquis
1276 3942 1529 4017 Ecclesia:
1549 3942 1861 3998 doctoribus
1877 3941 2081 3998 dixisse
2098 3952 2147 4011 ι,

550 4036 802 4105 quoniam
826 4035 968 4091 Deus
990 4034 1228 4091 Verbum
1259 4045 1590 4106 assumptum
1625 4036 1897 4091 hominem
1929 4037 2150 4093 tradidit

550 4127 730 4182 morti.
759 4126 1010 4196 Nunquid
1042 4127 1089 4182 si
1120 4128 1231 4182 hoc.
1259 4128 1558 4183 Nestoriani
1605 4128 1747 4182 male
1792 4128 2151 4199 intelligentes

550 4222 781 4277 dixerint
810 4222 953 4292 quod
997 4222 1130 4278 duas
1182 4222 1450 4278 voluerint
1497 4223 1806 4293 signiﬁcare
1852 4236 2148 4293 personas,

552 4316 704 4384 quasi
735 4315 899 4369 altera
928 4315 997 4369 sit
1028 4314 1122 4369 Dci
1157 4314 1315 4370 Verbi
1359 4313 1639 4381 tradentis,
1668 4324 1722 4369 et
1751 4315 1917 4370 altera
1944 4316 1965 4347 '
1994 4329 2151 4385 quem

550 4408 746 4462 dicitur
775 4407 1063 4462 tradidisse
1083 4444 1098 4469 ,
1128 4420 1225 4461 nos
1248 4406 1268 4435 ³
1291 4421 1504 4475 quoque
1527 4406 1825 4460 calumnias
1851 4421 2034 4462 eorum
2062 4406 2155 4460 ad-

2246 3225 2464 3281 quoque
2488 3224 2593 3265 non
2622 3224 2905 3280 possumus
2931 3226 3027 3278 pro
3058 3211 3411 3266 distinctione
3436 3210 3609 3279 potius
3639 3215 3809 3259 natura-

2246 3317 2397 3368 rum,
2455 3316 2615 3373 quam
2672 3300 2939 3357 divisione
2994 3317 3241 3369 personae
3296 3303 3514 3357 dictum
3568 3300 3809 3369 accipere;

2246 3394 2385 3448 sicut
2416 3392 2644 3447 dicimus
2673 3432 2687 3457 ,
2717 3393 2942 3447 interior
2975 3392 3137 3448 homo
3169 3393 3549 3463 principaliter
3579 3393 3723 3446 homo
3746 3387 3807 3440 di-

2246 3487 2417 3551 citur,
2464 3484 2613 3553 cujus
2660 3485 2893 3539 essentia
2934 3484 3071 3539 facta
3131 3493 3213 3539 est
3272 3486 3343 3540 ad
3386 3484 3662 3555 imaginem
3696 3480 3805 3536 Dei:

2249 3578 2409 3633 homo
2453 3594 2585 3635 vero
2641 3580 2876 3634 exterior
2926 3579 2992 3634 dc
3040 3580 3168 3635 limo
3215 3580 3519 3649 plasmatus
3556 3592 3617 3632 ex
3647 3574 3806 3628 unita'e

2248 3687 2492 3743 persona:
2523 3673 2639 3742 ejus
2665 3676 2872 3742 accepit
2899 3681 2955 3727 ut
2984 3676 3338 3743 ipse'qnoque
3368 3672 3531 3727 homo
3559 3668 3803 3727 diceretur,

2250 3776 2305 3819 et
2351 3766 2403 3819 in
2455 3766 2612 3819 unius
2671 3766 2902 3820 hominis
2954 3766 3315 3835 appellatione
3367 3762 3803 3829 cointelligeretur.

2251 3869 2555 3925 quanquam
2581 3855 2696 3925 ipse
2724 3871 2829 3911 non
2857 3856 2926 3910 sit
2952 3855 3017 3909 ad
3052 3856 3340 3926 imaginem
3366 3865 3422 3911 et
3446 3848 3803 3910 similitudinem

2252 3947 2346 4003 Dei
2379 3948 2572 4016 factus,
2601 3949 2695 4005 sed
2727 3948 3009 4018 pecoribus
3040 3947 3272 4002 similior
3298 3962 3425 4003 esse
3449 3940 3709 3999 videatur?
3733 3935 3803 3991 ili-

2254 4039 2424 4092 cimus
2470 4039 2652 4105 etiam,
2709 4039 2828 4093 sine
2876 4039 3032 4093 unius
3081 4037 3347 4093 divisione
3396 4049 3648 4106 personae,
3690 4025 3802 4099 qum]

2256 4133 2415 4188 homo
2445 4133 2671 4189 interior
2701 4134 2893 4189 merito
2924 4148 3034 4188 suae
3060 4131 3185 4187 ﬁdei
3210 4130 3536 4201 justiﬁcatus
3561 4123 3729 4180 transit
3760 4120 3799 4173 in

2255 4226 2595 4296 adoptionem
2626 4227 2854 4281 ﬁliorum
2877 4226 2969 4280 Dei
2994 4243 3007 4291 ;
3032 4224 3275 4280 exterior
3298 4233 3479 4279 autem
3504 4234 3592 4291 per
3619 4211 3800 4270 interio-

2254 4318 2329 4373 ris
2357 4318 2739 4383 adhaesionem,
2770 4330 3112 4373 communem
3142 4329 3263 4370 cum
3294 4314 3392 4370 illo
3420 4307 3633 4378 suscipit
3656 4300 3795 4371 digni-

2256 4417 2441 4475 tatem,
2471 4411 2729 4480 Apostolo
2758 4424 2972 4479 quoque
2998 4408 3249 4463 dicente:
3277 4406 3347 4460 Et
3377 4406 3423 4459 si
3450 4401 3653 4458 exterior
3678 4395 3796 4447 homo

550 4518 741 4558 versus
768 4502 1065 4558 Ecclesiam
1117 4504 1335 4559 ﬁrmare
1382 4505 1675 4571 debemus,
1707 4511 1762 4559 et
1790 4502 1974 4557 testari
2005 4500 2147 4569 quod
2174 4525 2228 4586 Β
2256 4517 2423 4561 noster
2450 4506 2833 4574 corrumpitur,
2875 4504 2965 4557 sed
3003 4504 3215 4557 interior
3252 4510 3526 4556 τρηουαων
3566 4495 3624 4547 de
3656 4490 3723 4542 die
3753 4487 3793 4537 in

552 4596 685 4649 tales
706 4596 992 4663 aliquando
1018 4596 1264 4650 doctores
1296 4582 1578 4661 habuerit,
1610 4596 1701 4665 qui
1724 4609 1831 4649 non
1858 4607 2018 4647 unam
2052 4590 2147 4647 Dei

552 4696 715 4755 atque
764 4687 996 4742 hominis
1047 4687 1461 4756 praedicaverint
1513 4701 1634 4743 esse
1683 4699 1991 4756 personam,
2025 4698 2145 4738 cum

552 4779 725 4832 multa
776 4776 971 4831 similia
1022 4777 1316 4833 habeamus
1365 4775 1655 4845 exempla?
1684 4774 1837 4830 Unde
1888 4774 2019 4828 illud
2066 4783 2148 4830 est

554 4867 796 4937 Apostoli
825 4866 967 4935 quod
997 4866 1127 4922 dicit
1155 4883 1167 4919 :
1202 4866 1439 4920 Lividum
1485 4866 1620 4935 facio
1668 4880 1852 4933 corpus
1883 4880 2067 4930 meum,
2101 4872 2148 4919 et

552 4961 725 5030 redigo
754 4958 984 5013 servituti
1005 4959 1023 5030 (
1043 4956 1075 5010 Ι
1118 4958 1236 5013 Cor.
1271 4972 1345 5024 Ix,
1378 4958 1493 5027 27),
1526 4973 1632 5012 non
1661 4958 1818 5012 aliam
1845 4958 2035 5013 volens
2066 4958 2146 5011 in-

542 5026 723 5121 'telli—gi
750 5026 1033 5120 personam
1066 5048 1285 5103 lividum
1342 5026 1585 5103 facientis
1633 5062 1829 5117 corpus
1884 5062 2058 5116 suum,
2091 5056 2146 5103 et

625 5217 653 5246 ι
693 5208 822 5275 Quae
865 5208 1255 5279 subjiciuntur,
1306 5210 1645 5278 pronuntiata
1681 5208 1951 5264 Theodori
1983 5208 2145 5263 fuisse

557 5279 688 5351 satis
718 5289 929 5345 constat
970 5296 1033 5335 ex
1086 5280 1295 5351 synodo
1316 5296 1368 5349 v,
1397 5290 1449 5334 et
1476 5296 1541 5334 ex
1570 5281 1794 5335 Leontio
1828 5279 2143 5351 Byzantino.

557 5347 666 5404 Sed
694 5351 991 5405 consultius
1035 5347 1288 5406 Facundo
1320 5347 1507 5405 visum
1556 5360 1639 5406 est
1679 5366 1741 5405 ea
1772 5347 1883 5404 sub
1915 5350 2146 5402 aliorum

556 5420 647 5492 qui
663 5420 857 5492 eodem
888 5421 1047 5492 modo
1070 5422 1229 5478 locuti
1258 5431 1463 5490 essent,
1483 5438 1643 5492 quam
1666 5422 1764 5477 sub
1788 5420 1944 5474 unius
1968 5418 2146 5473 Theo-

558 5488 676 5541 dori
707 5491 923 5544 nomine
951 5491 1184 5545 defendi.

632 5644 651 5721 ξ
677 5642 812 5721 _C_od.
838 5644 1069 5721 Veram,
1094 5648 1471 5721 Constituamus
1492 5650 1667 5721 igitur,
1695 5647 1913 5718 aliquos.

630 5717 651 5745 ¹
676 5714 819 5788 idem
841 5715 987 5782 cod.,
1017 5719 1180 5772 altera
1211 5720 1433 5777 hominis
1461 5714 1629 5788 quem.

629 5787 648 5817 '
677 5786 821 5842 Idem
847 5788 990 5857 cod.,
1022 5789 1133 5845 ideo
1165 5808 1272 5847 nos.

2253 4598 2385 4651 diem
2407 4595 2494 4667 (Il
2516 4595 2634 4650 Cor.
2668 4612 2739 4661 1v,
2774 4593 2889 4666 16).
2917 4595 2972 4651 Si
2994 4594 3258 4661 dicamus,
3286 4609 3393 4649 non
3414 4588 3627 4647 interior
3649 4586 3790 4639 homo.

2251 4688 2344 4743 sed
2376 4689 2612 4744 exterior
2662 4688 2824 4741 homo
2872 4687 3268 4755 corrumpitur;
3316 4693 3406 4739 aut
3455 4698 3554 4735 non
3600 4669 3788 4731 θιῑθτῖοτ

2252 4783 2434 4847 homo,
2486 4782 2580 4837 sed
2627 4782 2850 4836 interior
2896 4787 3184 4836 renovatur
3213 4779 3279 4835 de
3309 4779 3397 4834 die
3429 4777 3481 4831 in
3508 4773 3654 4833 diem.
3682 4775 3789 4818 ""“‘

2251 4874 2376 4944 quid
2406 4875 2456 4929 in
2488 4874 2622 4928 duas
2650 4873 3021 4929 subsistentias
3049 4888 3080 4926 a
3106 4873 3399 4941 semetipso
3436 4864 3681 4922 hominem
3717 4866 3784 4905 se-

2255 4964 2541 5034 paramus?
2566 4964 2706 5034 Ergo
2734 4964 2781 5018 si
2815 4964 2949 5017 tales
2980 4962 3319 5017 inveniantur
3349 4962 3416 5016 de
3456 4954 3651 5013 Christo
3674 4956 3786 5015 ἤθε’

2248 5061 2369 5115 dam
2393 5059 2688 5117 locutiones
2718 5058 2958 5124 Patrum,
2983 5056 3049 5111 ad
3072 5056 3297 5110 duarum
3324 5053 3494 5125 potius
3518 5046 3779 5103 naturarum

2319 5209 2347 5248 ι’
2380 5214 2758 5284 Πρωῖοτύπωςοῃ
2780 5209 2889 5263 llac
2916 5210 3058 5263 enim
3093 5220 3380 5284 voce_usus
3403 5183 3805 5284 Theodotus?“

2248 5297 2325 5336 xu
2378 5260 2890 5345 sanissimus;
2922 5260 3041 5335 alia
3085 5260 3407 5346 exiplacitis
3455 5271 3567 5346 suis
3601 5260 3778 5346 doeefgf

2251 5351 2419 5406 Deum
2466 5351 2699 5407 Verbum
2748 5336 2931 5407 veruin
2982 5336 3347 5415 esseFilium
3392 5336 3779 5421 Βεῇχιιοξῐξίρξξξξ

2406 5394 3236 5492 insuit-nuptum.;wsmdézstroat,
3271 5430 3323 5474 ct
3365 5410 3659 5486 participare
3680 5394 3774 5450 nl“

2255 5494 2564 5565 dignitatem
2595 5491 2794 5550 unione
2819 5509 2940 5549 cum
2974 5493 3147 5547 Verbo
3168 5491 3328 5545 facta.

2327 5653 2350 5686 ⁵
2376 5655 2520 5709 Idem
2549 5652 2693 5721 cod.,
2719 5650 2849 5704 Item
2880 5665 3012 5705 cum.

2329 5728 2350 5757 ⁵
2377 5728 2519 5782 Idem
2545 5724 2687 5793 c0d.,
2720 5724 2862 5794 quid.
