4104 6360
244 347 355 405 761

1142 345 1278 401 PRO
1315 343 1740 402 DEFENSIONE
1779 343 1999 402 TRIUM
2036 340 2352 399 CAPITUL.
2396 341 2526 399 LIB.
2567 342 2662 403 IX.

3447 347 3551 406 762

246 432 636 522 discretionem
666 474 827 533 quam
853 461 919 516 ad
949 462 1105 516 unius
1131 473 1374 529 personat
1405 459 1725 515 divisionem
1756 473 1848 515 eas
1877 460 1929 518 A
1958 456 2024 510 de
2048 455 2420 514 Incarnatione
2447 457 2587 514 libro
2609 457 2868 516 adversus
2890 461 3110 518 eosdem
3153 461 3550 534 Apolinaristas

248 559 460 615 referre
488 555 769 612 debemus.
820 553 1024 610 Deinde
1063 567 1184 609 cum
1237 552 1476 607 haeretici
1522 552 1850 624 Synusiastte

248 658 505 723 putarent
549 648 818 704 Christum
856 646 1012 702 unius
1057 646 1305 702 essentia:
1335 655 1518 701 natum
1552 647 1602 713 ⁸,
1648 661 1749 701 nec
1782 659 1852 701 ex

247 751 412 798 utero
442 742 678 812 Virginis
725 741 978 796 habuisse
1020 755 1236 796 carnem
1262 781 1276 804 ,
1310 740 1404 796 sed
1448 741 1622 809 potius
1649 741 1703 794 in
1735 738 1852 809 ejus

248 845 412 891 utero
442 838 610 892 Deum
646 836 879 891 Verbum
916 843 1120 904 partem
1153 850 1262 889 sua.l
1292 835 1622 901 substantiae,
1672 833 1726 889 id
1769 842 1854 890 est

256 929 491 996 deitatis,
523 928 578 983 in
607 943 824 984 carnem
852 927 953 983 sibi
986 929 1243 992 vertisse;
1295 937 1348 981 et
1396 928 1448 981 in
1489 927 1575 981 illa
1613 927 1848 992 quidem,

251 1021 350 1074 sed
379 1035 484 1074 non
507 1034 573 1075 ex
606 1020 694 1075 illa
727 1021 1060 1074 incarnatum
1091 1032 1209 1074 esse
1239 1018 1523 1074 credentes
1546 1063 1560 1086 ,
1612 1033 1718 1073 non
1767 1032 1853 1072 so-

254 1125 365 1166 tum
414 1111 465 1164 in
507 1110 806 1176 divinitate,
841 1125 1023 1164 verum
1056 1110 1217 1164 etiam
1271 1110 1324 1162 in
1373 1123 1533 1162 carne
1564 1150 1580 1173 ,
1622 1108 1854 1163 consub-

253 1200 562 1255 stantialem
595 1200 838 1254 dicerent
879 1200 1060 1264 Patri;
1100 1199 1193 1254 sed
1237 1209 1422 1254 contra
1454 1199 1700 1254 catholici
1735 1199 1856 1269 qui-

254 1307 364 1359 que
391 1292 644 1347 doctores
673 1302 998 1355 assererem,
1031 1289 1170 1359 quod
1195 1288 1440 1344 Christus
1463 1306 1529 1344 ex
1558 1289 1855 1344 substantia

259 1383 498 1451 Virginis
553 1393 707 1437 natus
781 1394 942 1440 esset.
1007 1383 1383 1454 Apalinarista:
1436 1398 1663 1448 rursus,
1720 1383 1856 1437 hanc

256 1474 561 1530 doctrinam
607 1477 848 1531 veritatis
889 1475 1241 1536 infamantes.
1270 1476 1543 1545 jactabant
1572 1475 1710 1544 quod
1749 1475 1857 1528 Ec-

261 1565 426 1621 clesia
458 1568 536 1620 sic
563 1567 782 1622 doceret
809 1567 1082 1622 Christum
1114 1576 1297 1621 natum
1324 1583 1388 1621 ex
1421 1566 1635 1634 Virgine
1661 1609 1674 1631 ,
1707 1567 1860 1635 quasi

260 1659 425 1715 etiam
456 1661 749 1715 secundum
781 1660 1035 1715 deitatem
1064 1675 1135 1716 ex
1163 1661 1247 1715 illa
1278 1663 1597 1730 sumpsisset
1625 1659 1858 1724 initium,

259 1754 581 1821 praedicaret
613 1753 778 1807 Deum
819 1752 1049 1807 Verbum
1082 1768 1188 1808 non
1232 1762 1356 1807 ante
1383 1753 1577 1807 saecula
1607 1767 1672 1806 ex
1705 1751 1861 1805 Patre

1955 548 2084 603 dicit
2112 567 2124 601 :
2188 567 2207 600 ι
2239 550 2295 605 Si
2325 551 2510 619 utique
2534 551 2676 620 quod
2705 551 2904 608 dictum
2949 562 3032 609 est
3066 553 3292 611 Verbum
3319 574 3439 612 caro
3469 559 3550 628 fa-

1955 650 2090 696 ctum
2139 652 2248 707 est,
2295 643 2588 698 secundum
2638 645 2868 715 aliquam
2899 649 3305 704 conversionem
3347 651 3551 709 dictum

1955 743 2057 799 est,
2097 734 2366 804 quomodo
2411 735 2715 790 inltabitavit
2763 739 3162 808 suscipiendum
3202 743 3328 797 est?
3369 742 3554 802 Palam

1956 838 2038 886 est
2079 832 2222 885 enim
2269 830 2555 898 omnibus,
2598 832 2719 901 quia
2767 833 2907 902 quod
2952 834 3243 905 inhabitat,
3277 835 3423 891 aliud
3467 847 3556 896 est

1956 935 2116 992 quam
2165 922 2308 992 quod
2357 921 2707 978 inbabitatur.
2747 943 2766 975 ›
2824 925 2928 980 Sed
2981 926 3120 980 idem
3170 928 3435 998 interpres
3470 937 3556 985 est

1959 1015 2158 1083 praprii
2191 1015 2361 1079 verbi,
2389 1024 2444 1070 et
2477 1017 2814 1082 praeveniens
2844 1032 3060 1072 omnem
3091 1018 3410 1075 calumniam
3455 1021 3554 1076 tibi

1958 1106 2210 1162 claudet:
2248 1124 2265 1156 ι
2297 1106 2618 1161 Inhabitavit
2645 1107 2788 1161 enim
2820 1107 2872 1161 in
2918 1107 3095 1174 nobis,
3129 1120 3367 1164 nostram
3400 1121 3557 1165 natu-

1959 1211 2074 1252 ram
2101 1211 2320 1252 sumens
2341 1205 2395 1252 ct
2417 1198 2682 1264 habitans,
2703 1209 2753 1252 et
2776 1199 2832 1252 in
2854 1214 2916 1254 ea
2944 1201 3122 1254 omnia
3145 1202 3333 1256 salutis
3360 1211 3556 1259 nostrre

1960 1290 2297 1360 dispensans.
2356 1289 2639 1357 Quomodo
2675 1305 2803 1359 ergo
2848 1291 3154 1346 inhabitans
3189 1308 3315 1346 caro
3356 1293 3556 1350 factum

1961 1392 2045 1437 est
2070 1382 2163 1437 Dei
2190 1382 2210 1413 ³
2239 1381 2505 1436 Verbum?
2551 1383 2732 1436 Palam
2777 1391 2862 1438 est
2907 1385 3029 1452 quia
3081 1399 3187 1439 non
3229 1401 3555 1456 conversus,

1963 1491 2138 1545 neque
2183 1474 2501 1541 translatus;
2560 1489 2665 1530 non
2695 1476 2838 1530 enim
2869 1476 3167 1533 inhabitare
3197 1477 3491 1534 diceretur.
3534 1498 3556 1532 ι

1965 1567 2301 1622 Manifestum
2347 1576 2431 1622 est
2477 1581 2606 1638 ergo
2633 1583 2700 1623 ex
2751 1568 2836 1623 his
2884 1569 3149 1626 Theodori
3181 1573 3385 1639 verbis,
3417 1573 3558 1642 quod

1966 1650 2169 1728 antiqui
2217 1659 2467 1716 doctores
2536 1661 2792 1716 Ecclesiae
2859 1662 3022 1718 Deum
3085 1663 3320 1719 Verbum
3375 1675 3560 1727 contra

1970 1750 2315 1819 Evangelium
2350 1765 2455 1805 non
2511 1751 2826 1824 negaverint
2871 1767 3089 1807 carnem
3132 1753 3371 1809 factum:
3424 1770 3560 1826 quo-

260 1843 380 1897 sine
406 1843 576 1906 initio,
608 1844 701 1896 sed
728 1858 792 1896 ex
827 1843 942 1911 ejus
967 1852 1120 1898 utero
1143 1852 1324 1898 natum
1354 1859 1494 1907 esse,
1525 1843 1575 1895 id
1607 1851 1690 1896 est
1719 1842 1864 1895 velut
1895 1843 1940 1901 B
1970 1841 2129 1915 modo
2154 1842 2296 1896 enim
2328 1852 2548 1911 possent
2581 1844 2870 1913 Evangelia
2900 1853 3084 1912 aperte
3115 1847 3390 1913 resistere,
3421 1856 3474 1902 et
3506 1847 3559 1907 in

263 1936 355 2001 qui
407 1946 530 1992 ante
577 1953 681 1990 nan
725 1946 891 2003 esset,
923 1938 1200 1993 exstitisse
1231 1939 1452 1993 diceret.
1492 1937 1657 2007 Cujus
1689 1951 1865 1991 remo-

263 2027 454 2082 vendte
483 2029 870 2083 criminatiouis
921 2033 1243 2086 necessitate
1267 2073 1284 2097 ,
1332 2031 1376 2084 si
1413 2031 1579 2099 aliqui
1609 2031 1866 2085 adversus

261 2135 361 2176 eos
393 2136 461 2174 ex
491 2121 720 2189 antiquis
758 2120 1012 2176 Ecclesia:
1057 2121 1367 2176 doctoribus
1394 2165 1408 2187 ,
1443 2122 1669 2176 necdum
1701 2136 1768 2174 ex
1789 2121 1866 2174 al-

266 2219 383 2264 tera
411 2219 562 2280 parte
591 2211 913 2266 sollicitante
954 2211 1182 2267 Nestorii
1229 2213 1548 2282 quaestiune,
1586 2213 1860 2279 dixerunt,

265 2315 377 2354 non
409 2301 546 2354 Deus
580 2302 811 2357 Verbum
841 2318 906 2356 ex
936 2304 1161 2356 muliere
1189 2312 1348 2357 natus
1377 2313 1493 2358 cst:
1530 2312 1781 2371 tanquam
1818 2303 1865 2357 si

265 2392 531 2460 dicerent,
567 2410 692 2461 non,
728 2404 786 2449 ut
813 2396 1214 2450 calntnniamini
1238 2439 1251 2462 ,
1288 2396 1392 2451 hoc
1418 2398 1576 2451 docet
1607 2395 1861 2460 Ecclesia,

266 2488 412 2557 quod
443 2489 620 2543 divina
655 2489 748 2542 Dei
776 2488 934 2543 Verbi
963 2497 1149 2544 natura
1179 2505 1244 2544 ex
1276 2499 1430 2544 utero
1461 2491 1480 2520 ²
1519 2488 1748 2557 Virginis
1770 2503 1866 2542 ex-

268 2580 428 2644 stitit,
470 2580 564 2634 scd
611 2580 860 2644 humana,
913 2596 1031 2650 qua:
1081 2596 1144 2635 ex
1194 2580 1400 2635 semine
1444 2580 1608 2634 David
1641 2579 1869 2648 sumpsit

272 2670 485 2725 initium
515 2690 527 2724 :
560 2670 751 2726 ideanc
781 2686 968 2725 causas
993 2687 1087 2726 cur
1118 2670 1191 2725 ita
1226 2672 1388 2726 locuti
1419 2681 1564 2736 sunt,
1591 2686 1696 2726 non
1719 2672 1870 2724 inve-

273 2762 474 2829 stigare
505 2775 566 2814 ac
595 2760 966 2816 demonstrare
1001 2760 1256 2814 debemus
1278 2806 1292 2829 ,
1326 2762 1420 2816 sed
1453 2761 1888 2817 condemnando‘

273 2867 390 2917 eos,
419 2851 564 2907 velut
584 2852 887 2907 Nestoriani
914 2853 1116 2908 erroris
1143 2863 1411 2918 auctores,
1442 2850 1642 2907 Christi
1689 2853 1872 2908 Eccle-

272 2943 430 3008 sium,
461 2942 511 2996 in
541 2943 693 3011 cujus
723 2944 927 2998 honore
955 2943 1193 2999 defuncti
1225 2952 1373 3009 sunt,
1416 2944 1726 2998 criminari?
1765 2945 1872 2998 Aut

273 3034 322 3089 si
351 3034 607 3089 adversus
649 3033 959 3090 earumdem
984 3036 1464 3105 Apolinaristarum
1495 3035 1868 3103 intentionem,

277 3123 418 3178 male
465 3123 931 3193 interpretantium
979 3126 1143 3180 verba
1193 3124 1415 3179 Joannis
1485 3126 1867 3196 evangelista,

1972 1935 2059 1989 illa
2091 1925 2338 1991 honorati
2367 1938 2630 1992 manere?
2659 1937 2765 1993 Sed
2786 1981 2798 2002 ,
2843 1939 2982 1994 sicut
3011 1939 3097 1994 hic
3127 1941 3304 2007 docet,
3338 1957 3559 1998 conver-

1969 2026 2174 2081 sionem
2208 2026 2230 2057 ⁸
2259 2041 2474 2082 carnem
2535 2029 2702 2083 factus
2766 2029 3029 2086 adversus
3077 2033 3560 2100 Apolinaristarum

1972 2118 2234 2172 insaniam
2261 2119 2594 2188 denegabant
2620 2137 2632 2173 ι
2664 2121 2803 2175 sicut
2829 2122 2883 2174 in
2911 2121 3197 2191 Evangelia
3230 2126 3442 2182 dicente
3466 2128 3561 2184 οος

1973 2211 2139 2276 mino,
2169 2210 2326 2264 Pater
2355 2213 2522 2281 major
2563 2228 2640 2265 me
2686 2225 2759 2266 est
2799 2211 2978 2281 (Joan.
3016 2230 3126 2283 xlv,
3178 2217 3258 2284 2),
3311 2219 3563 2286 quoniam

1972 2302 2154 2355 Ariani
2189 2301 2289 2354 hoc
2317 2302 2624 2357 testimonio
2650 2303 2966 2370 abutuntur,
3017 2307 3178 2360 etiam
3216 2321 3315 2362 nos
3350 2309 3564 2368 illorunt

1970 2392 2254 2448 intentioni
2281 2408 2383 2446 non
2401 2394 2690 2463 Evangelia
2717 2395 3050 2461 resistentes,
3069 2413 3328 2468 negamus
3349 2399 3562 2456 Patrem

1971 2484 2106 2538 Filia
2148 2500 2268 2540 esse
2315 2485 2597 2555 majorem.
2637 2486 2702 2540 Et
2745 2486 2789 2540 si
2821 2488 2940 2555 quis
2968 2489 3126 2542 etiam
3161 2489 3247 2543 hic
3277 2491 3565 2547 verborum

1970 2589 2134 2631 sonos
2180 2586 2233 2630 et
2270 2591 2378 2630 non
2421 2579 2754 2646 propositum
2786 2579 2984 2632 mentis
3021 2581 3297 2646 attendat,
3332 2581 3564 2638 Arianos

1973 2667 2150 2736 patius
2177 2681 2337 2735 quam
2369 2681 2468 2719 nos
2500 2665 2709 2733 putabit
2747 2665 3021 2736 Evangelii
3053 2669 3331 2724 sententiae
3370 2684 3565 2724 conve-

1974 2758 2109 2811 nire.
2159 2757 2440 2824 Quomodo
2481 2765 2656 2812 autem
2709 2757 2950 2813 dicerent
2999 2761 3396 2828 Apolinaristre,
3436 2761 3565 2815 Ver-

1974 2855 2090 2905 bum
2119 2867 2236 2904 caro
2265 2855 2459 2921 factum
2480 2859 2575 2917 est,
2605 2859 2656 2904 ct
2679 2852 2948 2919 quomodo
2978 2853 3229 2908 catholici
3275 2855 3564 2922 responde-

1974 2952 2113 3009 rent,
2143 2943 2185 2995 si
2213 2950 2388 2996 tamen
2429 2943 2502 2996 ita
2534 2941 2880 3011 respuitdisse
2924 2953 3314 3011 monstrantur,
3352 2945 3568 3003 Verbum

1975 3052 2094 3088 caro
2130 3052 2232 3090 non
2272 3037 2464 3105 factum
2506 3045 2596 3101 est,
2642 3036 2883 3091 Ecclesia
2915 3036 3189 3105 indicabit,
3221 3053 3339 3108 qua:
3365 3047 3422 3094 et
3448 3040 3568 3096 illos

1976 3129 2202 3198 expulit,
2233 3139 2286 3184 et
2313 3129 2434 3184 illos
2462 3130 2482 3160 ³
2510 3129 2694 3184 habuit
2735 3129 3045 3184 honoratos.
3089 3129 3241 3185 Unde
3287 3133 3568 3200 consequi-

276 3216 468 3286 quibus
498 3216 609 3269 ait:
651 3215 874 3268 Verbum
919 3233 1038 3270 caro
1069 3218 1262 3286 factum
1291 3227 1365 3270 est
1391 3217 1568 3287 (Joan.
1602 3235 1640 3283 1,
1677 3217 1788 3287 Η),
1819 3228 1872 3274 et
1901 3214 1946 3277 C
1980 3231 2064 3275 tur
2103 3229 2160 3274 ιιι
2189 3221 2234 3275 si
2265 3221 2382 3288 quis
2409 3221 2477 3275 ab
2503 3221 2740 3276 Ecclesia
2762 3210 3169 3275 istos'naluerit
3192 3220 3213 3251 ⁵
3259 3221 3566 3291 expellere,

276 3308 592 3375 dicentium,
627 3307 767 3376 quod
796 3310 1222 3364 convertibiliter
1252 3309 1487 3364 Verbum
1520 3326 1647 3365 caro
1687 3311 1757 3365 sit
1795 3311 1878 3364 fa-

277 3407 443 3462 ctum,
497 3399 895 3465 responderunt
935 3401 1098 3468 aliqui
1145 3401 1385 3455 dicentes
1421 3417 1435 3453 :
1472 3401 1610 3455 Dens
1643 3401 1874 3457 Verbum

279 3505 388 3544 non
420 3488 592 3543 factus
623 3500 706 3545 est
734 3506 860 3546 caro
887 3500 948 3558 τι,
998 3493 1050 3546 id
1079 3502 1160 3548 est
1189 3493 1631 3560 convertibiliter,
1667 3494 1759 3548 sed
1791 3510 1877 3549 as-

282 3582 511 3652 sumpsit
533 3597 745 3637 carnem
777 3597 1000 3638 manens
1030 3584 1171 3654 quod
1197 3591 1333 3650 erat,
1367 3584 1656 3653 Evangelia
1678 3583 1876 3639 debent

282 3675 534 3730 contrarii
560 3675 832 3745 judicari?
864 3677 1015 3745 Quod
1071 3677 1118 3733 si
1149 3678 1218 3732 ita
1249 3686 1351 3744 est,
1385 3676 1763 3746 Apolinatistte
1795 3678 1875 3732 vi-

284 3766 550 3822 debuntur
578 3768 900 3838 evangelica:
931 3769 1302 3837 praedicationi
1333 3783 1652 3838 congruere.
1687 3766 1744 3821 Si
1774 3782 1874 3820 au-

284 3868 395 3916 tem
425 3863 802 3932 Apolinaristae
832 3881 931 3934 pro
981 3880 1090 3920 suae
1122 3867 1319 3920 mentis
1349 3865 1667 3930 intentione,
1693 3879 1878 3934 quam-

285 3958 365 4012 vis
394 3957 634 4013 dicerent
666 3959 900 4013 Verbum
931 3973 1056 4012 caro
1089 3958 1287 4014 factum
1315 3967 1397 4012 est
1422 3999 1437 4022 ,
1472 3958 1669 4011 inimici
1697 3967 1878 4010 tamen

286 4051 651 4120 praedicationi
694 4051 1018 4121 evangelicae
1061 4050 1402 4119 judicautur;
1456 4051 1616 4105 etiam
1668 4050 1743 4102 illi
1791 4051 1878 4118 qui

289 4142 479 4197 talibus
508 4142 562 4198 in
589 4143 832 4198 Ecclesia
862 4152 1142 4197 manentes
1165 4141 1628 4203 contradixerunt,
1655 4156 1749 4209 pro
1771 4155 1880 4195 suae

287 4233 480 4288 mentis
533 4234 831 4290 intentione
878 4235 1267 4288 convenientes
1316 4232 1680 4302 praedicationi
1710 4247 1884 4287 evan-

289 4325 476 4395 gelica:
503 4326 835 4396 iudicentur.
873 4325 1080 4381 Idcirco
1126 4325 1440 4382 Theodorus
1485 4340 1698 4396 quoque
1743 4340 1883 4381 nono

371 4516 396 4544 α
437 4509 704 4565 Theodori
745 4510 908 4565 verba
953 4524 1019 4565 ex
1057 4507 1154 4563 lib.
1192 4523 1243 4561 ιν
1301 4515 1488 4561 contra
1533 4507 1882 4572 Apolinarem

289 4583 496 4656 profert
527 4581 788 4656 Leontius
814 4581 904 4656 lib.
942 4597 998 4634 ιιι
1020 4598 1037 4656 3
1076 4580 1201 4644 Quis
1239 4579 1878 4656 mente‘pratdilus‘difut,
1910 4597 1959 4656 υ

291 4648 455 4710 iuvas
503 4652 690 4716 dicitis,
749 4651 969 4705 Verbum
1009 4651 1197 4720 factum
1248 4665 1355 4703 esse
1411 4650 1708 4702 hominem?
1765 4648 1878 4702 Nos

290 4729 423 4781 enim
464 4723 800 4787 assumpsisse
838 4723 1040 4790 quidem
1083 4721 1342 4774 hominem
1379 4731 1721 4773 asseveranter
1753 4720 1879 4773 dici-

292 4814 425 4859 mus,
457 4793 649 4859 factum
670 4807 786 4843 vero
818 4808 922 4845 esse
943 4791 1196 4844 hominem
1225 4807 1484 4854 nunquam
1505 4791 1673 4844 dicere
1699 4807 1880 4856 possu-

293 4883 426 4917 ntus.
462 4863 537 4914 Ex
563 4861 758 4930 quibus
785 4871 935 4935 patet
959 4876 1062 4935 non
1092 4863 1265 4935 solum
1295 4864 1424 4916 κατά
1464 4867 1655 4935 τροπήν
1686 4863 1879 4935 factum

293 4946 520 5001 negasse
570 4938 756 5001 contra
785 4931 1086 5001 Apolinaris
1118 4933 1329 5000 dogma,
1353 4939 1415 5001 ut
1447 4931 1612 5001 videri
1644 4931 1755 5001 vult
1781 4931 1880 4983 Fa-

294 4999 541 5063 cundos;
591 4999 686 5053 sed
736 5000 998 5063 absolute,
1050 5010 1104 5051 nt
1137 4999 1228 5068 qui
1276 5000 1525 5052 unionem
1567 4999 1727 5052 Verbi
1772 5015 1878 5054 non

295 5078 454 5131 aliam
486 5081 800 5136 agnosceret
824 5084 981 5138 quam
1007 5077 1096 5129 τῆς
1127 5069 1398 5128 διαθέσεως
1428 5073 1513 5122 καὶ
1535 5068 1784 5138 εὐδοκίας.

369 5144 394 5183 b
436 5142 723 5196 Theodoro
751 5137 888 5193 inter
919 5149 1112 5192 caetera
1141 5139 1328 5205 objicit
1353 5139 1403 5189 in
1428 5138 1602 5192 edicto
1626 5137 1880 5190 Justinia-

299 5232 419 5280 nus,
453 5211 592 5282 quod
622 5211 824 5282 diceret
851 5209 1119 5282 Christum
1153 5223 1246 5276 per
1270 5208 1592 5282 baptismum
1622 5209 1882 5282 uioijsaiac

297 5277 564 5352 ἀξιῴοῆναι
589 5321 606 5346 -,
640 5281 867 5334 filiorum
890 5277 1514 5352 adoptionemadepttrm
1543 5292 1681 5332 esse.
1710 5279 1880 5352 Lean-

299 5347 400 5412 tius
425 5372 486 5412 cx
515 5355 628 5422 ejus
663 5352 750 5405 lib.
781 5366 842 5405 ιιι
883 5350 950 5404 de
987 5349 1359 5422 Incarnatione
1387 5366 1398 5399 :
1435 5347 1637 5422 Et__ego
1668 5350 1886 5418 gloriam

297 5444 447 5496 quant
475 5418 668 5496 dedisti
690 5424 834 5486 milii,
869 5422 984 5496 dedi
1016 5421 1104 5473 eis.
1142 5421 1429 5496 Quamnam
1449 5418 1695 5496 {Nempe
1727 5423 1888 5496 ,ra-rti-

298 5490 470 5565 cipare
498 5495 838 5563 adaptionem.
886 5491 1037 5546 Hanc
1059 5492 1207 5565 enim
1249 5490 1580 5565 accepitjpse
1609 5491 1888 5565 secundum

300 5560 667 5622 humanitatem
715 5565 1004 5632 baptizatus
1051 5564 1102 5614 in
1147 5560 1394 5614 Jordane.
1431 5561 1599 5628 Quam
1637 5561 1887 5616 haeresim

372 5703 392 5736 ι
429 5700 558 5754 Cod.
597 5700 818 5766 Veron.,
846 5701 994 5753 unius
1024 5714 1130 5753 esse
1153 5706 1370 5762 natum,
1403 5712 1513 5750 nec.

373 5775 393 5805 ²
432 5771 573 5826 Idem
603 5770 749 5836 cod.,
783 5772 847 5825 de
878 5781 1064 5826 natura
1099 5769 1342 5839 Virginis.

364 5843 399 5930 ξ
435 5843 580 5903 Idem
613 5841 754 5910 cod.,
778 5842 946 5910 factus
976 5851 1048 5897 est
1074 5841 1209 5897 Deus
1247 5839 1468 5896 Verbum
1497 5841 1522 5900 ,’

1978 3311 2350 3366 stultissimam
2379 3327 2563 3366 carum
2596 3313 2904 3382 progeniem
2937 3312 3297 3384 Eutychianos
3326 3330 3447 3368 cmn
3471 3329 3568 3369 sua

1979 3419 2163 3458 errare
2192 3403 2354 3458 faciat
2381 3405 2626 3459 introire.
2658 3404 3011 3472 Adoptionem
3047 3420 3260 3475 quoque
3292 3405 3522 3460 ﬁliarum
3543 3405 3568 3444 ιι

1980 3495 2284 3563 suscepisse
2315 3493 2620 3560 Christum,
2671 3495 2717 3548 si
2766 3493 2968 3563 antiqui
3016 3493 3278 3564 doctores
3314 3495 3569 3552 Ecclesia:

1979 3584 2184 3642 dixisse
2214 3594 2662 3652 monstrarentur,
2693 3599 2793 3639 nec
2824 3586 2961 3656 ipsi,
2993 3600 3093 3642 nec
3124 3585 3298 3642 omnis
3331 3587 3569 3644 Ecclesia

1981 3696 2101 3751 qum
2129 3681 2264 3737 tales
2295 3683 2546 3735 doctores
2587 3679 2813 3744 habuit,
2861 3679 3093 3749 iudicari
3141 3679 3363 3734 deberet
3401 3679 3572 3734 haere-

1983 3775 2106 3828 tica.
2140 3775 2268 3829 Nam
2301 3784 2696 3828 sacramentum
2744 3772 3048 3841 adoptionis
3077 3772 3354 3840 suscipere
3380 3771 3572 3842 digna-

1983 3876 2068 3922 tus
2117 3877 2199 3922 est
2252 3867 2527 3931 Christus,
2588 3875 2645 3920 et
2699 3865 2910 3934 quando
2964 3864 3312 3920 circumcisus
3361 3873 3473 3930 est,
3521 3873 3575 3919 et

1983 3960 2200 4028 quando
2233 3961 2531 4027 baptizatus
2558 3967 2678 4024 est;
2722 3968 2777 4013 et
2807 3967 2983 4026 potest
3013 3968 3408 4014 sacramentum
3449 3958 3574 4012 ado—

1985 4051 2183 4119 ptionis
2206 4050 2423 4118 adaptio
2450 4049 2748 4118 nuncupari
2771 4068 2785 4104 :
2809 4051 2949 4104 sicut
2969 4057 3365 4104 sacramentum
3384 4063 3577 4118 corpo-

1985 4143 2060 4197 ris
2086 4153 2142 4197 et
2162 4143 2435 4212 sanguinis
2456 4144 2594 4210 ejus,
2618 4142 2761 4211 quod
2789 4151 2873 4195 est
2902 4141 2955 4195 in
2987 4155 3125 4210 pane
3149 4150 3206 4196 et
3232 4143 3425 4210 poculo
3447 4157 3577 4196 con-

1988 4245 2224 4299 secrato,
2246 4250 2442 4302 corpus
2465 4234 2586 4303 ejus
2607 4241 2662 4287 et
2683 4233 2995 4303 sanguinem
3022 4232 3282 4287 dicimus:
3308 4248 3416 4286 non
3437 4233 3580 4302 quod

1989 4326 2204 4394 praprie
2231 4339 2428 4393 corpus
2458 4326 2577 4393 ejus
2607 4324 2678 4378 sit
2699 4322 2871 4392 panis,
2903 4329 2960 4378 et
2978 4320 3225 4391 poculum
3253 4324 3470 4391 sanguis
3513 4333 3536 4364 ο
3565 4341 3579 4391 ;

1990 4503 2194 4573 aliquot
2224 4511 2346 4571 post
2371 4501 2586 4556 saeculis
2611 4502 2678 4556 ab
2709 4500 2960 4573 Elipanto
2983 4499 3238 4573 episcopo
3261 4509 3577 4573 renovatam

1989 4570 2262 4628 damnavit
2300 4583 2353 4628 et
2412 4573 2628 4640 copiose
2679 4572 2930 4626 refutavit
2971 4570 3209 4640 synodus
3257 4571 3581 4626 Francol‘or—

1987 4646 2231 4710 diensis,
2275 4644 2549 4698 Christum
2579 4653 2817 4698 statuens
2865 4657 3049 4696 verum
3079 4649 3134 4696 et
3178 4643 3452 4711 pr0prium
3500 4643 3580 4697 di-

1986 4717 2212 4772 cendum
2242 4729 2362 4770 esse
2394 4715 2585 4768 Filium
2610 4713 2727 4778 Dei,
2757 4727 2862 4767 non
2893 4711 3229 4781 adoptivum.

2065 4800 2086 4826 ο
2130 4787 2289 4841 Panis
2317 4795 2688 4849 consecratus,
2737 4793 2924 4839 natura
2972 4793 3228 4847 mutatus,
3282 4783 3436 4853 panis
3477 4799 3580 4838 non

1989 4868 2102 4923 est;
2137 4858 2288 4925 panis
2314 4863 2491 4910 tamen
2525 4857 2846 4924 appellatur,
2875 4855 2997 4920 quia
3021 4853 3174 4923 panis
3202 4855 3323 4925 fuit,
3349 4865 3401 4908 et
3432 4856 3582 4922 pani

1988 4924 2222 4997 speciem
2255 4928 2485 4980 retinet:
2540 4925 3083 4997 idetnque‘judicium
3114 4931 3198 4979 est
3226 4924 3354 4997 vini.
3389 4925 3583 4997 Panem

1989 4992 2174 5052 rursus
2206 4998 2495 5064 vinumque
2528 4992 2724 5063 corpus
2759 4995 2959 5050 Christi
3001 5004 3056 5050 et
3095 4992 3584 5064 sanguinem_dic_i-

1991 5082 2131 5131 mus,
2165 5075 2222 5120 ut
2244 5061 2573 5135 Augustinus
2601 5061 2810 5135 quoque
2833 5068 3066 5120 affirmat
3097 5061 3376 5135 lib.'utde
3403 5061 3584 5135 Trini-

1994 5146 2121 5201 taLe,
2149 5151 2271 5202 cap.
2295 5133 2352 5198 [ιζ
2381 5151 2488 5191 non
2521 5133 2752 5204 proprie,
2788 5137 2880 5190 sed
2913 5137 3136 5206 ﬁgurate
3167 5153 3180 5188 :
3212 5134 3332 5206 quia
3366 5133 3466 5186 snh
3495 5148 3584 5199 pa-

1994 5208 2074 5261 nis
2101 5217 2154 5260 et
2175 5207 2283 5259 vini
2327 5210 2507 5275 specie
2533 5223 2729 5274 Corpus
2763 5207 2960 5261 Christi
2988 5215 3042 5259 et
3071 5206 3290 5273 sanguis
3321 5205 3373 5256 in
3406 5217 3584 5275 sacra-

1994 5287 2175 5332 mento
2220 5274 2582 5332 continentur.
2626 5279 2736 5332 Nec
2779 5277 2905 5338 alia.
2951 5277 3164 5344 opinor,
3211 5275 3263 5326 in
3293 5275 3378 5328 his
3409 5274 3586 5328 verbis

1995 5349 2260 5404 sententia
2293 5361 2374 5403 est
2405 5349 2669 5404 Facundi.
2699 5347 2828 5400 Nam
2858 5347 2928 5400 de
2949 5346 3174 5400 veritate
3195 5344 3370 5399 carnis
3393 5353 3446 5398 et
3467 5360 3588 5398 san-

1996 5420 2170 5487 guinis
2211 5419 2408 5476 Cbristi
2470 5421 2523 5473 in
2576 5418 2899 5472 euchariStia
2951 5416 3199 5470 dubitare
3245 5431 3350 5470 non
3398 5416 3588 5487 patuit,

1975 5485 2119 5560 quia
2162 5500 2278 5560 post
2310 5491 2474 5558 ipsius
2511 5488 2722 5560 Domini
2767 5488 3177 5560 professionem,
3216 5495 3273 5560 ut
3304 5487 3459 5540 docet
3500 5485 3589 5560 ili-

1999 5555 2284 5616 larius’lib.
2321 5555 2413 5614 vut
2453 5561 2523 5615 de
2563 5557 2848 5626 'I‘rinitate,
2889 5574 2994 5613 non
3039 5565 3124 5612 est
3169 5557 3393 5613 relictus
3420 5555 3587 5611 ambi~

2065 5693 2087 5723 ‘
2129 5695 2268 5748 Idem
2302 5692 2449 5758 cod.,
2481 5691 2810 5746 conuersione
2839 5699 2886 5745 et
2917 5689 3251 5744 translatione
3279 5704 3507 5749 carnem.

2067 5767 2086 5796 ⁵
2124 5766 2268 5818 Idem
2297 5764 2446 5829 cod.,
2477 5764 2622 5830 istos,
2656 5777 2851 5834 nempe
2880 5761 3200 5820 catholicos.

2068 5838 2087 5870 ⁶
2126 5837 2268 5892 Idem
2302 5835 2452 5906 cod.,
2477 5835 2709 5894 voluerit.
3083 5845 3086 5849 ‘
