4104 6360
517 251 623 308 7ῧῦ

1624 246 1920 305 FACUNDl
1961 242 2177 303 EPISC.
2219 244 2727 305 llERMIANENSIS

3707 236 3849 295 ’ἴθι

518 366 611 425 sed
642 366 783 436 quod
812 366 868 422 in
894 380 954 423 se
978 364 1288 437 mysterium
1318 362 1563 432 corporis
1586 362 1703 430 ejus
1726 361 2107 431 sanguinisque
2133 360 2184 419 A
2215 358 2401 415 eadem
2433 358 2603 429 gloria
2636 366 2689 413 et
2721 365 2964 427 potestas
2996 364 3115 426 post
3146 355 3592 412 resurrectionem
3643 353 3849 423 magis

517 446 850 515 contineant.
876 458 1013 512 Hinc
1039 463 1094 510 et
1122 457 1235 524 ipse
1264 453 1522 508 Dominus
1551 452 1892 507 benedictum
1918 465 2109 520 panem

519 563 573 609 et
600 552 823 607 calicem
852 561 1013 614 quem
1045 546 1321 616 discipulis
1358 544 1600 609 tradidit,
1644 559 1842 612 corpus
1890 552 1944 599 et
1988 558 2111 597 san-

518 644 734 713 guinem
765 655 920 697 suum
949 639 1180 694 vocavit.
1220 637 1483 705 Quocirca
1524 637 1666 691 sicut
1691 636 1895 692 Christi
1928 635 2113 691 ﬁdeles

517 743 913 788 sacramentum
939 730 1182 799 corporis
1206 738 1262 785 et
1299 728 1571 798 sanguinis
1607 730 1726 798 ejus
1762 729 2105 799 accipientes,

519 837 714 892 (osjius
743 832 798 880 et
826 823 1139 895 sanguinem
1167 821 1368 879 Christi
1399 831 1545 879 recte
1568 823 1817 877 dicuntur
1842 822 2110 892 accipere,

518 917 595 973 sic
621 924 674 973 et
701 916 816 987 ipse
842 916 1110 982 Christus,
1139 925 1536 971 sacramentum
1556 915 1861 986 adoptionis
1881 914 2111 970 ﬁliorum

518 1024 638 1064 cum
668 1010 1021 1077 suscepisset,
1066 1010 1240 1079 potuit
1280 1018 1426 1064 recte
1462 1009 1567 1063 dici
1600 1007 1947 1077 adoptionem
1976 1006 2114 1061 ﬁlio-

518 1114 635 1154 rum
666 1102 968 1170 suscepisse
995 1117 1007 1153 :
1047 1099 1285 1169 alioquin
1316 1114 1492 1169 neque
1523 1100 1590 1155 de
1630 1101 1783 1154 nobis
1820 1099 2109 1155 dicendum

520 1201 603 1248 est
644 1192 897 1262 quoniam
949 1192 1290 1262 adoptionem
1348 1193 1680 1261 suscepimus
1728 1192 1990 1258 ﬁliorum,
2022 1200 2117 1246 aut

520 1285 642 1353 quia
665 1284 927 1355 redempti
959 1298 1143 1339 sumus
1175 1294 1334 1355 atque
1366 1284 1579 1347 salvati,
1602 1283 1853 1354 quoniam
1885 1287 2114 1353 Aposto~

523 1377 607 1433 lus
629 1378 760 1433 dicit
792 1395 805 1431 :
841 1378 952 1431 Nos
982 1380 1081 1450 ipsi
1110 1379 1365 1447 primitias
1394 1379 1607 1448 spiritus
1635 1378 1873 1432 habentes
1901 1419 1914 1444 ,
1944 1386 1989 1431 et
2020 1378 2116 1447 ipsi

521 1472 656 1526 intra
687 1487 779 1527 nos
809 1473 1057 1542 gemimus
1086 1471 1414 1541 adoptionem
1438 1472 1666 1540 ﬁliorum
1696 1471 1789 1524 Dei
1815 1479 2116 1537 exspectan-

524 1573 615 1631 tes,
647 1565 1041 1636 redemptionem
1074 1567 1308 1634 corporis
1337 1566 1531 1630 nostri;
1562 1582 1653 1633 spe
1674 1565 1806 1618 enim
1832 1564 1961 1619 salvi
1992 1562 2115 1634 facti

520 1672 730 1721 sumus;
780 1673 895 1724 spes
923 1667 1094 1711 autem
1132 1673 1245 1727 quae
1274 1658 1493 1723 videtur,
1538 1674 1637 1711 non
1674 1666 1749 1711 est
1784 1672 1897 1725 spes
1933 1655 2113 1726 (Rern.

523 1838 870 1906 Apostolum,
900 1849 1283 1908 exspectemus
1309 1841 1653 1910 adoptionem
1692 1850 1747 1894 et
1786 1838 2117 1906 redemptio-

523 1942 669 1995 nem,
725 1936 779 1984 et
824 1928 1091 1994 salutem;
1136 1937 1336 1995 tamen,
1393 1930 1518 1999 quia
1565 1928 1677 1999 jam
1725 1936 2119 1983 sacramentum

523 2021 852 2090 adoptionis,
879 2031 935 2077 et
964 2022 1375 2092 redemptionis,
1417 2032 1473 2078 et
1499 2023 1688 2078 salutis
1718 2023 2036 2091 accipimus,
2066 2028 2122 2076 et

524 2114 618 2169 ﬁlii
650 2114 767 2177 Dei,
798 2125 852 2169 et
882 2114 1169 2183 redempti,
1199 2122 1255 2169 et
1298 2114 1493 2168 salvati
1540 2126 1687 2168 recte
1716 2128 1971 2168 vocamur
2000 2131 2012 2165 :
2045 2111 2119 2165 ita

524 2203 773 2259 Christus
825 2220 1037 2275 quoque
1083 2214 1475 2260 sacramentum
1518 2205 1844 2273 adoptionis,
1894 2220 2000 2260 non
2052 2204 2119 2258 ad

527 2296 815 2350 utilitatem
841 2309 1017 2362 suam,
1051 2296 1146 2352 sed
1175 2296 1242 2351 ad
1282 2298 1447 2367 ipsius
1481 2298 1805 2352 sacramenti
1834 2300 2121 2353 conﬁrma-

525 2387 766 2453 tionem,
811 2387 865 2442 in
914 2388 1323 2444 circumcisione
1371 2398 1424 2445 et
1468 2388 1734 2458 baptismo
1783 2390 2117 2458 suscipiens,

524 2478 662 2532 sicut
710 2478 997 2548 Apostolus
1038 2481 1149 2535 ait:
1195 2480 1328 2534 Dico
1370 2482 1501 2535 enim
1543 2480 1803 2537 Christum
1833 2482 2123 2537 ministrum

526 2568 685 2635 fuisse
714 2569 1116 2624 circumcisionis
1145 2581 1352 2639 prapter
1378 2572 1641 2626 ueritatem
1670 2572 1786 2637 Dei,
1825 2573 1892 2626 ad
1929 2575 2122 2643 conﬁr-

526 2659 746 2714 mandus
774 2662 1133 2731 promissiones
1161 2675 1365 2734 patrum
1408 2665 1587 2737 (Rom.
1620 2680 1707 2731 xv,
1742 2665 1820 2736 8),
1856 2667 2025 2734 potuit
2057 2667 2123 2721 ab

524 2748 763 2818 antiquis
790 2751 1043 2807 Ecclesiae
1063 2752 1373 2809 doctoribus
1401 2763 1546 2809 recte
1572 2755 1681 2810 dici
1712 2755 1854 2825 quod
1879 2756 2123 2826 adoptlo-
2194 2754 2205 2765 '

528 2856 653 2897 nem
680 2845 979 2914 susceperit
1001 2844 1252 2901 ﬁliorum.
1281 2847 1432 2914 Quod
1464 2847 1511 2901 si
1534 2856 1589 2903 et
1619 2847 1721 2903 hoc
1747 2847 1949 2904 dixisse
1972 2849 2121 2903 inve-

526 2936 775 3003 niantur,
806 2936 930 3006 quia
970 2948 1091 3006 post
1120 2939 1423 3008 passionem
1451 2981 1465 3006 ,
1500 2940 1613 2995 sive
1644 2955 1935 3010 resurgens
1958 2980 1975 3007 ,
2006 2941 2124 2995 sive

526 3030 689 3084 etiam
723 3032 774 3084 in
802 3031 997 3087 etclam
1027 3032 1345 3099 ascendens,
1374 3034 1702 3104 gloriﬁcatus
1723 3043 1808 3090 est
1842 3020 2121 3102 Dominus,

2216 452 2483 507 innotuit:
2532 460 2659 507 tunc
2700 450 3036 521 glorilicatus
3075 460 3129 504 et
3177 458 3499 518 potestatem
3535 448 3851 517 accepisse

2218 554 2489 611 narratur,
2516 543 2730 614 quando
2758 542 2874 597 haec
2902 543 2956 597 in
2985 542 3292 613 cognitione
3320 540 3653 596 credentium
3677 541 3842 596 facta

2216 648 2369 705 sunt,
2401 640 2541 695 sicut
2568 648 2621 692 et
2652 640 2704 691 iu
2734 637 2977 692 oratione
3006 636 3233 690 dicimus
3276 654 3288 689 :
3319 634 3687 703 Sanctiﬁcstur
3724 651 3845 688 no-

2218 746 2330 785 men
2363 740 2506 784 tuum
2530 728 2686 799 (Luc.
2712 744 2789 794 st,
2823 728 2902 796 9.),
2946 727 3152 783 scilicet
3178 736 3233 780 ut
3261 727 3313 781 in
3346 726 3652 795 cognitione
3683 725 3843 780 (ἰάθη

2219 823 2350 879 lium
2382 823 2474 879 ﬁat
2501 831 2765 878 sanctum.
2800 820 2928 876 Sive
2953 819 3073 890 quia
3101 818 3145 873 si
3168 818 3295 888 quid
3326 818 3604 887 potestatis
3627 827 3686 873 et
3702 818 3840 887 glo-

2217 915 2314 971 riae
2340 922 2461 984 post
2496 917 2613 983 ejus
2641 914 3093 970 resurrectionem
3126 911 3384 967 Ecclesia:
3411 911 3672 966 donatum
3712 918 3833 976 est,

2218 1008 2334 1076 ipse
2361 1006 2558 1061 dicitur
2588 1006 2881 1075 accepisse,
2909 1013 3161 1074 tanquam
3185 1012 3345 1074 caput
3370 1003 3424 1057 in
3454 1003 3739 1067 membris,
3775 1001 3833 1059 is

2220 1110 2302 1158 est
2331 1102 2384 1155 in
2416 1100 2721 1155 hominibus
2756 1099 3022 1154 ﬁdelibus.
3058 1098 3210 1155 Unde
3248 1098 3451 1153 dictum
3494 1108 3576 1152 cst
3619 1112 3650 1151 a
3700 1111 3809 1166 pro

2221 1194 2417 1263 pheta:
2469 1191 2761 1246 Ascendens
2800 1192 2853 1244 in
2890 1191 3054 1244 altum
3086 1191 3341 1259 captivam
3370 1191 3518 1242 duxit
3545 1189 3841 1256 captiuita-

2222 1297 2341 1353 tem,
2361 1286 2603 1356 accepisti
2632 1285 2769 1339 dona
2798 1286 2853 1339 in
2880 1284 3169 1339 hominibus
3192 1283 3363 1353 (Psal.
3397 1298 3563 1350 xcv",
3594 1280 3706 1348 l9).
3732 1282 3840 1336 His

2220 1391 2275 1437 et
2313 1381 2435 1434 aliis
2465 1380 2835 1447 compluribus
2874 1379 3049 1434 modis
3075 1378 3214 1433 dicta
3249 1376 3667 1447 praecedentium
3720 1375 3833 1431 Pa-

2222 1482 2361 1527 trum
2392 1472 2511 1541 pius
2532 1481 2695 1541 atque
2715 1471 2997 1527 exercitati
3019 1484 3211 1525 sensus
3236 1470 3404 1526 lector
3422 1477 3477 1523 et
3497 1468 3829 1537 intelligere,

2222 1575 2276 1621 et
2306 1566 2562 1621 adversus
2586 1565 2963 1621 haereticorum
2987 1564 3283 1619 calumnias
3303 1562 3594 1619 defendere
3622 1571 3829 1631 potest;

2224 1658 2506 1727 imperitus
2537 1666 2716 1712 autem
2747 1666 2797 1711 et
2830 1671 3109 1727 arrogans,
3137 1657 3226 1725 qui
3256 1669 3417 1710 omne
3443 1655 3587 1723 quod
3616 1669 3724 1708 non
3743 1654 3832 1708 in—

414 1828 421 1829 ,
520 1760 636 1813 vni,
667 1746 761 1814 23,
790 1747 905 1819 24).
937 1748 1085 1803 Sicut
1112 1763 1262 1819 ergo,
1294 1750 1540 1818 quamvis
1586 1749 1785 1815 adhuc,
1820 1746 2113 1803 secundum
2147 1746 2195 1807 B
2223 1747 2511 1813 tellexerit,
2545 1762 2652 1802 non
2678 1747 2913 1813 discere,
2944 1747 3039 1803 sed
3066 1746 3425 1802 condemnare
3458 1744 3701 1814 festinat,
3729 1758 3823 1799 ne-

2223 1854 2377 1895 cesse
2408 1847 2492 1894 cst
2527 1848 2583 1892 ut
2627 1839 2975 1894 conturbetnr
3001 1840 3058 1892 iu
3088 1837 3320 1897 talibus;
3364 1844 3450 1903 et,
3484 1837 3530 1890 si
3561 1834 3819 1903 potuerit,

2225 1933 2362 1987 alios
2386 1946 2600 2001 quoque
2630 1932 2938 1995 conturbet,
2974 1930 3102 1985 dum
3134 1930 3398 1985 rationem
3426 1943 3585 1999 quam
3612 1943 3709 1997 pro
3730 1943 3823 1983 sua

2230 2025 2496 2094 imperitia
2526 2040 2634 2080 non
2681 2024 2855 2093 potuit
2884 2022 3149 2089 invenire,
3184 2023 3347 2078 ctiam
3381 2036 3478 2091 pro
3516 2024 3820 2091 arrogantia

2225 2116 2547 2187 dedignatur
2594 2117 2861 2185 accipere.
2907 2115 3039 2170 Illud
3075 2124 3255 2170 autem
3284 2114 3401 2184 quis
3445 2113 3624 2180 ferat,
3685 2112 3821 2183 quod

2223 2209 2386 2279 aliqui
2411 2210 2651 2265 dicentes
2679 2208 2909 2264 credere
2929 2222 2990 2264 se
3020 2207 3305 2263 nobiscum
3329 2206 3465 2261 duas
3479 2205 3682 2260 Christi
3706 2218 3822 2260 esse

2227 2310 2465 2369 naturas,
2495 2311 2549 2356 et
2580 2302 2747 2357 Deum
2776 2300 2926 2355 illum
2962 2310 3125 2370 atque
3164 2297 3435 2355 hominem
3479 2312 3587 2351 non
3618 2312 3818 2367 negan-

2228 2403 2330 2458 tes,
2360 2395 2403 2448 si
2436 2393 2702 2449 audierint
2730 2391 2873 2462 quod
2903 2391 3069 2462 gratia
3110 2391 3179 2445 sit
3217 2390 3380 2445 Filius
3408 2390 3525 2454 Dei,
3564 2390 3647 2443 sic
3675 2388 3817 2443 dete-

2227 2494 2438 2541 stantur
2468 2485 2568 2540 hoc
2599 2486 2818 2540 verbum
2846 2528 2861 2554 ,
2900 2494 3150 2554 tanquam
3185 2484 3232 2538 si
3256 2482 3323 2538 de
3352 2482 3443 2536 illo
3470 2481 3711 2546 dicatur,
3737 2480 3823 2551 qui

2228 2579 2372 2634 Deus
2399 2588 2605 2634 tantum
2635 2594 2743 2634 non
2765 2580 2925 2635 etiam
2956 2579 3119 2633 homo
3141 2578 3229 2633 sit.
3272 2576 3427 2633 Sicut
3450 2583 3631 2631 autem
3662 2583 3716 2630 et
3738 2590 3822 2630 na-

2228 2679 2346 2725 tura
2372 2672 2515 2727 ﬁlius
2544 2683 2626 2728 est
2665 2672 2896 2727 hominis
2945 2681 3165 2741 propter
3204 2685 3384 2725 veram
3413 2668 3823 2733 humanitatem,

2228 2777 2283 2823 et
2311 2767 2621 2838 dignatione
2651 2768 2792 2823 ﬁlius
2840 2778 2923 2823 est
2975 2766 3210 2823 hominis
3244 2774 3467 2835 prOptel'
3499 2778 3688 2819 veram
3715 2763 3823 2819 dei-

2230 2868 2392 2915 tatem
2419 2901 2433 2924 ,
2462 2862 2535 2915 ita
2564 2861 2725 2916 etiam
2758 2870 2811 2915 et
2835 2869 3020 2915 natura
3054 2858 3223 2914 Filius
3254 2858 3348 2913 Dei
3380 2864 3465 2913 est
3494 2863 3719 2927 propter
3740 2870 3825 2911 ve-

2229 2966 2343 3005 ram
2375 2952 2652 3017 deitatem,
2682 2962 2735 3007 et
2760 2952 2928 3021 gratia
2964 2951 3130 3006 Filius
3160 2951 3252 3005 Dei
3284 2957 3370 3005 est
3399 2956 3619 3020 propter
3645 2962 3827 3005 veram

2231 3044 2637 3098 humanitatem.
2674 3043 2731 3099 Si
2759 3059 2884 3099 vero
2909 3052 2962 3098 et
2992 3043 3287 3099 secundum
3321 3041 3707 3097 humanitatem
3736 3056 3826 3097 na-

524 3129 613 3173 aut
656 3128 972 3188 potestatem
1020 3122 1267 3190 accepit;
1315 3123 1392 3177 sic
1436 3123 1504 3177 ab
1548 3122 1626 3178 eis
1656 3124 1858 3178 dictum
1891 3124 2119 3195 intelIisi
2150 3139 2196 3204 ρ
2230 3146 2347 3192 tura
2376 3138 2542 3192 Filius
2568 3138 2658 3193 Dei
2688 3137 2917 3202 dicatur,
2962 3138 3011 3191 in
3049 3136 3179 3191 illud
3212 3134 3513 3205 Apolinaris
3541 3134 3824 3203 inciditur,

526 3212 706 3279 debet,
737 3213 877 3268 sicut
913 3228 942 3267 a
981 3213 1140 3269 Petro
1167 3216 1413 3284 apostolo
1454 3216 1655 3270 dictum
1683 3226 1765 3271 est
1794 3234 1807 3270 :
1844 3215 2116 3286 Exquisie-

524 3312 644 3355 runt
672 3312 824 3371 atque
847 3306 1061 3358 scrutati
1084 3313 1201 3359 sunt
1227 3307 1508 3377 propheta,
1543 3308 1630 3375 qui
1651 3307 1714 3361 de
1741 3308 1922 3377 futura
1949 3316 2001 3363 tn
2029 3327 2120 3367 vos

528 3394 695 3462 gratia
742 3390 839 3447 Dei
890 3398 1351 3465 prophetauerunt,
1398 3409 1680 3454 scrutantes
1720 3401 1774 3454 in
1817 3404 1997 3470 quibus
2042 3404 2122 3457 vel

528 3483 679 3552 quale
704 3494 901 3555 tempus
922 3488 1233 3559 signiﬁcaret
1261 3489 1349 3558 qui
1377 3491 1429 3543 in
1450 3490 1522 3543 eis
1547 3498 1655 3543 erat
1676 3492 1884 3559 spiritus
1907 3492 2117 3560 Christi,

526 3578 617 3645 qui
646 3578 1021 3646 prcnuntiabat
1043 3582 1096 3633 in
1126 3579 1329 3635 Christo
1352 3582 1634 3650 passiones,
1665 3591 1712 3635 et
1740 3594 1850 3652 post
1880 3586 1985 3639 lucc
2010 3587 2121 3657 glo-

531 3670 636 3722 rias
658 3667 711 3737 (l
740 3667 884 3724 Pstr.
910 3686 950 3738 ι,
980 3670 1093 3743 10).
1118 3670 1188 3727 Et
1207 3672 1345 3729 sicut
1372 3673 1441 3729 ab
1470 3673 1588 3743 ipso
1629 3675 1855 3732 Domino
1882 3686 2003 3747 post
2033 3694 2119 3734 re-

526 3761 914 3819 correctionem
960 3762 1167 3819 dictum
1214 3772 1336 3820 est:
1371 3764 1558 3819 Nonne
1595 3768 1703 3821 [nec
1738 3771 1963 3836 oportuit
2014 3770 2123 3838 pati

528 3857 811 3927 Christum,
848 3870 897 3914 et
923 3860 998 3914 ita
1026 3860 1227 3914 intrare
1250 3860 1305 3914 in
1331 3860 1546 3932 gloriam
1588 3878 1734 3916 suam
1770 3861 1923 3932 (Luc.
1971 3881 2120 3931 xxiv,

530 3949 660 4019 26)?
683 3958 736 4005 et
761 3950 985 4006 itesum:
1012 3950 1148 4005 Data
1185 3962 1258 4005 est
1285 3951 1411 4005 milii
1437 3953 1600 4006 omnis
1626 3963 1846 4023 potestas
1862 3956 1912 4008 in
1936 3957 2060 4010 caelo
2074 3968 2124 4013 et

531 4043 584 4093 in
615 4049 749 4094 terra
777 4041 996 4111 (Matth.
1025 4042 1497 4112 xxvnr,l8):item
1511 4044 1580 4099 de
1594 4045 1975 4103 clariﬁcatione
2006 4058 2125 4117 post

518 4132 901 4188 ascensionem
921 4146 1073 4187 suam
1090 4132 1337 4188 iacienda
1365 4134 1445 4188 sic
1474 4133 1575 4189 ait:
1599 4135 1725 4189 Cum
1746 4146 1917 4191 autent
1935 4140 2127 4195 uenerit

530 4224 618 4276 ille
639 4222 863 4291 Spiritus
880 4224 1128 4293 veritatis,
1146 4225 1341 4280 docebit
1368 4241 1453 4281 uos
1478 4220 1676 4281 omnem
1703 4230 1983 4286 veritatem.
2002 4231 2125 4286 Non

529 4318 661 4368 enim
694 4320 925 4385 loquetur
958 4333 992 4372 tt
1024 4320 1335 4389 seutetipso;
1380 4320 1471 4374 sed
1498 4336 1811 4392 quacunque
1841 4325 2017 4377 audiet
2048 4326 2125 4379 lo-

529 4415 730 4475 quctur,
762 4418 807 4461 et
834 4423 949 4478 qua:
990 4416 1202 4462 ventura
1237 4417 1356 4463 sunt
1394 4412 1718 4465 annuntiabit
1744 4412 1879 4467 vobis
1901 4413 1917 4443 ⁸
1944 4412 2121 4483 (Joan.

2223 3227 2367 3297 quod
2394 3227 2626 3281 credidit
2654 3227 2820 3283 Deum
2850 3225 3085 3282 Verbum
3117 3242 3183 3281 ex
3222 3234 3373 3295 parte
3416 3241 3526 3282 sua:
3568 3227 3826 3284 substan-

2221 3319 2311 3374 tiae
2332 3319 2375 3383 ¹,
2408 3332 2526 3384 qua:
2548 3325 2658 3372 tota
2686 3318 2882 3387 ubique
2911 3324 3013 3383 est,
3041 3324 3096 3371 et
3122 3317 3304 3385 partiri
3338 3330 3445 3371 non
3473 3324 3677 3386 potest,
3710 3332 3828 3371 car-

2224 3426 2347 3467 nem
2377 3412 2477 3466 sibi
2511 3410 2721 3467 iecisse.
2746 3410 2897 3478 Quod
2928 3410 2971 3464 si
3005 3410 3273 3465 veraciter
3308 3409 3445 3463 duas
3484 3409 3674 3463 dicunt
3704 3409 3822 3479 ejus

2224 3512 2463 3570 naturas,
2495 3512 2548 3559 et
2572 3505 2745 3559 ambas
2770 3504 2964 3558 divina:
2993 3518 3113 3558 esse
3143 3518 3248 3557 non
3279 3512 3521 3573 possunt,
3554 3504 3680 3573 quia
3724 3501 3826 3557 bu-

2228 3598 2500 3653 manitatis
2529 3612 2635 3653 una
2662 3608 2850 3654 natura
2881 3606 2996 3665 cst;
3048 3596 3234 3666 procul
3263 3596 3449 3664 dubio,
3482 3612 3588 3652 non
3633 3610 3828 3665 quem-

2226 3689 2513 3744 admodum
2555 3689 2853 3745 secundum
2907 3688 3240 3744 divinitatem
3290 3696 3474 3742 natura
3529 3685 3695 3741 Filius
3731 3685 3829 3741 Dei

2226 3788 2312 3835 est
2334 3823 2347 3843 ,
2380 3780 2451 3833 ita
2494 3780 2655 3835 etiam
2686 3780 2980 3835 secundum
3015 3780 3404 3835 humanitatem
3437 3787 3625 3835 natura
3654 3778 3827 3834 Filius

2228 3870 2323 3925 Dei
2354 3879 2449 3924 est.
2488 3870 2544 3925 Si
2587 3880 2767 3925 autem
2810 3871 3103 3926 secundum
3155 3872 3545 3927 humanitatem
3600 3885 3705 3926 non
3744 3882 3827 3927 est

2228 3969 2411 4017 natura
2442 3962 2607 4017 Filius
2640 3962 2759 4027 Dei,
2790 3966 3098 4019 necessario
3120 3965 3363 4035 sequitur
3392 3974 3447 4019 ut
3475 3972 3567 4019 aut
3594 3964 3826 4031 meritis,

2228 4065 2320 4109 aut
2348 4054 2515 4124 gratia
2541 4056 2607 4109 sit
2636 4054 2802 4109 Filius
2817 4055 2911 4109 Dei
2935 4056 2979 4122 ³,
3004 4056 3112 4124 qui,
3142 4071 3207 4110 ex
3233 4070 3340 4125 quo
3365 4070 3486 4112 esse
3507 4055 3691 4124 cmpit,
3717 4069 3825 4109 non

2229 4146 2328 4201 fuit
2355 4145 2497 4200 aliud
2529 4160 2688 4216 quam
2722 4146 2888 4199 Filius
2920 4146 3037 4202 Dei.
3067 4147 3253 4202 Restat
3280 4160 3409 4217 ergo
3450 4154 3506 4201 ut
3530 4145 3825 4201 secundum

2231 4236 2618 4291 humanitatem
2648 4237 2817 4304 gratia
2850 4238 2922 4291 sit
2964 4237 3131 4292 Filius
3183 4238 3296 4292 Dei.
3343 4237 3425 4293 0b
3473 4239 3572 4293 hoc
3615 4251 3826 4307 quoque

2229 4329 2413 4384 beatus
2438 4328 2791 4398 Augustinus,
2826 4330 3131 4399 praecipuus
3157 4328 3438 4383 catholicae
3466 4328 3589 4383 ﬁdei
3631 4327 3824 4398 praedi-

2230 4427 2379 4474 cator
2402 4460 2417 4485 ,
2466 4420 2711 4474 scribens
2740 4418 2808 4474 ad
2850 4419 3173 4490 Prosperum
3205 4428 3259 4474 et
3290 4420 3553 4474 Hilarium
3582 4418 3649 4475 dc
3681 4435 3820 4489 prae-

532 4514 642 4563 xvi,
680 4498 789 4590 l5).
822 4501 1062 4570 Itemque
1087 4502 1156 4557 de
1187 4503 1280 4557 illo
1308 4503 1509 4559 dictum
1540 4514 1661 4559 est:
1713 4505 1955 4561 Nondum
1987 4509 2121 4563 enim
2154 4529 2202 4590 ο
2226 4510 2586 4567 destinatione
2616 4520 2922 4567 sanctorum
2948 4552 2963 4576 ,
3017 4520 3071 4566 et
3115 4512 3320 4568 docens
3350 4512 3493 4581 quod
3527 4513 3693 4583 gratia
3731 4511 3820 4566 Dei

532 4598 640 4641 erat
671 4589 893 4661 Spiritus
920 4593 1090 4658 datus,
1122 4594 1241 4662 quia
1280 4594 1432 4649 Jesus
1475 4597 1702 4650 nondum
1733 4599 1897 4667 fuerat
1917 4601 2117 4670 gloriﬁ—

531 4679 864 4751 catus(Joan.
890 4699 988 4751 vn,
1012 4683 1125 4755 59).
1152 4684 1381 4741 Proinde
1396 4688 1585 4743 melius
1609 4690 1852 4756 iacimus,
1872 4693 1916 4747 si
1931 4710 2119 4765 quem-

531 4774 820 4830 admodum
872 4777 1105 4833 divinam
1162 4778 1493 4848 Scripturam
1520 4824 1535 4848 ,
1582 4784 1661 4838 sic
1685 4783 1847 4840 etiam
1878 4786 2118 4857 ejusdem

530 4866 823 4936 Scriptum
846 4874 1163 4927 tractatores
1193 4872 1403 4929 locutos
1432 4882 1618 4931 contra
1650 4877 1930 4945 haereticos
1956 4880 2121 4939 fuisse

530 4959 831 5017 credamus.
863 4959 994 5019 Sive
1037 4964 1291 5034 quoniam
1334 4968 1631 5037 resurgenti
1665 4968 1882 5027 Christo
1913 4972 2117 5044 aliquid

532 5053 583 5109 in
624 5062 810 5112 natura
836 5058 1014 5115 carnis
1044 5059 1308 5126 accessit,
1339 5076 1459 5132 quae
1496 5062 1551 5117 in
1592 5066 1913 5121 contumelia
1955 5069 2119 5123 semi-

530 5159 674 5218 nata,
719 5150 829 5220 jam
861 5161 1169 5208 surrexerat
1215 5154 1269 5208 in
1310 5152 1515 5225 gloria;
1566 5155 1681 5211 sive
1707 5160 1831 5228 quia
1872 5160 2119 5219 ﬁdelibus

530 5280 685 5354 gendi
730 5281 900 5339 locus.
942 5283 1175 5340 irenzcus
1218 5285 1310 5341 lib.
1347 5302 1377 5339 v
1422 5286 1693 5345 Adversus
1736 5290 2009 5351 hmreses:
2049 5301 2117 5354 Τὸ

530 5351 628 5436 ore
650 5360 741 5437 riis
770 5359 989 5437 κτςῖσεως
1012 5362 1253 5437 grai-139:3?
1287 5354 1410 5430 αἷμα
1432 5356 1559 5437 ideo?
1587 5363 1896 5437 ὡμολόγησε·
1923 5372 2009 5424 καὶ
2035 5351 2119 5425 {ei

656 5431 747 5507 τῆς
768 5429 981 5507 atria-sai;
1004 5421 1178 5500 ἆραι-οὖ,
1200 5427 1324 5507 ἵδεον
1338 5421 1499 5507 ’ᾳῶμα
1519 5421 1652 5507 διεϐἐ
1662 5421 2121 5507 Camisare.

532 5491 579 5544 si
608 5491 794 5547 durius
818 5496 903 5551 hic
935 5491 1173 5554 fortasse
1192 5500 1275 5555 vel
1317 5491 1598 5559 obscurius
1630 5491 1915 5578 quippiam
1930 5491 2118 5567 clima:

608 5626 1026 5720 :Cotllveron?
1041 5638 1360 5720 annuntiabit
1386 5641 1545 5720 vobis.
1570 5640 1676 5720 Ille
1690 5662 1779 5720 me
1791 5647 2115 5720 clariﬁcabit,

544 5701 654 5804 grtia
672 5701 1725 5804 Isti'enmmeq‘frfcipjetlt‘an‘nuntiqbiurabis.
1752 5701 2003 5789 Itemque;

668 5772 835 5830 Idem.
865 5772 1229 5845 cod.,ditrintz
1257 5795 1363 5836 stite
1390 5784 1704 5841 substantiis.

2227 4614 2333 4654 non
2362 4600 2654 4655 secundum
2690 4610 2871 4657 nostra
2902 4603 3088 4657 merita
3128 4601 3308 4671 detur,
3361 4603 3501 4659 inter
3546 4603 3651 4658 alia
3693 4603 3819 4658 dicit

2228 4692 2367 4764 (Lib.
2392 4707 2431 4755 ι,
2458 4708 2572 4761 cap.
2602 4692 2726 4763 l5):
2765 4712 2782 4744 s
2822 4694 2917 4749 Est
2942 4696 3105 4749 etiam
3130 4696 3607 4765 praeclarissimum
3646 4698 3818 4751 lumen

2228 4782 2714 4853 praedestinatiouis
2740 4791 2797 4839 et
2814 4786 2999 4853 gratia:
3026 4786 3142 4854 ipse
3177 4784 3446 4853 Salvator,
3478 4785 3593 4855 ipse
3618 4786 3817 4841 media-

2228 4880 2315 4929 tor
2341 4873 2433 4928 Dei
2459 4880 2513 4929 et
2533 4872 2832 4940 hominum,
2860 4873 3022 4929 homo
3041 4873 3287 4932 Christus
3310 4876 3465 4932 Jesus
3490 4893 3505 4930 :
3529 4878 3618 4947 qui
3644 4889 3701 4933 ut
3723 4878 3818 4934 hoc

2228 4973 2391 5033 esset,
2432 4964 2625 5035 quibus
2675 4966 2889 5022 tandem
2939 4967 3074 5037 suis,
3128 4966 3212 5025 vel
3263 4983 3504 5039 operum,
3563 4968 3645 5024 vel
3695 4969 3815 5027 ﬁdei

2221 5058 2647 5129 pracedentibus
2673 5061 2883 5117 meritis
2910 5069 3099 5117 natura
3134 5062 3367 5118 humana
3395 5078 3517 5134 quae
3539 5062 3595 5118 in
3620 5063 3710 5119 illo
3733 5071 3815 5118 est

2223 5152 2592 5223 comparavit?
2638 5153 3034 5225 respondeatur
3081 5169 3287 5225 qureso.
3339 5155 3433 5212 Ille
3478 5154 3668 5220 homo,
3704 5164 3816 5211 uta

2225 5318 2309 5365 tus
2336 5311 2597 5385 videatur,
2630 5312 2825 5383 dignus
2851 5323 2936 5371 est
2964 5314 3138 5379 venia,
3175 5324 3229 5369 et
3256 5316 3347 5384 qui
3390 5329 3422 5370 a
3468 5316 3704 5385 benigno
3734 5317 3816 5372 in-

2224 5390 2458 5457 terprete
2489 5383 2658 5439 vicem
2699 5385 2859 5457 ofﬁcii
2904 5386 3153 5457 recipiat,
3185 5383 3329 5456 quad
3377 5386 3496 5456 ipse
3536 5383 3657 5442 aliis
3699 5400 3813 5443 stu-

2225 5453 2399 5521 diose,
2432 5470 2657 5525 quorum
2684 5456 2821 5514 dicta
2854 5453 3331 5523 notabantur,'non
3361 5453 3809 5517 semelcxhibuit.

2292 5653 2312 5683 ³
2352 5653 2494 5708 Idem
2524 5655 2668 5719 cod.,
2722 5665 2810 5710 aut
2833 5658 3001 5727 gratia
3036 5657 3099 5712 sit
3132 5656 3301 5711 Filius
3334 5658 3427 5721 Dei
3456 5675 3474 5713 ,ο
3522 5659 3669 5713 nulla
3700 5676 3813 5721 vero

2219 5725 2329 5799 ejus
2354 5728 2532 5799 merita
2552 5725 2937 5799 prafesserunt,
2970 5745 3063 5797 pro
3093 5730 3273 5797 quibus
3304 5731 3586 5799 secundum
3628 5732 3809 5785 Imma-

2127 5871 2133 5876 .
2219 5796 2426 5849 nitatem
2450 5794 2595 5857 ﬁeret
2618 5794 2792 5851 Filius
2822 5797 2938 5867 Dei,
2961 5794 3047 5870 qui
3079 5794 3139 5855 ex
3164 5817 3283 5871 quo.
