4104 6360
552 308 652 369 767

1648 246 1944 354 EAGUNDI
1983 291 2199 350 EPISC.
2238 286 2747 349 HERMIANENSIS

3752 278 3885 334 768

554 430 739 493 rupta;
772 420 1013 491 quaedam
1064 430 1197 473 vero
1243 422 1553 473 sanctorum
1604 412 1847 482 Patrum,
1899 424 2033 482 quos
2082 416 2137 463 et
2165 412 2219 468 A
2246 414 2425 476 pterea
2457 405 2695 475 synodus
2723 399 3175 459 Chalcedonensis
3206 399 3474 470 iudicatur
3503 398 3717 455 similia
3768 410 3877 451 sa-

554 513 654 581 ipsi
686 513 928 567 venerari
975 526 1033 567 se
1078 511 1281 575 dicunt,
1311 509 1569 565 doctrina:
1601 508 1793 563 similia
1841 522 1854 559 :
1900 504 2144 574 quamvis

557 617 609 663 et
635 608 734 663 hoc
767 607 923 663 fuerit
951 606 1402 669 demonSIratum,
1433 603 1574 673 quod
1608 603 1748 657 idem
1778 600 2094 655 Theodorus
2116 612 2145 652 a

559 700 824 771 praedictis
858 699 1059 753 sanctis
1091 698 1338 753 Patribus
1367 704 1420 753 et
1446 705 1743 766 superstes,
1773 702 1827 748 et
1859 702 1977 762 post
2004 704 2149 745 mor-

559 802 687 859 tem,
736 808 925 864 magna
958 792 1119 847 fuerit
1162 792 1542 862 prmdicatione
1572 788 1818 843 laudatus
1849 804 1863 839 :
1906 784 2150 856 quamvis

560 896 832 954 postremo
872 884 1035 939 etiam
1092 883 1356 937 dictorum
1419 882 1536 950 ejus
1589 878 1926 935 evidentibus
1981 877 2149 931 docu-

562 976 755 1030 mentis
786 975 1071 1030 manifeste
1107 974 1381 1037 claruerit,
1426 974 1566 1043 quod
1599 972 1929 1026 calumniose
1959 969 2151 1024 adver-

563 1067 827 1121 sariorum
892 1065 1355 1121 criminationibus
1408 1064 1715 1134 impetatur.
1773 1062 1973 1117 Tamen
2022 1076 2154 1131 quo-

566 1162 707 1213 niam
740 1160 976 1230 religiosi
1004 1160 1220 1215 lectoris
1250 1159 1477 1213 intentio
1507 1174 1612 1212 non
1645 1169 1750 1211 tam
1784 1155 2153 1225 purgationem

565 1252 859 1321 Theodori,
884 1252 937 1306 in
968 1267 1072 1320 quo
1102 1260 1272 1305 status
1295 1250 1546 1304 Ecclesiae
1571 1263 1674 1303 non
1703 1247 1964 1311 consistit,
1993 1258 2154 1315 quam

568 1344 867 1398 absolutam
919 1343 1286 1398 defensionem
1334 1341 1526 1413 synodi
1572 1338 2028 1395 Chalcedonensis
2056 1353 2154 1392 ex-

570 1442 777 1503 spectat
808 1452 818 1485 :
854 1434 1141 1488 ostendere
1171 1433 1448 1497 debemus,
1478 1431 1746 1501 quomodo
1773 1430 1854 1495 vel
1892 1429 1935 1484 si
1972 1429 2158 1497 culpa-

572 1525 697 1580 bilia
726 1527 965 1595 quaedam
1013 1527 1064 1581 in
1114 1526 1263 1581 libris
1312 1526 1583 1581 Theodori
1610 1523 1936 1593 judicentur,
1970 1536 2157 1591 repre-

572 1618 852 1673 hendenda
893 1618 1129 1690 synodus
1172 1633 1279 1672 non
1321 1618 1410 1681 sit,
1442 1616 1585 1687 quod
1624 1631 1747 1671 eum
1792 1630 1898 1669 non
1940 1613 2158 1668 damna.

571 1713 725 1777 verit,
754 1726 874 1766 cum
903 1727 968 1766 ex
989 1712 1212 1781 epistola
1242 1711 1347 1765 lhze
1369 1711 1534 1780 relegi
1560 1710 1745 1764 laudes
1764 1709 1879 1779 ejus
1904 1706 2116 1761 audiret
2142 1724 2154 1759 :

2251 500 2430 569 puisse
2452 498 2721 565 Nestorio,
2750 497 2875 567 quia
2900 495 3246 551 Theodorum
3273 503 3540 551 mortuum
3569 508 3686 548 non
3722 506 3880 547 con-

2248 594 2543 661 demnavit,
2574 608 2731 663 quem
2775 592 3108 662 interrogare
3134 590 3222 646 vel
3249 592 3523 661 corripere
3555 602 3694 646 ante
3750 603 3881 643 non

2249 685 2421 755 potuit
2472 702 2486 740 :
2536 684 2807 755 quomodo
2863 684 3058 753 prioris
3110 684 3369 753 temporis
3430 683 3674 739 Ecclesia
3754 696 3879 736 non

2250 774 2438 831 eadem
2459 790 2576 843 qua:
2599 773 2877 829 Nestorius
2905 773 3149 843 sapuisse
3171 773 3492 839 firmabitur,
3516 789 3641 842 quae
3669 771 3881 838 illum,

2252 868 2423 923 donec
2444 868 2667 933 viveret,
2696 868 2835 922 inter
2856 866 3190 922 clarissimos
3213 867 3494 936 episcopos
3521 864 3881 921 honoravit!

2252 959 2387 1013 Cum
2421 974 2553 1014 vero
2582 959 2778 1014 dicitur
2817 958 3060 1015 Ecclesia
3087 959 3289 1014 Christi
3340 959 3527 1014 eadem
3579 974 3713 1027 quae
3767 958 3885 1011 Ne-

2254 1052 2457 1107 storius
2487 1053 2664 1121 priore
2696 1058 2942 1121 tempore
2971 1052 3234 1123 sapuisse,
3266 1052 3447 1121 procul
3480 1052 3653 1105 duhio
3686 1065 3878 1105 excu-

2256 1154 2407 1199 satur
2433 1145 2746 1201 Nestoriana
2777 1147 3023 1213 lueresis,
3051 1147 3095 1201 si
3127 1156 3304 1201 tamen
3344 1146 3453 1215 jam
3497 1147 3721 1201 dicatur
3760 1146 3881 1201 h3-

2259 1239 2415 1306 resis,
2461 1238 2674 1307 quando
2711 1239 2952 1308 quisquis
3004 1238 3159 1293 aliter
3207 1238 3364 1308 sapit,
3399 1239 3513 1307 ipse
3544 1238 3737 1307 potius
3773 1239 3879 1289 ad-

2259 1345 2446 1384 versus
2475 1333 2749 1401 antiquam
2788 1332 3089 1387 doctrinam
3120 1334 3241 1387 novi
3284 1333 3549 1402 dogmatis
3581 1332 3880 1387 invenitur

2260 1432 2517 1478 assertor.
2562 1424 2674 1479 lloc
2718 1435 2801 1480 est
2850 1433 3042 1491 totum,
3089 1427 3230 1496 quod
3288 1424 3607 1495 Eutychiani
3664 1440 3878 1494 magno

2263 1523 2480 1585 sumptu
2510 1531 2604 1586 per
2630 1531 2755 1571 suos
2785 1524 3072 1587 potuerunt
3096 1516 3358 1572 satellites
3387 1518 3659 1571 obtinere.
3695 1516 3816 1572 Sed
3845 1532 3881 1571 ο

2263 1605 2700 1665 Nestorianorum
2730 1610 3031 1665 miseranda
3066 1609 3315 1672 felicitas,
3347 1609 3539 1679 quibus
3572 1610 3877 1680 Eutychia-

2266 1715 2456 1754 norum
2487 1702 2767 1772 stipendiis
2805 1702 3097 1757 militatur!
3151 1700 3316 1755 Porro
3361 1716 3485 1755 cum
3536 1702 3876 1773 Eutychiani

572 1814 629 1857 ut
656 1814 979 1873 cognoscant
1010 1805 1325 1875 Eotychiani
1356 1820 1514 1873 quam
1546 1803 1775 1857 inaniter
1801 1801 1918 1856 dies
1944 1809 2158 1854 noctes-
2188 1794 2236 1854 B
2268 1790 2558 1845 EOCleSiam
2624 1792 2943 1846 CalhOIicam
3017 1801 3142 1846 anle
3197 1789 3645 1847 Chalcedonense
3706 1801 3874 1859 ειηιιο

572 1911 676 1964 que
706 1897 757 1950 in
789 1896 1033 1965 malignis
1060 1897 1297 1953 consiliis
1327 1897 1543 1961 ducant,
1575 1905 1629 1951 et
1659 1895 1819 1950 tantis
1859 1892 2159 1962 sumptibus

574 2000 709 2049 quos
740 1987 792 2041 in
846 2005 970 2044 suos
1011 1991 1301 2059 complices
1349 2000 1509 2061 atque
1555 1989 1793 2045 fautores
1822 1986 2157 2057 expendunt,

574 2075 704 2129 nihil
736 2077 990 2133 efficiant.
1025 2080 1093 2133 Et
1134 2094 1232 2133 nos
1258 2095 1388 2150 ergo
1414 2095 1696 2148 ponamus,
1727 2088 1786 2133 ut
1824 2078 2024 2133 dictum
2054 2083 2159 2143 est,

574 2170 714 2235 quod
746 2170 797 2223 in
830 2171 978 2225 libris
1014 2172 1373 2239 Mopsuesteni
1405 2170 1672 2225 Theodori
1704 2169 1948 2239 quaedam
1980 2179 2163 2235 repre-

576 2260 860 2317 hensibilia
890 2263 1191 2319 videantur.
1226 2263 1494 2331 imprimis
1539 2244 1680 2317 unde
1712 2261 1924 2332 probari
1965 2269 2161 2329 potest,

579 2350 722 2417 quod
748 2351 851 2405 hoc
872 2352 1110 2422 synodus
1136 2352 1591 2408 Chalcedonensis
1613 2352 1956 2422 cognoverit?
1986 2351 2166 2405 Potuit

576 2439 719 2493 enim
754 2441 868 2495 fleri
913 2450 970 2495 ut
998 2456 1116 2497 eam
1160 2443 1370 2507 lateret,
1405 2444 1541 2497 sicut
1570 2452 1622 2497 et
1654 2443 1798 2512 ipsos
1828 2451 2165 2497 accusatores

579 2529 709 2598 lbae,
749 2535 995 2602 quamvis
1025 2534 1387 2589 calumniosos
1418 2544 1471 2589 et
1500 2536 1799 2603 pertinaces
1826 2542 1987 2605 atque
2012 2549 2167 2590 excr-

576 2622 753 2677 citatte
802 2625 1040 2691 malitiae,
1071 2626 1241 2681 latuit.
1275 2627 1407 2681 Nam
1453 2643 1575 2683 cum
1604 2642 1976 2697 saepenumero
2014 2643 2167 2683 emu-

578 2713 700 2769 dem
732 2716 877 2770 ibam
926 2728 1049 2773 ante
1090 2719 1528 2777 Chalcedonense
1557 2720 1843 2777 concilium
1876 2722 1929 2775 in
1954 2720 2167 2788 judiciis

578 2808 972 2879 episcopalibus
998 2822 1333 2880 accusarent,
1366 2814 1497 2869 nihil
1537 2815 1583 2868 ei
1612 2815 1678 2868 de
1712 2812 2166 2869 laude'Tlteodori

576 2897 814 2967 objicere
853 2909 1216 2959 tentaverunt.
1250 2903 1320 2959 At
1364 2904 1507 2959 enim
1554 2903 1695 2959 aliud
1726 2913 1809 2958 cst
1850 2903 1895 2957 si
1941 2917 2166 2958 accusa-

578 2999 775 3057 torum,
808 2993 952 3048 aliud
984 2997 1026 3049 si
1060 2996 1275 3051 concilii
1320 2998 1566 3052 notitiam
1598 2997 1796 3067 fugisse
1824 2996 2057 3052 dicatur.
2089 2994 2168 3050 Sit

577 3081 740 3151 aliud,
776 3085 1135 3141 concedamus
1180 3107 1191 3141 :
1233 3089 1329 3143 sed
1378 3105 1501 3143 num
1546 3089 1665 3144 ideo
1708 3103 1930 3143 necesse
1978 3096 2060 3142 est
2109 3095 2169 3141 ttt

2269 1882 2596 1952 Ephesinum
2633 1884 2922 1939 concilium
2959 1883 3027 1939 de
3066 1884 3296 1939 Nestorii
3326 1884 3577 1953 dogmate
3608 1899 3875 1939 accusare

2269 1993 2377 2031 non
2414 1978 2643 2045 possint,
2697 1976 2751 2031 in
2801 1976 2954 2045 cujus
2996 1975 3374 2031 communione
3402 1976 3727 2033 Theodorus
3760 1978 3871 2045 epi-

2268 2066 2464 2143 scbpus
2489 2082 2573 2129 est
2601 2072 2917 2137 defunctus;
2945 2088 3044 2127 nec
3073 2081 3314 2127 sanctam
3344 2073 3611 2142 synodum
3640 2073 3872 2128 Chalce-

2269 2164 2561 2220 donensem
2604 2167 2705 2220 nisi
2736 2165 3103 2234 imprudenter
3150 2175 3405 2235 poterunt
3433 2181 3723 2227 accusare,
3750 2184 3869 2232 qua:

2268 2264 2452 2308 contra
2485 2255 2651 2323 ipsius
2692 2254 2947 2310 Ecclesiae
2984 2254 3241 2324 judicium
3304 2255 3485 2309 venire
3518 2271 3627 2310 non
3658 2257 3866 2320 debuit,

2270 2346 2481 2399 etiamsi
2512 2354 2853 2400 accusatores
2902 2343 3007 2400 Ihm
3054 2346 3294 2416 episcopi
3337 2346 3543 2416 aliquas
3596 2349 3665 2401 de
3714 2348 3867 2405 laude

2271 2436 2539 2492 Theodori
2571 2439 2901 2507 quaestiones
2944 2448 3243 2493 moverent.
3276 2438 3458 2509 Itaque
3490 2442 3533 2494 si
3582 2451 3867 2509 prepterea

2271 2530 2459 2586 dicunt
2487 2531 2684 2601 prioris
2715 2532 2973 2600 temporis
3012 2530 3306 2586 Ecclesiam
3343 2544 3447 2586 non
3479 2546 3604 2587 esse
3648 2534 3868 2601 culpan-

2270 2621 2421 2688 dam,
2451 2635 2573 2691 qua!
2604 2635 2705 2677 nec
2732 2620 3097 2685 Theodorum,
3128 2635 3227 2675 nec
3253 2636 3317 2675 ea
3343 2635 3461 2688 quae
3493 2622 3545 2676 in
3578 2622 3732 2676 libris
3755 2623 3868 2691 ejus

2270 2713 2713 2782 reprehendenda
2762 2722 2888 2768 sunt
2930 2712 3129 2781 scripta
3174 2713 3465 2773 damnavit.
3499 2714 3758 2781 quoniam
3806 2728 3865 2767 ea

2273 2807 2529 2874 nescivit;
2585 2807 2809 2863 credant
2856 2807 2973 2862 haec
3031 2807 3189 2861 etiam
3246 2805 3508 2878 synodum
3564 2805 3867 2862 Chalcedo-

2272 2916 2491 2955 nensem
2521 2901 2760 2970 potuisse
2787 2901 3021 2955 nescire.
3048 2899 3103 2954 Si
3128 2913 3258 2953 vero
3279 2899 3481 2962 dicant,
3505 2899 3650 2967 quod
3678 2899 3865 2953 eadem

2272 2994 2469 3063 scripta
2502 2992 2694 3065 quibus
2735 3007 2876 3047 nunc
2906 2992 3052 3047 abuti
3092 2992 3435 3048 Nestorianos
3480 2992 3751 3057 fecerunt,
3788 2994 3866 3047 di-

2272 3102 2429 3140 verso
2451 3095 2505 3140 et
2528 3087 2735 3141 meliori
2760 3086 3035 3140 intellectu
3059 3084 3357 3153 accipiebat
3380 3084 3621 3140 Ecclesia
3642 3087 3697 3139 in
3714 3088 3867 3156 cujus

578 3175 862 3229 concilium
909 3192 1013 3231 non
1055 3179 1274 3233 latuisse
1321 3179 1602 3234 ﬁrmetur?
1645 3177 1911 3247 Quidquid
1962 3176 2162 3242 dicant,
2193 3185 2241 3249 ε
2272 3179 2653 3233 communione
2686 3177 2966 3233 defunctus
2990 3186 3093 3245 est,
3127 3176 3621 3232 Chalcedonensem
3654 3193 3867 3249 quoque

579 3279 909 3336 utmrcunque
958 3268 1117 3324 verba
1163 3270 1538 3337 multiplicent,
1587 3272 1747 3325 etiam
1795 3268 1924 3323 illud
1973 3266 2161 3336 procul

577 3353 742 3410 dubio
766 3359 1110 3425 concedetur,
1137 3361 1387 3429 quoniam
1421 3361 1564 3416 aliud
1592 3371 1673 3415 est
1710 3362 1991 3430 suspicari,
2024 3358 2165 3415 aliud

581 3453 727 3498 certa
766 3447 974 3503 ratione
1002 3459 1304 3507 monstrare
1340 3453 1481 3521 quod
1522 3451 1623 3507 hoc
1654 3453 1914 3523 synodum
1946 3467 2050 3507 non
2083 3454 2165 3506 la-

583 3536 764 3591 tuerit.
796 3537 933 3592 Nam
964 3548 1093 3610 puto
1137 3543 1277 3611 quod
1329 3543 1414 3597 isti
1446 3558 1541 3612 pro
1582 3543 1889 3611 suspicione
1929 3558 2023 3597 sua
2069 3556 2168 3597 nec

584 3630 733 3701 ipsos
763 3633 867 3689 Ibte
910 3644 1252 3691 accusatores
1292 3637 1535 3693 dicerent
1566 3636 1734 3692 latere
1774 3636 2032 3707 potuisse,
2065 3636 2169 3690 nisi

584 3736 763 3778 rerum
795 3726 947 3780 exitu
980 3727 1340 3783 vincerentur.
1370 3728 1485 3784 Non
1514 3744 1663 3799 ergo,
1694 3729 1779 3784 vel
1811 3729 1855 3783 si
1881 3728 2169 3797 judicanda

584 3812 775 3871 fuisset
804 3818 895 3873 illa
924 3820 1182 3890 synodus,
1218 3836 1283 3876 ex
1314 3823 1639 3890 suspicione,
1670 3824 1965 3890 praesertim
1995 3821 2172 3876 inimi-

584 3923 795 3981 corum,
835 3913 927 3967 sed
960 3930 1023 3968 cx
1053 3914 1216 3969 certis
1260 3923 1443 3986 posset
1472 3915 1879 3985 probationibus
1919 3914 2169 3985 jndicari.

588 4001 722 4055 Nam
772 4004 816 4057 si
862 4005 1195 4073 suSpiciones
1231 4006 1557 4076 judiciorum
1604 4008 1921 4062 sententiam
1971 4007 2169 4073 dicent,

588 4093 720 4147 nihil
748 4096 967 4151 omnino
992 4106 1075 4151 cst
1100 4098 1241 4168 quod
1279 4115 1385 4154 non
1414 4100 1569 4153 aliter
1599 4110 1755 4168 atquc
1786 4099 1943 4154 aliter
1969 4100 2173 4168 judice-

586 4195 692 4241 tur.
736 4174 1037 4245 Admodum
1072 4206 1201 4245 vero
1246 4192 1384 4247 bene
1426 4193 1697 4261 provisum
1742 4202 1826 4247 est
1871 4199 1929 4245 ut
1965 4192 2176 4261 judices

582 4296 692 4335 non
740 4282 1093 4350 conjectores,
1139 4284 1233 4339 sed
1274 4285 1581 4357 cognitores
1629 4286 1806 4352 potius
1836 4299 2171 4341 vocaremus.

584 4373 655 4427 At
700 4374 787 4428 isti
833 4377 1019 4429 volunt
1057 4376 1290 4445 judicari
1330 4386 1530 4431 tantam
1563 4378 1825 4448 synodum
1874 4393 1971 4447 per
2000 4384 2179 4433 tantos

588 4477 759 4519 annos
786 4474 931 4521 tanta
961 4468 1282 4523 universalis
1313 4469 1567 4525 Ecclesiae
1598 4485 1730 4539 pace
1758 4471 1773 4500 ⁸
1808 4468 2093 4538 firmatam,
2125 4478 2180 4524 et

2272 3271 2535 3340 synodum
2564 3270 2787 3325 credant
2810 3268 2953 3339 quod
2977 3284 3042 3325 ea
3070 3268 3317 3325 similiter
3344 3270 3567 3326 meliore
3595 3271 3867 3336 acceperit

2274 3359 2571 3415 intellectu.
2606 3360 2672 3414 Et
2703 3361 2817 3415 hare
2848 3361 3061 3432 quidem
3095 3376 3303 3431 magnae
3334 3361 3524 3433 synodi
3556 3362 3865 3433 purgationi

2274 3453 2587 3519 sufficiant,
2639 3453 2832 3522 quibus
2887 3454 2939 3508 in
2989 3468 3148 3507 causa
3200 3452 3467 3509 Theodori
3519 3468 3627 3509 non
3693 3455 3868 3511 minus

2275 3561 2432 3615 quam
2462 3546 2701 3601 anterior
2733 3545 2973 3601 Ecclesia
3018 3546 3236 3600 defendi
3283 3555 3480 3616 potest,
3514 3563 3637 3617 qua:
3668 3564 3869 3619 nequa.

2275 3653 2433 3707 quam
2483 3636 2550 3691 ab
2581 3637 2933 3709 Eutychianis
2972 3638 3040 3692 de
3085 3637 3407 3693 Nestoriano
3434 3638 3688 3709 dogmate
3716 3655 3870 3695 acclc

2277 3731 2383 3784 sari
2414 3738 2539 3784 ante
2581 3728 2887 3784 Nestorium
2936 3736 3130 3798 potest.
3174 3730 3282 3786 Sed
3313 3732 3436 3800 quia
3483 3734 3725 3787 contenti
3768 3748 3869 3788 non

2278 3838 2463 3877 sumus
2524 3832 2868 3893 prosternere
2917 3830 3125 3877 tantum
3188 3823 3561 3878 stultissimam
3630 3825 3871 3894 ipsorum

2280 3915 2735 3988 Eutychianorum
2765 3916 3101 3984 superbiam,
3130 3931 3252 3986 quae
3280 3931 3423 3986 serpe
3453 3917 3662 3985 deiecta
3686 3929 3872 3975 contra

2280 4016 2548 4062 tantorum
2581 4006 2920 4063 sacerdotum
2963 4004 3163 4061 Christi
3202 4006 3524 4062 sententiam
3555 4007 3736 4062 adhuc
3771 4010 3874 4063 cria

2280 4101 2442 4169 gitur,
2468 4116 2655 4156 verum
2681 4101 2842 4155 etiam
2865 4100 3187 4155 conculcare
3214 4110 3377 4169 atque
3398 4110 3717 4165 conterere;
3749 4101 3874 4171 quid

2280 4192 2433 4247 vobis
2455 4192 2683 4261 amplius
2716 4200 2842 4261 post
2864 4191 3002 4246 hanc
3025 4190 3240 4259 plenam
3263 4190 3635 4246 defensionem
3663 4191 3875 4246 abunde

2281 4294 2336 4341 ct
2376 4285 2441 4339 ad
2489 4285 2763 4339 cumulum
2808 4282 3186 4353 proferamus?
3213 4281 3343 4337 Nam
3382 4282 3701 4338 credibilius
3733 4282 3875 4338 affir-

2282 4383 2457 4430 matur
2506 4373 2649 4444 quod
2699 4373 2943 4427 doctrina
2998 4369 3296 4439 Theodori,
3329 4384 3450 4425 cum
3502 4370 3795 4426 haberetur
3828 4372 3874 4426 in

2283 4467 2503 4533 scripto,
2529 4466 2699 4520 latere
2725 4465 2899 4533 potuit
2920 4461 3361 4518 Chalcedonense
3381 4461 3695 4529 concilium,
3719 4478 3875 4532 quam

590 4555 724 4608 nihil
756 4558 896 4624 quod
945 4572 1353 4627 cognoscamus,
1406 4560 1499 4617 sed
1547 4561 1649 4616 hoc
1699 4562 1871 4617 solum
1922 4560 2172 4628 afferunt,
2202 4582 2259 4643 D
2284 4558 2542 4627 temporis
2567 4556 2762 4625 prioris
2795 4554 3120 4619 Ecclesiam,
3153 4553 3205 4608 in
3231 4568 3359 4623 qua,
3389 4554 3527 4608 sicut
3552 4553 3874 4620 ostenditur,

586 4644 724 4713 quod
758 4660 855 4713 pro
884 4662 984 4701 suo
1030 4663 1127 4703 nos
1166 4650 1331 4705 velint
1375 4652 1597 4708 arbitrio
1644 4653 1923 4723 suspicari.
1958 4654 2097 4724 Ergo
2126 4655 2173 4709 si

586 4735 809 4804 cupiunt
853 4747 912 4792 ut
947 4754 1067 4795 cum
1100 4741 1203 4796 illis
1235 4743 1373 4799 hanc
1415 4745 1677 4815 synodum
1706 4761 1807 4815 ego
1836 4760 2047 4815 quoque
2090 4761 2175 4801 re-

585 4828 933 4898 prehendam,
956 4833 1062 4888 tale
1078 4835 1275 4904 aliquid
1290 4836 1354 4890 ad
1380 4852 1498 4892 eam
1522 4838 1901 4893 destruendam
1922 4840 2171 4895 idoneum

582 4924 863 4991 requirant
904 4940 966 4980 ac
998 4929 1289 4996 proferant,
1344 4932 1483 5001 quod
1516 4942 1622 4986 tam
1671 4944 1876 4988 certum
1919 4933 2049 4987 mihi
2079 4930 2170 4997 sit,

582 5027 740 5081 quam
765 5026 971 5071 certum
999 5018 1128 5073 mihi
1154 5029 1236 5076 est
1260 5037 1381 5078 esse
1402 5038 1509 5078 me.
1527 5022 1818 5077 Videamus
1846 5032 2022 5078 tamen
2044 5024 2171 5094 quid

584 5105 723 5159 hanc
772 5121 958 5163 eorum
1011 5114 1369 5180 suspicionem
1402 5122 1685 5182 sequatur;
1720 5124 1774 5168 et
1823 5115 1865 5168 si
1919 5115 2001 5169 vel
2046 5114 2175 5183 ipsis

584 5194 933 5266 Eutychianis
980 5203 1254 5268 convenit,
1300 5211 1525 5272 arguant
1572 5203 1710 5272 quod
1748 5218 1851 5258 non
1896 5219 2018 5259 cum
2068 5204 2174 5260 illis

586 5290 783 5353 pariter
812 5290 1171 5361 suspicemur.
1202 5294 1258 5349 Si
1287 5295 1430 5348 enim
1458 5294 1708 5349 credatur
1735 5297 1876 5365 quod
1906 5297 2172 5367 synodum

582 5378 1083 5440 Chalcedonensem
1124 5386 1293 5441 latere
1343 5400 1447 5440 non
1495 5394 1781 5455 potuerunt
1821 5388 2064 5456 quaedam
2107 5401 2173 5443 ex

584 5471 802 5527 nomine
832 5474 1104 5532 Theodori
1134 5478 1365 5547 scripta,
1394 5494 1513 5549 qua:
1542 5479 1855 5534 Ncstoriaua
1885 5479 2134 5536 dicuntur
2154 5522 2171 5549 ,

581 5564 854 5630 quomodo
882 5568 1133 5623 credatur
1166 5570 1460 5626 Ecclesiam
1504 5571 1745 5639 latuisse,
1780 5574 1830 5626 in
1860 5572 2014 5641 cujus
2042 5588 2172 5643 pace

581 5660 739 5725 atque
769 5656 976 5714 honore
1003 5659 1286 5716 defunctus
1317 5661 1457 5718 idem
1488 5662 1837 5718 Theodorus?
1867 5663 1934 5717 Et
1960 5663 2004 5717 si
2039 5677 2168 5733 pro-

651 5788 669 5823 ⁸
698 5788 835 5849 00d.
872 5791 1094 5850 Veron"
1125 5795 1471 5867 auctoritate.)

2284 4663 2499 4718 semper
2523 4650 2685 4703 etiam
2709 4663 2840 4703 voce
2866 4647 3081 4717 propria
3110 4643 3437 4714 disputabat.
3468 4644 3666 4701 Beatus
3686 4646 3875 4715 quippe

2284 4741 2522 4795 Joannes
2554 4739 2921 4796 Antiochenus
2950 4748 3005 4794 et
3045 4737 3310 4793 orientale
3337 4737 3627 4792 concilium
3671 4738 3870 4808 dicunt,

2283 4832 2427 4902 quod
2478 4833 2529 4885 in
2576 4832 3002 4900 expositionibus
3046 4845 3179 4901 quas
3228 4830 3281 4884 in
3330 4828 3585 4891 omnibus
3633 4831 3873 4885 ecclesiis

2284 4924 2638 4978 orientalibus
2663 4923 2913 4989 faciebat,
2940 4923 3210 4993 etquibus
3232 4922 3285 4977 in
3313 4922 3457 4993 regia
3485 4923 3705 4978 civitate
3726 4924 3873 4979 valde

2285 5029 2405 5069 esse
2436 5014 2818 5082 comprobatus
2847 5022 3090 5083 apparet,
3116 5014 3171 5068 in
3198 5022 3492 5082 conspectu
3511 5013 3872 5081 sacerdotum,

2283 5113 2339 5159 et
2367 5106 2773 5174 imperatorum,
2814 5113 2866 5159 ct
2912 5104 3229 5174 populorum
3277 5113 3457 5160 rectus
3494 5105 3747 5162 inventus
3775 5116 3870 5162 est.

2280 5200 2513 5255 Facilius
2554 5215 2766 5269 quoque
2801 5199 3013 5255 videtur
3056 5209 3112 5255 et
3158 5200 3477 5270 promptius,
3522 5213 3578 5254 ut
3621 5201 3873 5257 Ecclesiae

2280 5294 2620 5364 praecedente
2664 5293 2889 5363 judicio,
2938 5309 2968 5347 a
3018 5307 3121 5363 qua
3168 5294 3512 5349 doctissimus
3550 5308 3769 5363 semper
3796 5300 3873 5347 est

2280 5387 2513 5449 habitus,
2544 5388 2708 5443 etiam
2746 5387 2983 5457 synodus
3024 5384 3479 5441 Chalcedonensis
3509 5386 3579 5440 de
3620 5387 3713 5440 illo
3742 5386 3873 5440 bene

2281 5483 2526 5545 sentiret,
2557 5496 2715 5551 quam
2743 5490 2802 5535 ut
2833 5480 2946 5548 ipsa
2974 5480 3231 5549 temporis
3256 5479 3452 5549 prioris
3486 5478 3730 5532 Ecclesia
3762 5476 3871 5529 nul-

2280 5574 2383 5627 lios
2415 5573 2619 5641 judicio
2654 5571 3010 5639 praecedente,
3056 5581 3355 5640 spontaneo
3387 5578 3532 5625 motu
3572 5567 3692 5637 ejus
3734 5566 3868 5621 dicta

2280 5666 2470 5720 melius
2519 5664 2869 5734 interpretata
2908 5661 3228 5733 susciperet.
3260 5659 3343 5716 Ad
3388 5660 3634 5716 ultimum
3668 5668 3867 5715 temere
