4104 6360
320 252 425 312 769

1215 254 1348 311 PRO
1386 254 1815 313 DEFENSIONE
1858 254 2073 315 TRIUM
2112 257 2423 318 CAPITUL.
2464 260 2592 318 LIB.
2632 263 2700 319 X.

3474 280 3580 338 ΠΟ

312 364 479 424 nimis
507 372 562 422 et
592 365 790 435 impie,
835 370 1091 439 nulloque
1131 367 1198 421 ad
1226 367 1327 422 hoc
1371 369 1619 437 exemplo
1648 369 1898 435 ducente,
1927 374 1979 431 Α
2016 384 2154 438 mus,
2186 375 2325 442 quod
2358 390 2463 431 non
2508 386 2752 448 oporteat
2780 378 2915 439 duos
2945 383 3080 441 mios
3118 387 3320 446 dicere,
3346 390 3576 450 necesse

320 458 563 530 synodus
607 458 886 514 damnaret
934 458 986 512 in
1044 458 1300 514 Ecclesiae
1356 461 1731 514 communione
1780 461 1897 516 sine

308 551 532 621 querela
558 549 900 617 defunctum;
948 551 1239 620 prudenter
1286 560 1463 607 autem
1513 568 1577 607 ac
1622 554 1899 624 religiose,

309 645 603 714 multisque
623 646 1047 714 praecedentibus
1069 648 1353 717 exemplis,
1371 648 1610 703 Ecclesia
1634 651 1900 705 viventem

312 739 531 806 quando
557 745 611 792 et
655 739 926 808 corrigere
958 748 1159 806 posset,
1191 740 1236 793 si
1283 741 1645 795 necessarium
1692 742 1901 797 videre-

310 836 423 893 tur,
471 830 524 882 in
555 842 779 883 examen
826 829 1135 885 adduceret.
1183 828 1398 885 Certum
1446 840 1531 886 est
1570 832 1729 902 igitur
1756 833 1896 903 quod

306 930 555 979 amentes
587 923 905 993 Eutychiani
930 923 1011 978 vel
1035 922 1317 992 Acepbali,
1346 937 1465 978 cum
1498 924 1744 978 nesciunt
1772 924 1896 994 quid

313 1016 624 1084 laqnantur,
650 1015 937 1070 calumniis
963 1016 1155 1086 quibus
1176 1011 1438 1086 impetunt
1462 1016 1897 1073 Chalcedonense

307 1104 621 1169 concilium,
655 1103 813 1159 ﬁdem
844 1105 1013 1176 magis
1049 1106 1307 1161 Ecclesia:
1337 1122 1455 1174 qua:
1486 1106 1581 1161 fuit
1631 1116 1753 1162 ante
1776 1108 1896 1176 _Ne—

304 1199 535 1253 storium
560 1200 935 1264 criminentur,
955 1199 1008 1254 in
1040 1200 1194 1269 cujus
1216 1215 1274 1255 se
1306 1199 1632 1255 mentiuntur
1657 1216 1895 1256 commu-

303 1293 471 1347 nione
500 1296 784 1353 mansisse.
820 1292 971 1349 Unde
1012 1307 1109 1347 nos
1140 1308 1353 1363 quoque
1390 1308 1493 1347 non
1530 1294 1646 1348 sine
1690 1296 1893 1365 antiqui

303 1384 567 1454 temporis
618 1384 861 1440 Ecclesia
918 1386 1092 1453 ipsum
1120 1384 1557 1440 Chalcedonense
1609 1387 1893 1441 concilium

307 1488 501 1532 contra
533 1478 833 1532 calumnias
863 1492 1047 1533 eorum
1079 1478 1433 1533 defendimus.
1471 1479 1535 1533 Et
1566 1480 1706 1545 ideo,
1738 1481 1820 1534 vel
1849 1481 1895 1535 si

304 1571 633 1625 concedatur
687 1571 829 1640 quod
866 1571 1055 1626 eadem
1108 1571 1301 1641 prioris
1332 1572 1587 1642 temporis
1635 1573 1891 1641 Ecclesia,

300 1662 420 1717 sive
470 1672 657 1732 postea
702 1663 939 1733 synodus
993 1645 1480 1729 Chalcedonensis,
1531 1673 1895 1732 cognoverunt

2007 474 2121 518 erat
2147 480 2305 535 ergo,
2339 484 2442 522 non
2476 471 2647 525 solum
2681 474 2891 543 inepta,
2922 476 3017 531 sed
3045 480 3205 533 etiam
3249 483 3451 537 inﬁrma
3487 486 3574 539 illa

2004 560 2202 628 scripta
2232 560 2570 617 audientibus
2599 579 2894 633 apparere:
2925 572 3174 638 quoniam
3220 590 3390 642 neque
3420 578 3570 632 ﬁrma

2007 651 2231 714 ratione,
2250 666 2421 721 neque
2437 656 2773 711 convenienti
2796 657 2895 713 hoc
2920 663 3173 728 possibile
3201 670 3571 735 eratostendi;

2002 752 2057 799 et
2082 744 2150 798 ab
2179 744 2285 799 illis
2316 745 2514 800 idcirco
2541 747 2767 803 inﬁrmis
2794 749 2818 782 ³
2838 761 2952 806 erat
2973 755 3353 823 conscriptum,
3383 771 3570 826 quate-

2007 849 2107 887 nus
2130 834 2219 889 ille
2240 836 2328 903 qui
2347 837 2641 905 scripserat
2663 838 2868 894 facilius
2888 840 3011 896 inde
3031 846 3269 900 convinci
3290 851 3568 916 potuisset.

2003 924 2150 981 Unus
2169 940 2302 996 ergo
2326 941 2390 980 ex
2413 929 2611 981 nostris
2640 940 2858 998 propter
2879 933 3098 988 multam
3129 936 3435 993 facilitatem
3462 940 3574 996 haec

1999 1025 2184 1071 nostra
2232 1030 2355 1072 esse
2401 1018 2629 1073 credidit
2666 1020 2886 1089 scripta,
2913 1032 2967 1078 et
3008 1024 3165 1093 hujus
3192 1026 3268 1082 rei
3296 1031 3461 1096 gratia
3494 1032 3571 1088 di-

1998 1122 2133 1178 gnus
2162 1107 2266 1161 ﬁde
2292 1108 2359 1162 ab
2397 1108 2500 1163 illis
2531 1109 2766 1165 creditus
2795 1114 2989 1181 estqui
3031 1116 3129 1168 ista
3173 1118 3488 1187 perlegeret,
3520 1132 3573 1176 et

1996 1197 2327 1252 renuntiavit
2356 1198 2512 1253 nobis
2541 1214 2601 1255 ea
2635 1216 2755 1269 quae
2788 1200 2996 1257 fuerant
3025 1205 3242 1273 scripta.
3280 1208 3412 1262 Cum
3442 1226 3570 1281 ergo

1998 1290 2357 1360 audissemus,
2392 1293 2721 1362 culpavimus
2748 1295 2963 1364 quidem
2994 1296 3164 1362 illutn,
3201 1300 3339 1368 quod
3387 1311 3572 1358 contra

1997 1382 2274 1437 nos-dictis
2302 1383 2638 1437 sermonibus
2664 1374 2978 1440 credidisset
3002 1388 3069 1442 de
3098 1389 3179 1444 his
3211 1390 3391 1456 rebus,
3438 1407 3570 1461 quas

1996 1474 2191 1543 saepius
2222 1485 2274 1528 et
2306 1477 2356 1529 in
2407 1475 2637 1530 ecclesia
2669 1486 2724 1531 et
2753 1482 2999 1546 privatim
3032 1480 3269 1536 dicentes
3297 1498 3394 1537 nos
3424 1486 3573 1540 audi-

1996 1566 2089 1631 vit,
2118 1581 2236 1621 cum
2284 1566 2579 1621 ﬁdeliorem
2604 1568 2821 1637 scriptis
2854 1579 3091 1625 nostram
3122 1587 3306 1626 vocetn
3331 1574 3573 1642 judicare

1996 1656 2259 1722 debuerit,
2287 1656 2353 1710 ad
2376 1658 2753 1712 documentum
2786 1668 2984 1713 nostra:
3010 1662 3310 1729 sententiae,
3337 1678 3492 1733 quam
3518 1664 3569 1719 in

299 1768 426 1823 quas
477 1754 529 1809 in
581 1754 732 1809 libris
779 1754 1046 1808 Theodori
1095 1755 1535 1823 reprehensihilia
1563 1755 1888 1825 judicantur,

1996 1747 2333 1816 dogmatibus
2362 1760 2543 1803 votum
2574 1758 2810 1805 nostrum
2843 1758 2925 1805 est
2970 1766 3310 1808 conservare.
3352 1774 3369 1806 ι
3405 1758 3570 1812 Acce-

298 1860 405 1899 nec
448 1845 685 1900 melius‘
733 1846 1081 1913 interpretari
1126 1855 1416 1915 potuerunt
1460 1862 1595 1901 :cur
1623 1848 1782 1902 etiam
1812 1847 1889 1901 sic

298 1947 595 2007 arguantur
642 1937 781 2006 quod
822 1936 1169 1992 Theodorum
1219 1952 1326 1991 non
1374 1938 1886 2005 eondemnaverunt,

297 2041 423 2081 cum
456 2028 727 2096 potuerint
758 2026 984 2105 credere
1014 2028 1157 2097 quod
1195 2026 1309 2082 hmo
1338 2027 1405 2082 ab
1438 2028 1705 2083 htereticis
1734 2028 1785 2081 in
1827 2028 1891 2082 li-

300 2118 431 2173 bros
481 2117 600 2187 ejus
646 2119 846 2173 fuerint
896 2119 1161 2186 immissa,
1212 2119 1664 2189 quemadmodum
1715 2119 1891 2174 Theo-

297 2207 467 2263 dorus
496 2209 611 2277 ipse
642 2216 970 2278 conquestus
1014 2210 1130 2264 est?
1176 2210 1267 2264 Sic
1312 2210 1456 2264 enim
1485 2210 1614 2264 dicit
1644 2210 1695 2263 in
1738 2211 1888 2279 prin-

297 2301 440 2370 cipio
482 2301 760 2371 cujusdam
811 2302 896 2356 sui
937 2302 1115 2371 aperis
1168 2300 1255 2356 cui
1301 2302 1515 2356 titulum
1574 2302 1722 2357 dedit
1762 2317 1775 2357 :
1812 2302 1889 2357 De

299 2391 616 2460 Apolinario
645 2399 700 2447 et
743 2391 860 2462 ejus
887 2391 1081 2447 haeresi
1116 2410 1128 2443 :
1169 2411 1187 2444 ι
1220 2395 1357 2447 Ante
1386 2392 1456 2445 50
1486 2393 1628 2447 enim
1648 2392 1759 2460 jam
1790 2392 1890 2447 hos

301 2497 472 2540 annos
488 2485 554 2541 de
580 2485 947 2541 incarnatione
969 2485 1178 2539 Domini
1208 2484 1447 2539 codicem
1473 2484 1889 2554 conscripsimus

300 2590 470 2645 usque
506 2577 571 2631 ad
606 2578 672 2632 l5
717 2576 881 2632 millia
924 2591 1174 2631 versuum
1214 2560 1605 2647 pertingcntem
1640 2593 1651 2627 :
1684 2576 1738 2630 in
1782 2590 1889 2644 quo

299 2648 413 2723 Arii
430 2676 482 2723 et
502 2666 747 2721 Eunomii
762 2666 830 2722 de
852 2666 951 2722 hac
972 2682 1030 2723 re
1052 2666 1269 2735 delicta,
1288 2682 1387 2722 nec
1406 2683 1509 2721 non
1528 2668 1686 2723 etiam
1707 2667 1889 2735 Apoli-

232 2745 241 2751 ’
299 2758 433 2813 narii
482 2773 673 2813 vanam
720 2758 1212 2829 praesumptionem,
1272 2774 1367 2828 per
1394 2767 1558 2813 totum
1594 2758 1722 2811 illud
1754 2771 1888 2827 opus

300 2849 721 2905 examinavimus
751 2867 765 2903 :
795 2858 855 2904 ut
881 2849 1034 2913 nihil,
1071 2851 1212 2904 sicut
1245 2864 1362 2904 mea
1388 2849 1487 2903 fert
1517 2848 1720 2919 Opinio,
1752 2863 1889 2917 pra:-

300 2941 516 2997 terirem
540 2956 607 2997 ex
640 2942 724 2995 his
754 2957 872 3012 qua:
904 2950 958 2997 et
977 2941 1045 2996 ad
1073 2941 1377 2995 ﬁrmitatem
1398 2941 1773 2995 ecclesiastica:
1800 2956 1889 2995 or-

302 3032 580 3089 thodoxiae
593 3034 947 3107 pertinerent,
962 3042 1015 3088 et
1040 3034 1105 3088 ad
1131 3033 1549 3089 convincendam
1572 3048 1755 3087 eorum
1788 3033 1887 3087 im-

1996 1840 2143 1909 pisti,
2176 1840 2593 1895 clementissime
2618 1842 2928 1911 imperator,
2952 1858 3057 1911 quo
3080 1843 3246 1899 livore
3272 1860 3503 1914 semper,
3518 1858 3570 1903 et

1994 1945 2097 1997 qua
2127 1929 2337 1985 fallacia
2386 1932 2718 1987 institutores
2756 1932 3208 2003 Eutychianorum
3242 1934 3570 2006 Synusiastze

1996 2018 2227 2074 insidiati
2260 2020 2460 2075 fuerint
2487 2021 2642 2076 dictis
2672 2023 2962 2091 Theodori,
2997 2033 3052 2079 et
3072 2041 3178 2095 quo
3206 2027 3367 2081 modo
3398 2037 3569 2083 tenta-

1994 2112 2166 2165 verint
2195 2112 2587 2167 levissimorum
2614 2114 2995 2168 catholicorum
3029 2125 3238 2171 mentes
3263 2132 3293 2171 a
3326 2120 3567 2173 doctrina

1992 2205 2107 2273 ejus
2133 2214 2414 2260 avertere:
2447 2215 2642 2261 utnon
2691 2206 2865 2261 solum
2898 2224 3059 2277 prave
3086 2210 3570 2279 interpretarentur

1991 2310 2075 2362 ea,
2108 2311 2224 2364 qua:
2257 2296 2345 2350 ille
2379 2309 2527 2352 recto
2554 2312 2715 2353 sensu
2742 2300 2971 2354 docebat
2992 2302 3185 2356 obvius
3225 2317 3409 2358 eorum
3431 2305 3568 2359 stul-

1992 2386 2145 2453 titiae,
2177 2376 2365 2442 verum
2413 2390 2573 2443 etiam
2622 2389 2784 2444 libros
2816 2392 2932 2460 ejus
2976 2393 3291 2461 interposita
3334 2394 3563 2453 falsitate

1990 2488 2417 2548 corrumperent.
2461 2479 2529 2534 At
2564 2479 2653 2535 ille
2682 2480 2805 2535 hinc
2834 2482 2918 2535 vel
2956 2496 3139 2535 eorum
3172 2483 3451 2550 malitiam,
3484 2487 3568 2540 vel

1997 2570 2307 2625 facilitatem
2355 2570 2741 2626 catholicorum
2774 2572 3088 2643 fiducialiter
3117 2576 3391 2645 arguebat,
3425 2580 3566 2648 quod

1991 2663 2162 2732 palam
2191 2662 2504 2731 prmdicaret
2528 2663 2580 2717 in
2612 2664 2847 2720 Ecclesia
2888 2666 3086 2722 Christi
3121 2684 3239 2739 quae.
3266 2685 3411 2725 sanze
3439 2673 3569 2727 doc—

1990 2755 2146 2807 trinae
2168 2764 2545 2822 congruerem,
2580 2764 2635 2809 et
2672 2770 2775 2810 vox
2804 2758 2920 2826 ejus
2951 2758 3159 2814 ﬁdelior
3187 2761 3401 2831 scriptis
3426 2772 3568 2818 esset

1991 2846 2056 2899 ad
2088 2846 2469 2902 documentum
2503 2863 2613 2903 sum
2643 2852 2943 2904 sententiae.
2974 2852 3228 2907 Ahsentis
3261 2856 3401 2908 enim
3426 2858 3566 2910 scri~

1994 2947 2100 3007 pta,
2132 2953 2247 3007 qua)
2264 2939 2530 3007 corrumpi
2553 2939 2619 2992 ab
2642 2939 2869 2995 inimicis
2896 2941 3145 2996 Ecclesiae
3166 2955 3399 3012 possent,
3424 2945 3569 3001 vocis

1996 3029 2111 3099 ejus
2142 3030 2449 3084 testimonio
2476 3031 2715 3101 praeferri
2748 3047 2852 3085 non
2902 3033 3221 3088 debuerunt.
3254 3036 3389 3102 Quid
3417 3053 3564 3107 ergo,

302 3127 579 3196 pietatem.
612 3126 719 3182 Sed
746 3126 801 3180 hi
832 3126 922 3196 qui
951 3127 1132 3181 omnia
1164 3125 1424 3181 facillime
1454 3135 1805 3196 przesumnnt,
1836 3134 1890 3182 et
1917 3119 1962 3183 C
1994 3122 2039 3175 si
2064 3121 2144 3176 vel
2178 3122 2419 3182 Ecclesia
2448 3123 2589 3177 illius
2618 3124 2895 3193 temporiS,
2929 3126 3010 3180 vel
3040 3126 3377 3195 postmodum
3408 3144 3569 3199 syno-

301 3226 560 3286 praeterea
587 3231 801 3272 rursum
852 3217 919 3271 ab
959 3217 1286 3288 Apolinario,
1322 3218 1410 3287 qui
1441 3216 1686 3286 princeps
1735 3216 1891 3287 hujus

301 3309 523 3363 heresis
536 3308 725 3373 fuerat,
747 3307 994 3372 instituti,
1010 3310 1256 3363 omnibus
1278 3309 1492 3378 quidem
1508 3310 1752 3365 similiter
1773 3324 1890 3365 sen-

302 3400 561 3454 tientibus
596 3414 729 3467 opus
764 3408 1005 3454 nostrum
1041 3399 1381 3455 manifestum
1415 3401 1673 3468 fecerunt,
1706 3402 1748 3455 si
1783 3416 1890 3472 quo

302 3489 469 3547 modo
495 3490 675 3559 aliqua
704 3490 1007 3547 invenirent
1038 3492 1263 3546 valentia
1295 3491 1361 3546 ad
1384 3491 1805 3547 convincendum
1827 3507 1889 3548 ea

305 3596 426 3651 quae
454 3582 508 3635 in
544 3594 610 3635 eo
639 3590 763 3636 sunt
790 3582 1006 3650 scripta.
1045 3582 1306 3650 Quoniam
1338 3597 1467 3637 vero
1498 3583 1676 3637 nullus
1705 3594 1888 3638 contra

306 3682 582 3729 certamen
604 3673 821 3743 scriptis
847 3674 1119 3744 suscipere
1156 3674 1533 3743 prtesumebat,
1560 3675 1743 3729 imitati
1766 3685 1891 3729 sunt

306 3766 546 3822 inﬁrmos
586 3767 818 3821 athletas
848 3776 905 3822 et
931 3767 1178 3833 callidos,
1208 3768 1323 3837 qui,
1357 3766 1483 3821 dum
1516 3783 1624 3822 non
1670 3776 1890 3833 possunt

306 3864 489 3912 contra
514 3854 765 3911 fortiores
794 3864 1021 3921 certare,
1055 3857 1263 3911 insidiis
1288 3872 1383 3912 eos
1410 3864 1463 3911 et
1485 3857 1890 3911 machinamen-

307 3948 378 4002 tis
416 3947 605 4017 quibus
650 3955 875 4016 possunt
923 3956 1189 4000 conantur
1226 3958 1493 4001 evertere.
1543 3947 1890 4014 Scripserunt

306 4036 450 4092 enim
479 4037 578 4105 ἱρδί
610 4037 748 4091 inter
779 4050 838 4091 se
870 4036 1055 4105 procul
1080 4035 1246 4089 dubio
1271 4035 1515 4103 quaedam
1545 4036 1742 4103 inepta,
1771 4052 1889 4105 qua:

306 4143 335 4182 a
365 4127 518 4183 nobis
547 4143 781 4197 unquam
834 4126 1054 4182 minime
1104 4127 1433 4183 dicerentur.
1488 4127 1730 4196 Denique
1777 4132 1890 4183 haec

306 4220 422 4289 ipsa
452 4220 503 4274 in
528 4220 707 4274 medio
729 4228 1039 4275 nostrorum
1071 4220 1395 4287 scriptorum
1415 4220 1467 4273 in
1489 4219 1715 4285 quadam
1738 4228 1890 4287 parte

307 4311 763 4383 interposuerunt,
813 4323 868 4368 et
914 4313 1026 4367 suis
1078 4312 1435 4367 familiaribus
1481 4313 1888 4367 demonstrave-

308 4417 452 4473 runt,
484 4408 770 4479 aliquando
799 4418 978 4463 autem
1005 4418 1060 4463 et
1089 4408 1308 4472 nostris,
1337 4406 1427 4477 qui
1462 4422 1556 4476 per
1580 4406 1887 4461 facilitatem

1994 3211 2093 3266 dus
2119 3211 2593 3277 Chalcedonensis,
2626 3229 2955 3285 cognoscens
3000 3231 3061 3271 ea
3093 3231 3188 3286 pro
3235 3219 3427 3287 quibus
3458 3220 3570 3274 cul-

1994 3312 2151 3372 patur
2172 3305 2490 3362 Theodorus
2514 3309 2664 3374 quasi
2696 3309 2951 3377 magister
2974 3309 3224 3377 Nestorii,
3250 3326 3351 3366 nec
3381 3312 3570 3368 melius

1995 3392 2337 3462 interpretari
2373 3398 2577 3463 valens,
2604 3406 2659 3451 ut
2679 3412 2799 3452 eum
2830 3413 2935 3453 non
2963 3401 3364 3468 condemnaret,
3395 3403 3571 3459 credi-

1993 3483 2071 3538 dit
2100 3485 2167 3537 ah
2198 3486 2464 3541 haereticis
2497 3488 2547 3541 in
2580 3488 2730 3543 libris
2758 3490 2876 3558 ejus
2900 3490 3180 3545 immissa?
3207 3492 3451 3562 Nunquid
3480 3494 3570 3550 de-

1996 3574 2083 3627 bet
2112 3576 2225 3628 tunc
2252 3576 2335 3644 pia
2364 3576 2653 3631 credulitas
2674 3577 2894 3633 haeresis
2922 3579 3131 3635 crimini
3158 3582 3425 3651 deputari,
3449 3598 3571 3639 cum

1993 3666 2118 3722 hinc
2149 3678 2203 3722 et
2246 3669 2361 3737 ipse
2415 3669 2729 3726 Theodorus
2772 3683 3159 3743 conqueratur,
3208 3685 3263 3731 et
3302 3678 3404 3731 alia
3455 3680 3571 3748 ejus

1991 3759 2157 3813 multa
2206 3768 2260 3814 et
2299 3761 2566 3816 evidentia
2619 3765 2817 3832 scripta
2873 3765 3265 3832 demonstrent,
3313 3778 3569 3835 quantum

1992 3849 2149 3919 longe
2175 3850 2372 3904 fuerint
2400 3852 2467 3904 ab
2496 3866 2683 3906 errore
2705 3852 2981 3907 Nestorii?
3012 3855 3163 3919 Quod
3193 3855 3241 3909 si
3264 3856 3449 3911 dicunt
3476 3858 3571 3912 ali-

1992 3944 2082 4010 qui
2113 3942 2259 3995 credi
2289 3957 2394 3995 non
2422 3942 2671 3997 debuisse
2697 3944 3003 4010 Theodoro,
3029 3947 3280 4014 quoniam
3313 3949 3569 4011 mentitus

1994 4042 2077 4087 est
2118 4033 2505 4102 Apolinaristas
2565 4036 2808 4104 quzedam
2862 4037 3113 4093 lueretica
3155 4040 3206 4094 in
3258 4042 3374 4110 ejus
3422 4041 3571 4097 libris

1992 4124 2318 4189 immisisse;
2364 4140 2484 4178 nam
2532 4126 2644 4193 ipse
2694 4128 2847 4182 male‘
2877 4131 3091 4197 rapuit,
3139 4132 3282 4200 quod
3325 4133 3431 4187 illis
3472 4149 3567 4189 vo-

1995 4214 2091 4268 luit
2119 4215 2367 4283 imputari
2404 4232 2416 4267 :
2469 4232 2573 4271 non
2593 4233 2692 4287 ego
2744 4221 3090 4287 pertinaciter
3123 4234 3308 4279 contra
3349 4234 3573 4280 conten-

1994 4305 2137 4370 dam,
2169 4305 2263 4359 sed
2287 4304 2461 4360 adhuc
2482 4309 2771 4363 concedam
2802 4311 2883 4364 eis
2907 4312 3171 4381 suspicari
3196 4314 3338 4382 quod
3366 4316 3571 4371 volunt.

1995 4397 2126 4452 Illud
2160 4402 2362 4453 interea
2395 4400 2677 4457 manifeste
2726 4417 2910 4458 verum
2944 4413 3046 4470 est,
3080 4405 3212 4460 illud
3259 4409 3438 4477 negari
3468 4424 3572 4463 non

309 4514 464 4554 suam
496 4499 674 4554 omnia
708 4499 893 4570 pronis
924 4498 1119 4553 animis
1148 4498 1464 4565 audiebant;
1500 4508 1553 4552 et
1593 4497 1695 4551 hoc
1738 4497 1891 4565 quasi
1919 4492 1973 4552 D
1998 4493 2216 4559 poterit.
2236 4492 2377 4559 quod
2404 4507 2465 4548 ea
2494 4492 2811 4549 Theodorus
2832 4509 2925 4549 sua
2949 4511 3054 4551 non
3080 4511 3199 4552 esse
3222 4506 3446 4554 testatus
3468 4507 3572 4554 est.

309 4590 708 4656 documentum,
749 4593 888 4647 sicut
919 4591 1195 4660 putabant,
1240 4601 1437 4644 nostra:
1484 4589 1778 4659 impietatis
1805 4588 1890 4642 vi-

309 4681 559 4737 dentibus
582 4682 909 4751 prtebebant.
930 4682 1104 4738 Unum
1124 4692 1308 4737 autem
1334 4697 1401 4737 ex
1426 4680 1511 4736 his
1528 4682 1743 4751 scriptis
1754 4689 1888 4747 erat,

314 4770 454 4825 duos
504 4770 645 4826 ﬁlios
688 4772 867 4828 dicere
892 4782 941 4828 ι.
984 4772 1073 4829 Sic
1102 4774 1247 4828 enim
1296 4787 1394 4827 nos
1422 4772 1663 4827 fecerunt
1709 4773 1763 4826 in
1791 4773 1893 4827 hoc

313 4872 479 4928 opere
499 4860 762 4928 dicentes,
795 4862 937 4932 quod
968 4874 1216 4931 oporteat
1246 4873 1435 4933 putare
1464 4874 1518 4918 et
1548 4865 1730 4919 dicere
1760 4864 1893 4918 duos

316 4949 479 5017 ﬁlios,
496 4959 552 5004 et
571 4949 919 5006 vehementer
948 4967 1046 5006 nos
1073 4953 1235 5007 istum
1262 4966 1565 5007 sermonem
1580 4952 1891 5020 defendere,

316 5040 445 5098 dum
494 5054 593 5096 nos
643 5041 697 5095 in
736 5040 827 5095 illa
856 5042 1125 5111 scriptura
1150 5042 1345 5111 ubique
1376 5041 1660 5095 manifeste
1690 5042 1893 5097 dicere-

391 5184 417 5212 ⁸
452 5177 525 5231 De
550 5178 649 5230 hoc
674 5177 847 5245 capite
877 5175 1200 5245 objectionis
1238 5176 1441 5232 dictum
1467 5188 1548 5232 est
1591 5176 1744 5231 initio
1774 5177 1896 5233 libri

319 5262 393 5302 ιι.
429 5246 745 5315 Refogiebat
773 5248 1088 5303 Theodorus
1116 5262 1183 5302 ne
1203 5247 1339 5303 duos
1381 5248 1517 5302 filios
1541 5248 1719 5303 dicere
1749 5249 1895 5303 vide-

318 5328 487 5383 retur,
529 5332 650 5372 cum
705 5321 840 5374 duos
878 5318 1051 5387 reipsa
1083 5319 1393 5388 imprudens
1427 5329 1703 5387 statueret,
1729 5335 1891 5373 unum

318 5388 638 5455 naturalem,
666 5389 757 5445 Dei
796 5389 1047 5457 Verbum,
1074 5389 1299 5444 alterum
1329 5389 1661 5460 adOptivum,
1693 5406 1755 5444 es
1785 5391 1896 5445 Ma-

320 5460 399 5530 ria
451 5470 631 5513 natum
655 5501 671 5527 ,
704 5461 792 5530 qui
836 5459 1014 5514 Verbo
1060 5460 1377 5529 coniunctus
1405 5459 1512 5515 κατ’
1544 5459 1796 5528 εὐδοκίαν,
1839 5470 1896 5515 ut

322 5529 567 5600 docebat,
594 5529 858 5600 particeps
881 5530 1049 5584 factus
1072 5532 1143 5584 sit
1162 5530 1535 5599 appellationis
1564 5530 1659 5582 ﬁlii
1699 5540 1756 5585 et
1801 5531 1898 5585 ho-

324 5602 490 5655 noris.
514 5599 603 5655 Sic
626 5602 766 5655 enim
792 5599 1023 5669 loqnitu'r
1050 5602 1101 5656 in
1129 5602 1473 5671 Expositione
1499 5600 1747 5671 symboli,
1779 5617 1896 5671 qua:

396 5733 415 5804 ξ
445 5731 573 5788 Cod.
612 5734 828 5805 Veron.,
863 5740 1103 5804 amplius.

1997 4581 2317 4651 Arguendus
2348 4583 2528 4653 itaque
2560 4584 2729 4640 fuisse
2756 4583 2988 4652 dicatur,
3022 4586 3069 4641 si
3106 4588 3361 4643 mentitus
3389 4599 3571 4644 osten-

1999 4674 2163 4742 ditur,
2195 4673 2338 4744 quod
2367 4684 2713 4743 posteaquam
2736 4676 2987 4745 resipuit,
3019 4677 3146 4733 licet
3174 4679 3464 4748 prudenter
3482 4694 3573 4734 ac-

1998 4768 2262 4847 quieverit
2286 4767 2517 4830 veritati,
2542 4782 2756 4824 errores
2780 4778 2956 4825 tamen
2979 4770 3269 4841 aliquando
3296 4786 3422 4828 suos
3448 4787 3571 4827 eru-

2002 4860 2115 4914 buit
2158 4860 2433 4914 humiliter
2473 4862 2740 4917 conﬁteri.
2792 4863 3056 4920 Caeterum
3087 4874 3141 4921 et
3186 4869 3439 4921 mentitus
3467 4880 3574 4922 non

1998 4951 2145 5020 juste
2172 4952 2440 5007 diceretur
2470 4953 2776 5021 haereticus,
2807 4956 2898 5024 qui
2930 4971 3248 5025 quocunque
3277 4957 3435 5011 modo
3463 4957 3574 5011 suis

2000 5042 2324 5097 renuntiavit
2362 5044 2654 5102 erroribus.
2694 5047 2948 5103 Scriberis
2975 5049 3136 5102 etiam
3174 5047 3241 5101 ad
3275 5047 3573 5102 Cerdonem

1998 5175 2216 5249 recitata
2254 5185 2336 5230 est
2380 5177 2431 5229 in
2471 5178 2681 5249 actione
2707 5179 2741 5233 6
2776 5178 2964 5249 synodi
2999 5178 3283 5249 Ephesios}
3309 5196 3320 5229 :
3348 5182 3432 5232 Bai
3458 5176 3573 5249 οὔτε

1996 5243 2089 5299 δύο
2114 5250 2270 5319 φαμὲν
2310 5248 2482 5311 υἱοὺς,
2509 5246 2624 5302 οὔτε
2655 5248 2745 5303 δύο
2774 5243 3002 5319 κῦρίους*
3033 5243 3203 5306 (insidii
3233 5246 3302 5307 εἷς
3330 5250 3452 5319 υἱὸςμ
3468 5245 3573 5302 κατ’

1996 5316 2172 5393 adcisa
2198 5316 2223 5371 ὁ
2246 5319 2367 5379 Θεὸς
2388 5319 2554 5391 λόγος,
2580 5320 2605 5373 ὁ
2630 5316 2899 5392 μονογενὴς
2925 5321 3032 5393 υἱὸς
3057 5326 3144 5374 τοῦ
3167 5320 3360 5393 πατρὸς
3377 5358 3391 5382 ,
3475 5340 3574 5391 περ

2001 5384 2147 5462 οὗτος
2176 5384 2486 5462 συνημμένός
2508 5411 2561 5445 τε
2587 5384 2669 5445 atati
2691 5384 2926 5462 μεέέχῳν
2954 5391 3207 5462 θεότητος,
3240 5384 3463 5444 ubam;
3483 5384 3573 5445 τοῧ

1999 5460 2110 5512 υἱοῦ
2148 5460 2498 5536 πρ-ρσηνίορέας
2515 5465 2623 5536 ᾳκαὶ
2659 5469 2827 5536 τιμῆς.
2862 5461 2931 5513 ΕΙ.
2976 5460 3132 5536 paulo
3178 5468 3296 5529 post
3321 5476 3335 5514 :
3360 5468 3570 5536 'Avatpti

2002 5530 2396 5608 πᾶᾳανςξννοιὰῦ
2412 5530 2594 5589 δυάδος
2620 5532 2795 5608 uidisse
2828 5535 2912 5584 καὶ
2938 5534 3142 5608 κυρίων,
3179 5547 3374 5585 onmem
3402 5530 3563 5608 diulli-

2002 5602 2123 5653 tatis
2154 5602 2380 5669 ﬁliorum
2422 5611 2571 5669 atque
2599 5602 2922 5654 dominorum
2948 5602 3299 5673 cogitationem
3327 5603 3549 5657 excludit

2074 5740 2092 5770 ³
2133 5738 2275 5793 Idem
2305 5738 2449 5801 CUd.,
2482 5738 2751 5803 inﬁrmius.
