  <div class='ocr_page' id='page_1' title='image "/cluster/home/n/w/nwhite01/storage/ocr_20150623/67/hvd.32044015547185/393.png"; bbox 0 0 4104 6360; ppageno 0'>
   <div class='ocr_carea' id='block_1_1' title="bbox 494 229 2702 317">
    <p class='ocr_par' dir='ltr' id='par_1_1' title="bbox 494 229 2702 317">
     <span class='ocr_line' id='line_1_1' title="bbox 494 229 2702 317; baseline -0.014 0"><span class='ocrx_word' id='word_1_1' title='bbox 494 258 583 317; x_wconf 77' lang='grc' dir='ltr'><strong>ΠΙ</strong></span> <span class='ocrx_word' id='word_1_2' title='bbox 1628 235 1920 296; x_wconf 77' lang='lat' dir='ltr'><strong>FACUNDI</strong></span> <span class='ocrx_word' id='word_1_3' title='bbox 1952 229 2161 291; x_wconf 76' lang='lat' dir='ltr'><strong>EPISC.</strong></span> <span class='ocrx_word' id='word_1_4' title='bbox 2208 229 2702 287; x_wconf 68' lang='lat' dir='ltr'><strong>lii.ltillANENSlS</strong></span> 
     </span>
    </p>
   </div>
   <div class='ocr_carea' id='block_1_2' title="bbox 3676 214 3792 273">
    <p class='ocr_par' dir='ltr' id='par_1_2' title="bbox 3676 214 3792 273">
     <span class='ocr_line' id='line_1_2' title="bbox 3676 214 3792 273; baseline 0 0"><span class='ocrx_word' id='word_1_5' title='bbox 3676 214 3792 273; x_wconf 69' lang='grc' dir='ltr'><strong>τη</strong></span> 
     </span>
    </p>
   </div>
   <div class='ocr_carea' id='block_1_3' title="bbox 493 333 3794 444">
    <p class='ocr_par' dir='ltr' id='par_1_3' title="bbox 493 333 3794 444">
     <span class='ocr_line' id='line_1_3' title="bbox 493 333 3794 444; baseline -0.012 -13"><span class='ocrx_word' id='word_1_6' title='bbox 493 385 649 444; x_wconf 82' lang='lat' dir='ltr'><strong>super</strong></span> <span class='ocrx_word' id='word_1_7' title='bbox 670 368 1001 441; x_wconf 75' lang='lat' dir='ltr'><strong>expositione</strong></span> <span class='ocrx_word' id='word_1_8' title='bbox 1032 362 1392 423; x_wconf 86' lang='lat' dir='ltr'><strong>Psalmorum,</strong></span> <span class='ocrx_word' id='word_1_9' title='bbox 1425 355 1558 412; x_wconf 81' lang='lat' dir='ltr'><strong>stc‘ut</strong></span> <span class='ocrx_word' id='word_1_10' title='bbox 1590 355 1750 410; x_wconf 88' lang='lat' dir='ltr'><strong>tertio</strong></span> <span class='ocrx_word' id='word_1_11' title='bbox 1779 351 1916 405; x_wconf 77' lang='lat' dir='ltr'><strong>libro</strong></span> <span class='ocrx_word' id='word_1_12' title='bbox 1957 363 2068 402; x_wconf 89' lang='lat' dir='ltr'><strong>me-</strong></span> <span class='ocrx_word' id='word_1_13' title='bbox 2093 347 2144 410; x_wconf 78' lang='grc' dir='ltr'><strong>Α</strong></span> <span class='ocrx_word' id='word_1_14' title='bbox 2174 347 2338 400; x_wconf 80' lang='lat' dir='ltr'><strong>tiores</strong></span> <span class='ocrx_word' id='word_1_15' title='bbox 2369 341 2751 412; x_wconf 58' lang='lat' dir='ltr'><strong>antiquissimis</strong></span> <span class='ocrx_word' id='word_1_16' title='bbox 3078 333 3306 410; x_wconf 83' lang='lat' dir='ltr'><strong>jactan&#39;t,</strong></span> <span class='ocrx_word' id='word_1_17' title='bbox 3332 335 3582 442; x_wconf 42' lang='lat' dir='ltr'><strong>.dicentés</strong></span> <span class='ocrx_word' id='word_1_18' title='bbox 3620 335 3794 407; x_wconf 76' lang='lat' dir='ltr'><strong>quod</strong></span> 
     </span>
    </p>
   </div>
   <div class='ocr_carea' id='block_1_4' title="bbox 2178 428 3800 504">
    <p class='ocr_par' dir='ltr' id='par_1_4' title="bbox 2178 428 3800 504">
     <span class='ocr_line' id='line_1_4' title="bbox 2178 428 3800 504; baseline -0.004 -13"><span class='ocrx_word' id='word_1_19' title='bbox 2178 436 2322 492; x_wconf 69' lang='lat' dir='ltr'><strong>illius</strong></span> <span class='ocrx_word' id='word_1_20' title='bbox 2347 437 2607 504; x_wconf 88' lang='lat' dir='ltr'><strong>temporis</strong></span> <span class='ocrx_word' id='word_1_21' title='bbox 2627 433 2864 490; x_wconf 76' lang='lat' dir='ltr'><strong>Ecclesia</strong></span> <span class='ocrx_word' id='word_1_22' title='bbox 2897 431 3232 503; x_wconf 73' lang='lat' dir='ltr'><strong>negligenter</strong></span> <span class='ocrx_word' id='word_1_23' title='bbox 3252 441 3307 487; x_wconf 91' lang='lat' dir='ltr'><strong>et</strong></span> <span class='ocrx_word' id='word_1_24' title='bbox 3330 428 3663 500; x_wconf 73' lang='lat' dir='ltr'><strong>insipienter</strong></span> <span class='ocrx_word' id='word_1_25' title='bbox 3686 443 3800 484; x_wconf 71' lang='lat' dir='ltr'><strong>ata-</strong></span> 
     </span>
    </p>
   </div>
   <div class='ocr_carea' id='block_1_5' title="bbox 2180 526 3800 595">
    <p class='ocr_par' dir='ltr' id='par_1_5' title="bbox 2180 526 3800 595">
     <span class='ocr_line' id='line_1_5' title="bbox 2180 526 3800 595; baseline -0.005 -9"><span class='ocrx_word' id='word_1_26' title='bbox 2180 530 2359 586; x_wconf 82' lang='lat' dir='ltr'><strong>die‘oat</strong></span> <span class='ocrx_word' id='word_1_27' title='bbox 2400 527 2744 584; x_wconf 80' lang='lat' dir='ltr'><strong>Theodorum</strong></span> <span class='ocrx_word' id='word_1_28' title='bbox 2776 526 3160 595; x_wconf 73' lang='lat' dir='ltr'><strong>disputantem,</strong></span> <span class='ocrx_word' id='word_1_29' title='bbox 3193 534 3252 578; x_wconf 88' lang='lat' dir='ltr'><strong>ut</strong></span> <span class='ocrx_word' id='word_1_30' title='bbox 3279 539 3401 580; x_wconf 86' lang='lat' dir='ltr'><strong>eum</strong></span> <span class='ocrx_word' id='word_1_31' title='bbox 3435 541 3546 579; x_wconf 89' lang='lat' dir='ltr'><strong>non</strong></span> <span class='ocrx_word' id='word_1_32' title='bbox 3576 537 3800 594; x_wconf 66' lang='lat' dir='ltr'><strong>argue-</strong></span> 
     </span>
    </p>
   </div>
   <div class='ocr_carea' id='block_1_6' title="bbox 2181 615 3798 691">
    <p class='ocr_par' dir='ltr' id='par_1_6' title="bbox 2181 615 3798 691">
     <span class='ocr_line' id='line_1_6' title="bbox 2181 615 3798 691; baseline -0.006 -11"><span class='ocrx_word' id='word_1_33' title='bbox 2181 631 2265 680; x_wconf 90' lang='lat' dir='ltr'><strong>ret</strong></span> <span class='ocrx_word' id='word_1_34' title='bbox 2291 621 2344 676; x_wconf 93' lang='lat' dir='ltr'><strong>in</strong></span> <span class='ocrx_word' id='word_1_35' title='bbox 2365 619 2556 691; x_wconf 81' lang='lat' dir='ltr'><strong>quibus</strong></span> <span class='ocrx_word' id='word_1_36' title='bbox 2584 619 2649 674; x_wconf 91' lang='lat' dir='ltr'><strong>ab</strong></span> <span class='ocrx_word' id='word_1_37' title='bbox 2681 617 2813 688; x_wconf 84' lang='lat' dir='ltr'><strong>ipsis</strong></span> <span class='ocrx_word' id='word_1_38' title='bbox 2843 618 3102 688; x_wconf 74' lang='lat' dir='ltr'><strong>arguitur.</strong></span> <span class='ocrx_word' id='word_1_39' title='bbox 3138 617 3294 684; x_wconf 83' lang='lat' dir='ltr'><strong>Quod</strong></span> <span class='ocrx_word' id='word_1_40' title='bbox 3343 617 3484 672; x_wconf 88' lang='lat' dir='ltr'><strong>absit</strong></span> <span class='ocrx_word' id='word_1_41' title='bbox 3511 631 3544 671; x_wconf 89' lang='lat' dir='ltr'><strong>a</strong></span> <span class='ocrx_word' id='word_1_42' title='bbox 3571 615 3798 687; x_wconf 70' lang='lat' dir='ltr'><strong>pietate</strong></span> 
     </span>
    </p>
   </div>
   <div class='ocr_carea' id='block_1_7' title="bbox 2183 708 3796 788">
    <p class='ocr_par' dir='ltr' id='par_1_7' title="bbox 2183 708 3796 788">
     <span class='ocr_line' id='line_1_7' title="bbox 2183 708 3796 788; baseline -0.006 -15"><span class='ocrx_word' id='word_1_43' title='bbox 2183 713 2381 788; x_wconf 84' lang='lat' dir='ltr'><strong>synodi</strong></span> <span class='ocrx_word' id='word_1_44' title='bbox 2416 711 2876 772; x_wconf 83' lang='lat' dir='ltr'><strong>Chalcedonensis</strong></span> <span class='ocrx_word' id='word_1_45' title='bbox 2905 718 2961 764; x_wconf 93' lang='lat' dir='ltr'><strong>ut</strong></span> <span class='ocrx_word' id='word_1_46' title='bbox 2990 708 3092 766; x_wconf 86' lang='lat' dir='ltr'><strong>hoc</strong></span> <span class='ocrx_word' id='word_1_47' title='bbox 3118 709 3323 765; x_wconf 84' lang='lat' dir='ltr'><strong>diceret</strong></span> <span class='ocrx_word' id='word_1_48' title='bbox 3357 719 3449 764; x_wconf 90' lang='lat' dir='ltr'><strong>aut</strong></span> <span class='ocrx_word' id='word_1_49' title='bbox 3484 709 3796 764; x_wconf 81' lang='lat' dir='ltr'><strong>crederet:</strong></span> 
     </span>
    </p>
   </div>
   <div class='ocr_carea' id='block_1_8' title="bbox 2186 798 3801 875">
    <p class='ocr_par' dir='ltr' id='par_1_8' title="bbox 2186 798 3801 875">
     <span class='ocr_line' id='line_1_8' title="bbox 2186 798 3801 875; baseline -0.004 -15"><span class='ocrx_word' id='word_1_50' title='bbox 2186 806 2347 874; x_wconf 89' lang='lat' dir='ltr'><strong>absit,</strong></span> <span class='ocrx_word' id='word_1_51' title='bbox 2379 806 2614 875; x_wconf 89' lang='lat' dir='ltr'><strong>inquam,</strong></span> <span class='ocrx_word' id='word_1_52' title='bbox 2643 811 2702 858; x_wconf 92' lang='lat' dir='ltr'><strong>ut</strong></span> <span class='ocrx_word' id='word_1_53' title='bbox 2724 801 2826 857; x_wconf 89' lang='lat' dir='ltr'><strong>hoc</strong></span> <span class='ocrx_word' id='word_1_54' title='bbox 2850 801 3121 868; x_wconf 85' lang='lat' dir='ltr'><strong>crederet,</strong></span> <span class='ocrx_word' id='word_1_55' title='bbox 3151 799 3448 857; x_wconf 81' lang='lat' dir='ltr'><strong>Ecelesiam</strong></span> <span class='ocrx_word' id='word_1_56' title='bbox 3471 799 3713 866; x_wconf 83' lang='lat' dir='ltr'><strong>Christi,</strong></span> <span class='ocrx_word' id='word_1_57' title='bbox 3749 798 3801 853; x_wconf 83' lang='lat' dir='ltr'><strong>si</strong></span> 
     </span>
    </p>
   </div>
   <div class='ocr_carea' id='block_1_9' title="bbox 502 891 3800 988">
    <p class='ocr_par' dir='ltr' id='par_1_9' title="bbox 502 891 3800 988">
     <span class='ocr_line' id='line_1_9' title="bbox 502 891 3800 988; baseline -0.009 -15"><span class='ocrx_word' id='word_1_58' title='bbox 502 927 634 988; x_wconf 88' lang='lat' dir='ltr'><strong>quas</strong></span> <span class='ocrx_word' id='word_1_59' title='bbox 663 929 769 972; x_wconf 90' lang='lat' dir='ltr'><strong>non</strong></span> <span class='ocrx_word' id='word_1_60' title='bbox 796 922 880 970; x_wconf 89' lang='lat' dir='ltr'><strong>est</strong></span> <span class='ocrx_word' id='word_1_61' title='bbox 907 911 1188 983; x_wconf 74' lang='lat' dir='ltr'><strong>praesentis</strong></span> <span class='ocrx_word' id='word_1_62' title='bbox 1228 907 1488 979; x_wconf 91' lang='lat' dir='ltr'><strong>temporis</strong></span> <span class='ocrx_word' id='word_1_63' title='bbox 1533 919 1824 961; x_wconf 86' lang='lat' dir='ltr'><strong>enarrare:</strong></span> <span class='ocrx_word' id='word_1_64' title='bbox 1873 917 1937 958; x_wconf 84' lang='lat' dir='ltr'><strong>ex</strong></span> <span class='ocrx_word' id='word_1_65' title='bbox 1982 916 2084 973; x_wconf 91' lang='lat' dir='ltr'><strong>qua</strong></span> <span class='ocrx_word' id='word_1_66' title='bbox 2188 895 2524 962; x_wconf 86' lang='lat' dir='ltr'><strong>Theodorus,</strong></span> <span class='ocrx_word' id='word_1_67' title='bbox 2554 905 2614 949; x_wconf 91' lang='lat' dir='ltr'><strong>ut</strong></span> <span class='ocrx_word' id='word_1_68' title='bbox 2659 893 2874 960; x_wconf 89' lang='lat' dir='ltr'><strong>dicitur,</strong></span> <span class='ocrx_word' id='word_1_69' title='bbox 2905 891 3207 949; x_wconf 85' lang='lat' dir='ltr'><strong>Nestoriani</strong></span> <span class='ocrx_word' id='word_1_70' title='bbox 3237 901 3426 949; x_wconf 87' lang='lat' dir='ltr'><strong>auctor</strong></span> <span class='ocrx_word' id='word_1_71' title='bbox 3457 892 3666 988; x_wconf 77' lang='lat' dir='ltr'><strong>erroris</strong></span> <span class='ocrx_word' id='word_1_72' title='bbox 3703 903 3800 945; x_wconf 83' lang='lat' dir='ltr'><strong>es-</strong></span> 
     </span>
    </p>
   </div>
   <div class='ocr_carea' id='block_1_10' title="bbox 504 982 3796 1078">
    <p class='ocr_par' dir='ltr' id='par_1_10' title="bbox 504 982 3796 1078">
     <span class='ocr_line' id='line_1_10' title="bbox 504 982 3796 1078; baseline -0.009 -13"><span class='ocrx_word' id='word_1_73' title='bbox 504 982 660 1066; x_wconf 78' lang='lat' dir='ltr'><strong>causa</strong></span> <span class='ocrx_word' id='word_1_74' title='bbox 688 1006 859 1078; x_wconf 88' lang='lat' dir='ltr'><strong>magis</strong></span> <span class='ocrx_word' id='word_1_75' title='bbox 887 982 1216 1076; x_wconf 77' lang='lat' dir='ltr'><strong>negligenter</strong></span> <span class='ocrx_word' id='word_1_76' title='bbox 1240 1017 1270 1056; x_wconf 89' lang='lat' dir='ltr'><strong>a</strong></span> <span class='ocrx_word' id='word_1_77' title='bbox 1302 999 1458 1055; x_wconf 91' lang='lat' dir='ltr'><strong>nobis</strong></span> <span class='ocrx_word' id='word_1_78' title='bbox 1488 997 1788 1067; x_wconf 89' lang='lat' dir='ltr'><strong>composita</strong></span> <span class='ocrx_word' id='word_1_79' title='bbox 1821 1001 1945 1050; x_wconf 89' lang='lat' dir='ltr'><strong>sunt</strong></span> <span class='ocrx_word' id='word_1_80' title='bbox 1975 994 2090 1063; x_wconf 77' lang='lat' dir='ltr'><strong>plu—</strong></span> <span class='ocrx_word' id='word_1_81' title='bbox 2193 1000 2297 1056; x_wconf 89' lang='lat' dir='ltr'><strong>set,</strong></span> <span class='ocrx_word' id='word_1_82' title='bbox 2345 987 2706 1058; x_wconf 87' lang='lat' dir='ltr'><strong>blasphemias</strong></span> <span class='ocrx_word' id='word_1_83' title='bbox 2757 985 2826 1042; x_wconf 90' lang='lat' dir='ltr'><strong>ab</strong></span> <span class='ocrx_word' id='word_1_84' title='bbox 2861 1000 2925 1042; x_wconf 94' lang='lat' dir='ltr'><strong>eo</strong></span> <span class='ocrx_word' id='word_1_85' title='bbox 2969 986 3142 1078; x_wconf 84' lang='lat' dir='ltr'><strong>dictas</strong></span> <span class='ocrx_word' id='word_1_86' title='bbox 3173 986 3224 1040; x_wconf 93' lang='lat' dir='ltr'><strong>in</strong></span> <span class='ocrx_word' id='word_1_87' title='bbox 3254 984 3526 1078; x_wconf 75' lang='lat' dir='ltr'><strong>Christum</strong></span> <span class='ocrx_word' id='word_1_88' title='bbox 3549 982 3642 1078; x_wconf 33' lang='lat' dir='ltr'><strong>‘vel</strong></span> <span class='ocrx_word' id='word_1_89' title='bbox 3673 995 3796 1078; x_wconf 78' lang='lat' dir='ltr'><strong>non</strong></span> 
     </span>
    </p>
   </div>
   <div class='ocr_carea' id='block_1_11' title="bbox 505 1073 3798 1166">
    <p class='ocr_par' dir='ltr' id='par_1_11' title="bbox 505 1073 3798 1166">
     <span class='ocr_line' id='line_1_11' title="bbox 505 1073 3798 1166; baseline -0.009 -11"><span class='ocrx_word' id='word_1_90' title='bbox 505 1101 661 1166; x_wconf 87' lang='lat' dir='ltr'><strong>rima,</strong></span> <span class='ocrx_word' id='word_1_91' title='bbox 693 1108 749 1154; x_wconf 91' lang='lat' dir='ltr'><strong>et</strong></span> <span class='ocrx_word' id='word_1_92' title='bbox 775 1073 1006 1152; x_wconf 74' lang='lat' dir='ltr'><strong>maxime</strong></span> <span class='ocrx_word' id='word_1_93' title='bbox 1034 1073 1127 1150; x_wconf 81' lang='lat' dir='ltr'><strong>illa</strong></span> <span class='ocrx_word' id='word_1_94' title='bbox 1171 1107 1290 1163; x_wconf 72' lang='lat' dir='ltr'><strong>quae</strong></span> <span class='ocrx_word' id='word_1_95' title='bbox 1324 1091 1494 1161; x_wconf 89' lang='lat' dir='ltr'><strong>prima</strong></span> <span class='ocrx_word' id='word_1_96' title='bbox 1527 1095 1672 1144; x_wconf 91' lang='lat' dir='ltr'><strong>sunt.</strong></span> <span class='ocrx_word' id='word_1_97' title='bbox 1708 1105 1726 1138; x_wconf 84' lang='grc'><strong>›</strong></span> <span class='ocrx_word' id='word_1_98' title='bbox 1761 1083 1817 1142; x_wconf 88' lang='lat' dir='ltr'><strong>Si</strong></span> <span class='ocrx_word' id='word_1_99' title='bbox 1845 1100 1974 1156; x_wconf 83' lang='lat' dir='ltr'><strong>ergo</strong></span> <span class='ocrx_word' id='word_1_100' title='bbox 2007 1083 2091 1139; x_wconf 85' lang='lat' dir='ltr'><strong>vel</strong></span> <span class='ocrx_word' id='word_1_101' title='bbox 2189 1081 2509 1152; x_wconf 81' lang='lat' dir='ltr'><strong>intelligere,</strong></span> <span class='ocrx_word' id='word_1_102' title='bbox 2540 1081 2620 1134; x_wconf 85' lang='lat' dir='ltr'><strong>vel</strong></span> <span class='ocrx_word' id='word_1_103' title='bbox 2652 1080 2923 1148; x_wconf 84' lang='lat' dir='ltr'><strong>negligere</strong></span> <span class='ocrx_word' id='word_1_104' title='bbox 2970 1077 3243 1148; x_wconf 89' lang='lat' dir='ltr'><strong>potuisse:</strong></span> <span class='ocrx_word' id='word_1_105' title='bbox 3275 1091 3400 1130; x_wconf 92' lang='lat' dir='ltr'><strong>cum</strong></span> <span class='ocrx_word' id='word_1_106' title='bbox 3433 1073 3589 1140; x_wconf 88' lang='lat' dir='ltr'><strong>illud,</strong></span> <span class='ocrx_word' id='word_1_107' title='bbox 3635 1073 3798 1144; x_wconf 72' lang='lat' dir='ltr'><strong>quod</strong></span> 
     </span>
    </p>
   </div>
   <div class='ocr_carea' id='block_1_12' title="bbox 509 1166 3799 1251">
    <p class='ocr_par' dir='ltr' id='par_1_12' title="bbox 509 1166 3799 1251">
     <span class='ocr_line' id='line_1_12' title="bbox 509 1166 3799 1251; baseline -0.007 -6"><span class='ocrx_word' id='word_1_108' title='bbox 509 1189 748 1246; x_wconf 85' lang='lat' dir='ltr'><strong>anterior</strong></span> <span class='ocrx_word' id='word_1_109' title='bbox 782 1185 1046 1251; x_wconf 87' lang='lat' dir='ltr'><strong>Ecclesia,</strong></span> <span class='ocrx_word' id='word_1_110' title='bbox 1102 1183 1186 1239; x_wconf 85' lang='lat' dir='ltr'><strong>vel</strong></span> <span class='ocrx_word' id='word_1_111' title='bbox 1219 1179 1484 1251; x_wconf 87' lang='lat' dir='ltr'><strong>posterior</strong></span> <span class='ocrx_word' id='word_1_112' title='bbox 1526 1175 1765 1251; x_wconf 80' lang='lat' dir='ltr'><strong>synodus</strong></span> <span class='ocrx_word' id='word_1_113' title='bbox 1792 1174 2092 1230; x_wconf 79' lang='lat' dir='ltr'><strong>Cltalcedo-</strong></span> <span class='ocrx_word' id='word_1_114' title='bbox 2193 1190 2302 1231; x_wconf 89' lang='lat' dir='ltr'><strong>non</strong></span> <span class='ocrx_word' id='word_1_115' title='bbox 2333 1174 2702 1244; x_wconf 87' lang='lat' dir='ltr'><strong>blasphemum</strong></span> <span class='ocrx_word' id='word_1_116' title='bbox 2730 1183 2782 1226; x_wconf 93' lang='lat' dir='ltr'><strong>et</strong></span> <span class='ocrx_word' id='word_1_117' title='bbox 2815 1172 3130 1226; x_wconf 80' lang='lat' dir='ltr'><strong>haeretieum</strong></span> <span class='ocrx_word' id='word_1_118' title='bbox 3163 1168 3284 1236; x_wconf 84' lang='lat' dir='ltr'><strong>fuit,</strong></span> <span class='ocrx_word' id='word_1_119' title='bbox 3321 1169 3416 1224; x_wconf 81' lang='lat' dir='ltr'><strong>sed</strong></span> <span class='ocrx_word' id='word_1_120' title='bbox 3444 1166 3596 1238; x_wconf 88' lang='lat' dir='ltr'><strong>quod</strong></span> <span class='ocrx_word' id='word_1_121' title='bbox 3631 1174 3799 1222; x_wconf 84' lang='lat' dir='ltr'><strong>recte</strong></span> 
     </span>
    </p>
   </div>
   <div class='ocr_carea' id='block_1_13' title="bbox 513 1262 3800 1348">
    <p class='ocr_par' dir='ltr' id='par_1_13' title="bbox 513 1262 3800 1348">
     <span class='ocr_line' id='line_1_13' title="bbox 513 1262 3800 1348; baseline -0.005 -12"><span class='ocrx_word' id='word_1_122' title='bbox 513 1283 718 1348; x_wconf 89' lang='lat' dir='ltr'><strong>neusis,</strong></span> <span class='ocrx_word' id='word_1_123' title='bbox 751 1295 815 1338; x_wconf 90' lang='lat' dir='ltr'><strong>ex</strong></span> <span class='ocrx_word' id='word_1_124' title='bbox 863 1280 946 1334; x_wconf 80' lang='lat' dir='ltr'><strong>his</strong></span> <span class='ocrx_word' id='word_1_125' title='bbox 974 1275 1218 1348; x_wconf 87' lang='lat' dir='ltr'><strong>plurimis</strong></span> <span class='ocrx_word' id='word_1_126' title='bbox 1248 1286 1364 1344; x_wconf 74' lang='lat' dir='ltr'><strong>qua:</strong></span> <span class='ocrx_word' id='word_1_127' title='bbox 1411 1285 1506 1341; x_wconf 83' lang='lat' dir='ltr'><strong>per</strong></span> <span class='ocrx_word' id='word_1_128' title='bbox 1556 1265 1883 1340; x_wconf 73' lang='lat' dir='ltr'><strong>imperitiam</strong></span> <span class='ocrx_word' id='word_1_129' title='bbox 1927 1267 2094 1335; x_wconf 80' lang='lat' dir='ltr'><strong>negli-</strong></span> <span class='ocrx_word' id='word_1_130' title='bbox 2195 1268 2300 1324; x_wconf 87' lang='lat' dir='ltr'><strong>dici</strong></span> <span class='ocrx_word' id='word_1_131' title='bbox 2326 1284 2436 1326; x_wconf 86' lang='lat' dir='ltr'><strong>non</strong></span> <span class='ocrx_word' id='word_1_132' title='bbox 2465 1274 2765 1338; x_wconf 90' lang='lat' dir='ltr'><strong>putaretur,</strong></span> <span class='ocrx_word' id='word_1_133' title='bbox 2793 1266 2934 1321; x_wconf 90' lang='lat' dir='ltr'><strong>sicut</strong></span> <span class='ocrx_word' id='word_1_134' title='bbox 2954 1265 3190 1320; x_wconf 82' lang='lat' dir='ltr'><strong>Joannes</strong></span> <span class='ocrx_word' id='word_1_135' title='bbox 3222 1262 3592 1318; x_wconf 84' lang='lat' dir='ltr'><strong>Antiocheuus</strong></span> <span class='ocrx_word' id='word_1_136' title='bbox 3617 1272 3800 1318; x_wconf 80' lang='lat' dir='ltr'><strong>testa-</strong></span> 
     </span>
    </p>
   </div>
   <div class='ocr_carea' id='block_1_14' title="bbox 513 1353 3801 1445">
    <p class='ocr_par' dir='ltr' id='par_1_14' title="bbox 513 1353 3801 1445">
     <span class='ocr_line' id='line_1_14' title="bbox 513 1353 3801 1445; baseline -0.006 -15"><span class='ocrx_word' id='word_1_137' title='bbox 513 1383 698 1445; x_wconf 85' lang='lat' dir='ltr'><strong>genter</strong></span> <span class='ocrx_word' id='word_1_138' title='bbox 727 1387 758 1428; x_wconf 87' lang='lat' dir='ltr'><strong>a</strong></span> <span class='ocrx_word' id='word_1_139' title='bbox 805 1385 864 1428; x_wconf 86' lang='lat' dir='ltr'><strong>se</strong></span> <span class='ocrx_word' id='word_1_140' title='bbox 890 1367 1192 1440; x_wconf 89' lang='lat' dir='ltr'><strong>composita</strong></span> <span class='ocrx_word' id='word_1_141' title='bbox 1219 1365 1445 1428; x_wconf 82' lang='lat' dir='ltr'><strong>fatetur,</strong></span> <span class='ocrx_word' id='word_1_142' title='bbox 1478 1362 1709 1418; x_wconf 88' lang='lat' dir='ltr'><strong>credidit</strong></span> <span class='ocrx_word' id='word_1_143' title='bbox 1737 1375 1858 1416; x_wconf 90' lang='lat' dir='ltr'><strong>esse</strong></span> <span class='ocrx_word' id='word_1_144' title='bbox 1879 1375 1996 1430; x_wconf 77' lang='lat' dir='ltr'><strong>qua:</strong></span> <span class='ocrx_word' id='word_1_145' title='bbox 2041 1359 2096 1413; x_wconf 92' lang='lat' dir='ltr'><strong>in</strong></span> <span class='ocrx_word' id='word_1_146' title='bbox 2198 1368 2306 1427; x_wconf 93' lang='lat' dir='ltr'><strong>tur,</strong></span> <span class='ocrx_word' id='word_1_147' title='bbox 2341 1374 2444 1414; x_wconf 91' lang='lat' dir='ltr'><strong>non</strong></span> <span class='ocrx_word' id='word_1_148' title='bbox 2486 1359 2762 1413; x_wconf 87' lang='lat' dir='ltr'><strong>minimam</strong></span> <span class='ocrx_word' id='word_1_149' title='bbox 2799 1357 3264 1427; x_wconf 86' lang='lat' dir='ltr'><strong>perturbationem</strong></span> <span class='ocrx_word' id='word_1_150' title='bbox 3294 1353 3636 1419; x_wconf 78' lang='lat' dir='ltr'><strong>excitaverit,</strong></span> <span class='ocrx_word' id='word_1_151' title='bbox 3688 1369 3801 1411; x_wconf 87' lang='lat' dir='ltr'><strong>nec</strong></span> 
     </span>
    </p>
   </div>
   <div class='ocr_carea' id='block_1_15' title="bbox 515 1445 3798 1535">
    <p class='ocr_par' dir='ltr' id='par_1_15' title="bbox 515 1445 3798 1535">
     <span class='ocr_line' id='line_1_15' title="bbox 515 1445 3798 1535; baseline -0.005 -15"><span class='ocrx_word' id='word_1_152' title='bbox 515 1465 628 1535; x_wconf 87' lang='lat' dir='ltr'><strong>ejus</strong></span> <span class='ocrx_word' id='word_1_153' title='bbox 655 1461 806 1518; x_wconf 86' lang='lat' dir='ltr'><strong>libris</strong></span> <span class='ocrx_word' id='word_1_154' title='bbox 830 1459 1040 1516; x_wconf 91' lang='lat' dir='ltr'><strong>meliori</strong></span> <span class='ocrx_word' id='word_1_155' title='bbox 1067 1471 1228 1515; x_wconf 87' lang='lat' dir='ltr'><strong>sensu</strong></span> <span class='ocrx_word' id='word_1_156' title='bbox 1259 1453 1603 1524; x_wconf 88' lang='lat' dir='ltr'><strong>interpretari</strong></span> <span class='ocrx_word' id='word_1_157' title='bbox 1634 1467 1740 1507; x_wconf 90' lang='lat' dir='ltr'><strong>non</strong></span> <span class='ocrx_word' id='word_1_158' title='bbox 1775 1451 1982 1520; x_wconf 89' lang='lat' dir='ltr'><strong>potuit;</strong></span> <span class='ocrx_word' id='word_1_159' title='bbox 2013 1465 2095 1504; x_wconf 81' lang='lat' dir='ltr'><strong>er-</strong></span> <span class='ocrx_word' id='word_1_160' title='bbox 2197 1459 2323 1504; x_wconf 90' lang='lat' dir='ltr'><strong>ante</strong></span> <span class='ocrx_word' id='word_1_161' title='bbox 2351 1449 2533 1504; x_wconf 86' lang='lat' dir='ltr'><strong>sedata</strong></span> <span class='ocrx_word' id='word_1_162' title='bbox 2564 1449 2633 1501; x_wconf 89' lang='lat' dir='ltr'><strong>sit</strong></span> <span class='ocrx_word' id='word_1_163' title='bbox 2661 1461 2822 1516; x_wconf 89' lang='lat' dir='ltr'><strong>quam</strong></span> <span class='ocrx_word' id='word_1_164' title='bbox 2854 1445 3179 1502; x_wconf 88' lang='lat' dir='ltr'><strong>fortissimus</strong></span> <span class='ocrx_word' id='word_1_165' title='bbox 3207 1445 3303 1500; x_wconf 93' lang='lat' dir='ltr'><strong>ille</strong></span> <span class='ocrx_word' id='word_1_166' title='bbox 3349 1460 3652 1516; x_wconf 81' lang='lat' dir='ltr'><strong>exsurgens</strong></span> <span class='ocrx_word' id='word_1_167' title='bbox 3677 1461 3798 1503; x_wconf 85' lang='lat' dir='ltr'><strong>non</strong></span> 
     </span>
    </p>
   </div>
   <div class='ocr_carea' id='block_1_16' title="bbox 515 1536 3798 1616">
    <p class='ocr_par' dir='ltr' id='par_1_16' title="bbox 515 1536 3798 1616">
     <span class='ocr_line' id='line_1_16' title="bbox 515 1536 3798 1616; baseline -0.005 -6"><span class='ocrx_word' id='word_1_168' title='bbox 515 1553 620 1610; x_wconf 90' lang='lat' dir='ltr'><strong>rori</strong></span> <span class='ocrx_word' id='word_1_169' title='bbox 645 1551 955 1608; x_wconf 83' lang='lat' dir='ltr'><strong>cohibuisse</strong></span> <span class='ocrx_word' id='word_1_170' title='bbox 973 1548 1198 1605; x_wconf 90' lang='lat' dir='ltr'><strong>dicenda</strong></span> <span class='ocrx_word' id='word_1_171' title='bbox 1221 1553 1325 1610; x_wconf 89' lang='lat' dir='ltr'><strong>est,</strong></span> <span class='ocrx_word' id='word_1_172' title='bbox 1349 1544 1488 1616; x_wconf 88' lang='lat' dir='ltr'><strong>quod</strong></span> <span class='ocrx_word' id='word_1_173' title='bbox 1521 1557 1640 1598; x_wconf 90' lang='lat' dir='ltr'><strong>eum</strong></span> <span class='ocrx_word' id='word_1_174' title='bbox 1668 1556 1762 1612; x_wconf 91' lang='lat' dir='ltr'><strong>pro</strong></span> <span class='ocrx_word' id='word_1_175' title='bbox 1794 1542 1875 1594; x_wconf 86' lang='lat' dir='ltr'><strong>his</strong></span> <span class='ocrx_word' id='word_1_176' title='bbox 1898 1540 1951 1594; x_wconf 92' lang='lat' dir='ltr'><strong>in</strong></span> <span class='ocrx_word' id='word_1_177' title='bbox 1975 1539 2097 1608; x_wconf 89' lang='lat' dir='ltr'><strong>qui-</strong></span> <span class='ocrx_word' id='word_1_178' title='bbox 2201 1550 2320 1612; x_wconf 85' lang='lat' dir='ltr'><strong>post</strong></span> <span class='ocrx_word' id='word_1_179' title='bbox 2349 1541 2548 1595; x_wconf 87' lang='lat' dir='ltr'><strong>multos</strong></span> <span class='ocrx_word' id='word_1_180' title='bbox 2584 1537 2719 1604; x_wconf 89' lang='lat' dir='ltr'><strong>dies,</strong></span> <span class='ocrx_word' id='word_1_181' title='bbox 2764 1538 2897 1592; x_wconf 89' lang='lat' dir='ltr'><strong>illud</strong></span> <span class='ocrx_word' id='word_1_182' title='bbox 2945 1536 3086 1607; x_wconf 91' lang='lat' dir='ltr'><strong>quod</strong></span> <span class='ocrx_word' id='word_1_183' title='bbox 3119 1537 3186 1592; x_wconf 90' lang='lat' dir='ltr'><strong>ab</strong></span> <span class='ocrx_word' id='word_1_184' title='bbox 3226 1551 3293 1593; x_wconf 91' lang='lat' dir='ltr'><strong>eo</strong></span> <span class='ocrx_word' id='word_1_185' title='bbox 3322 1537 3528 1594; x_wconf 88' lang='lat' dir='ltr'><strong>dictum</strong></span> <span class='ocrx_word' id='word_1_186' title='bbox 3573 1547 3698 1595; x_wconf 86' lang='lat' dir='ltr'><strong>erat</strong></span> <span class='ocrx_word' id='word_1_187' title='bbox 3725 1539 3798 1594; x_wconf 84' lang='lat' dir='ltr'><strong>ad</strong></span> 
     </span>
    </p>
   </div>
   <div class='ocr_carea' id='block_1_17' title="bbox 516 1629 3798 1713">
    <p class='ocr_par' dir='ltr' id='par_1_17' title="bbox 516 1629 3798 1713">
     <span class='ocr_line' id='line_1_17' title="bbox 516 1629 3798 1713; baseline -0.004 -13"><span class='ocrx_word' id='word_1_188' title='bbox 516 1659 612 1700; x_wconf 87' lang='lat' dir='ltr'><strong>nus</strong></span> <span class='ocrx_word' id='word_1_189' title='bbox 644 1641 1001 1713; x_wconf 84' lang='lat' dir='ltr'><strong>ignorantiam</strong></span> <span class='ocrx_word' id='word_1_190' title='bbox 1029 1649 1083 1695; x_wconf 89' lang='lat' dir='ltr'><strong>et</strong></span> <span class='ocrx_word' id='word_1_191' title='bbox 1114 1637 1492 1709; x_wconf 79' lang='lat' dir='ltr'><strong>negligentiam</strong></span> <span class='ocrx_word' id='word_1_192' title='bbox 1515 1647 1663 1687; x_wconf 91' lang='lat' dir='ltr'><strong>suam</strong></span> <span class='ocrx_word' id='word_1_193' title='bbox 1693 1637 1884 1700; x_wconf 80' lang='lat' dir='ltr'><strong>Sponte</strong></span> <span class='ocrx_word' id='word_1_194' title='bbox 1911 1629 2096 1698; x_wconf 85' lang='lat' dir='ltr'><strong>culpa-</strong></span> <span class='ocrx_word' id='word_1_195' title='bbox 2200 1634 2484 1688; x_wconf 83' lang='lat' dir='ltr'><strong>utilitatem</strong></span> <span class='ocrx_word' id='word_1_196' title='bbox 2520 1629 2800 1697; x_wconf 84' lang='lat' dir='ltr'><strong>Ecclesiae,</strong></span> <span class='ocrx_word' id='word_1_197' title='bbox 2843 1630 2960 1684; x_wconf 87' lang='lat' dir='ltr'><strong>sine</strong></span> <span class='ocrx_word' id='word_1_198' title='bbox 2988 1630 3306 1686; x_wconf 81' lang='lat' dir='ltr'><strong>confusione</strong></span> <span class='ocrx_word' id='word_1_199' title='bbox 3348 1632 3675 1700; x_wconf 83' lang='lat' dir='ltr'><strong>corrigeret.</strong></span> <span class='ocrx_word' id='word_1_200' title='bbox 3731 1634 3798 1689; x_wconf 81' lang='lat' dir='ltr'><strong>Et</strong></span> 
     </span>
    </p>
   </div>
   <div class='ocr_carea' id='block_1_18' title="bbox 516 1719 3792 1804">
    <p class='ocr_par' dir='ltr' id='par_1_18' title="bbox 516 1719 3792 1804">
     <span class='ocr_line' id='line_1_18' title="bbox 516 1719 3792 1804; baseline -0.002 -15"><span class='ocrx_word' id='word_1_201' title='bbox 516 1737 610 1804; x_wconf 85' lang='lat' dir='ltr'><strong>vit,</strong></span> <span class='ocrx_word' id='word_1_202' title='bbox 661 1749 772 1790; x_wconf 88' lang='lat' dir='ltr'><strong>non</strong></span> <span class='ocrx_word' id='word_1_203' title='bbox 811 1733 1073 1804; x_wconf 83' lang='lat' dir='ltr'><strong>judicavit</strong></span> <span class='ocrx_word' id='word_1_204' title='bbox 1105 1731 1416 1786; x_wconf 69' lang='lat' dir='ltr'><strong>liaercdcum</strong></span> <span class='ocrx_word' id='word_1_205' title='bbox 1437 1771 1450 1795; x_wconf 94' lang='lat'><strong>,</strong></span> <span class='ocrx_word' id='word_1_206' title='bbox 1478 1737 1531 1782; x_wconf 88' lang='lat' dir='ltr'><strong>et</strong></span> <span class='ocrx_word' id='word_1_207' title='bbox 1559 1739 1654 1796; x_wconf 89' lang='lat' dir='ltr'><strong>pro</strong></span> <span class='ocrx_word' id='word_1_208' title='bbox 1684 1724 1895 1781; x_wconf 63' lang='lat' dir='ltr'><strong>caeteris</strong></span> <span class='ocrx_word' id='word_1_209' title='bbox 1931 1721 2095 1778; x_wconf 87' lang='lat' dir='ltr'><strong>ineul-</strong></span> <span class='ocrx_word' id='word_1_210' title='bbox 2127 1719 2177 1784; x_wconf 86' lang='grc' dir='ltr'>Β</span> <span class='ocrx_word' id='word_1_211' title='bbox 2203 1739 2386 1781; x_wconf 86' lang='lat' dir='ltr'><strong>revera</strong></span> <span class='ocrx_word' id='word_1_212' title='bbox 2414 1737 2619 1793; x_wconf 79' lang='lat' dir='ltr'><strong>magnae</strong></span> <span class='ocrx_word' id='word_1_213' title='bbox 2649 1721 2976 1777; x_wconf 77' lang='lat' dir='ltr'><strong>fortitudinis</strong></span> <span class='ocrx_word' id='word_1_214' title='bbox 3012 1721 3114 1777; x_wconf 86' lang='lat' dir='ltr'><strong>fuit</strong></span> <span class='ocrx_word' id='word_1_215' title='bbox 3142 1731 3199 1777; x_wconf 93' lang='lat' dir='ltr'><strong>ut</strong></span> <span class='ocrx_word' id='word_1_216' title='bbox 3243 1725 3481 1794; x_wconf 86' lang='lat' dir='ltr'><strong>seipsum</strong></span> <span class='ocrx_word' id='word_1_217' title='bbox 3510 1725 3792 1796; x_wconf 81' lang='lat' dir='ltr'><strong>interpre-</strong></span> 
     </span>
    </p>
   </div>
   <div class='ocr_carea' id='block_1_19' title="bbox 495 443 2070 530">
    <p class='ocr_par' dir='ltr' id='par_1_19' title="bbox 495 443 2070 530">
     <span class='ocr_line' id='line_1_19' title="bbox 495 443 2070 530; baseline -0.019 -7"><span class='ocrx_word' id='word_1_218' title='bbox 495 443 835 530; x_wconf 85' lang='lat' dir='ltr'><strong>moravimus,</strong></span> <span class='ocrx_word' id='word_1_219' title='bbox 866 459 1006 515; x_wconf 90' lang='lat' dir='ltr'><strong>idem</strong></span> <span class='ocrx_word' id='word_1_220' title='bbox 1035 453 1353 510; x_wconf 82' lang='lat' dir='ltr'><strong>Theodorus</strong></span> <span class='ocrx_word' id='word_1_221' title='bbox 1383 447 1508 503; x_wconf 83' lang='lat' dir='ltr'><strong>dicit</strong></span> <span class='ocrx_word' id='word_1_222' title='bbox 1549 466 1562 502; x_wconf 90' lang='lat'><strong>:</strong></span> <span class='ocrx_word' id='word_1_223' title='bbox 1615 465 1633 498; x_wconf 76' lang='grc' dir='ltr'>ι</span> <span class='ocrx_word' id='word_1_224' title='bbox 1670 443 1785 500; x_wconf 82' lang='grc' dir='ltr'><strong>Νοη</strong></span> <span class='ocrx_word' id='word_1_225' title='bbox 1819 452 2070 512; x_wconf 90' lang='lat' dir='ltr'><strong>quantam</strong></span> 
     </span>
    </p>
   </div>
   <div class='ocr_carea' id='block_1_20' title="bbox 496 533 2074 627">
    <p class='ocr_par' dir='ltr' id='par_1_20' title="bbox 496 533 2074 627">
     <span class='ocr_line' id='line_1_20' title="bbox 496 533 2074 627; baseline -0.018 -14"><span class='ocrx_word' id='word_1_226' title='bbox 496 559 799 627; x_wconf 84' lang='lat' dir='ltr'><strong>oportuerat</strong></span> <span class='ocrx_word' id='word_1_227' title='bbox 845 547 1127 603; x_wconf 88' lang='lat' dir='ltr'><strong>habuimus</strong></span> <span class='ocrx_word' id='word_1_228' title='bbox 1173 544 1319 598; x_wconf 86' lang='lat' dir='ltr'><strong>circa</strong></span> <span class='ocrx_word' id='word_1_229' title='bbox 1361 539 1519 595; x_wconf 87' lang='lat' dir='ltr'><strong>istam</strong></span> <span class='ocrx_word' id='word_1_230' title='bbox 1574 553 1685 593; x_wconf 89' lang='lat' dir='ltr'><strong>rem</strong></span> <span class='ocrx_word' id='word_1_231' title='bbox 1720 533 2074 627; x_wconf 83' lang='lat' dir='ltr'><strong>diligentiam.</strong></span> 
     </span>
    </p>
   </div>
   <div class='ocr_carea' id='block_1_21' title="bbox 498 623 2076 707">
    <p class='ocr_par' dir='ltr' id='par_1_21' title="bbox 498 623 2076 707">
     <span class='ocr_line' id='line_1_21' title="bbox 498 623 2076 707; baseline -0.015 -5"><span class='ocrx_word' id='word_1_232' title='bbox 498 623 644 702; x_wconf 76' lang='lat' dir='ltr'><strong>Passi</strong></span> <span class='ocrx_word' id='word_1_233' title='bbox 666 643 809 700; x_wconf 87' lang='lat' dir='ltr'><strong>enim</strong></span> <span class='ocrx_word' id='word_1_234' title='bbox 840 651 1022 694; x_wconf 86' lang='lat' dir='ltr'><strong>sumus</strong></span> <span class='ocrx_word' id='word_1_235' title='bbox 1047 645 1384 707; x_wconf 72' lang='lat' dir='ltr'><strong>q‘utecunquc</strong></span> <span class='ocrx_word' id='word_1_236' title='bbox 1416 629 1755 700; x_wconf 85' lang='lat' dir='ltr'><strong>incipientes,</strong></span> <span class='ocrx_word' id='word_1_237' title='bbox 1789 638 1845 683; x_wconf 94' lang='lat' dir='ltr'><strong>ut</strong></span> <span class='ocrx_word' id='word_1_238' title='bbox 1875 623 2076 695; x_wconf 88' lang='lat' dir='ltr'><strong>evenit,</strong></span> 
     </span>
    </p>
   </div>
   <div class='ocr_carea' id='block_1_22' title="bbox 499 719 2082 806">
    <p class='ocr_par' dir='ltr' id='par_1_22' title="bbox 499 719 2082 806">
     <span class='ocr_line' id='line_1_22' title="bbox 499 719 2082 806; baseline -0.013 -13"><span class='ocrx_word' id='word_1_239' title='bbox 499 740 549 794; x_wconf 90' lang='lat' dir='ltr'><strong>In</strong></span> <span class='ocrx_word' id='word_1_240' title='bbox 579 731 846 806; x_wconf 87' lang='lat' dir='ltr'><strong>imperitia</strong></span> <span class='ocrx_word' id='word_1_241' title='bbox 875 729 1146 787; x_wconf 80' lang='lat' dir='ltr'><strong>scribendi</strong></span> <span class='ocrx_word' id='word_1_242' title='bbox 1173 722 1471 782; x_wconf 87' lang='lat' dir='ltr'><strong>constituti.</strong></span> <span class='ocrx_word' id='word_1_243' title='bbox 1497 721 1774 794; x_wconf 89' lang='lat' dir='ltr'><strong>Siquidem</strong></span> <span class='ocrx_word' id='word_1_244' title='bbox 1806 727 1859 775; x_wconf 88' lang='lat' dir='ltr'><strong>et</strong></span> <span class='ocrx_word' id='word_1_245' title='bbox 1884 719 2082 774; x_wconf 88' lang='lat' dir='ltr'><strong>multas</strong></span> 
     </span>
    </p>
   </div>
   <div class='ocr_carea' id='block_1_23' title="bbox 501 819 2081 890">
    <p class='ocr_par' dir='ltr' id='par_1_23' title="bbox 501 819 2081 890">
     <span class='ocr_line' id='line_1_23' title="bbox 501 819 2081 890; baseline -0.012 -7"><span class='ocrx_word' id='word_1_246' title='bbox 501 821 905 883; x_wconf 86' lang='lat' dir='ltr'><strong>immutationes</strong></span> <span class='ocrx_word' id='word_1_247' title='bbox 940 822 1034 876; x_wconf 90' lang='lat' dir='ltr'><strong>illo</strong></span> <span class='ocrx_word' id='word_1_248' title='bbox 1066 829 1311 890; x_wconf 92' lang='lat' dir='ltr'><strong>tempore</strong></span> <span class='ocrx_word' id='word_1_249' title='bbox 1341 831 1460 886; x_wconf 81' lang='lat' dir='ltr'><strong>quae</strong></span> <span class='ocrx_word' id='word_1_250' title='bbox 1491 825 1672 870; x_wconf 88' lang='lat' dir='ltr'><strong>nostra</strong></span> <span class='ocrx_word' id='word_1_251' title='bbox 1700 819 2081 882; x_wconf 88' lang='lat' dir='ltr'><strong>susceperunt;</strong></span> 
     </span>
    </p>
   </div>
   <div class='ocr_carea' id='block_1_24' title="bbox 516 1815 1524 1900">
    <p class='ocr_par' dir='ltr' id='par_1_24' title="bbox 516 1815 1524 1900">
     <span class='ocr_line' id='line_1_24' title="bbox 516 1815 1524 1900; baseline -0.007 -19"><span class='ocrx_word' id='word_1_252' title='bbox 516 1815 778 1900; x_wconf 82' lang='lat' dir='ltr'><strong>pabilibus</strong></span> <span class='ocrx_word' id='word_1_253' title='bbox 807 1826 1037 1883; x_wconf 87' lang='lat' dir='ltr'><strong>credidit</strong></span> <span class='ocrx_word' id='word_1_254' title='bbox 1065 1838 1184 1880; x_wconf 88' lang='lat' dir='ltr'><strong>esse</strong></span> <span class='ocrx_word' id='word_1_255' title='bbox 1208 1819 1524 1878; x_wconf 75' lang='lat' dir='ltr'><strong>laudatum?</strong></span> 
     </span>
    </p>
   </div>
   <div class='ocr_carea' id='block_1_25' title="bbox 1136 1933 1467 1989">
    <p class='ocr_par' dir='ltr' id='par_1_25' title="bbox 1136 1933 1467 1989">
     <span class='ocr_line' id='line_1_25' title="bbox 1136 1933 1467 1989; baseline -0.009 0"><span class='ocrx_word' id='word_1_256' title='bbox 1136 1934 1364 1989; x_wconf 84' lang='lat' dir='ltr'><strong>CAPUT</strong></span> <span class='ocrx_word' id='word_1_257' title='bbox 1403 1933 1467 1988; x_wconf 87' lang='grc' dir='ltr'><strong>ιι.</strong></span> 
     </span>
    </p>
   </div>
   <div class='ocr_carea' id='block_1_26' title="bbox 523 2023 2106 2100">
    <p class='ocr_par' dir='ltr' id='par_1_26' title="bbox 523 2023 2106 2100">
     <span class='ocr_line' id='line_1_26' title="bbox 523 2023 2106 2100; baseline -0.008 -15"><span class='ocrx_word' id='word_1_258' title='bbox 523 2031 670 2100; x_wconf 84' lang='lat' dir='ltr'><strong>Quod</strong></span> <span class='ocrx_word' id='word_1_259' title='bbox 699 2031 792 2084; x_wconf 83' lang='lat' dir='ltr'><strong>etsi</strong></span> <span class='ocrx_word' id='word_1_260' title='bbox 818 2029 1095 2100; x_wconf 78' lang='lat' dir='ltr'><strong>aliquando</strong></span> <span class='ocrx_word' id='word_1_261' title='bbox 1119 2031 1320 2100; x_wconf 66' lang='grc' dir='ltr'><strong>ξιτατ-η,</strong></span> <span class='ocrx_word' id='word_1_262' title='bbox 1350 2027 1586 2100; x_wconf 70' lang='lat' dir='ltr'><strong>damnari</strong></span> <span class='ocrx_word' id='word_1_263' title='bbox 1624 2035 1678 2078; x_wconf 86' lang='lat' dir='ltr'><strong>ut</strong></span> <span class='ocrx_word' id='word_1_264' title='bbox 1709 2023 1975 2100; x_wconf 64' lang='lat' dir='ltr'><strong>horreticus</strong></span> <span class='ocrx_word' id='word_1_265' title='bbox 2007 2037 2106 2100; x_wconf 79' lang='lat' dir='ltr'><strong>non</strong></span> 
     </span>
    </p>
   </div>
   <div class='ocr_carea' id='block_1_27' title="bbox 591 2092 2106 2173">
    <p class='ocr_par' dir='ltr' id='par_1_27' title="bbox 591 2092 2106 2173">
     <span class='ocr_line' id='line_1_27' title="bbox 591 2092 2106 2173; baseline -0.009 -18"><span class='ocrx_word' id='word_1_266' title='bbox 591 2101 831 2173; x_wconf 79' lang='lat' dir='ltr'><strong>potuerit,</strong></span> <span class='ocrx_word' id='word_1_267' title='bbox 865 2092 985 2173; x_wconf 70' lang='lat' dir='ltr'><strong>quia</strong></span> <span class='ocrx_word' id='word_1_268' title='bbox 1012 2099 1247 2168; x_wconf 78' lang='lat' dir='ltr'><strong>pertinax</strong></span> <span class='ocrx_word' id='word_1_269' title='bbox 1277 2114 1375 2173; x_wconf 80' lang='lat' dir='ltr'><strong>non</strong></span> <span class='ocrx_word' id='word_1_270' title='bbox 1408 2096 1529 2166; x_wconf 78' lang='lat' dir='ltr'><strong>fuit,</strong></span> <span class='ocrx_word' id='word_1_271' title='bbox 1562 2112 1675 2148; x_wconf 84' lang='lat' dir='ltr'><strong>cum</strong></span> <span class='ocrx_word' id='word_1_272' title='bbox 1702 2093 1839 2147; x_wconf 85' lang='lat' dir='ltr'><strong>ultro</strong></span> <span class='ocrx_word' id='word_1_273' title='bbox 1872 2092 2106 2162; x_wconf 75' lang='lat' dir='ltr'><strong>quu&#39;dum</strong></span> 
     </span>
    </p>
   </div>
   <div class='ocr_carea' id='block_1_28' title="bbox 592 2168 1361 2242">
    <p class='ocr_par' dir='ltr' id='par_1_28' title="bbox 592 2168 1361 2242">
     <span class='ocr_line' id='line_1_28' title="bbox 592 2168 1361 2242; baseline -0.01 -15"><span class='ocrx_word' id='word_1_274' title='bbox 592 2168 706 2242; x_wconf 69' lang='lat' dir='ltr'><strong>qua</strong></span> <span class='ocrx_word' id='word_1_275' title='bbox 733 2169 1039 2224; x_wconf 78' lang='lat' dir='ltr'><strong>notabantur</strong></span> <span class='ocrx_word' id='word_1_276' title='bbox 1069 2168 1361 2221; x_wconf 75' lang='lat' dir='ltr'><strong>correxerit.</strong></span> 
     </span>
    </p>
   </div>
   <div class='ocr_carea' id='block_1_29' title="bbox 596 2291 2105 2376">
    <p class='ocr_par' dir='ltr' id='par_1_29' title="bbox 596 2291 2105 2376">
     <span class='ocr_line' id='line_1_29' title="bbox 596 2291 2105 2376; baseline -0.007 -19"><span class='ocrx_word' id='word_1_277' title='bbox 596 2299 694 2357; x_wconf 86' lang='lat' dir='ltr'><strong>Est</strong></span> <span class='ocrx_word' id='word_1_278' title='bbox 716 2307 772 2356; x_wconf 88' lang='lat' dir='ltr'><strong>et</strong></span> <span class='ocrx_word' id='word_1_279' title='bbox 800 2299 943 2376; x_wconf 80' lang='lat' dir='ltr'><strong>aliud</strong></span> <span class='ocrx_word' id='word_1_280' title='bbox 974 2299 1226 2353; x_wconf 88' lang='lat' dir='ltr'><strong>nimirum</strong></span> <span class='ocrx_word' id='word_1_281' title='bbox 1256 2297 1426 2352; x_wconf 92' lang='lat' dir='ltr'><strong>multo</strong></span> <span class='ocrx_word' id='word_1_282' title='bbox 1449 2296 1662 2362; x_wconf 89' lang='lat' dir='ltr'><strong>fortius,</strong></span> <span class='ocrx_word' id='word_1_283' title='bbox 1691 2293 1836 2361; x_wconf 87' lang='lat' dir='ltr'><strong>quod</strong></span> <span class='ocrx_word' id='word_1_284' title='bbox 1865 2292 2020 2348; x_wconf 90' lang='lat' dir='ltr'><strong>nobis</strong></span> <span class='ocrx_word' id='word_1_285' title='bbox 2041 2291 2105 2346; x_wconf 90' lang='lat' dir='ltr'><strong>ad</strong></span> 
     </span>
    </p>
   </div>
   <div class='ocr_carea' id='block_1_30' title="bbox 524 2385 2111 2458">
    <p class='ocr_par' dir='ltr' id='par_1_30' title="bbox 524 2385 2111 2458">
     <span class='ocr_line' id='line_1_30' title="bbox 524 2385 2111 2458; baseline -0.008 -8"><span class='ocrx_word' id='word_1_286' title='bbox 524 2389 888 2449; x_wconf 87' lang='lat' dir='ltr'><strong>defensionem</strong></span> <span class='ocrx_word' id='word_1_287' title='bbox 929 2399 1192 2458; x_wconf 76' lang='lat' dir='ltr'><strong>susceptae</strong></span> <span class='ocrx_word' id='word_1_288' title='bbox 1219 2401 1399 2443; x_wconf 84' lang='lat' dir='ltr'><strong>causae</strong></span> <span class='ocrx_word' id='word_1_289' title='bbox 1431 2386 1695 2456; x_wconf 78' lang='lat' dir='ltr'><strong>proficiat.</strong></span> <span class='ocrx_word' id='word_1_290' title='bbox 1729 2385 1860 2439; x_wconf 89' lang='lat' dir='ltr'><strong>Nam</strong></span> <span class='ocrx_word' id='word_1_291' title='bbox 1892 2393 2111 2439; x_wconf 89' lang='lat' dir='ltr'><strong>sanctus</strong></span> 
     </span>
    </p>
   </div>
   <div class='ocr_carea' id='block_1_31' title="bbox 525 2467 2112 2550">
    <p class='ocr_par' dir='ltr' id='par_1_31' title="bbox 525 2467 2112 2550">
     <span class='ocr_line' id='line_1_31' title="bbox 525 2467 2112 2550; baseline -0.007 -9"><span class='ocrx_word' id='word_1_292' title='bbox 525 2486 759 2542; x_wconf 87' lang='lat' dir='ltr'><strong>Joannes</strong></span> <span class='ocrx_word' id='word_1_293' title='bbox 819 2483 1188 2539; x_wconf 82' lang='lat' dir='ltr'><strong>Antiochenus</strong></span> <span class='ocrx_word' id='word_1_294' title='bbox 1232 2495 1462 2550; x_wconf 90' lang='lat' dir='ltr'><strong>arguens</strong></span> <span class='ocrx_word' id='word_1_295' title='bbox 1517 2478 1708 2533; x_wconf 82' lang='lat' dir='ltr'><strong>litteris</strong></span> <span class='ocrx_word' id='word_1_296' title='bbox 1757 2467 1867 2532; x_wconf 83' lang='lat' dir='ltr'><strong>suis</strong></span> <span class='ocrx_word' id='word_1_297' title='bbox 1920 2476 2112 2532; x_wconf 89' lang='lat' dir='ltr'><strong>Nesto-</strong></span> 
     </span>
    </p>
   </div>
   <div class='ocr_carea' id='block_1_32' title="bbox 528 2568 2109 2646">
    <p class='ocr_par' dir='ltr' id='par_1_32' title="bbox 528 2568 2109 2646">
     <span class='ocr_line' id='line_1_32' title="bbox 528 2568 2109 2646; baseline -0.005 -16"><span class='ocrx_word' id='word_1_298' title='bbox 528 2577 664 2632; x_wconf 89' lang='lat' dir='ltr'><strong>rium</strong></span> <span class='ocrx_word' id='word_1_299' title='bbox 695 2575 874 2646; x_wconf 58' lang='lat' dir='ltr'><strong>Oquod</strong></span> <span class='ocrx_word' id='word_1_300' title='bbox 899 2575 1108 2630; x_wconf 79' lang='lat' dir='ltr'><strong>beatam</strong></span> <span class='ocrx_word' id='word_1_301' title='bbox 1133 2573 1352 2628; x_wconf 82' lang='lat' dir='ltr'><strong>Mariam</strong></span> <span class='ocrx_word' id='word_1_302' title='bbox 1381 2579 1605 2627; x_wconf 89' lang='lat' dir='ltr'><strong>matrem</strong></span> <span class='ocrx_word' id='word_1_303' title='bbox 1632 2568 1842 2625; x_wconf 87' lang='lat' dir='ltr'><strong>Domini</strong></span> <span class='ocrx_word' id='word_1_304' title='bbox 1865 2577 2109 2637; x_wconf 86' lang='lat' dir='ltr'><strong>negaret,</strong></span> 
     </span>
    </p>
   </div>
   <div class='ocr_carea' id='block_1_33' title="bbox 527 2661 2110 2732">
    <p class='ocr_par' dir='ltr' id='par_1_33' title="bbox 527 2661 2110 2732">
     <span class='ocr_line' id='line_1_33' title="bbox 527 2661 2110 2732; baseline -0.008 -7"><span class='ocrx_word' id='word_1_305' title='bbox 527 2677 666 2726; x_wconf 89' lang='lat' dir='ltr'><strong>etut</strong></span> <span class='ocrx_word' id='word_1_306' title='bbox 690 2668 793 2724; x_wconf 88' lang='lat' dir='ltr'><strong>hoc</strong></span> <span class='ocrx_word' id='word_1_307' title='bbox 818 2667 1163 2724; x_wconf 77' lang='lat' dir='ltr'><strong>confiteretur</strong></span> <span class='ocrx_word' id='word_1_308' title='bbox 1194 2667 1514 2730; x_wconf 83' lang='lat' dir='ltr'><strong>exhortans,</strong></span> <span class='ocrx_word' id='word_1_309' title='bbox 1566 2671 1685 2732; x_wconf 92' lang='lat' dir='ltr'><strong>post</strong></span> <span class='ocrx_word' id='word_1_310' title='bbox 1733 2662 1914 2731; x_wconf 90' lang='lat' dir='ltr'><strong>aliqua</strong></span> <span class='ocrx_word' id='word_1_311' title='bbox 1944 2661 2110 2715; x_wconf 82' lang='lat' dir='ltr'><strong>dicit:</strong></span> 
     </span>
    </p>
   </div>
   <div class='ocr_carea' id='block_1_34' title="bbox 533 2753 2112 2826">
    <p class='ocr_par' dir='ltr' id='par_1_34' title="bbox 533 2753 2112 2826">
     <span class='ocr_line' id='line_1_34' title="bbox 533 2753 2112 2826; baseline -0.006 -12"><span class='ocrx_word' id='word_1_312' title='bbox 533 2780 551 2814; x_wconf 76' lang='grc' dir='ltr'>ι</span> <span class='ocrx_word' id='word_1_313' title='bbox 584 2761 641 2818; x_wconf 89' lang='lat' dir='ltr'><strong>Si</strong></span> <span class='ocrx_word' id='word_1_314' title='bbox 667 2760 1087 2826; x_wconf 87' lang='lat' dir='ltr'><strong>videturautem,</strong></span> <span class='ocrx_word' id='word_1_315' title='bbox 1116 2760 1275 2814; x_wconf 88' lang='lat' dir='ltr'><strong>etiam</strong></span> <span class='ocrx_word' id='word_1_316' title='bbox 1295 2757 1417 2811; x_wconf 93' lang='lat' dir='ltr'><strong>boni</strong></span> <span class='ocrx_word' id='word_1_317' title='bbox 1438 2753 1672 2825; x_wconf 82' lang='lat' dir='ltr'><strong>exempli</strong></span> <span class='ocrx_word' id='word_1_318' title='bbox 1697 2760 1996 2824; x_wconf 87' lang='lat' dir='ltr'><strong>opportune</strong></span> <span class='ocrx_word' id='word_1_319' title='bbox 2019 2764 2112 2806; x_wconf 91' lang='lat' dir='ltr'><strong>vos</strong></span> 
     </span>
    </p>
   </div>
   <div class='ocr_carea' id='block_1_35' title="bbox 529 2843 2113 2921">
    <p class='ocr_par' dir='ltr' id='par_1_35' title="bbox 529 2843 2113 2921">
     <span class='ocr_line' id='line_1_35' title="bbox 529 2843 2113 2921; baseline -0.008 -11"><span class='ocrx_word' id='word_1_320' title='bbox 529 2851 996 2918; x_wconf 85' lang='lat' dir='ltr'><strong>commemorabo,</strong></span> <span class='ocrx_word' id='word_1_321' title='bbox 1042 2851 1197 2921; x_wconf 86' lang='lat' dir='ltr'><strong>cujus</strong></span> <span class='ocrx_word' id='word_1_322' title='bbox 1228 2847 1540 2904; x_wconf 87' lang='lat' dir='ltr'><strong>meminisse</strong></span> <span class='ocrx_word' id='word_1_323' title='bbox 1585 2847 1729 2911; x_wconf 91' lang='lat' dir='ltr'><strong>volo,</strong></span> <span class='ocrx_word' id='word_1_324' title='bbox 1771 2843 2113 2900; x_wconf 86' lang='lat' dir='ltr'><strong>sanctissime</strong></span> 
     </span>
    </p>
   </div>
   <div class='ocr_carea' id='block_1_36' title="bbox 531 2933 2113 3014">
    <p class='ocr_par' dir='ltr' id='par_1_36' title="bbox 531 2933 2113 3014">
     <span class='ocr_line' id='line_1_36' title="bbox 531 2933 2113 3014; baseline -0.007 -15"><span class='ocrx_word' id='word_1_325' title='bbox 531 2935 714 3000; x_wconf 76' lang='lat' dir='ltr'><strong>frater.</strong></span> <span class='ocrx_word' id='word_1_326' title='bbox 747 2943 931 3014; x_wconf 85' lang='lat' dir='ltr'><strong>Neque</strong></span> <span class='ocrx_word' id='word_1_327' title='bbox 958 2943 1102 2998; x_wconf 89' lang='lat' dir='ltr'><strong>enim</strong></span> <span class='ocrx_word' id='word_1_328' title='bbox 1134 2953 1342 3011; x_wconf 85' lang='lat' dir='ltr'><strong>tempus</strong></span> <span class='ocrx_word' id='word_1_329' title='bbox 1373 2939 1598 2993; x_wconf 87' lang='lat' dir='ltr'><strong>multum</strong></span> <span class='ocrx_word' id='word_1_330' title='bbox 1629 2944 1714 2993; x_wconf 86' lang='lat' dir='ltr'><strong>est</strong></span> <span class='ocrx_word' id='word_1_331' title='bbox 1743 2950 1809 2992; x_wconf 84' lang='lat' dir='ltr'><strong>ex</strong></span> <span class='ocrx_word' id='word_1_332' title='bbox 1837 2949 1943 3005; x_wconf 92' lang='lat' dir='ltr'><strong>quo</strong></span> <span class='ocrx_word' id='word_1_333' title='bbox 1974 2933 2113 3003; x_wconf 91' lang='lat' dir='ltr'><strong>apud</strong></span> 
     </span>
    </p>
   </div>
   <div class='ocr_carea' id='block_1_37' title="bbox 530 3030 2111 3108">
    <p class='ocr_par' dir='ltr' id='par_1_37' title="bbox 530 3030 2111 3108">
     <span class='ocr_line' id='line_1_37' title="bbox 530 3030 2111 3108; baseline -0.006 -17"><span class='ocrx_word' id='word_1_334' title='bbox 530 3051 627 3093; x_wconf 86' lang='lat' dir='ltr'><strong>nos</strong></span> <span class='ocrx_word' id='word_1_335' title='bbox 646 3036 868 3108; x_wconf 88' lang='lat' dir='ltr'><strong>contigit</strong></span> <span class='ocrx_word' id='word_1_336' title='bbox 894 3046 951 3091; x_wconf 92' lang='lat' dir='ltr'><strong>ut</strong></span> <span class='ocrx_word' id='word_1_337' title='bbox 979 3035 1237 3091; x_wconf 89' lang='lat' dir='ltr'><strong>oblivioni</strong></span> <span class='ocrx_word' id='word_1_338' title='bbox 1265 3034 1486 3088; x_wconf 81' lang='lat' dir='ltr'><strong>forsitan</strong></span> <span class='ocrx_word' id='word_1_339' title='bbox 1515 3030 1878 3086; x_wconf 88' lang='lat' dir='ltr'><strong>mandaretur.</strong></span> <span class='ocrx_word' id='word_1_340' title='bbox 1911 3030 2111 3083; x_wconf 80' lang='lat' dir='ltr'><strong>Recor-</strong></span> 
     </span>
    </p>
   </div>
   <div class='ocr_carea' id='block_1_38' title="bbox 2211 1814 3796 1889">
    <p class='ocr_par' dir='ltr' id='par_1_38' title="bbox 2211 1814 3796 1889">
     <span class='ocr_line' id='line_1_38' title="bbox 2211 1814 3796 1889; baseline 0.004 -19"><span class='ocrx_word' id='word_1_341' title='bbox 2211 1828 2434 1884; x_wconf 89' lang='lat' dir='ltr'><strong>taretur,</strong></span> <span class='ocrx_word' id='word_1_342' title='bbox 2478 1815 2686 1871; x_wconf 81' lang='lat' dir='ltr'><strong>calcare</strong></span> <span class='ocrx_word' id='word_1_343' title='bbox 2725 1815 2948 1884; x_wconf 79' lang='lat' dir='ltr'><strong>gloriam</strong></span> <span class='ocrx_word' id='word_1_344' title='bbox 2997 1814 3306 1885; x_wconf 84' lang='lat' dir='ltr'><strong>magisterio</strong></span> <span class='ocrx_word' id='word_1_345' title='bbox 3353 1819 3497 1889; x_wconf 83' lang='lat' dir='ltr'><strong>longi</strong></span> <span class='ocrx_word' id='word_1_346' title='bbox 3525 1821 3796 1889; x_wconf 79' lang='lat' dir='ltr'><strong>temporis</strong></span> 
     </span>
    </p>
   </div>
   <div class='ocr_carea' id='block_1_39' title="bbox 2211 1904 3794 1976">
    <p class='ocr_par' dir='ltr' id='par_1_39' title="bbox 2211 1904 3794 1976">
     <span class='ocr_line' id='line_1_39' title="bbox 2211 1904 3794 1976; baseline 0.004 -15"><span class='ocrx_word' id='word_1_347' title='bbox 2211 1908 2543 1976; x_wconf 89' lang='lat' dir='ltr'><strong>acquisitam,</strong></span> <span class='ocrx_word' id='word_1_348' title='bbox 2589 1912 2645 1962; x_wconf 91' lang='lat' dir='ltr'><strong>et</strong></span> <span class='ocrx_word' id='word_1_349' title='bbox 2690 1905 2758 1960; x_wconf 89' lang='lat' dir='ltr'><strong>ad</strong></span> <span class='ocrx_word' id='word_1_350' title='bbox 2801 1904 3227 1962; x_wconf 87' lang='lat' dir='ltr'><strong>emendationem</strong></span> <span class='ocrx_word' id='word_1_351' title='bbox 3265 1907 3394 1963; x_wconf 89' lang='lat' dir='ltr'><strong>dicti</strong></span> <span class='ocrx_word' id='word_1_352' title='bbox 3434 1911 3554 1966; x_wconf 88' lang='lat' dir='ltr'><strong>sine</strong></span> <span class='ocrx_word' id='word_1_353' title='bbox 3593 1911 3794 1967; x_wconf 76' lang='lat' dir='ltr'><strong>confu-</strong></span> 
     </span>
    </p>
   </div>
   <div class='ocr_carea' id='block_1_40' title="bbox 2212 1998 3796 2075">
    <p class='ocr_par' dir='ltr' id='par_1_40' title="bbox 2212 1998 3796 2075">
     <span class='ocr_line' id='line_1_40' title="bbox 2212 1998 3796 2075; baseline 0.005 -22"><span class='ocrx_word' id='word_1_354' title='bbox 2212 2003 2360 2055; x_wconf 87' lang='lat' dir='ltr'><strong>sione</strong></span> <span class='ocrx_word' id='word_1_355' title='bbox 2407 1999 2735 2056; x_wconf 86' lang='lat' dir='ltr'><strong>descendere</strong></span> <span class='ocrx_word' id='word_1_356' title='bbox 2763 2013 2778 2051; x_wconf 88' lang='lat'><strong>:</strong></span> <span class='ocrx_word' id='word_1_357' title='bbox 2805 1999 3040 2053; x_wconf 80' lang='lat' dir='ltr'><strong>maxime</strong></span> <span class='ocrx_word' id='word_1_358' title='bbox 3071 2013 3190 2053; x_wconf 86' lang='lat' dir='ltr'><strong>cum</strong></span> <span class='ocrx_word' id='word_1_359' title='bbox 3231 1998 3400 2058; x_wconf 84' lang='lat' dir='ltr'><strong>fretus</strong></span> <span class='ocrx_word' id='word_1_360' title='bbox 3429 2005 3796 2075; x_wconf 81' lang='lat' dir='ltr'><strong>conscientia,</strong></span> 
     </span>
    </p>
   </div>
   <div class='ocr_carea' id='block_1_41' title="bbox 2212 2086 3796 2170">
    <p class='ocr_par' dir='ltr' id='par_1_41' title="bbox 2212 2086 3796 2170">
     <span class='ocr_line' id='line_1_41' title="bbox 2212 2086 3796 2170; baseline 0.008 -24"><span class='ocrx_word' id='word_1_361' title='bbox 2212 2093 2330 2162; x_wconf 83' lang='lat' dir='ltr'><strong>quia</strong></span> <span class='ocrx_word' id='word_1_362' title='bbox 2364 2108 2470 2148; x_wconf 91' lang='lat' dir='ltr'><strong>non</strong></span> <span class='ocrx_word' id='word_1_363' title='bbox 2516 2093 2658 2148; x_wconf 86' lang='lat' dir='ltr'><strong>sicut</strong></span> <span class='ocrx_word' id='word_1_364' title='bbox 2703 2092 2984 2162; x_wconf 89' lang='lat' dir='ltr'><strong>putabatur</strong></span> <span class='ocrx_word' id='word_1_365' title='bbox 3016 2093 3115 2147; x_wconf 90' lang='lat' dir='ltr'><strong>hoc</strong></span> <span class='ocrx_word' id='word_1_366' title='bbox 3145 2093 3382 2160; x_wconf 78' lang='lat' dir='ltr'><strong>dixerat,</strong></span> <span class='ocrx_word' id='word_1_367' title='bbox 3413 2086 3573 2154; x_wconf 81' lang='lat' dir='ltr'><strong>facile</strong></span> <span class='ocrx_word' id='word_1_368' title='bbox 3614 2115 3796 2170; x_wconf 61' lang='lat' dir='ltr'><strong>posset</strong></span> 
     </span>
    </p>
   </div>
   <div class='ocr_carea' id='block_1_42' title="bbox 2213 2184 3799 2259">
    <p class='ocr_par' dir='ltr' id='par_1_42' title="bbox 2213 2184 3799 2259">
     <span class='ocr_line' id='line_1_42' title="bbox 2213 2184 3799 2259; baseline 0.008 -21"><span class='ocrx_word' id='word_1_369' title='bbox 2213 2185 2538 2240; x_wconf 91' lang='lat' dir='ltr'><strong>audientium</strong></span> <span class='ocrx_word' id='word_1_370' title='bbox 2564 2185 2956 2255; x_wconf 87' lang='lat' dir='ltr'><strong>parvipentlerc</strong></span> <span class='ocrx_word' id='word_1_371' title='bbox 2984 2184 3280 2256; x_wconf 74' lang='lat' dir='ltr'><strong>lmsionem,</strong></span> <span class='ocrx_word' id='word_1_372' title='bbox 3313 2203 3472 2259; x_wconf 89' lang='lat' dir='ltr'><strong>quam</strong></span> <span class='ocrx_word' id='word_1_373' title='bbox 3503 2200 3689 2248; x_wconf 86' lang='lat' dir='ltr'><strong>tamen</strong></span> <span class='ocrx_word' id='word_1_374' title='bbox 3710 2195 3799 2252; x_wconf 73' lang='lat' dir='ltr'><strong>diu</strong></span> 
     </span>
    </p>
   </div>
   <div class='ocr_carea' id='block_1_43' title="bbox 2215 2278 3797 2349">
    <p class='ocr_par' dir='ltr' id='par_1_43' title="bbox 2215 2278 3797 2349">
     <span class='ocr_line' id='line_1_43' title="bbox 2215 2278 3797 2349; baseline 0.006 -15"><span class='ocrx_word' id='word_1_375' title='bbox 2215 2293 2320 2334; x_wconf 91' lang='lat' dir='ltr'><strong>non</strong></span> <span class='ocrx_word' id='word_1_376' title='bbox 2352 2291 2539 2348; x_wconf 85' lang='lat' dir='ltr'><strong>passus</strong></span> <span class='ocrx_word' id='word_1_377' title='bbox 2570 2287 2651 2334; x_wconf 90' lang='lat' dir='ltr'><strong>est</strong></span> <span class='ocrx_word' id='word_1_378' title='bbox 2691 2278 2831 2333; x_wconf 87' lang='lat' dir='ltr'><strong>tradi</strong></span> <span class='ocrx_word' id='word_1_379' title='bbox 2864 2296 2877 2332; x_wconf 91' lang='lat'><strong>:</strong></span> <span class='ocrx_word' id='word_1_380' title='bbox 2910 2278 3035 2349; x_wconf 85' lang='lat' dir='ltr'><strong>quia</strong></span> <span class='ocrx_word' id='word_1_381' title='bbox 3081 2279 3192 2334; x_wconf 89' lang='lat' dir='ltr'><strong>cito</strong></span> <span class='ocrx_word' id='word_1_382' title='bbox 3221 2281 3438 2349; x_wconf 88' lang='lat' dir='ltr'><strong>pudoris</strong></span> <span class='ocrx_word' id='word_1_383' title='bbox 3479 2284 3654 2341; x_wconf 78' lang='lat' dir='ltr'><strong>victor</strong></span> <span class='ocrx_word' id='word_1_384' title='bbox 3689 2303 3797 2343; x_wconf 80' lang='lat' dir='ltr'><strong>non</strong></span> 
     </span>
    </p>
   </div>
   <div class='ocr_carea' id='block_1_44' title="bbox 2216 2370 3800 2443">
    <p class='ocr_par' dir='ltr' id='par_1_44' title="bbox 2216 2370 3800 2443">
     <span class='ocr_line' id='line_1_44' title="bbox 2216 2370 3800 2443; baseline 0.006 -16"><span class='ocrx_word' id='word_1_385' title='bbox 2216 2379 2336 2443; x_wconf 90' lang='lat' dir='ltr'><strong>post</strong></span> <span class='ocrx_word' id='word_1_386' title='bbox 2369 2373 2566 2428; x_wconf 90' lang='lat' dir='ltr'><strong>multos</strong></span> <span class='ocrx_word' id='word_1_387' title='bbox 2597 2372 2712 2427; x_wconf 90' lang='lat' dir='ltr'><strong>dies</strong></span> <span class='ocrx_word' id='word_1_388' title='bbox 2737 2370 3088 2427; x_wconf 76' lang='lat' dir='ltr'><strong>offensionem</strong></span> <span class='ocrx_word' id='word_1_389' title='bbox 3117 2375 3423 2443; x_wconf 87' lang='lat' dir='ltr'><strong>properavit</strong></span> <span class='ocrx_word' id='word_1_390' title='bbox 3441 2376 3664 2434; x_wconf 84' lang='lat' dir='ltr'><strong>auferre</strong></span> <span class='ocrx_word' id='word_1_391' title='bbox 3682 2381 3800 2437; x_wconf 82' lang='lat' dir='ltr'><strong>solo</strong></span> 
     </span>
    </p>
   </div>
   <div class='ocr_carea' id='block_1_45' title="bbox 2216 2465 3796 2530">
    <p class='ocr_par' dir='ltr' id='par_1_45' title="bbox 2216 2465 3796 2530">
     <span class='ocr_line' id='line_1_45' title="bbox 2216 2465 3796 2530; baseline 0.006 -10"><span class='ocrx_word' id='word_1_392' title='bbox 2216 2479 2467 2520; x_wconf 89' lang='lat' dir='ltr'><strong>sermone</strong></span> <span class='ocrx_word' id='word_1_393' title='bbox 2495 2475 2844 2521; x_wconf 87' lang='lat' dir='ltr'><strong>contractam.</strong></span> <span class='ocrx_word' id='word_1_394' title='bbox 2876 2465 2991 2526; x_wconf 82' lang='lat' dir='ltr'><strong>Non</strong></span> <span class='ocrx_word' id='word_1_395' title='bbox 3023 2468 3167 2523; x_wconf 86' lang='lat' dir='ltr'><strong>enim</strong></span> <span class='ocrx_word' id='word_1_396' title='bbox 3199 2469 3275 2525; x_wconf 86' lang='lat' dir='ltr'><strong>ait</strong></span> <span class='ocrx_word' id='word_1_397' title='bbox 3297 2468 3536 2526; x_wconf 75' lang='lat' dir='ltr'><strong>Joannes</strong></span> <span class='ocrx_word' id='word_1_398' title='bbox 3560 2488 3592 2528; x_wconf 85' lang='lat' dir='ltr'><strong>a</strong></span> <span class='ocrx_word' id='word_1_399' title='bbox 3619 2473 3796 2530; x_wconf 77' lang='lat' dir='ltr'><strong>Theo-</strong></span> 
     </span>
    </p>
   </div>
   <div class='ocr_carea' id='block_1_46' title="bbox 2219 2559 3796 2639">
    <p class='ocr_par' dir='ltr' id='par_1_46' title="bbox 2219 2559 3796 2639">
     <span class='ocr_line' id='line_1_46' title="bbox 2219 2559 3796 2639; baseline 0.009 -27"><span class='ocrx_word' id='word_1_400' title='bbox 2219 2559 2350 2614; x_wconf 90' lang='lat' dir='ltr'><strong>doro</strong></span> <span class='ocrx_word' id='word_1_401' title='bbox 2381 2575 2541 2629; x_wconf 80' lang='lat' dir='ltr'><strong>prave</strong></span> <span class='ocrx_word' id='word_1_402' title='bbox 2569 2561 2765 2630; x_wconf 80' lang='lat' dir='ltr'><strong>aliquid</strong></span> <span class='ocrx_word' id='word_1_403' title='bbox 2792 2562 3121 2618; x_wconf 86' lang='lat' dir='ltr'><strong>intellectum</strong></span> <span class='ocrx_word' id='word_1_404' title='bbox 3141 2606 3156 2632; x_wconf 91' lang='lat'><strong>,</strong></span> <span class='ocrx_word' id='word_1_405' title='bbox 3185 2573 3276 2620; x_wconf 82' lang='lat' dir='ltr'><strong>aut</strong></span> <span class='ocrx_word' id='word_1_406' title='bbox 3304 2567 3491 2623; x_wconf 82' lang='lat' dir='ltr'><strong>saltem</strong></span> <span class='ocrx_word' id='word_1_407' title='bbox 3522 2570 3796 2639; x_wconf 73' lang='lat' dir='ltr'><strong>negligen-</strong></span> 
     </span>
    </p>
   </div>
   <div class='ocr_carea' id='block_1_47' title="bbox 2217 2647 3798 2727">
    <p class='ocr_par' dir='ltr' id='par_1_47' title="bbox 2217 2647 3798 2727">
     <span class='ocr_line' id='line_1_47' title="bbox 2217 2647 3798 2727; baseline 0.007 -21"><span class='ocrx_word' id='word_1_408' title='bbox 2217 2661 2320 2718; x_wconf 88' lang='lat' dir='ltr'><strong>ter,</strong></span> <span class='ocrx_word' id='word_1_409' title='bbox 2354 2661 2407 2707; x_wconf 90' lang='lat' dir='ltr'><strong>et</strong></span> <span class='ocrx_word' id='word_1_410' title='bbox 2436 2653 2609 2708; x_wconf 90' lang='lat' dir='ltr'><strong>minus</strong></span> <span class='ocrx_word' id='word_1_411' title='bbox 2637 2662 2791 2709; x_wconf 84' lang='lat' dir='ltr'><strong>caute</strong></span> <span class='ocrx_word' id='word_1_412' title='bbox 2814 2655 2829 2684; x_wconf 77' lang='grc'>⁸</span> <span class='ocrx_word' id='word_1_413' title='bbox 2860 2653 2926 2708; x_wconf 88' lang='lat' dir='ltr'><strong>ab</strong></span> <span class='ocrx_word' id='word_1_414' title='bbox 2957 2669 3022 2710; x_wconf 91' lang='lat' dir='ltr'><strong>eo</strong></span> <span class='ocrx_word' id='word_1_415' title='bbox 3062 2656 3260 2711; x_wconf 81' lang='lat' dir='ltr'><strong>dictum</strong></span> <span class='ocrx_word' id='word_1_416' title='bbox 3287 2677 3298 2709; x_wconf 89' lang='lat'><strong>:</strong></span> <span class='ocrx_word' id='word_1_417' title='bbox 3327 2667 3580 2727; x_wconf 77' lang='lat' dir='ltr'><strong>tanquam</strong></span> <span class='ocrx_word' id='word_1_418' title='bbox 3609 2661 3679 2717; x_wconf 88' lang='lat' dir='ltr'><strong>de</strong></span> <span class='ocrx_word' id='word_1_419' title='bbox 3708 2647 3798 2718; x_wconf 83' lang='lat' dir='ltr'><strong>illo</strong></span> 
     </span>
    </p>
   </div>
   <div class='ocr_carea' id='block_1_48' title="bbox 2221 2744 3796 2821">
    <p class='ocr_par' dir='ltr' id='par_1_48' title="bbox 2221 2744 3796 2821">
     <span class='ocr_line' id='line_1_48' title="bbox 2221 2744 3796 2821; baseline 0.006 -21"><span class='ocrx_word' id='word_1_420' title='bbox 2221 2746 2448 2816; x_wconf 89' lang='lat' dir='ltr'><strong>loquens</strong></span> <span class='ocrx_word' id='word_1_421' title='bbox 2473 2744 2563 2816; x_wconf 89' lang='lat' dir='ltr'><strong>qui</strong></span> <span class='ocrx_word' id='word_1_422' title='bbox 2609 2761 2716 2801; x_wconf 91' lang='lat' dir='ltr'><strong>non</strong></span> <span class='ocrx_word' id='word_1_423' title='bbox 2762 2760 2942 2801; x_wconf 92' lang='lat' dir='ltr'><strong>rerum</strong></span> <span class='ocrx_word' id='word_1_424' title='bbox 2971 2747 3320 2818; x_wconf 85' lang='lat' dir='ltr'><strong>intelligentia</strong></span> <span class='ocrx_word' id='word_1_425' title='bbox 3353 2749 3512 2805; x_wconf 87' lang='lat' dir='ltr'><strong>fuerit</strong></span> <span class='ocrx_word' id='word_1_426' title='bbox 3561 2766 3796 2821; x_wconf 86' lang='lat' dir='ltr'><strong>pravus,</strong></span> 
     </span>
    </p>
   </div>
   <div class='ocr_carea' id='block_1_49' title="bbox 2216 2839 3798 2917">
    <p class='ocr_par' dir='ltr' id='par_1_49' title="bbox 2216 2839 3798 2917">
     <span class='ocr_line' id='line_1_49' title="bbox 2216 2839 3798 2917; baseline 0.006 -23"><span class='ocrx_word' id='word_1_427' title='bbox 2216 2840 2310 2895; x_wconf 86' lang='lat' dir='ltr'><strong>sed</strong></span> <span class='ocrx_word' id='word_1_428' title='bbox 2341 2852 2588 2894; x_wconf 89' lang='lat' dir='ltr'><strong>sermone</strong></span> <span class='ocrx_word' id='word_1_429' title='bbox 2614 2840 2668 2894; x_wconf 90' lang='lat' dir='ltr'><strong>in</strong></span> <span class='ocrx_word' id='word_1_430' title='bbox 2694 2839 2796 2894; x_wconf 88' lang='lat' dir='ltr'><strong>hoc</strong></span> <span class='ocrx_word' id='word_1_431' title='bbox 2824 2840 3000 2895; x_wconf 88' lang='lat' dir='ltr'><strong>minus</strong></span> <span class='ocrx_word' id='word_1_432' title='bbox 3030 2842 3428 2898; x_wconf 88' lang='lat' dir='ltr'><strong>accommodus.</strong></span> <span class='ocrx_word' id='word_1_433' title='bbox 3453 2844 3593 2900; x_wconf 87' lang='lat' dir='ltr'><strong>Huic</strong></span> <span class='ocrx_word' id='word_1_434' title='bbox 3619 2847 3798 2917; x_wconf 80' lang='lat' dir='ltr'><strong>itaque</strong></span> 
     </span>
    </p>
   </div>
   <div class='ocr_carea' id='block_1_50' title="bbox 2216 2929 3796 3009">
    <p class='ocr_par' dir='ltr' id='par_1_50' title="bbox 2216 2929 3796 3009">
     <span class='ocr_line' id='line_1_50' title="bbox 2216 2929 3796 3009; baseline 0.004 -23"><span class='ocrx_word' id='word_1_435' title='bbox 2216 2931 2385 2987; x_wconf 89' lang='lat' dir='ltr'><strong>sancti</strong></span> <span class='ocrx_word' id='word_1_436' title='bbox 2413 2929 2633 2987; x_wconf 87' lang='lat' dir='ltr'><strong>Joannis</strong></span> <span class='ocrx_word' id='word_1_437' title='bbox 2663 2932 2974 2987; x_wconf 90' lang='lat' dir='ltr'><strong>testimonio</strong></span> <span class='ocrx_word' id='word_1_438' title='bbox 3015 2947 3122 3002; x_wconf 90' lang='lat' dir='ltr'><strong>quo</strong></span> <span class='ocrx_word' id='word_1_439' title='bbox 3150 2933 3455 2991; x_wconf 85' lang='lat' dir='ltr'><strong>Nestorium</strong></span> <span class='ocrx_word' id='word_1_440' title='bbox 3501 2938 3796 3009; x_wconf 78' lang='lat' dir='ltr'><strong>redarguit,</strong></span> 
     </span>
    </p>
   </div>
   <div class='ocr_carea' id='block_1_51' title="bbox 2217 3022 3797 3094">
    <p class='ocr_par' dir='ltr' id='par_1_51' title="bbox 2217 3022 3797 3094">
     <span class='ocr_line' id='line_1_51' title="bbox 2217 3022 3797 3094; baseline 0.006 -16"><span class='ocrx_word' id='word_1_441' title='bbox 2217 3022 2484 3093; x_wconf 91' lang='lat' dir='ltr'><strong>quomodo</strong></span> <span class='ocrx_word' id='word_1_442' title='bbox 2505 3022 2743 3094; x_wconf 82' lang='lat' dir='ltr'><strong>synodus</strong></span> <span class='ocrx_word' id='word_1_443' title='bbox 2769 3023 3018 3094; x_wconf 88' lang='lat' dir='ltr'><strong>religiosa</strong></span> <span class='ocrx_word' id='word_1_444' title='bbox 3049 3039 3155 3080; x_wconf 91' lang='lat' dir='ltr'><strong>non</strong></span> <span class='ocrx_word' id='word_1_445' title='bbox 3183 3026 3469 3083; x_wconf 78' lang='lat' dir='ltr'><strong>crederet?</strong></span> <span class='ocrx_word' id='word_1_446' title='bbox 3492 3046 3600 3084; x_wconf 89' lang='lat' dir='ltr'><strong>non</strong></span> <span class='ocrx_word' id='word_1_447' title='bbox 3626 3031 3797 3088; x_wconf 79' lang='lat' dir='ltr'><strong>solum</strong></span> 
     </span>
    </p>
   </div>
   <div class='ocr_carea' id='block_1_52' title="bbox 533 3091 3799 3192">
    <p class='ocr_par' dir='ltr' id='par_1_52' title="bbox 533 3091 3799 3192">
     <span class='ocr_line' id='line_1_52' title="bbox 533 3091 3799 3192; baseline -0.002 -10"><span class='ocrx_word' id='word_1_448' title='bbox 533 3127 676 3183; x_wconf 90' lang='lat' dir='ltr'><strong>daris</strong></span> <span class='ocrx_word' id='word_1_449' title='bbox 701 3091 843 3183; x_wconf 63' lang='lat' dir='ltr'><strong>enim</strong></span> <span class='ocrx_word' id='word_1_450' title='bbox 875 3136 1021 3183; x_wconf 89' lang='lat' dir='ltr'><strong>certe</strong></span> <span class='ocrx_word' id='word_1_451' title='bbox 1051 3124 1193 3181; x_wconf 88' lang='lat' dir='ltr'><strong>beati</strong></span> <span class='ocrx_word' id='word_1_452' title='bbox 1224 3122 1492 3180; x_wconf 87' lang='lat' dir='ltr'><strong>Theodori</strong></span> <span class='ocrx_word' id='word_1_453' title='bbox 1542 3121 1781 3192; x_wconf 87' lang='lat' dir='ltr'><strong>episcopi</strong></span> <span class='ocrx_word' id='word_1_454' title='bbox 1810 3119 1865 3175; x_wconf 87' lang='lat' dir='ltr'><strong>in</strong></span> <span class='ocrx_word' id='word_1_455' title='bbox 1896 3119 2109 3190; x_wconf 84' lang='lat' dir='ltr'><strong>exposi-</strong></span> <span class='ocrx_word' id='word_1_456' title='bbox 2138 3091 2186 3160; x_wconf 66' lang='grc' dir='ltr'><strong>θ</strong></span> <span class='ocrx_word' id='word_1_457' title='bbox 2217 3115 2359 3185; x_wconf 91' lang='lat' dir='ltr'><strong>quod</strong></span> <span class='ocrx_word' id='word_1_458' title='bbox 2391 3125 2568 3169; x_wconf 91' lang='lat' dir='ltr'><strong>tantus</strong></span> <span class='ocrx_word' id='word_1_459' title='bbox 2599 3115 2758 3170; x_wconf 86' lang='lat' dir='ltr'><strong>fuerit</strong></span> <span class='ocrx_word' id='word_1_460' title='bbox 2797 3115 2938 3170; x_wconf 88' lang='lat' dir='ltr'><strong>idem</strong></span> <span class='ocrx_word' id='word_1_461' title='bbox 2967 3116 3221 3184; x_wconf 89' lang='lat' dir='ltr'><strong>Joannes,</strong></span> <span class='ocrx_word' id='word_1_462' title='bbox 3251 3133 3438 3174; x_wconf 84' lang='lat' dir='ltr'><strong>verum</strong></span> <span class='ocrx_word' id='word_1_463' title='bbox 3467 3121 3632 3176; x_wconf 86' lang='lat' dir='ltr'><strong>etiam</strong></span> <span class='ocrx_word' id='word_1_464' title='bbox 3659 3126 3799 3192; x_wconf 83' lang='lat' dir='ltr'><strong>quod</strong></span> 
     </span>
    </p>
   </div>
   <div class='ocr_carea' id='block_1_53' title="bbox 528 3213 2107 3288">
    <p class='ocr_par' dir='ltr' id='par_1_53' title="bbox 528 3213 2107 3288">
     <span class='ocr_line' id='line_1_53' title="bbox 528 3213 2107 3288; baseline -0.006 -11"><span class='ocrx_word' id='word_1_465' title='bbox 528 3222 675 3278; x_wconf 86' lang='lat' dir='ltr'><strong>tione</strong></span> <span class='ocrx_word' id='word_1_466' title='bbox 704 3219 932 3276; x_wconf 89' lang='lat' dir='ltr'><strong>dicentis</strong></span> <span class='ocrx_word' id='word_1_467' title='bbox 959 3217 1156 3288; x_wconf 88' lang='lat' dir='ltr'><strong>aliquid</strong></span> <span class='ocrx_word' id='word_1_468' title='bbox 1187 3217 1329 3288; x_wconf 88' lang='lat' dir='ltr'><strong>quod</strong></span> <span class='ocrx_word' id='word_1_469' title='bbox 1359 3227 1504 3273; x_wconf 86' lang='lat' dir='ltr'><strong>recte</strong></span> <span class='ocrx_word' id='word_1_470' title='bbox 1533 3213 1640 3269; x_wconf 90' lang='lat' dir='ltr'><strong>dici</strong></span> <span class='ocrx_word' id='word_1_471' title='bbox 1670 3230 1778 3269; x_wconf 91' lang='lat' dir='ltr'><strong>non</strong></span> <span class='ocrx_word' id='word_1_472' title='bbox 1811 3221 2107 3282; x_wconf 85' lang='lat' dir='ltr'><strong>putaretur,</strong></span> 
     </span>
    </p>
   </div>
   <div class='ocr_carea' id='block_1_54' title="bbox 529 3304 2108 3382">
    <p class='ocr_par' dir='ltr' id='par_1_54' title="bbox 529 3304 2108 3382">
     <span class='ocr_line' id='line_1_54' title="bbox 529 3304 2108 3382; baseline -0.005 -15"><span class='ocrx_word' id='word_1_473' title='bbox 529 3311 627 3368; x_wconf 90' lang='lat' dir='ltr'><strong>tibi</strong></span> <span class='ocrx_word' id='word_1_474' title='bbox 654 3312 756 3382; x_wconf 90' lang='lat' dir='ltr'><strong>ipsi</strong></span> <span class='ocrx_word' id='word_1_475' title='bbox 784 3308 1082 3381; x_wconf 89' lang='lat' dir='ltr'><strong>primo,qui</strong></span> <span class='ocrx_word' id='word_1_476' title='bbox 1113 3310 1361 3364; x_wconf 88' lang='lat' dir='ltr'><strong>fiduciam</strong></span> <span class='ocrx_word' id='word_1_477' title='bbox 1390 3308 1442 3362; x_wconf 92' lang='lat' dir='ltr'><strong>in</strong></span> <span class='ocrx_word' id='word_1_478' title='bbox 1471 3308 1563 3361; x_wconf 90' lang='lat' dir='ltr'><strong>illo</strong></span> <span class='ocrx_word' id='word_1_479' title='bbox 1588 3316 1827 3376; x_wconf 86' lang='lat' dir='ltr'><strong>tempore</strong></span> <span class='ocrx_word' id='word_1_480' title='bbox 1850 3304 2108 3373; x_wconf 86' lang='lat' dir='ltr'><strong>habebas,</strong></span> 
     </span>
    </p>
   </div>
   <div class='ocr_carea' id='block_1_55' title="bbox 531 3397 2109 3468">
    <p class='ocr_par' dir='ltr' id='par_1_55' title="bbox 531 3397 2109 3468">
     <span class='ocr_line' id='line_1_55' title="bbox 531 3397 2109 3468; baseline -0.004 -8"><span class='ocrx_word' id='word_1_481' title='bbox 531 3405 724 3460; x_wconf 88' lang='lat' dir='ltr'><strong>deinde</strong></span> <span class='ocrx_word' id='word_1_482' title='bbox 754 3405 915 3460; x_wconf 90' lang='lat' dir='ltr'><strong>etiam</strong></span> <span class='ocrx_word' id='word_1_483' title='bbox 943 3403 1191 3458; x_wconf 89' lang='lat' dir='ltr'><strong>omnibus</strong></span> <span class='ocrx_word' id='word_1_484' title='bbox 1235 3401 1595 3457; x_wconf 85' lang='lat' dir='ltr'><strong>audientibus.</strong></span> <span class='ocrx_word' id='word_1_485' title='bbox 1639 3400 1707 3456; x_wconf 84' lang='lat' dir='ltr'><strong>Et</strong></span> <span class='ocrx_word' id='word_1_486' title='bbox 1737 3397 1963 3468; x_wconf 87' lang='lat' dir='ltr'><strong>qualiter</strong></span> <span class='ocrx_word' id='word_1_487' title='bbox 1994 3399 2109 3464; x_wconf 90' lang='lat' dir='ltr'><strong>ille,</strong></span> 
     </span>
    </p>
   </div>
   <div class='ocr_carea' id='block_1_56' title="bbox 532 3490 2110 3563">
    <p class='ocr_par' dir='ltr' id='par_1_56' title="bbox 532 3490 2110 3563">
     <span class='ocr_line' id='line_1_56' title="bbox 532 3490 2110 3563; baseline -0.004 -14"><span class='ocrx_word' id='word_1_488' title='bbox 532 3494 769 3549; x_wconf 81' lang='lat' dir='ltr'><strong>sentiens</strong></span> <span class='ocrx_word' id='word_1_489' title='bbox 792 3491 1064 3549; x_wconf 84' lang='lat' dir='ltr'><strong>laesionem</strong></span> <span class='ocrx_word' id='word_1_490' title='bbox 1094 3502 1150 3548; x_wconf 89' lang='lat' dir='ltr'><strong>et</strong></span> <span class='ocrx_word' id='word_1_491' title='bbox 1174 3493 1634 3563; x_wconf 86' lang='lat' dir='ltr'><strong>perturbationem</strong></span> <span class='ocrx_word' id='word_1_492' title='bbox 1672 3505 1832 3561; x_wconf 91' lang='lat' dir='ltr'><strong>quam</strong></span> <span class='ocrx_word' id='word_1_493' title='bbox 1875 3507 1980 3544; x_wconf 91' lang='lat' dir='ltr'><strong>non</strong></span> <span class='ocrx_word' id='word_1_494' title='bbox 2007 3490 2110 3544; x_wconf 88' lang='lat' dir='ltr'><strong>mi-</strong></span> 
     </span>
    </p>
   </div>
   <div class='ocr_carea' id='block_1_57' title="bbox 535 3580 2114 3656">
    <p class='ocr_par' dir='ltr' id='par_1_57' title="bbox 535 3580 2114 3656">
     <span class='ocr_line' id='line_1_57' title="bbox 535 3580 2114 3656; baseline -0.002 -16"><span class='ocrx_word' id='word_1_495' title='bbox 535 3587 677 3640; x_wconf 85' lang='lat' dir='ltr'><strong>nima</strong></span> <span class='ocrx_word' id='word_1_496' title='bbox 704 3586 994 3656; x_wconf 86' lang='lat' dir='ltr'><strong>divulgatio</strong></span> <span class='ocrx_word' id='word_1_497' title='bbox 1022 3585 1168 3640; x_wconf 91' lang='lat' dir='ltr'><strong>illius</strong></span> <span class='ocrx_word' id='word_1_498' title='bbox 1189 3585 1315 3640; x_wconf 86' lang='lat' dir='ltr'><strong>dicti</strong></span> <span class='ocrx_word' id='word_1_499' title='bbox 1348 3584 1693 3649; x_wconf 76' lang='lat' dir='ltr'><strong>excitaverat,</strong></span> <span class='ocrx_word' id='word_1_500' title='bbox 1725 3593 1780 3638; x_wconf 91' lang='lat' dir='ltr'><strong>et</strong></span> <span class='ocrx_word' id='word_1_501' title='bbox 1807 3580 2114 3651; x_wconf 82' lang='lat' dir='ltr'><strong>intelligens</strong></span> 
     </span>
    </p>
   </div>
   <div class='ocr_carea' id='block_1_58' title="bbox 533 3675 2117 3748">
    <p class='ocr_par' dir='ltr' id='par_1_58' title="bbox 533 3675 2117 3748">
     <span class='ocr_line' id='line_1_58' title="bbox 533 3675 2117 3748; baseline 0.001 -19"><span class='ocrx_word' id='word_1_502' title='bbox 533 3675 654 3748; x_wconf 85' lang='lat' dir='ltr'><strong>quia</strong></span> <span class='ocrx_word' id='word_1_503' title='bbox 687 3677 1019 3746; x_wconf 86' lang='lat' dir='ltr'><strong>perturbatio</strong></span> <span class='ocrx_word' id='word_1_504' title='bbox 1049 3675 1212 3731; x_wconf 81' lang='lat' dir='ltr'><strong>faciat</strong></span> <span class='ocrx_word' id='word_1_505' title='bbox 1259 3675 1606 3742; x_wconf 86' lang='lat' dir='ltr'><strong>discordiam,</strong></span> <span class='ocrx_word' id='word_1_506' title='bbox 1649 3678 1823 3746; x_wconf 84' lang='lat' dir='ltr'><strong>magis</strong></span> <span class='ocrx_word' id='word_1_507' title='bbox 1854 3683 2035 3730; x_wconf 88' lang='lat' dir='ltr'><strong>autem</strong></span> <span class='ocrx_word' id='word_1_508' title='bbox 2063 3683 2117 3730; x_wconf 89' lang='lat' dir='ltr'><strong>et</strong></span> 
     </span>
    </p>
   </div>
   <div class='ocr_carea' id='block_1_59' title="bbox 533 3764 2119 3822">
    <p class='ocr_par' dir='ltr' id='par_1_59' title="bbox 533 3764 2119 3822">
     <span class='ocr_line' id='line_1_59' title="bbox 533 3764 2119 3822; baseline -0.002 0"><span class='ocrx_word' id='word_1_509' title='bbox 533 3765 1012 3822; x_wconf 86' lang='lat' dir='ltr'><strong>contradictionem</strong></span> <span class='ocrx_word' id='word_1_510' title='bbox 1058 3774 1113 3821; x_wconf 89' lang='lat' dir='ltr'><strong>et.</strong></span> <span class='ocrx_word' id='word_1_511' title='bbox 1161 3767 1560 3822; x_wconf 87' lang='lat' dir='ltr'><strong>contentionem</strong></span> <span class='ocrx_word' id='word_1_512' title='bbox 1607 3764 1882 3821; x_wconf 87' lang='lat' dir='ltr'><strong>hominum</strong></span> <span class='ocrx_word' id='word_1_513' title='bbox 1930 3781 2119 3820; x_wconf 89' lang='lat' dir='ltr'><strong>aman-</strong></span> 
     </span>
    </p>
   </div>
   <div class='ocr_carea' id='block_1_60' title="bbox 535 3856 2120 3928">
    <p class='ocr_par' dir='ltr' id='par_1_60' title="bbox 535 3856 2120 3928">
     <span class='ocr_line' id='line_1_60' title="bbox 535 3856 2120 3928; baseline -0.001 -16"><span class='ocrx_word' id='word_1_514' title='bbox 535 3859 664 3913; x_wconf 89' lang='lat' dir='ltr'><strong>tium</strong></span> <span class='ocrx_word' id='word_1_515' title='bbox 685 3874 751 3914; x_wconf 87' lang='lat' dir='ltr'><strong>ex</strong></span> <span class='ocrx_word' id='word_1_516' title='bbox 776 3856 1180 3928; x_wconf 87' lang='lat' dir='ltr'><strong>quibuscunque</strong></span> <span class='ocrx_word' id='word_1_517' title='bbox 1201 3857 1363 3913; x_wconf 87' lang='lat' dir='ltr'><strong>rebus</strong></span> <span class='ocrx_word' id='word_1_518' title='bbox 1389 3859 1697 3913; x_wconf 86' lang='lat' dir='ltr'><strong>occasiones</strong></span> <span class='ocrx_word' id='word_1_519' title='bbox 1720 3857 1997 3927; x_wconf 89' lang='lat' dir='ltr'><strong>inquirere</strong></span> <span class='ocrx_word' id='word_1_520' title='bbox 2015 3858 2120 3911; x_wconf 88' lang='lat' dir='ltr'><strong>huc</strong></span> 
     </span>
    </p>
   </div>
   <div class='ocr_carea' id='block_1_61' title="bbox 534 3949 2120 4021">
    <p class='ocr_par' dir='ltr' id='par_1_61' title="bbox 534 3949 2120 4021">
     <span class='ocr_line' id='line_1_61' title="bbox 534 3949 2120 4021; baseline -0.001 -16"><span class='ocrx_word' id='word_1_521' title='bbox 534 3960 694 4020; x_wconf 87' lang='lat' dir='ltr'><strong>atque</strong></span> <span class='ocrx_word' id='word_1_522' title='bbox 739 3951 867 4005; x_wconf 88' lang='lat' dir='ltr'><strong>illuc</strong></span> <span class='ocrx_word' id='word_1_523' title='bbox 894 3950 1082 4019; x_wconf 89' lang='lat' dir='ltr'><strong>dividi,</strong></span> <span class='ocrx_word' id='word_1_524' title='bbox 1123 3960 1179 4006; x_wconf 91' lang='lat' dir='ltr'><strong>et</strong></span> <span class='ocrx_word' id='word_1_525' title='bbox 1222 3951 1655 4006; x_wconf 89' lang='lat' dir='ltr'><strong>contentionibus</strong></span> <span class='ocrx_word' id='word_1_526' title='bbox 1682 3965 1880 4021; x_wconf 87' lang='lat' dir='ltr'><strong>augere</strong></span> <span class='ocrx_word' id='word_1_527' title='bbox 1914 3949 2120 4006; x_wconf 89' lang='lat' dir='ltr'><strong>scintil-</strong></span> 
     </span>
    </p>
   </div>
   <div class='ocr_carea' id='block_1_62' title="bbox 536 4039 2120 4115">
    <p class='ocr_par' dir='ltr' id='par_1_62' title="bbox 536 4039 2120 4115">
     <span class='ocr_line' id='line_1_62' title="bbox 536 4039 2120 4115; baseline 0.001 -19"><span class='ocrx_word' id='word_1_528' title='bbox 536 4039 642 4096; x_wconf 88' lang='lat' dir='ltr'><strong>lam</strong></span> <span class='ocrx_word' id='word_1_529' title='bbox 687 4040 925 4097; x_wconf 88' lang='lat' dir='ltr'><strong>scandali</strong></span> <span class='ocrx_word' id='word_1_530' title='bbox 973 4058 1092 4112; x_wconf 73' lang='lat' dir='ltr'><strong>qua:</strong></span> <span class='ocrx_word' id='word_1_531' title='bbox 1142 4044 1359 4113; x_wconf 87' lang='lat' dir='ltr'><strong>parvula</strong></span> <span class='ocrx_word' id='word_1_532' title='bbox 1414 4044 1713 4110; x_wconf 88' lang='lat' dir='ltr'><strong>videbatur,</strong></span> <span class='ocrx_word' id='word_1_533' title='bbox 1772 4043 1916 4115; x_wconf 91' lang='lat' dir='ltr'><strong>quod</strong></span> <span class='ocrx_word' id='word_1_534' title='bbox 1955 4043 2120 4099; x_wconf 87' lang='lat' dir='ltr'><strong>etiam</strong></span> 
     </span>
    </p>
   </div>
   <div class='ocr_carea' id='block_1_63' title="bbox 537 4135 2121 4206">
    <p class='ocr_par' dir='ltr' id='par_1_63' title="bbox 537 4135 2121 4206">
     <span class='ocr_line' id='line_1_63' title="bbox 537 4135 2121 4206; baseline 0.001 -17"><span class='ocrx_word' id='word_1_535' title='bbox 537 4149 676 4190; x_wconf 92' lang='lat' dir='ltr'><strong>nunc</strong></span> <span class='ocrx_word' id='word_1_536' title='bbox 704 4135 841 4206; x_wconf 88' lang='lat' dir='ltr'><strong>apud</strong></span> <span class='ocrx_word' id='word_1_537' title='bbox 878 4149 974 4191; x_wconf 89' lang='lat' dir='ltr'><strong>vos</strong></span> <span class='ocrx_word' id='word_1_538' title='bbox 1004 4136 1224 4206; x_wconf 82' lang='lat' dir='ltr'><strong>contigit</strong></span> <span class='ocrx_word' id='word_1_539' title='bbox 1249 4153 1262 4190; x_wconf 90' lang='lat'><strong>:</strong></span> <span class='ocrx_word' id='word_1_540' title='bbox 1309 4136 1763 4206; x_wconf 89' lang='lat' dir='ltr'><strong>quemadmodum</strong></span> <span class='ocrx_word' id='word_1_541' title='bbox 1794 4135 2121 4190; x_wconf 89' lang='lat' dir='ltr'><strong>fortissimus</strong></span> 
     </span>
    </p>
   </div>
   <div class='ocr_carea' id='block_1_64' title="bbox 538 4225 2124 4300">
    <p class='ocr_par' dir='ltr' id='par_1_64' title="bbox 538 4225 2124 4300">
     <span class='ocr_line' id='line_1_64' title="bbox 538 4225 2124 4300; baseline -0.001 -17"><span class='ocrx_word' id='word_1_542' title='bbox 538 4225 623 4283; x_wconf 81' lang='lat' dir='ltr'><strong>ille</strong></span> <span class='ocrx_word' id='word_1_543' title='bbox 648 4243 945 4300; x_wconf 87' lang='lat' dir='ltr'><strong>exsurgens</strong></span> <span class='ocrx_word' id='word_1_544' title='bbox 966 4244 1071 4285; x_wconf 92' lang='lat' dir='ltr'><strong>non</strong></span> <span class='ocrx_word' id='word_1_545' title='bbox 1096 4238 1216 4299; x_wconf 91' lang='lat' dir='ltr'><strong>post</strong></span> <span class='ocrx_word' id='word_1_546' title='bbox 1242 4229 1444 4282; x_wconf 89' lang='lat' dir='ltr'><strong>multos</strong></span> <span class='ocrx_word' id='word_1_547' title='bbox 1471 4228 1606 4296; x_wconf 88' lang='lat' dir='ltr'><strong>dies,</strong></span> <span class='ocrx_word' id='word_1_548' title='bbox 1640 4227 1772 4282; x_wconf 90' lang='lat' dir='ltr'><strong>illud</strong></span> <span class='ocrx_word' id='word_1_549' title='bbox 1797 4227 1939 4298; x_wconf 88' lang='lat' dir='ltr'><strong>quod</strong></span> <span class='ocrx_word' id='word_1_550' title='bbox 1965 4226 2033 4282; x_wconf 87' lang='lat' dir='ltr'><strong>ab</strong></span> <span class='ocrx_word' id='word_1_551' title='bbox 2057 4240 2124 4282; x_wconf 91' lang='lat' dir='ltr'><strong>eo</strong></span> 
     </span>
    </p>
   </div>
   <div class='ocr_carea' id='block_1_65' title="bbox 536 4319 2121 4387">
    <p class='ocr_par' dir='ltr' id='par_1_65' title="bbox 536 4319 2121 4387">
     <span class='ocr_line' id='line_1_65' title="bbox 536 4319 2121 4387; baseline -0.001 -11"><span class='ocrx_word' id='word_1_552' title='bbox 536 4321 734 4378; x_wconf 91' lang='lat' dir='ltr'><strong>dictum</strong></span> <span class='ocrx_word' id='word_1_553' title='bbox 768 4331 914 4387; x_wconf 88' lang='lat' dir='ltr'><strong>erat,</strong></span> <span class='ocrx_word' id='word_1_554' title='bbox 944 4321 1010 4376; x_wconf 87' lang='lat' dir='ltr'><strong>ad</strong></span> <span class='ocrx_word' id='word_1_555' title='bbox 1040 4321 1323 4377; x_wconf 87' lang='lat' dir='ltr'><strong>utilitatem</strong></span> <span class='ocrx_word' id='word_1_556' title='bbox 1358 4322 1611 4376; x_wconf 65' lang='lat' dir='ltr'><strong>Ecclesiae</strong></span> <span class='ocrx_word' id='word_1_557' title='bbox 1662 4321 1778 4375; x_wconf 89' lang='lat' dir='ltr'><strong>sine</strong></span> <span class='ocrx_word' id='word_1_558' title='bbox 1805 4319 2121 4374; x_wconf 81' lang='lat' dir='ltr'><strong>confusione</strong></span> 
     </span>
    </p>
   </div>
   <div class='ocr_carea' id='block_1_66' title="bbox 539 4412 2121 4484">
    <p class='ocr_par' dir='ltr' id='par_1_66' title="bbox 539 4412 2121 4484">
     <span class='ocr_line' id='line_1_66' title="bbox 539 4412 2121 4484; baseline -0.001 -16"><span class='ocrx_word' id='word_1_559' title='bbox 539 4413 801 4482; x_wconf 85' lang='lat' dir='ltr'><strong>correxit,</strong></span> <span class='ocrx_word' id='word_1_560' title='bbox 842 4425 896 4470; x_wconf 87' lang='lat' dir='ltr'><strong>et</strong></span> <span class='ocrx_word' id='word_1_561' title='bbox 931 4415 1206 4484; x_wconf 86' lang='lat' dir='ltr'><strong>corrigens</strong></span> <span class='ocrx_word' id='word_1_562' title='bbox 1250 4414 1431 4468; x_wconf 89' lang='lat' dir='ltr'><strong>statim</strong></span> <span class='ocrx_word' id='word_1_563' title='bbox 1479 4414 1728 4468; x_wconf 86' lang='lat' dir='ltr'><strong>contrivit</strong></span> <span class='ocrx_word' id='word_1_564' title='bbox 1773 4428 2016 4467; x_wconf 85' lang='lat' dir='ltr'><strong>murmur</strong></span> <span class='ocrx_word' id='word_1_565' title='bbox 2043 4412 2121 4466; x_wconf 87' lang='lat' dir='ltr'><strong>vel</strong></span> 
     </span>
    </p>
   </div>
   <div class='ocr_carea' id='block_1_67' title="bbox 2213 3206 3799 3278">
    <p class='ocr_par' dir='ltr' id='par_1_67' title="bbox 2213 3206 3799 3278">
     <span class='ocr_line' id='line_1_67' title="bbox 2213 3206 3799 3278; baseline 0.005 -16"><span class='ocrx_word' id='word_1_566' title='bbox 2213 3206 2460 3263; x_wconf 71' lang='lat' dir='ltr'><strong>Nestoris</strong></span> <span class='ocrx_word' id='word_1_567' title='bbox 2488 3208 2731 3263; x_wconf 89' lang='lat' dir='ltr'><strong>scribens</strong></span> <span class='ocrx_word' id='word_1_568' title='bbox 2755 3247 2771 3274; x_wconf 93' lang='lat'><strong>,</strong></span> <span class='ocrx_word' id='word_1_569' title='bbox 2803 3223 2962 3278; x_wconf 89' lang='lat' dir='ltr'><strong>quem</strong></span> <span class='ocrx_word' id='word_1_570' title='bbox 2991 3209 3059 3263; x_wconf 84' lang='lat' dir='ltr'><strong>ad</strong></span> <span class='ocrx_word' id='word_1_571' title='bbox 3110 3211 3501 3267; x_wconf 81' lang='lat' dir='ltr'><strong>correctionem</strong></span> <span class='ocrx_word' id='word_1_572' title='bbox 3546 3213 3799 3270; x_wconf 70' lang='lat' dir='ltr'><strong>invitabat</strong></span> 
     </span>
    </p>
   </div>
   <div class='ocr_carea' id='block_1_68' title="bbox 2213 3298 3798 3374">
    <p class='ocr_par' dir='ltr' id='par_1_68' title="bbox 2213 3298 3798 3374">
     <span class='ocr_line' id='line_1_68' title="bbox 2213 3298 3798 3374; baseline 0.005 -19"><span class='ocrx_word' id='word_1_573' title='bbox 2213 3301 2462 3369; x_wconf 78' lang='lat' dir='ltr'><strong>exemplo</strong></span> <span class='ocrx_word' id='word_1_574' title='bbox 2491 3298 2766 3354; x_wconf 87' lang='lat' dir='ltr'><strong>fortissimi</strong></span> <span class='ocrx_word' id='word_1_575' title='bbox 2807 3299 2910 3354; x_wconf 87' lang='lat' dir='ltr'><strong>viri</strong></span> <span class='ocrx_word' id='word_1_576' title='bbox 2953 3309 3009 3356; x_wconf 90' lang='lat' dir='ltr'><strong>et</strong></span> <span class='ocrx_word' id='word_1_577' title='bbox 3047 3300 3292 3358; x_wconf 66' lang='lat' dir='ltr'><strong>humana:</strong></span> <span class='ocrx_word' id='word_1_578' title='bbox 3331 3303 3514 3374; x_wconf 71' lang='lat' dir='ltr'><strong>glorias</strong></span> <span class='ocrx_word' id='word_1_579' title='bbox 3553 3317 3798 3363; x_wconf 85' lang='lat' dir='ltr'><strong>contem-</strong></span> 
     </span>
    </p>
   </div>
   <div class='ocr_carea' id='block_1_69' title="bbox 2215 3390 3799 3462">
    <p class='ocr_par' dir='ltr' id='par_1_69' title="bbox 2215 3390 3799 3462">
     <span class='ocr_line' id='line_1_69' title="bbox 2215 3390 3799 3462; baseline 0.008 -17"><span class='ocrx_word' id='word_1_580' title='bbox 2215 3391 2382 3462; x_wconf 91' lang='lat' dir='ltr'><strong>ptoris</strong></span> <span class='ocrx_word' id='word_1_581' title='bbox 2416 3390 2714 3459; x_wconf 84' lang='lat' dir='ltr'><strong>Theodori,</strong></span> <span class='ocrx_word' id='word_1_582' title='bbox 2745 3407 2852 3446; x_wconf 92' lang='lat' dir='ltr'><strong>non</strong></span> <span class='ocrx_word' id='word_1_583' title='bbox 2878 3407 2999 3448; x_wconf 92' lang='lat' dir='ltr'><strong>eum</strong></span> <span class='ocrx_word' id='word_1_584' title='bbox 3023 3403 3202 3461; x_wconf 86' lang='lat' dir='ltr'><strong>posset</strong></span> <span class='ocrx_word' id='word_1_585' title='bbox 3233 3395 3307 3450; x_wconf 89' lang='lat' dir='ltr'><strong>ita</strong></span> <span class='ocrx_word' id='word_1_586' title='bbox 3330 3397 3668 3454; x_wconf 83' lang='lat' dir='ltr'><strong>confidenter</strong></span> <span class='ocrx_word' id='word_1_587' title='bbox 3692 3415 3799 3457; x_wconf 69' lang='lat' dir='ltr'><strong>sua:</strong></span> 
     </span>
    </p>
   </div>
   <div class='ocr_carea' id='block_1_70' title="bbox 2217 3486 3797 3561">
    <p class='ocr_par' dir='ltr' id='par_1_70' title="bbox 2217 3486 3797 3561">
     <span class='ocr_line' id='line_1_70' title="bbox 2217 3486 3797 3561; baseline 0.006 -21"><span class='ocrx_word' id='word_1_588' title='bbox 2217 3486 2563 3540; x_wconf 86' lang='lat' dir='ltr'><strong>conscientiae</strong></span> <span class='ocrx_word' id='word_1_589' title='bbox 2594 3486 2901 3539; x_wconf 81' lang='lat' dir='ltr'><strong>testimonio</strong></span> <span class='ocrx_word' id='word_1_590' title='bbox 2926 3500 3273 3542; x_wconf 83' lang='lat' dir='ltr'><strong>commonere</strong></span> <span class='ocrx_word' id='word_1_591' title='bbox 3309 3488 3376 3542; x_wconf 89' lang='lat' dir='ltr'><strong>de</strong></span> <span class='ocrx_word' id='word_1_592' title='bbox 3412 3492 3614 3546; x_wconf 86' lang='lat' dir='ltr'><strong>recenti</strong></span> <span class='ocrx_word' id='word_1_593' title='bbox 3642 3491 3797 3561; x_wconf 85' lang='lat' dir='ltr'><strong>facto,</strong></span> 
     </span>
    </p>
   </div>
   <div class='ocr_carea' id='block_1_71' title="bbox 2217 3579 3795 3648">
    <p class='ocr_par' dir='ltr' id='par_1_71' title="bbox 2217 3579 3795 3648">
     <span class='ocr_line' id='line_1_71' title="bbox 2217 3579 3795 3648; baseline 0.008 -17"><span class='ocrx_word' id='word_1_594' title='bbox 2217 3579 2356 3648; x_wconf 91' lang='lat' dir='ltr'><strong>quod</strong></span> <span class='ocrx_word' id='word_1_595' title='bbox 2388 3593 2493 3632; x_wconf 91' lang='lat' dir='ltr'><strong>non</strong></span> <span class='ocrx_word' id='word_1_596' title='bbox 2526 3579 2672 3634; x_wconf 90' lang='lat' dir='ltr'><strong>solus</strong></span> <span class='ocrx_word' id='word_1_597' title='bbox 2702 3580 2815 3646; x_wconf 89' lang='lat' dir='ltr'><strong>ipse</strong></span> <span class='ocrx_word' id='word_1_598' title='bbox 2835 3579 3136 3646; x_wconf 82' lang='lat' dir='ltr'><strong>Nestorius,</strong></span> <span class='ocrx_word' id='word_1_599' title='bbox 3169 3595 3354 3636; x_wconf 85' lang='lat' dir='ltr'><strong>verum</strong></span> <span class='ocrx_word' id='word_1_600' title='bbox 3380 3592 3435 3636; x_wconf 86' lang='lat' dir='ltr'><strong>et</strong></span> <span class='ocrx_word' id='word_1_601' title='bbox 3464 3585 3795 3643; x_wconf 85' lang='lat' dir='ltr'><strong>Autioehena</strong></span> 
     </span>
    </p>
   </div>
   <div class='ocr_carea' id='block_1_72' title="bbox 2218 3669 3798 3744">
    <p class='ocr_par' dir='ltr' id='par_1_72' title="bbox 2218 3669 3798 3744">
     <span class='ocr_line' id='line_1_72' title="bbox 2218 3669 3798 3744; baseline 0.008 -21"><span class='ocrx_word' id='word_1_602' title='bbox 2218 3669 2391 3723; x_wconf 91' lang='lat' dir='ltr'><strong>omnis</strong></span> <span class='ocrx_word' id='word_1_603' title='bbox 2423 3669 2660 3725; x_wconf 89' lang='lat' dir='ltr'><strong>Ecclesia</strong></span> <span class='ocrx_word' id='word_1_604' title='bbox 2714 3670 2986 3726; x_wconf 83' lang='lat' dir='ltr'><strong>recordari</strong></span> <span class='ocrx_word' id='word_1_605' title='bbox 3038 3671 3294 3728; x_wconf 84' lang='lat' dir='ltr'><strong>facillime</strong></span> <span class='ocrx_word' id='word_1_606' title='bbox 3325 3683 3561 3744; x_wconf 87' lang='lat' dir='ltr'><strong>poterat,</strong></span> <span class='ocrx_word' id='word_1_607' title='bbox 3601 3679 3705 3734; x_wconf 89' lang='lat' dir='ltr'><strong>nisi</strong></span> <span class='ocrx_word' id='word_1_608' title='bbox 3735 3681 3798 3735; x_wconf 84' lang='lat' dir='ltr'><strong>de</strong></span> 
     </span>
    </p>
   </div>
   <div class='ocr_carea' id='block_1_73' title="bbox 2218 3760 3800 3840">
    <p class='ocr_par' dir='ltr' id='par_1_73' title="bbox 2218 3760 3800 3840">
     <span class='ocr_line' id='line_1_73' title="bbox 2218 3760 3800 3840; baseline 0.008 -24"><span class='ocrx_word' id='word_1_609' title='bbox 2218 3760 2500 3817; x_wconf 76' lang='lat' dir='ltr'><strong>manifesta</strong></span> <span class='ocrx_word' id='word_1_610' title='bbox 2530 3764 2606 3817; x_wconf 88' lang='lat' dir='ltr'><strong>rei</strong></span> <span class='ocrx_word' id='word_1_611' title='bbox 2649 3764 2870 3818; x_wconf 86' lang='lat' dir='ltr'><strong>veritate</strong></span> <span class='ocrx_word' id='word_1_612' title='bbox 2903 3773 3282 3833; x_wconf 70' lang='lat' dir='ltr'><strong>prmsumptus.</strong></span> <span class='ocrx_word' id='word_1_613' title='bbox 3326 3766 3458 3822; x_wconf 90' lang='lat' dir='ltr'><strong>Nam</strong></span> <span class='ocrx_word' id='word_1_614' title='bbox 3488 3785 3664 3840; x_wconf 84' lang='lat' dir='ltr'><strong>neque</strong></span> <span class='ocrx_word' id='word_1_615' title='bbox 3687 3773 3800 3828; x_wconf 85' lang='lat' dir='ltr'><strong>sine</strong></span> 
     </span>
    </p>
   </div>
   <div class='ocr_carea' id='block_1_74' title="bbox 2223 3855 3798 3930">
    <p class='ocr_par' dir='ltr' id='par_1_74' title="bbox 2223 3855 3798 3930">
     <span class='ocr_line' id='line_1_74' title="bbox 2223 3855 3798 3930; baseline 0.008 -23"><span class='ocrx_word' id='word_1_616' title='bbox 2223 3863 2445 3908; x_wconf 83' lang='lat' dir='ltr'><strong>tractatu</strong></span> <span class='ocrx_word' id='word_1_617' title='bbox 2495 3855 2721 3909; x_wconf 90' lang='lat' dir='ltr'><strong>aliorum</strong></span> <span class='ocrx_word' id='word_1_618' title='bbox 2768 3855 2835 3908; x_wconf 87' lang='lat' dir='ltr'><strong>ad</strong></span> <span class='ocrx_word' id='word_1_619' title='bbox 2885 3869 3041 3908; x_wconf 88' lang='lat' dir='ltr'><strong>suum</strong></span> <span class='ocrx_word' id='word_1_620' title='bbox 3087 3857 3372 3912; x_wconf 89' lang='lat' dir='ltr'><strong>concilium</strong></span> <span class='ocrx_word' id='word_1_621' title='bbox 3419 3863 3798 3930; x_wconf 83' lang='lat' dir='ltr'><strong>pertinentium</strong></span> 
     </span>
    </p>
   </div>
   <div class='ocr_carea' id='block_1_75' title="bbox 2222 3941 3802 4022">
    <p class='ocr_par' dir='ltr' id='par_1_75' title="bbox 2222 3941 3802 4022">
     <span class='ocr_line' id='line_1_75' title="bbox 2222 3941 3802 4022; baseline 0.009 -27"><span class='ocrx_word' id='word_1_622' title='bbox 2222 3941 2588 4010; x_wconf 88' lang='lat' dir='ltr'><strong>sacerdotum,</strong></span> <span class='ocrx_word' id='word_1_623' title='bbox 2623 3941 2990 3996; x_wconf 84' lang='lat' dir='ltr'><strong>Autiocheuus</strong></span> <span class='ocrx_word' id='word_1_624' title='bbox 3017 3944 3241 3999; x_wconf 87' lang='lat' dir='ltr'><strong>antistes</strong></span> <span class='ocrx_word' id='word_1_625' title='bbox 3280 3945 3348 4000; x_wconf 94' lang='lat' dir='ltr'><strong>de</strong></span> <span class='ocrx_word' id='word_1_626' title='bbox 3373 3949 3498 4002; x_wconf 85' lang='lat' dir='ltr'><strong>novi</strong></span> <span class='ocrx_word' id='word_1_627' title='bbox 3540 3950 3802 4022; x_wconf 78' lang='lat' dir='ltr'><strong>dogmatis</strong></span> 
     </span>
    </p>
   </div>
   <div class='ocr_carea' id='block_1_76' title="bbox 2223 4034 3798 4110">
    <p class='ocr_par' dir='ltr' id='par_1_76' title="bbox 2223 4034 3798 4110">
     <span class='ocr_line' id='line_1_76' title="bbox 2223 4034 3798 4110; baseline 0.01 -23"><span class='ocrx_word' id='word_1_628' title='bbox 2223 4034 2522 4088; x_wconf 87' lang='lat' dir='ltr'><strong>assertione</strong></span> <span class='ocrx_word' id='word_1_629' title='bbox 2593 4035 2864 4103; x_wconf 81' lang='lat' dir='ltr'><strong>corripere</strong></span> <span class='ocrx_word' id='word_1_630' title='bbox 2932 4035 3104 4104; x_wconf 88' lang='lat' dir='ltr'><strong>palam</strong></span> <span class='ocrx_word' id='word_1_631' title='bbox 3153 4037 3798 4110; x_wconf 79' lang='lat' dir='ltr'><strong>Constantinopolitannm</strong></span> 
     </span>
    </p>
   </div>
   <div class='ocr_carea' id='block_1_77' title="bbox 2224 4125 3804 4209">
    <p class='ocr_par' dir='ltr' id='par_1_77' title="bbox 2224 4125 3804 4209">
     <span class='ocr_line' id='line_1_77' title="bbox 2224 4125 3804 4209; baseline 0.007 -29"><span class='ocrx_word' id='word_1_632' title='bbox 2224 4125 2532 4196; x_wconf 82' lang='lat' dir='ltr'><strong>episcopum</strong></span> <span class='ocrx_word' id='word_1_633' title='bbox 2565 4136 2763 4195; x_wconf 85' lang='lat' dir='ltr'><strong>posset.</strong></span> <span class='ocrx_word' id='word_1_634' title='bbox 2798 4126 2969 4182; x_wconf 87' lang='lat' dir='ltr'><strong>Tanto</strong></span> <span class='ocrx_word' id='word_1_635' title='bbox 3000 4142 3126 4183; x_wconf 89' lang='lat' dir='ltr'><strong>vero</strong></span> <span class='ocrx_word' id='word_1_636' title='bbox 3171 4129 3478 4186; x_wconf 86' lang='lat' dir='ltr'><strong>testimonio</strong></span> <span class='ocrx_word' id='word_1_637' title='bbox 3505 4145 3691 4190; x_wconf 88' lang='lat' dir='ltr'><strong>sancta</strong></span> <span class='ocrx_word' id='word_1_638' title='bbox 3720 4152 3804 4209; x_wconf 83' lang='lat' dir='ltr'><strong>sy-</strong></span> 
     </span>
    </p>
   </div>
   <div class='ocr_carea' id='block_1_78' title="bbox 2227 4226 3805 4297">
    <p class='ocr_par' dir='ltr' id='par_1_78' title="bbox 2227 4226 3805 4297">
     <span class='ocr_line' id='line_1_78' title="bbox 2227 4226 3805 4297; baseline 0.005 -18"><span class='ocrx_word' id='word_1_639' title='bbox 2227 4226 2398 4281; x_wconf 87' lang='lat' dir='ltr'><strong>nodus</strong></span> <span class='ocrx_word' id='word_1_640' title='bbox 2429 4227 2678 4293; x_wconf 89' lang='lat' dir='ltr'><strong>credens,</strong></span> <span class='ocrx_word' id='word_1_641' title='bbox 2701 4229 2974 4297; x_wconf 89' lang='lat' dir='ltr'><strong>quomodo</strong></span> <span class='ocrx_word' id='word_1_642' title='bbox 2996 4230 3265 4286; x_wconf 88' lang='lat' dir='ltr'><strong>Theodori</strong></span> <span class='ocrx_word' id='word_1_643' title='bbox 3298 4235 3613 4288; x_wconf 82' lang='lat' dir='ltr'><strong>memoriam</strong></span> <span class='ocrx_word' id='word_1_644' title='bbox 3648 4233 3805 4288; x_wconf 81' lang='lat' dir='ltr'><strong>veluti</strong></span> 
     </span>
    </p>
   </div>
   <div class='ocr_carea' id='block_1_79' title="bbox 2227 4319 3805 4395">
    <p class='ocr_par' dir='ltr' id='par_1_79' title="bbox 2227 4319 3805 4395">
     <span class='ocr_line' id='line_1_79' title="bbox 2227 4319 3805 4395; baseline 0.006 -23"><span class='ocrx_word' id='word_1_645' title='bbox 2227 4319 2462 4374; x_wconf 81' lang='lat' dir='ltr'><strong>haeretici</strong></span> <span class='ocrx_word' id='word_1_646' title='bbox 2497 4319 2844 4390; x_wconf 86' lang='lat' dir='ltr'><strong>rejiciendam</strong></span> <span class='ocrx_word' id='word_1_647' title='bbox 2876 4321 2945 4375; x_wconf 84' lang='lat' dir='ltr'><strong>ab</strong></span> <span class='ocrx_word' id='word_1_648' title='bbox 2975 4322 3216 4378; x_wconf 86' lang='lat' dir='ltr'><strong>Ecclesia</strong></span> <span class='ocrx_word' id='word_1_649' title='bbox 3240 4323 3540 4394; x_wconf 84' lang='lat' dir='ltr'><strong>judicaret,</strong></span> <span class='ocrx_word' id='word_1_650' title='bbox 3574 4323 3626 4378; x_wconf 92' lang='lat' dir='ltr'><strong>iu</strong></span> <span class='ocrx_word' id='word_1_651' title='bbox 3658 4325 3805 4395; x_wconf 84' lang='lat' dir='ltr'><strong>cujus</strong></span> 
     </span>
    </p>
   </div>
   <div class='ocr_carea' id='block_1_80' title="bbox 2227 4411 3804 4484">
    <p class='ocr_par' dir='ltr' id='par_1_80' title="bbox 2227 4411 3804 4484">
     <span class='ocr_line' id='line_1_80' title="bbox 2227 4411 3804 4484; baseline 0.005 -19"><span class='ocrx_word' id='word_1_652' title='bbox 2227 4426 2364 4481; x_wconf 89' lang='lat' dir='ltr'><strong>pace</strong></span> <span class='ocrx_word' id='word_1_653' title='bbox 2387 4413 2478 4468; x_wconf 90' lang='lat' dir='ltr'><strong>ille</strong></span> <span class='ocrx_word' id='word_1_654' title='bbox 2499 4411 2782 4467; x_wconf 82' lang='lat' dir='ltr'><strong>defunctus</strong></span> <span class='ocrx_word' id='word_1_655' title='bbox 2809 4422 2911 4478; x_wconf 91' lang='lat' dir='ltr'><strong>est,</strong></span> <span class='ocrx_word' id='word_1_656' title='bbox 2943 4424 2997 4469; x_wconf 87' lang='lat' dir='ltr'><strong>et</strong></span> <span class='ocrx_word' id='word_1_657' title='bbox 3019 4413 3175 4482; x_wconf 90' lang='lat' dir='ltr'><strong>cujus</strong></span> <span class='ocrx_word' id='word_1_658' title='bbox 3205 4429 3388 4484; x_wconf 88' lang='lat' dir='ltr'><strong>pacem</strong></span> <span class='ocrx_word' id='word_1_659' title='bbox 3419 4415 3494 4469; x_wconf 88' lang='lat' dir='ltr'><strong>sie</strong></span> <span class='ocrx_word' id='word_1_660' title='bbox 3521 4416 3730 4484; x_wconf 87' lang='lat' dir='ltr'><strong>dilexit,</strong></span> <span class='ocrx_word' id='word_1_661' title='bbox 3756 4424 3804 4474; x_wconf 88' lang='lat' dir='ltr'><strong>ut</strong></span> 
     </span>
    </p>
   </div>
   <div class='ocr_carea' id='block_1_81' title="bbox 542 4489 3806 4578">
    <p class='ocr_par' dir='ltr' id='par_1_81' title="bbox 542 4489 3806 4578">
     <span class='ocr_line' id='line_1_81' title="bbox 542 4489 3806 4578; baseline 0.001 -19"><span class='ocrx_word' id='word_1_662' title='bbox 542 4507 937 4561; x_wconf 88' lang='lat' dir='ltr'><strong>accusationem</strong></span> <span class='ocrx_word' id='word_1_663' title='bbox 965 4521 1082 4576; x_wconf 73' lang='lat' dir='ltr'><strong>qua:</strong></span> <span class='ocrx_word' id='word_1_664' title='bbox 1107 4504 1364 4560; x_wconf 87' lang='lat' dir='ltr'><strong>adversus</strong></span> <span class='ocrx_word' id='word_1_665' title='bbox 1387 4520 1507 4560; x_wconf 90' lang='lat' dir='ltr'><strong>eum</strong></span> <span class='ocrx_word' id='word_1_666' title='bbox 1532 4505 1708 4559; x_wconf 87' lang='lat' dir='ltr'><strong>fuerat</strong></span> <span class='ocrx_word' id='word_1_667' title='bbox 1734 4506 1867 4559; x_wconf 88' lang='lat' dir='ltr'><strong>facta</strong></span> <span class='ocrx_word' id='word_1_668' title='bbox 1889 4523 1902 4558; x_wconf 91' lang='lat'><strong>:</strong></span> <span class='ocrx_word' id='word_1_669' title='bbox 1926 4520 2125 4575; x_wconf 85' lang='lat' dir='ltr'><strong>nequa-</strong></span> <span class='ocrx_word' id='word_1_670' title='bbox 2154 4489 2206 4550; x_wconf 84' lang='lat' dir='ltr'><strong>D</strong></span> <span class='ocrx_word' id='word_1_671' title='bbox 2228 4503 2455 4574; x_wconf 88' lang='lat' dir='ltr'><strong>gloriam</strong></span> <span class='ocrx_word' id='word_1_672' title='bbox 2507 4519 2617 4559; x_wconf 64' lang='lat' dir='ltr'><strong>sua:</strong></span> <span class='ocrx_word' id='word_1_673' title='bbox 2670 4505 3006 4560; x_wconf 89' lang='lat' dir='ltr'><strong>auctoritatis</strong></span> <span class='ocrx_word' id='word_1_674' title='bbox 3055 4520 3162 4561; x_wconf 86' lang='lat' dir='ltr'><strong>non</strong></span> <span class='ocrx_word' id='word_1_675' title='bbox 3210 4506 3556 4563; x_wconf 86' lang='lat' dir='ltr'><strong>erubesceret</strong></span> <span class='ocrx_word' id='word_1_676' title='bbox 3585 4508 3706 4578; x_wconf 88' lang='lat' dir='ltr'><strong>ejus</strong></span> <span class='ocrx_word' id='word_1_677' title='bbox 3735 4508 3806 4562; x_wconf 81' lang='lat' dir='ltr'><strong>of-</strong></span> 
     </span>
    </p>
   </div>
   <div class='ocr_carea' id='block_1_82' title="bbox 543 4594 2126 4667">
    <p class='ocr_par' dir='ltr' id='par_1_82' title="bbox 543 4594 2126 4667">
     <span class='ocr_line' id='line_1_82' title="bbox 543 4594 2126 4667; baseline 0.003 -19"><span class='ocrx_word' id='word_1_678' title='bbox 543 4610 702 4666; x_wconf 88' lang='lat' dir='ltr'><strong>quam</strong></span> <span class='ocrx_word' id='word_1_679' title='bbox 727 4594 976 4667; x_wconf 88' lang='lat' dir='ltr'><strong>judicans</strong></span> <span class='ocrx_word' id='word_1_680' title='bbox 1021 4605 1180 4664; x_wconf 86' lang='lat' dir='ltr'><strong>turpe</strong></span> <span class='ocrx_word' id='word_1_681' title='bbox 1218 4596 1418 4665; x_wconf 87' lang='lat' dir='ltr'><strong>aliquid</strong></span> <span class='ocrx_word' id='word_1_682' title='bbox 1447 4611 1570 4651; x_wconf 85' lang='lat' dir='ltr'><strong>esse</strong></span> <span class='ocrx_word' id='word_1_683' title='bbox 1600 4596 1910 4666; x_wconf 84' lang='lat' dir='ltr'><strong>corrigere;</strong></span> <span class='ocrx_word' id='word_1_684' title='bbox 1943 4605 1998 4651; x_wconf 90' lang='lat' dir='ltr'><strong>et</strong></span> <span class='ocrx_word' id='word_1_685' title='bbox 2023 4599 2126 4654; x_wconf 85' lang='lat' dir='ltr'><strong>hoc</strong></span> 
     </span>
    </p>
   </div>
   <div class='ocr_carea' id='block_1_83' title="bbox 546 4687 2127 4759">
    <p class='ocr_par' dir='ltr' id='par_1_83' title="bbox 546 4687 2127 4759">
     <span class='ocr_line' id='line_1_83' title="bbox 546 4687 2127 4759; baseline 0.002 -16"><span class='ocrx_word' id='word_1_686' title='bbox 546 4689 839 4744; x_wconf 88' lang='lat' dir='ltr'><strong>scientibus</strong></span> <span class='ocrx_word' id='word_1_687' title='bbox 869 4687 1086 4758; x_wconf 88' lang='lat' dir='ltr'><strong>quidem</strong></span> <span class='ocrx_word' id='word_1_688' title='bbox 1116 4690 1388 4756; x_wconf 88' lang='lat' dir='ltr'><strong>omnibus,</strong></span> <span class='ocrx_word' id='word_1_689' title='bbox 1422 4687 1544 4759; x_wconf 83' lang='lat' dir='ltr'><strong>quia</strong></span> <span class='ocrx_word' id='word_1_690' title='bbox 1580 4691 1909 4759; x_wconf 82' lang='lat' dir='ltr'><strong>negligenter</strong></span> <span class='ocrx_word' id='word_1_691' title='bbox 1936 4700 1991 4748; x_wconf 89' lang='lat' dir='ltr'><strong>et</strong></span> <span class='ocrx_word' id='word_1_692' title='bbox 2026 4691 2127 4747; x_wconf 90' lang='lat' dir='ltr'><strong>mi-</strong></span> 
     </span>
    </p>
   </div>
   <div class='ocr_carea' id='block_1_84' title="bbox 550 4779 2124 4850">
    <p class='ocr_par' dir='ltr' id='par_1_84' title="bbox 550 4779 2124 4850">
     <span class='ocr_line' id='line_1_84' title="bbox 550 4779 2124 4850; baseline 0.003 -15"><span class='ocrx_word' id='word_1_693' title='bbox 550 4795 651 4836; x_wconf 88' lang='lat' dir='ltr'><strong>nus</strong></span> <span class='ocrx_word' id='word_1_694' title='bbox 681 4789 835 4836; x_wconf 86' lang='lat' dir='ltr'><strong>caute</strong></span> <span class='ocrx_word' id='word_1_695' title='bbox 866 4781 934 4836; x_wconf 88' lang='lat' dir='ltr'><strong>ab</strong></span> <span class='ocrx_word' id='word_1_696' title='bbox 964 4797 1029 4835; x_wconf 91' lang='lat' dir='ltr'><strong>eo</strong></span> <span class='ocrx_word' id='word_1_697' title='bbox 1061 4781 1236 4836; x_wconf 87' lang='lat' dir='ltr'><strong>fuerat</strong></span> <span class='ocrx_word' id='word_1_698' title='bbox 1269 4781 1496 4848; x_wconf 90' lang='lat' dir='ltr'><strong>dictum,</strong></span> <span class='ocrx_word' id='word_1_699' title='bbox 1529 4779 1918 4850; x_wconf 84' lang='lat' dir='ltr'><strong>excipientibus</strong></span> <span class='ocrx_word' id='word_1_700' title='bbox 1947 4792 2124 4840; x_wconf 89' lang='lat' dir='ltr'><strong>autem</strong></span> 
     </span>
    </p>
   </div>
   <div class='ocr_carea' id='block_1_85' title="bbox 543 4874 2124 4947">
    <p class='ocr_par' dir='ltr' id='par_1_85' title="bbox 543 4874 2124 4947">
     <span class='ocr_line' id='line_1_85' title="bbox 543 4874 2124 4947; baseline 0.001 -17"><span class='ocrx_word' id='word_1_701' title='bbox 543 4875 798 4930; x_wconf 89' lang='lat' dir='ltr'><strong>continuo</strong></span> <span class='ocrx_word' id='word_1_702' title='bbox 838 4874 1250 4930; x_wconf 89' lang='lat' dir='ltr'><strong>correctionem.</strong></span> <span class='ocrx_word' id='word_1_703' title='bbox 1291 4894 1309 4927; x_wconf 73' lang='grc' dir='ltr'><strong><em>ι</em></strong></span> <span class='ocrx_word' id='word_1_704' title='bbox 1348 4874 1516 4930; x_wconf 88' lang='lat' dir='ltr'><strong>Porro</strong></span> <span class='ocrx_word' id='word_1_705' title='bbox 1552 4885 1718 4932; x_wconf 92' lang='lat' dir='ltr'><strong>totum</strong></span> <span class='ocrx_word' id='word_1_706' title='bbox 1750 4875 1850 4931; x_wconf 87' lang='lat' dir='ltr'><strong>hoc</strong></span> <span class='ocrx_word' id='word_1_707' title='bbox 1870 4892 2124 4947; x_wconf 82' lang='lat' dir='ltr'><strong>arrogan-</strong></span> 
     </span>
    </p>
   </div>
   <div class='ocr_carea' id='block_1_86' title="bbox 543 4965 2122 5038">
    <p class='ocr_par' dir='ltr' id='par_1_86' title="bbox 543 4965 2122 5038">
     <span class='ocr_line' id='line_1_86' title="bbox 543 4965 2122 5038; baseline 0.002 -18"><span class='ocrx_word' id='word_1_708' title='bbox 543 4965 668 5022; x_wconf 81' lang='lat' dir='ltr'><strong>liam</strong></span> <span class='ocrx_word' id='word_1_709' title='bbox 694 4965 968 5022; x_wconf 88' lang='lat' dir='ltr'><strong>confundit</strong></span> <span class='ocrx_word' id='word_1_710' title='bbox 997 4966 1204 5020; x_wconf 90' lang='lat' dir='ltr'><strong>illorum</strong></span> <span class='ocrx_word' id='word_1_711' title='bbox 1229 4965 1322 5036; x_wconf 91' lang='lat' dir='ltr'><strong>qui</strong></span> <span class='ocrx_word' id='word_1_712' title='bbox 1351 4980 1408 5020; x_wconf 88' lang='lat' dir='ltr'><strong>se</strong></span> <span class='ocrx_word' id='word_1_713' title='bbox 1436 4965 1806 5038; x_wconf 87' lang='lat' dir='ltr'><strong>diligentiores</strong></span> <span class='ocrx_word' id='word_1_714' title='bbox 1831 4978 1885 5024; x_wconf 92' lang='lat' dir='ltr'><strong>et</strong></span> <span class='ocrx_word' id='word_1_715' title='bbox 1911 4971 2122 5038; x_wconf 84' lang='lat' dir='ltr'><strong>sapien-</strong></span> 
     </span>
    </p>
   </div>
   <div class='ocr_carea' id='block_1_87' title="bbox 616 5125 2120 5195">
    <p class='ocr_par' dir='ltr' id='par_1_87' title="bbox 616 5125 2120 5195">
     <span class='ocr_line' id='line_1_87' title="bbox 616 5125 2120 5195; baseline 0.005 -17"><span class='ocrx_word' id='word_1_716' title='bbox 616 5132 641 5162; x_wconf 78' lang='grc' dir='ltr'>ι</span> <span class='ocrx_word' id='word_1_717' title='bbox 685 5125 874 5180; x_wconf 81' lang='lat' dir='ltr'><strong>Exstat</strong></span> <span class='ocrx_word' id='word_1_718' title='bbox 900 5125 1103 5195; x_wconf 88' lang='lat' dir='ltr'><strong>integra</strong></span> <span class='ocrx_word' id='word_1_719' title='bbox 1144 5125 1366 5180; x_wconf 88' lang='lat' dir='ltr'><strong>Joannis</strong></span> <span class='ocrx_word' id='word_1_720' title='bbox 1393 5127 1459 5180; x_wconf 83' lang='lat' dir='ltr'><strong>ad</strong></span> <span class='ocrx_word' id='word_1_721' title='bbox 1484 5127 1788 5182; x_wconf 85' lang='lat' dir='ltr'><strong>Nestorium</strong></span> <span class='ocrx_word' id='word_1_722' title='bbox 1812 5129 2034 5194; x_wconf 83' lang='lat' dir='ltr'><strong>epistola</strong></span> <span class='ocrx_word' id='word_1_723' title='bbox 2068 5131 2120 5186; x_wconf 89' lang='lat' dir='ltr'><strong>in</strong></span> 
     </span>
    </p>
   </div>
   <div class='ocr_carea' id='block_1_88' title="bbox 546 5195 2121 5268">
    <p class='ocr_par' dir='ltr' id='par_1_88' title="bbox 546 5195 2121 5268">
     <span class='ocr_line' id='line_1_88' title="bbox 546 5195 2121 5268; baseline 0.005 -20"><span class='ocrx_word' id='word_1_724' title='bbox 546 5195 714 5265; x_wconf 89' lang='lat' dir='ltr'><strong>prima</strong></span> <span class='ocrx_word' id='word_1_725' title='bbox 743 5205 894 5266; x_wconf 87' lang='lat' dir='ltr'><strong>parte</strong></span> <span class='ocrx_word' id='word_1_726' title='bbox 923 5197 1108 5268; x_wconf 84' lang='lat' dir='ltr'><strong>synodi</strong></span> <span class='ocrx_word' id='word_1_727' title='bbox 1142 5197 1454 5266; x_wconf 68' lang='lat' dir='ltr'><strong>Ephesium;</strong></span> <span class='ocrx_word' id='word_1_728' title='bbox 1508 5214 1691 5254; x_wconf 89' lang='lat' dir='ltr'><strong>verum</strong></span> <span class='ocrx_word' id='word_1_729' title='bbox 1736 5199 1820 5253; x_wconf 85' lang='lat' dir='ltr'><strong>ubi</strong></span> <span class='ocrx_word' id='word_1_730' title='bbox 1858 5200 2121 5256; x_wconf 84' lang='lat' dir='ltr'><strong>Theodori</strong></span> 
     </span>
    </p>
   </div>
   <div class='ocr_carea' id='block_1_89' title="bbox 547 5269 2123 5339">
    <p class='ocr_par' dir='ltr' id='par_1_89' title="bbox 547 5269 2123 5339">
     <span class='ocr_line' id='line_1_89' title="bbox 547 5269 2123 5339; baseline 0.004 -20"><span class='ocrx_word' id='word_1_731' title='bbox 547 5269 597 5339; x_wconf 83' lang='lat' dir='ltr'><strong>in</strong></span> <span class='ocrx_word' id='word_1_732' title='bbox 625 5281 686 5320; x_wconf 86' lang='lat' dir='ltr'><strong>ea</strong></span> <span class='ocrx_word' id='word_1_733' title='bbox 719 5278 798 5339; x_wconf 74' lang='lat' dir='ltr'><strong>est</strong></span> <span class='ocrx_word' id='word_1_734' title='bbox 828 5271 1058 5335; x_wconf 88' lang='lat' dir='ltr'><strong>mentio,</strong></span> <span class='ocrx_word' id='word_1_735' title='bbox 1091 5269 1373 5336; x_wconf 85' lang='lat' dir='ltr'><strong>irrepserat</strong></span> <span class='ocrx_word' id='word_1_736' title='bbox 1421 5269 1569 5323; x_wconf 85' lang='lat' dir='ltr'><strong>Pauli</strong></span> <span class='ocrx_word' id='word_1_737' title='bbox 1602 5285 1795 5324; x_wconf 85' lang='lat' dir='ltr'><strong>nomen</strong></span> <span class='ocrx_word' id='word_1_738' title='bbox 1827 5285 1923 5339; x_wconf 91' lang='lat' dir='ltr'><strong>pro</strong></span> <span class='ocrx_word' id='word_1_739' title='bbox 1947 5271 2123 5325; x_wconf 84' lang='lat' dir='ltr'><strong>Theo-</strong></span> 
     </span>
    </p>
   </div>
   <div class='ocr_carea' id='block_1_90' title="bbox 547 5336 2117 5406">
    <p class='ocr_par' dir='ltr' id='par_1_90' title="bbox 547 5336 2117 5406">
     <span class='ocr_line' id='line_1_90' title="bbox 547 5336 2117 5406; baseline 0.004 -18"><span class='ocrx_word' id='word_1_740' title='bbox 547 5337 698 5390; x_wconf 89' lang='lat' dir='ltr'><strong>doro.</strong></span> <span class='ocrx_word' id='word_1_741' title='bbox 729 5336 817 5391; x_wconf 91' lang='lat' dir='ltr'><strong>Sic</strong></span> <span class='ocrx_word' id='word_1_742' title='bbox 842 5340 999 5406; x_wconf 80' lang='lat' dir='ltr'><strong>igitur</strong></span> <span class='ocrx_word' id='word_1_743' title='bbox 1023 5355 1088 5394; x_wconf 88' lang='lat' dir='ltr'><strong>ex</strong></span> <span class='ocrx_word' id='word_1_744' title='bbox 1117 5339 1352 5394; x_wconf 85' lang='lat' dir='ltr'><strong>Facundi</strong></span> <span class='ocrx_word' id='word_1_745' title='bbox 1377 5341 1556 5395; x_wconf 87' lang='lat' dir='ltr'><strong>verbis</strong></span> <span class='ocrx_word' id='word_1_746' title='bbox 1581 5336 1971 5394; x_wconf 75' lang='lat' dir='ltr'><strong>rrstitueridum</strong></span> <span class='ocrx_word' id='word_1_747' title='bbox 2004 5351 2117 5395; x_wconf 82' lang='lat' dir='ltr'><strong>est:</strong></span> 
     </span>
    </p>
   </div>
   <div class='ocr_carea' id='block_1_91' title="bbox 542 5408 2121 5487">
    <p class='ocr_par' dir='ltr' id='par_1_91' title="bbox 542 5408 2121 5487">
     <span class='ocr_line' id='line_1_91' title="bbox 542 5408 2121 5487; baseline 0.005 -28"><span class='ocrx_word' id='word_1_748' title='bbox 542 5408 804 5487; x_wconf 49' lang='grc' dir='ltr'><strong>Μένωνίσαί</strong></span> <span class='ocrx_word' id='word_1_749' title='bbox 832 5430 930 5464; x_wconf 71' lang='grc' dir='ltr'><strong>που</strong></span> <span class='ocrx_word' id='word_1_750' title='bbox 969 5413 1173 5471; x_wconf 78' lang='grc' dir='ltr'><strong>πάντως</strong></span> <span class='ocrx_word' id='word_1_751' title='bbox 1205 5418 1293 5465; x_wconf 80' lang='grc' dir='ltr'><strong>τοῦ</strong></span> <span class='ocrx_word' id='word_1_752' title='bbox 1337 5412 1874 5487; x_wconf 27' lang='grc' dir='ltr'><strong>μακκλςέουμθεοδὼρην</strong></span> <span class='ocrx_word' id='word_1_753' title='bbox 1919 5412 2121 5467; x_wconf 62' lang='lat' dir='ltr'><strong>Eri-tami-</strong></span> 
     </span>
    </p>
   </div>
   <div class='ocr_carea' id='block_1_92' title="bbox 543 5478 2122 5551">
    <p class='ocr_par' dir='ltr' id='par_1_92' title="bbox 543 5478 2122 5551">
     <span class='ocr_line' id='line_1_92' title="bbox 543 5478 2122 5551; baseline 0.004 -21"><span class='ocrx_word' id='word_1_754' title='bbox 543 5496 667 5551; x_wconf 65' lang='lat' dir='ltr'><strong>nov,</strong></span> <span class='ocrx_word' id='word_1_755' title='bbox 697 5478 745 5530; x_wconf 77' lang='grc' dir='ltr'><strong>ἐν</strong></span> <span class='ocrx_word' id='word_1_756' title='bbox 792 5482 1024 5551; x_wconf 69' lang='grc' dir='ltr'><strong>ἐξηγησει</strong></span> <span class='ocrx_word' id='word_1_757' title='bbox 1047 5483 1270 5540; x_wconf 72' lang='grc' dir='ltr'><strong>εἰπόντος</strong></span> <span class='ocrx_word' id='word_1_758' title='bbox 1313 5478 1361 5536; x_wconf 71' lang='grc' dir='ltr'>τί</span> <span class='ocrx_word' id='word_1_759' title='bbox 1388 5478 1487 5538; x_wconf 51' lang='lat' dir='ltr'><strong>tciri</strong></span> <span class='ocrx_word' id='word_1_760' title='bbox 1507 5487 1562 5535; x_wconf 73' lang='grc' dir='ltr'><strong>οὐ</strong></span> <span class='ocrx_word' id='word_1_761' title='bbox 1591 5478 1836 5546; x_wconf 57' lang='lat' dir='ltr'><strong>doli/mror;</strong></span> <span class='ocrx_word' id='word_1_762' title='bbox 1861 5485 2022 5544; x_wconf 69' lang='grc' dir='ltr'><strong>καλῶς</strong></span> <span class='ocrx_word' id='word_1_763' title='bbox 2054 5488 2122 5538; x_wconf 79' lang='grc' dir='ltr'><strong>εἰ-</strong></span> 
     </span>
    </p>
   </div>
   <div class='ocr_carea' id='block_1_93' title="bbox 543 5548 2122 5624">
    <p class='ocr_par' dir='ltr' id='par_1_93' title="bbox 543 5548 2122 5624">
     <span class='ocr_line' id='line_1_93' title="bbox 543 5548 2122 5624; baseline 0.004 -22"><span class='ocrx_word' id='word_1_764' title='bbox 543 5548 727 5620; x_wconf 75' lang='grc' dir='ltr'><strong>ρῆσθαι</strong></span> <span class='ocrx_word' id='word_1_765' title='bbox 749 5548 937 5624; x_wconf 60' lang='lat' dir='ltr'><strong>xperire,»</strong></span> <span class='ocrx_word' id='word_1_766' title='bbox 957 5553 1012 5605; x_wconf 79' lang='grc' dir='ltr'><strong>τέ</strong></span> <span class='ocrx_word' id='word_1_767' title='bbox 1037 5572 1136 5616; x_wconf 68' lang='lat' dir='ltr'><strong>aet,</strong></span> <span class='ocrx_word' id='word_1_768' title='bbox 1165 5561 1238 5623; x_wconf 80' lang='grc' dir='ltr'><strong>τῷ</strong></span> <span class='ocrx_word' id='word_1_769' title='bbox 1263 5556 1345 5606; x_wconf 75' lang='grc' dir='ltr'><strong>καὶ</strong></span> <span class='ocrx_word' id='word_1_770' title='bbox 1371 5557 1837 5624; x_wconf 59' lang='grc' dir='ltr'><strong>παρἕησιασαςιέννει</strong></span> <span class='ocrx_word' id='word_1_771' title='bbox 1868 5554 1972 5608; x_wconf 76' lang='grc' dir='ltr'><strong>κατ’</strong></span> <span class='ocrx_word' id='word_1_772' title='bbox 1999 5558 2122 5610; x_wconf 81' lang='grc' dir='ltr'><strong>ἐκεῖ·</strong></span> 
     </span>
    </p>
   </div>
   <div class='ocr_carea' id='block_1_94' title="bbox 619 5657 2120 5737">
    <p class='ocr_par' dir='ltr' id='par_1_94' title="bbox 619 5657 2120 5737">
     <span class='ocr_line' id='line_1_94' title="bbox 619 5657 2120 5737; baseline 0.007 -26"><span class='ocrx_word' id='word_1_773' title='bbox 619 5659 635 5689; x_wconf 79' lang='grc'>⁸</span> <span class='ocrx_word' id='word_1_774' title='bbox 836 5657 1053 5726; x_wconf 77' lang='lat' dir='ltr'><strong>Veron.,</strong></span> <span class='ocrx_word' id='word_1_775' title='bbox 1087 5663 1252 5737; x_wconf 78' lang='lat' dir='ltr'><strong>minus</strong></span> <span class='ocrx_word' id='word_1_776' title='bbox 1276 5674 1418 5719; x_wconf 83' lang='lat' dir='ltr'><strong>raute</strong></span> <span class='ocrx_word' id='word_1_777' title='bbox 1444 5664 1876 5737; x_wconf 67' lang='lat' dir='ltr'><strong>animaduersum,</strong></span> <span class='ocrx_word' id='word_1_778' title='bbox 1908 5666 1995 5720; x_wconf 76' lang='lat' dir='ltr'><strong>sed</strong></span> <span class='ocrx_word' id='word_1_779' title='bbox 2019 5682 2120 5737; x_wconf 82' lang='lat' dir='ltr'><strong>po-</strong></span> 
     </span>
    </p>
   </div>
   <div class='ocr_carea' id='block_1_95' title="bbox 547 5729 1856 5804">
    <p class='ocr_par' dir='ltr' id='par_1_95' title="bbox 547 5729 1856 5804">
     <span class='ocr_line' id='line_1_95' title="bbox 547 5729 1856 5804; baseline 0.003 -18"><span class='ocrx_word' id='word_1_780' title='bbox 547 5729 647 5786; x_wconf 76' lang='lat' dir='ltr'><strong>tius</strong></span> <span class='ocrx_word' id='word_1_781' title='bbox 668 5730 996 5804; x_wconf 79' lang='lat' dir='ltr'><strong>negligenter,</strong></span> <span class='ocrx_word' id='word_1_782' title='bbox 1031 5741 1078 5786; x_wconf 86' lang='lat' dir='ltr'><strong>et</strong></span> <span class='ocrx_word' id='word_1_783' title='bbox 1104 5733 1272 5790; x_wconf 78' lang='lat' dir='ltr'><strong>minus</strong></span> <span class='ocrx_word' id='word_1_784' title='bbox 1294 5746 1439 5790; x_wconf 86' lang='lat' dir='ltr'><strong>caute</strong></span> <span class='ocrx_word' id='word_1_785' title='bbox 1466 5736 1528 5788; x_wconf 84' lang='lat' dir='ltr'><strong>ab</strong></span> <span class='ocrx_word' id='word_1_786' title='bbox 1558 5750 1614 5789; x_wconf 74' lang='lat' dir='ltr'><strong>eo</strong></span> <span class='ocrx_word' id='word_1_787' title='bbox 1643 5734 1856 5790; x_wconf 81' lang='lat' dir='ltr'><strong>dictum.</strong></span> 
     </span>
    </p>
   </div>
   <div class='ocr_carea' id='block_1_96' title="bbox 2231 4595 3806 4666">
    <p class='ocr_par' dir='ltr' id='par_1_96' title="bbox 2231 4595 3806 4666">
     <span class='ocr_line' id='line_1_96' title="bbox 2231 4595 3806 4666; baseline 0.004 -16"><span class='ocrx_word' id='word_1_788' title='bbox 2231 4595 2464 4651; x_wconf 87' lang='lat' dir='ltr'><strong>fensioni</strong></span> <span class='ocrx_word' id='word_1_789' title='bbox 2514 4596 2868 4666; x_wconf 69' lang='lat' dir='ltr'><strong>postponere?</strong></span> <span class='ocrx_word' id='word_1_790' title='bbox 2913 4597 3020 4653; x_wconf 83' lang='lat' dir='ltr'><strong>Cur</strong></span> <span class='ocrx_word' id='word_1_791' title='bbox 3066 4607 3244 4655; x_wconf 85' lang='lat' dir='ltr'><strong>autem</strong></span> <span class='ocrx_word' id='word_1_792' title='bbox 3291 4601 3430 4655; x_wconf 84' lang='lat' dir='ltr'><strong>hanc</strong></span> <span class='ocrx_word' id='word_1_793' title='bbox 3456 4599 3806 4657; x_wconf 65' lang='lat' dir='ltr'><strong>oﬂensionem</strong></span> 
     </span>
    </p>
   </div>
   <div class='ocr_carea' id='block_1_97' title="bbox 2231 4690 3811 4760">
    <p class='ocr_par' dir='ltr' id='par_1_97' title="bbox 2231 4690 3811 4760">
     <span class='ocr_line' id='line_1_97' title="bbox 2231 4690 3811 4760; baseline 0.003 -15"><span class='ocrx_word' id='word_1_794' title='bbox 2231 4690 2540 4758; x_wconf 84' lang='lat' dir='ltr'><strong>incurrerit,</strong></span> <span class='ocrx_word' id='word_1_795' title='bbox 2563 4691 2852 4760; x_wconf 79' lang='lat' dir='ltr'><strong>praedictus</strong></span> <span class='ocrx_word' id='word_1_796' title='bbox 2874 4701 3090 4748; x_wconf 87' lang='lat' dir='ltr'><strong>sanctus</strong></span> <span class='ocrx_word' id='word_1_797' title='bbox 3118 4691 3352 4748; x_wconf 87' lang='lat' dir='ltr'><strong>Joannes</strong></span> <span class='ocrx_word' id='word_1_798' title='bbox 3381 4691 3566 4748; x_wconf 87' lang='lat' dir='ltr'><strong>docuit</strong></span> <span class='ocrx_word' id='word_1_799' title='bbox 3587 4693 3768 4750; x_wconf 85' lang='lat' dir='ltr'><strong>dicens</strong></span> <span class='ocrx_word' id='word_1_800' title='bbox 3793 4707 3811 4750; x_wconf 90' lang='lat'><strong>:</strong></span> 
     </span>
    </p>
   </div>
   <div class='ocr_carea' id='block_1_98' title="bbox 2231 4780 3808 4854">
    <p class='ocr_par' dir='ltr' id='par_1_98' title="bbox 2231 4780 3808 4854">
     <span class='ocr_line' id='line_1_98' title="bbox 2231 4780 3808 4854; baseline 0.004 -20"><span class='ocrx_word' id='word_1_801' title='bbox 2231 4780 2494 4846; x_wconf 82' lang='lat' dir='ltr'><strong>Quoniam</strong></span> <span class='ocrx_word' id='word_1_802' title='bbox 2525 4781 2662 4838; x_wconf 83' lang='lat' dir='ltr'><strong>dixit</strong></span> <span class='ocrx_word' id='word_1_803' title='bbox 2707 4783 2911 4852; x_wconf 86' lang='lat' dir='ltr'><strong>aliquid</strong></span> <span class='ocrx_word' id='word_1_804' title='bbox 2942 4783 3084 4853; x_wconf 89' lang='lat' dir='ltr'><strong>quod</strong></span> <span class='ocrx_word' id='word_1_805' title='bbox 3131 4794 3278 4840; x_wconf 89' lang='lat' dir='ltr'><strong>recte</strong></span> <span class='ocrx_word' id='word_1_806' title='bbox 3323 4783 3428 4839; x_wconf 87' lang='lat' dir='ltr'><strong>dici</strong></span> <span class='ocrx_word' id='word_1_807' title='bbox 3461 4799 3568 4840; x_wconf 90' lang='lat' dir='ltr'><strong>non</strong></span> <span class='ocrx_word' id='word_1_808' title='bbox 3600 4793 3808 4854; x_wconf 80' lang='lat' dir='ltr'><strong>putare-</strong></span> 
     </span>
    </p>
   </div>
   <div class='ocr_carea' id='block_1_99' title="bbox 2232 4875 3810 4948">
    <p class='ocr_par' dir='ltr' id='par_1_99' title="bbox 2232 4875 3810 4948">
     <span class='ocr_line' id='line_1_99' title="bbox 2232 4875 3810 4948; baseline -0.001 -16"><span class='ocrx_word' id='word_1_809' title='bbox 2232 4882 2340 4939; x_wconf 87' lang='lat' dir='ltr'><strong>tur,</strong></span> <span class='ocrx_word' id='word_1_810' title='bbox 2380 4875 2690 4931; x_wconf 70' lang='lat' dir='ltr'><strong>offensionis</strong></span> <span class='ocrx_word' id='word_1_811' title='bbox 2716 4891 2933 4932; x_wconf 88' lang='lat' dir='ltr'><strong>causam</strong></span> <span class='ocrx_word' id='word_1_812' title='bbox 2963 4879 3134 4948; x_wconf 84' lang='lat' dir='ltr'><strong>magis</strong></span> <span class='ocrx_word' id='word_1_813' title='bbox 3173 4879 3226 4933; x_wconf 92' lang='lat' dir='ltr'><strong>in</strong></span> <span class='ocrx_word' id='word_1_814' title='bbox 3265 4880 3666 4935; x_wconf 83' lang='lat' dir='ltr'><strong>existimatione</strong></span> <span class='ocrx_word' id='word_1_815' title='bbox 3688 4892 3810 4934; x_wconf 84' lang='lat' dir='ltr'><strong>con.-</strong></span> 
     </span>
    </p>
   </div>
   <div class='ocr_carea' id='block_1_100' title="bbox 2229 4969 3809 5040">
    <p class='ocr_par' dir='ltr' id='par_1_100' title="bbox 2229 4969 3809 5040">
     <span class='ocr_line' id='line_1_100' title="bbox 2229 4969 3809 5040; baseline 0.003 -18"><span class='ocrx_word' id='word_1_816' title='bbox 2229 4969 2458 5025; x_wconf 89' lang='lat' dir='ltr'><strong>stituens</strong></span> <span class='ocrx_word' id='word_1_817' title='bbox 2493 4985 2507 5025; x_wconf 91' lang='lat'><strong>:</strong></span> <span class='ocrx_word' id='word_1_818' title='bbox 2533 4971 2676 5040; x_wconf 89' lang='lat' dir='ltr'><strong>quod</strong></span> <span class='ocrx_word' id='word_1_819' title='bbox 2699 4971 2815 5040; x_wconf 88' lang='lat' dir='ltr'><strong>ejus</strong></span> <span class='ocrx_word' id='word_1_820' title='bbox 2836 4980 2889 5026; x_wconf 87' lang='lat' dir='ltr'><strong>et</strong></span> <span class='ocrx_word' id='word_1_821' title='bbox 2918 4973 2937 5003; x_wconf 74' lang='grc'>³</span> <span class='ocrx_word' id='word_1_822' title='bbox 2968 4971 3223 5026; x_wconf 89' lang='lat' dir='ltr'><strong>continuo</strong></span> <span class='ocrx_word' id='word_1_823' title='bbox 3245 4971 3528 5028; x_wconf 89' lang='lat' dir='ltr'><strong>subsecuta</strong></span> <span class='ocrx_word' id='word_1_824' title='bbox 3551 4970 3809 5028; x_wconf 73' lang='lat' dir='ltr'><strong>correctio</strong></span> 
     </span>
    </p>
   </div>
   <div class='ocr_carea' id='block_1_101' title="bbox 2227 5127 3809 5202">
    <p class='ocr_par' dir='ltr' id='par_1_101' title="bbox 2227 5127 3809 5202">
     <span class='ocr_line' id='line_1_101' title="bbox 2227 5127 3809 5202; baseline 0.002 -21"><span class='ocrx_word' id='word_1_825' title='bbox 2227 5149 2304 5182; x_wconf 78' lang='grc' dir='ltr'><strong>νον</strong></span> <span class='ocrx_word' id='word_1_826' title='bbox 2330 5130 2415 5182; x_wconf 83' lang='grc' dir='ltr'><strong>τὸν</strong></span> <span class='ocrx_word' id='word_1_827' title='bbox 2443 5129 2649 5202; x_wconf 39' lang='grc' dir='ltr'><strong>ξᾳιρὸνι</strong></span> <span class='ocrx_word' id='word_1_828' title='bbox 2681 5127 2864 5202; x_wconf 59' lang='lat' dir='ltr'><strong>Errare;</strong></span> <span class='ocrx_word' id='word_1_829' title='bbox 2911 5132 2994 5183; x_wconf 75' lang='grc' dir='ltr'><strong>καὶ</strong></span> <span class='ocrx_word' id='word_1_830' title='bbox 3013 5134 3157 5202; x_wconf 73' lang='grc' dir='ltr'><strong>πᾶσι</strong></span> <span class='ocrx_word' id='word_1_831' title='bbox 3192 5137 3296 5190; x_wconf 81' lang='grc' dir='ltr'><strong>τοῖς</strong></span> <span class='ocrx_word' id='word_1_832' title='bbox 3319 5131 3594 5187; x_wconf 76' lang='grc' dir='ltr'><strong>ἀκούσασι.</strong></span> <span class='ocrx_word' id='word_1_833' title='bbox 3618 5130 3809 5202; x_wconf 75' lang='lat' dir='ltr'><strong>Antio-</strong></span> 
     </span>
    </p>
   </div>
   <div class='ocr_carea' id='block_1_102' title="bbox 2229 5199 3808 5270">
    <p class='ocr_par' dir='ltr' id='par_1_102' title="bbox 2229 5199 3808 5270">
     <span class='ocr_line' id='line_1_102' title="bbox 2229 5199 3808 5270; baseline 0.002 -17"><span class='ocrx_word' id='word_1_834' title='bbox 2229 5202 2430 5270; x_wconf 45' lang='lat' dir='ltr'><strong>chensi</strong></span> <span class='ocrx_word' id='word_1_835' title='bbox 2450 5199 2701 5252; x_wconf 75' lang='lat' dir='ltr'><strong>Ecclesiae</strong></span> <span class='ocrx_word' id='word_1_836' title='bbox 2725 5200 3021 5269; x_wconf 88' lang='lat' dir='ltr'><strong>presbyteri</strong></span> <span class='ocrx_word' id='word_1_837' title='bbox 3054 5211 3179 5253; x_wconf 86' lang='lat' dir='ltr'><strong>ante</strong></span> <span class='ocrx_word' id='word_1_838' title='bbox 3206 5205 3572 5270; x_wconf 81' lang='lat' dir='ltr'><strong>episcopatum</strong></span> <span class='ocrx_word' id='word_1_839' title='bbox 3600 5201 3808 5257; x_wconf 82' lang='lat' dir='ltr'><strong>fuerant</strong></span> 
     </span>
    </p>
   </div>
   <div class='ocr_carea' id='block_1_103' title="bbox 2230 5268 3804 5338">
    <p class='ocr_par' dir='ltr' id='par_1_103' title="bbox 2230 5268 3804 5338">
     <span class='ocr_line' id='line_1_103' title="bbox 2230 5268 3804 5338; baseline 0.002 -16"><span class='ocrx_word' id='word_1_840' title='bbox 2230 5276 2340 5322; x_wconf 90' lang='lat' dir='ltr'><strong>tum</strong></span> <span class='ocrx_word' id='word_1_841' title='bbox 2391 5268 2744 5338; x_wconf 86' lang='lat' dir='ltr'><strong>Theodorus,</strong></span> <span class='ocrx_word' id='word_1_842' title='bbox 2798 5283 2906 5323; x_wconf 89' lang='lat' dir='ltr'><strong>tum</strong></span> <span class='ocrx_word' id='word_1_843' title='bbox 2958 5268 3252 5324; x_wconf 79' lang='lat' dir='ltr'><strong>Nestorius.</strong></span> <span class='ocrx_word' id='word_1_844' title='bbox 3314 5268 3418 5325; x_wconf 82' lang='lat' dir='ltr'><strong>Sed</strong></span> <span class='ocrx_word' id='word_1_845' title='bbox 3469 5271 3804 5326; x_wconf 84' lang='lat' dir='ltr'><strong>Theodorum</strong></span> 
     </span>
    </p>
   </div>
   <div class='ocr_carea' id='block_1_104' title="bbox 2230 5339 3802 5408">
    <p class='ocr_par' dir='ltr' id='par_1_104' title="bbox 2230 5339 3802 5408">
     <span class='ocr_line' id='line_1_104' title="bbox 2230 5339 3802 5408; baseline 0.002 -15"><span class='ocrx_word' id='word_1_846' title='bbox 2230 5339 2660 5406; x_wconf 67' lang='lat' dir='ltr'><strong>Mopsuestenttm</strong></span> <span class='ocrx_word' id='word_1_847' title='bbox 2687 5343 2792 5405; x_wconf 81' lang='lat' dir='ltr'><strong>jam</strong></span> <span class='ocrx_word' id='word_1_848' title='bbox 2816 5345 3124 5408; x_wconf 66' lang='lat' dir='ltr'><strong>episcupum</strong></span> <span class='ocrx_word' id='word_1_849' title='bbox 3167 5343 3452 5396; x_wconf 70' lang='lat' dir='ltr'><strong>\utiocltim</strong></span> <span class='ocrx_word' id='word_1_850' title='bbox 3484 5360 3802 5397; x_wconf 68' lang='lat' dir='ltr'><strong>reuoluimu-</strong></span> 
     </span>
    </p>
   </div>
   <div class='ocr_carea' id='block_1_105' title="bbox 2230 5411 3803 5482">
    <p class='ocr_par' dir='ltr' id='par_1_105' title="bbox 2230 5411 3803 5482">
     <span class='ocr_line' id='line_1_105' title="bbox 2230 5411 3803 5482; baseline 0.002 -18"><span class='ocrx_word' id='word_1_851' title='bbox 2230 5420 2335 5464; x_wconf 80' lang='lat' dir='ltr'><strong>teut</strong></span> <span class='ocrx_word' id='word_1_852' title='bbox 2359 5411 2608 5465; x_wconf 78' lang='lat' dir='ltr'><strong>audiebat</strong></span> <span class='ocrx_word' id='word_1_853' title='bbox 2632 5413 2729 5465; x_wconf 84' lang='lat' dir='ltr'><strong>hoc</strong></span> <span class='ocrx_word' id='word_1_854' title='bbox 2755 5421 2992 5481; x_wconf 83' lang='lat' dir='ltr'><strong>tempore</strong></span> <span class='ocrx_word' id='word_1_855' title='bbox 3016 5413 3290 5467; x_wconf 72' lang='lat' dir='ltr'><strong>Nestor-ins</strong></span> <span class='ocrx_word' id='word_1_856' title='bbox 3312 5418 3484 5469; x_wconf 82' lang='lat' dir='ltr'><strong>adhuc</strong></span> <span class='ocrx_word' id='word_1_857' title='bbox 3511 5416 3803 5482; x_wconf 76' lang='lat' dir='ltr'><strong>presbyter,</strong></span> 
     </span>
    </p>
   </div>
   <div class='ocr_carea' id='block_1_106' title="bbox 2230 5483 3802 5557">
    <p class='ocr_par' dir='ltr' id='par_1_106' title="bbox 2230 5483 3802 5557">
     <span class='ocr_line' id='line_1_106' title="bbox 2230 5483 3802 5557; baseline 0.004 -20"><span class='ocrx_word' id='word_1_858' title='bbox 2230 5483 2447 5552; x_wconf 73' lang='lat' dir='ltr'><strong>insignis</strong></span> <span class='ocrx_word' id='word_1_859' title='bbox 2471 5494 2523 5537; x_wconf 84' lang='lat' dir='ltr'><strong>et</strong></span> <span class='ocrx_word' id='word_1_860' title='bbox 2571 5488 2681 5547; x_wconf 73' lang='lat' dir='ltr'><strong>i,-se</strong></span> <span class='ocrx_word' id='word_1_861' title='bbox 2713 5485 2763 5536; x_wconf 87' lang='lat' dir='ltr'><strong>in</strong></span> <span class='ocrx_word' id='word_1_862' title='bbox 2807 5485 3073 5548; x_wconf 74' lang='lat' dir='ltr'><strong>dnrendo,</strong></span> <span class='ocrx_word' id='word_1_863' title='bbox 3122 5497 3178 5539; x_wconf 89' lang='lat' dir='ltr'><strong>ut</strong></span> <span class='ocrx_word' id='word_1_864' title='bbox 3220 5487 3526 5543; x_wconf 75' lang='lat' dir='ltr'><strong>Gennadius</strong></span> <span class='ocrx_word' id='word_1_865' title='bbox 3575 5502 3696 5557; x_wconf 73' lang='lat' dir='ltr'><strong>cap.</strong></span> <span class='ocrx_word' id='word_1_866' title='bbox 3738 5487 3802 5544; x_wconf 74' lang='lat'><strong>55</strong></span> 
     </span>
    </p>
   </div>
   <div class='ocr_carea' id='block_1_107' title="bbox 2231 5557 3300 5624">
    <p class='ocr_par' dir='ltr' id='par_1_107' title="bbox 2231 5557 3300 5624">
     <span class='ocr_line' id='line_1_107' title="bbox 2231 5557 3300 5624; baseline 0.003 -16"><span class='ocrx_word' id='word_1_867' title='bbox 2231 5563 2471 5620; x_wconf 83' lang='lat' dir='ltr'><strong>testatur,</strong></span> <span class='ocrx_word' id='word_1_868' title='bbox 2507 5563 2564 5609; x_wconf 87' lang='lat' dir='ltr'><strong>et</strong></span> <span class='ocrx_word' id='word_1_869' title='bbox 2592 5569 2656 5608; x_wconf 81' lang='lat' dir='ltr'><strong>ex</strong></span> <span class='ocrx_word' id='word_1_870' title='bbox 2684 5562 2922 5624; x_wconf 82' lang='lat' dir='ltr'><strong>tempore</strong></span> <span class='ocrx_word' id='word_1_871' title='bbox 2953 5557 3300 5612; x_wconf 80' lang='lat' dir='ltr'><strong>declamator.</strong></span> 
     </span>
    </p>
   </div>
   <div class='ocr_carea' id='block_1_108' title="bbox 2303 5665 3019 5739">
    <p class='ocr_par' dir='ltr' id='par_1_108' title="bbox 2303 5665 3019 5739">
     <span class='ocr_line' id='line_1_108' title="bbox 2303 5665 3019 5739; baseline 0.006 -17"><span class='ocrx_word' id='word_1_872' title='bbox 2303 5667 2322 5697; x_wconf 84' lang='grc'>²</span> <span class='ocrx_word' id='word_1_873' title='bbox 2363 5665 2494 5723; x_wconf 88' lang='lat' dir='ltr'><strong>Cod.</strong></span> <span class='ocrx_word' id='word_1_874' title='bbox 2522 5667 2744 5738; x_wconf 74' lang='lat' dir='ltr'><strong>\&quot;eron.,</strong></span> <span class='ocrx_word' id='word_1_875' title='bbox 2769 5669 2937 5739; x_wconf 79' lang='lat' dir='ltr'><strong>facilis</strong></span> <span class='ocrx_word' id='word_1_876' title='bbox 2959 5678 3019 5726; x_wconf 80' lang='lat' dir='ltr'><strong>et.</strong></span> 
     </span>
    </p>
   </div>
  </div>
