4104 6360
262 314 371 389 ἥδ

1166 334 1302 391 pno
1340 322 1770 392 DEFENSIONE
1802 331 2019 391 ratust
2060 334 2374 393 CAPITUL.
2414 324 2545 394 LIB.
2587 340 2651 399 x.

3445 334 3548 403 γ’ῖί

260 442 671 507 demonstravit.
703 447 783 504 Ex
814 448 929 520 ipsa
961 461 1089 504 vero
1118 450 1465 505 correctione
1488 494 1503 517 ,
1533 466 1635 521 qua
1671 451 1862 506 melius
1890 456 1942 516 Α
1972 448 2291 505 Christiana:
2337 449 2651 505 humilitatis
2688 450 2911 507 formam
2944 458 2997 510 et
3038 464 3245 528 magna:
3276 461 3547 531 specimen

264 540 613 610 semetipsum
642 541 1023 612 interpretatus
1046 548 1150 607 est,
1167 541 1278 598 sive
1304 542 1547 597 Ecclesia
1568 558 1684 613 qua:
1709 540 1859 597 illum

264 634 636 703 disputantem
664 632 937 701 audiebat,
970 634 1085 688 sive
1138 643 1321 703 postea
1349 642 1535 689 sancta
1566 633 1861 691 Chalcedo.

260 724 447 778 nensis
502 722 738 794 synodus
773 768 786 790 ,
846 740 951 779 non
1021 723 1109 780 illa
1168 726 1339 781 solum
1388 724 1525 780 dicta
1578 742 1695 796 qua:
1737 730 1860 782 tunc

259 814 545 868 audientes
592 810 970 881 offenderant,
1024 812 1117 870 sed
1171 830 1289 886 quae
1348 814 1544 872 similia
1614 817 1857 888 ejusdem

259 904 541 961 Theodori
575 904 756 961 debuit
785 907 1070 962 aestimare.
1102 906 1256 975 Quod
1287 911 1331 965 si
1363 913 1521 967 etiam
1557 924 1745 969 contra
1780 925 1861 969 te-

263 995 583 1051 stimonium
614 997 785 1051 sancti
809 996 1052 1063 Joannis,
1081 1012 1186 1053 non
1216 1014 1313 1070 per
1341 1000 1657 1058 incautelam
1683 1012 1737 1059 et
1766 1020 1873 1061 net

259 1092 576 1163 gligentiam
628 1091 814 1158 verbi,
847 1092 941 1147 sed
974 1108 1068 1163 per
1096 1092 1466 1167 intelligentia:
1499 1097 1813 1169 pravitatem
1840 1138 1855 1164 ,

262 1182 482 1238 dicatur
504 1183 785 1240 audientes
808 1183 1095 1241 olfendisse
1124 1186 1471 1254 Theodorus;
1505 1203 1605 1245 nec
1633 1190 1703 1244 ita
1734 1205 1861 1261 pos-

263 1284 344 1329 sct
377 1282 671 1339 correctus,
715 1274 798 1329 vel
856 1276 925 1331 ab
976 1276 1119 1332 illius
1168 1280 1339 1335 astatis
1391 1279 1655 1349 Ecclesia,
1688 1282 1772 1338 vel
1826 1296 1855 1335 a

264 1382 454 1426 sancta
492 1370 699 1442 synodo
727 1372 1014 1429 haereticus
1039 1374 1288 1443 iudicari.
1320 1376 1553 1432 Iacobus
1578 1377 1856 1448 apostolus

262 1464 435 1520 dicit:
463 1464 639 1519 Nolite
671 1464 843 1536 plures
873 1467 1105 1537 magistri
1144 1468 1294 1537 ﬁeri,
1328 1470 1514 1538 fratres
1539 1471 1657 1537 mei,
1688 1471 1855 1526 scien-

266 1572 339 1614 tes
368 1560 611 1628 quoniam
636 1561 802 1629 majus
820 1554 1075 1629 judicium
1106 1563 1379 1617 sumunt‘.
1410 1561 1477 1617 In
1512 1564 1685 1618 multis
1722 1565 1859 1619 enim

267 1648 572 1718 offendimus
600 1667 773 1705 omnes
807 1650 946 1720 (Jac.
981 1667 1070 1719 tu,
1106 1651 1182 1721 l).
1212 1651 1345 1706 Cum
1389 1668 1518 1723 ergo
1545 1668 1733 1709 omnes
1775 1654 1859 1709 of-

271 1742 553 1799 fendamus
588 1746 639 1797 in
672 1742 874 1809 multis,
904 1758 998 1799 cur
1030 1760 1137 1799 non
1165 1759 1353 1800 omnes
1376 1760 1560 1800 sumus
1593 1746 1853 1813 haeretici,

1969 542 2182 611 pietatis
2212 542 2479 596 ostendit?
2508 540 2644 597 Eant
2693 559 2835 601 nunc
2871 544 3223 617 Eutychiani,
3259 562 3311 606 et
3342 553 3544 608 calum-
3579 533 3585 545 ’

1966 632 2071 688 niis
2102 633 2232 697 suis,
2283 634 2326 687 si
2367 632 2494 703 quid
2532 633 2707 689 adhuc
2740 639 2985 706 posSunt,
3029 638 3313 710 adjiciant,
3345 642 3547 716 fingant

1964 723 2033 779 de
2078 724 2362 779 Theodoro
2408 740 2741 795 quacunque
2788 728 3034 795 libuerit;
3090 732 3345 788 accusent
3388 735 3550 792 etiam

1964 816 2408 872 Chalcedonense
2446 817 2734 871 concilium
2772 814 2841 874 de
2872 821 3178 877 cohibentia
3207 834 3261 879 et
3287 839 3551 884 consensu

1963 907 2257 963 malorum.
2296 907 2669 976 Expavescent
2695 902 2761 963 ad
2786 910 2883 964 ista
2918 911 3105 980 procul
3133 912 3295 969 dubio
3326 910 3471 977 leves
3497 928 3553 973 et

1964 1000 2147 1057 faciles
2174 1002 2366 1066 corde;
2412 1009 2663 1057 cazterum
2707 1001 2999 1070 prudentes
3031 1013 3081 1058 et
3128 1020 3318 1075 graves
3349 1009 3550 1065 intelli-

1963 1102 2111 1165 gent,
2143 1093 2285 1164 quod
2336 1092 2467 1147 nihil
2497 1110 2563 1148 ex
2613 1094 2715 1149 hoc
2746 1088 3016 1163 applicent
3047 1086 3350 1166 Theodoro,
3399 1100 3554 1171 cujus

1964 1186 2262 1258 purgationi
2293 1184 2492 1241 sufficit
2514 1186 2658 1257 quod
2685 1197 2904 1256 paratus
2926 1203 3142 1257 semper
3168 1191 3265 1245 fuit
3296 1188 3363 1247 ad
3389 1195 3555 1249 corri-

1964 1278 2221 1351 gendum.
2249 1277 2520 1348 Quidq'uid
2556 1279 2719 1349 igitur
2749 1289 2937 1334 contra
2967 1270 3307 1336 Theodorum
3335 1283 3553 1353 dicant,

1964 1373 2222 1428 noverint
2242 1374 2499 1442 quoniam
2523 1374 2567 1426 si
2597 1372 2907 1443 recipiatur,
2936 1391 3042 1430 non
3069 1377 3238 1447 magis
3266 1378 3367 1447 ipsi
3396 1388 3557 1450 atque

1962 1458 2393 1519 Chalcedonensi
2421 1465 2690 1537 cencjlio,
2733 1480 2892 1535 quam
2936 1468 3083 1522 omni
3129 1468 3429 1527 ascribetur
3456 1473 3553 1528 Ec.

1964 1557 2165 1623 clesize,
2210 1570 2329 1626 quae
2372 1567 2714 1611 mansuetum
2742 1567 2794 1611 et
2844 1557 3070 1613 docilem
3110 1558 3284 1615 virum
3325 1560 3555 1630 neglexit

1962 1664 2205 1720 arguere.
2242 1648 2439 1704 Verum
2489 1656 2615 1717 opto
2637 1690 2651 1715 ,
2678 1650 3100 1706 clementissime
3149 1650 3464 1723 imperator,
3499 1663 3557 1709 ut

1964 1740 2324 1797 humilitatem
2353 1743 2725 1811 rationemque
2750 1740 3017 1797 Theodori
3046 1743 3123 1797 illi
3154 1744 3244 1813 qui
3274 1760 3397 1800 eum
3427 1745 3545 1801 cul-

266 1836 369 1890 nisi
404 1836 524 1905 quia
555 1850 661 1890 non
689 1834 935 1901 offensio,
970 1835 1063 1890 sed
1109 1837 1349 1905 pertinax
1398 1836 1713 1894 offensionis
1758 1836 1854 1893 de-
1888 1822 1937 1898 B
1966 1845 2094 1904 pant
2120 1834 2318 1889 imitari
2360 1834 2697 1903 aliquatenus
2728 1834 2933 1889 velint:
2961 1843 3017 1891 et
3044 1835 3183 1891 sicut
3211 1832 3301 1893 ille
3340 1847 3555 1907 gratan-

266 1927 462 1995 fensio,
510 1927 634 1983 facit
682 1928 1030 1983 hmreticum?
1063 1928 1323 1985 Similiter
1373 1940 1549 1985 autem
1596 1931 1859 1987 confiteor

266 2018 499 2089 amplius
531 2034 639 2085 me,
672 2027 725 2075 et
749 2020 975 2075 multum
1004 2022 1233 2090 amplius
1272 2024 1323 2076 in
1356 2022 1459 2077 hoc
1487 2024 1659 2078 sancti
1698 2024 1861 2079 Joan-

267 2112 354 2167 nis
404 2111 723 2168 Antiocbeni
776 2112 1125 2181 testimonio,
1175 2128 1333 2182 quam
1384 2114 1434 2168 iu
1485 2113 1734 2182 caneris,
1776 2114 1860 2171 vel

270 2204 467 2274 ipsius,
500 2196 584 2260 vel
617 2205 848 2259 aliorum
879 2204 1097 2260 Patrum
1131 2206 1472 2271 testimoniis,
1503 2205 1755 2262 delectari
1783 2216 1862 2261 at-

267 2309 377 2365 que
406 2294 767 2365 congratulari
799 2296 1102 2353 Theodoro.
1131 2296 1263 2351 Nam
1291 2298 1343 2351 in
1390 2296 1494 2353 illis
1519 2298 1629 2368 jam
1659 2298 1860 2353 dudum

270 2389 579 2443 memoratis
606 2430 620 2455 ,
652 2390 843 2459 quibus
888 2390 1187 2446 ostenditur
1216 2404 1413 2461 quanta
1456 2394 1715 2448 doctrinm
1744 2392 1861 2463 ejus

268 2477 433 2535 fuerit
474 2480 753 2546 celsitudo,
783 2481 991 2552 gaudeo
1032 2484 1273 2551 quidem,
1304 2485 1399 2539 sed
1445 2486 1566 2540 novi
1614 2488 1714 2541 hoc
1743 2500 1862 2543 esse

269 2569 345 2626 illi
374 2586 655 2627 commune
684 2589 803 2627 cum
846 2574 1044 2632 multis.
1074 2573 1130 2628 In
1162 2568 1263 2629 hoc
1290 2584 1467 2631 autem
1508 2591 1612 2645 quo
1636 2564 1857 2631 manife-

270 2658 353 2717 sta
402 2662 580 2719 cordis
625 2663 742 2734 ejus
796 2664 1066 2720 humilitas
1131 2666 1432 2736 intimatur,
1487 2678 1541 2723 et
1591 2668 1863 2738 acquisitae

269 2755 454 2825 gloriae
481 2771 581 2826 pro
630 2755 869 2812 fraterna
913 2756 1209 2813 offensione
1257 2768 1630 2829 contemptus,
1664 2774 1862 2828 paucos

271 2845 558 2901 admodum
588 2849 764 2902 socios
807 2848 857 2903 ei
905 2848 1137 2918 reperio.
1172 2847 1367 2904 Multos
1393 2849 1535 2903 enim
1583 2849 1863 2906 didicimus

273 2939 565 2994 eminuisse
609 2939 853 3009 scientia,
906 2947 965 2994 et
1012 2940 1297 2994 maximam
1350 2956 1445 3010 pro
1495 2940 1595 2995 hac
1641 2941 1861 3011 gloriam

274 3036 624 3093 consecutos;
657 3038 711 3083 at
744 3028 832 3084 ubi
862 3030 1167 3084 humanitus
1193 3029 1327 3097 lapsi
1362 3040 1505 3096 sunt,
1530 3029 1775 3085 homines
1806 3045 1863 3085 se

276 3132 597 3189 cegnoscere
646 3122 956 3187 noluerunt,
1006 3131 1062 3177 et
1108 3122 1422 3191 simpliciter
1449 3122 1710 3178 admoniti
1736 3139 1863 3177 con-

1968 1937 2049 1982 ter
2089 1927 2493 1996 castigationem
2541 1926 2880 1997 suscipiens,
2924 1927 3070 1996 quod
3121 1920 3459 1998 negligenter
3503 1938 3560 1986 et

1966 2019 2148 2074 minus
2177 2027 2333 2074 caute
2364 2017 2571 2073 dixerat
2592 2017 2867 2088 corrigere
2900 2018 3245 2088 properavit;
3273 2008 3346 2074 ita
3371 2028 3426 2075 et
3468 2020 3558 2076 isti

1968 2126 2066 2165 nos
2094 2111 2179 2166 vel
2205 2112 2469 2178 patienter
2497 2113 2689 2178 ferant,
2721 2122 2776 2166 et
2804 2111 2949 2181 quod
2974 2112 3263 2168 crudeliter
3282 2124 3333 2169 et
3356 2112 3559 2169 discor-

1968 2201 2121 2257 diose
2153 2202 2418 2270 fecerunt,
2451 2201 2741 2257 emendare
2769 2202 2984 2259 tandem
3025 2198 3312 2273 aliquando
3339 2205 3562 2277 dignen-

1968 2297 2077 2347 tur.
2109 2290 2377 2347 Czeterum
2404 2291 2717 2347 Theodorus
2748 2293 2882 2349 adeo
2911 2308 3020 2349 non
3064 2295 3161 2349 fuit
3190 2309 3217 2348 a
3252 2304 3441 2352 sancta
3471 2312 3560 2368 sy-

1968 2385 2132 2451 nodo,
2156 2384 2607 2454 Quemadmodum
2634 2392 2842 2453 putant,
2869 2384 3018 2440 velut
3047 2387 3300 2454 magister
3324 2387 3559 2441 Nestorii

1968 2473 2442 2540 eundemnandus,
2468 2483 2528 2529 ut
2562 2475 2679 2544 ejus
2731 2486 3044 2544 argueretur
3084 2477 3332 2547 exemplo
3372 2477 3561 2534 Nesto-

1969 2564 2099 2626 rius,
2148 2575 2201 2619 et
2242 2564 2445 2619 idcirco
2491 2564 2863 2634 damnaretur,
2893 2566 3039 2634 quod
3078 2580 3200 2621 eum
3245 2583 3352 2622 non
3402 2568 3562 2624 fuerit

1967 2653 2227 2709 imitatus.
2257 2654 2392 2721 Quid
2436 2664 2615 2710 autem
2654 2672 2754 2711 nos
2786 2656 2909 2711 hinc
2940 2658 3124 2712 volunt
3154 2660 3424 2717 :estimare
3455 2676 3562 2718 non

1969 2746 2140 2801 solum
2194 2746 2509 2816 Eutycbiani
2537 2787 2553 2812 ,
2585 2747 2673 2817 qui
2727 2745 2795 2802 de
2842 2746 3131 2802 Theodoro
3162 2748 3555 2806 calumniantur

1968 2836 2409 2893 Cbalcedonense
2451 2839 2771 2903 concilium,
2800 2852 2985 2893 verum
3031 2841 3191 2894 etiam
3239 2840 3558 2911 Nestoriani,

1970 2928 2058 2997 'qui
2101 2927 2341 2997 ejusdem
2388 2925 2653 2981 Theodori
2699 2926 2859 2985 dictis
2903 2928 3050 2983 abuti
3096 2929 3383 2985 dicuntur?
3410 2932 3561 3000 Quod

1970 3019 2135 3090 ipsius
2176 3021 2420 3091 exemplo
2460 3019 2734 3076 Nestorius
2775 3020 3104 3090 increpatus,
3133 3036 3237 3076 non
3271 3026 3447 3079 statim
3494 3032 3561 3081 ex

1968 3108 2086 3180 ejus
2117 3110 2294 3175 dictis,
2322 3110 2474 3180 quaSi
2515 3110 2701 3165 eadem
2745 3112 3044 3177 sentientis,
3075 3112 3362 3170 defendere
3404 3117 3566 3174 male-

276 3218 606 3281 ισειηρεενυηι
634 3212 855 3267 credere
881 3212 1127 3276 verum;
1160 3222 1320 3282 atque
1352 3215 1421 3268 ηε,
1454 3215 1561 3270 illis
1595 3214 1708 3284 ipsa
1738 3214 1858 3284 διο-
1891 3202 1937 3280 C
1968 3192 2107 3256 dicta
2137 3212 2229 3257 sua
2265 3203 2507 3269 tentavit,
2532 3212 2583 3258 et
2612 3204 2941 3270 reSpOn‘dere
2970 3204 3155 3261 saneto
3180 3206 3368 3263 Joanni
3399 3224 3462 3267 ac
3489 3211 3565 3266 di—

275 3302 353 3357 ria
401 3304 641 3357 scientia:
688 3302 917 3357 multum
969 3302 1139 3357 obfuit
1186 3304 1251 3358 ad
1302 3306 1573 3373 salutem,
1607 3307 1859 3376 quoniam

273 3393 498 3449 scientia
528 3391 697 3462 inflat,
723 3390 955 3447 cliaritas
977 3401 1151 3449 autem
1177 3393 1402 3451 aedificat
1424 3393 1481 3461 (Ι
1504 3396 1623 3452 Cor.
1650 3414 1763 3466 vin,
1784 3396 1861 3469 l).

276 3482 456 3541 Minus
486 3486 663 3553 itaque
691 3484 820 3540 mibi
850 3487 1093 3556 cognitus
1122 3497 1263 3542 esset
1309 3487 1652 3555 Theodorus,
1680 3506 1868 3561 quam-

278 3578 360 3633 Vis
390 3585 660 3632 tantorum
682 3576 897 3631 Patrum
930 3576 1175 3633 laudibus
1198 3579 1663 3650 praedicatus,._nisi
1694 3582 1868 3653 qualis

280 3679 420 3726 esset
443 3671 604 3725 etiam
627 3683 747 3725 cum
776 3668 1280 3741 reprehenderetur,
1315 3671 1517 3729 Joanne
1548 3674 1867 3731 testificante

283 3774 679 3830 cognoscerem.
746 3760 943 3816 Verum
992 3777 1091 3817 nec
1138 3764 1385 3819 omnibus
1439 3779 1521 3821 cSt
1568 3766 1865 3834 imitabile,

283 3851 423 3907 unde
452 3861 505 3907 et
536 3862 720 3922 paruut
755 3854 885 3909 utile
922 3853 1062 3909 foret
1090 3856 1325 3912 scientia:
1372 3858 1491 3927 ejus
1518 3863 1824 3930 exemplum
1852 3881 1865 3928 ;

284 3944 675 4000 curreCtionem
707 3960 834 4000 vero
862 3954 1135 4015 gratanter
1165 3948 1431 4018 accipere,
1462 3959 1514 4004 et
1536 3950 1642 4006 cito
1673 3966 1733 4005 ac
1761 3952 1875 4023 pla-

287 4034 404 4091 cide
431 4035 571 4105 quod
602 4035 887 4091 offenderit
916 4037 1207 4092 emendare
1233 4046 1286 4092 et
1310 4039 1569 4094 imitabile
1599 4041 1871 4109 omnibus,

287 4141 339 4183 et
366 4129 533 4183 multo
565 4128 748 4184 utilius
786 4130 1076 4184 invenitur.
1110 4129 1341 4186 Proinde
1389 4131 1441 4185 in
1474 4131 1758 4189 Theodoro
1789 4132 1869 4189 di-

290 4233 443 4276 scere
476 4221 730 4276 obstinati
758 4220 1069 4292 dignentur,
1100 4220 1263 4275 etiam
1293 4219 1359 4275 de
1386 4220 1528 4276 facili
1563 4223 1716 4291 lapsu
1757 4237 1873 4278 ser-

290 4315 462 4369 monis
489 4313 768 4379 admoniti,
795 4311 1149 4383 apostolicam
1178 4312 1492 4368 modestiam
1519 4314 1878 4386 pietatemque

294 4417 533 4460 scrvare.
564 4403 694 4458 Nam
726 4408 804 4458 sic
834 4402 1124 4472 aliquando
1154 4402 1340 4457 Petrus
1367 4405 1733 4472 apostolorum
1762 4406 1875 4475 pri-

298 4509 438 4561 mus,
473 4496 611 4550 sicut
652 4495 756 4563 jam
788 4495 1042 4561 diximus,
1076 4508 1197 4549 cum
1240 4508 1344 4549 non
1392 4504 1541 4551 recte
1582 4497 1880 4553 ambularet

1971 3304 2093 3348 cere
2142 3312 2154 3347 :
2198 3292 2530 3361 Theodorus,
2559 3293 2713 3364 cujus
2759 3296 3005 3367 exemplo
3049 3300 3134 3353 me
3179 3299 3377 3370 arguis,
3408 3310 3565 3373 quem

1968 3382 2183 3440 beatum
2212 3392 2267 3440 et
2295 3385 2643 3441 fortissimum
2677 3384 2839 3453 dicis,
2872 3388 3060 3443 eadem
3103 3404 3318 3460 semper
3346 3393 3460 3449 sine
3488 3392 3568 3449 ul-

1971 3475 2075 3531 lius
2110 3472 2408 3532 offensione
2437 3476 2641 3532 decuit.
2670 3477 2822 3546 Quod
2853 3479 3064 3548 quidem
3094 3480 3140 3535 si
3170 3480 3449 3537 Nestorius
3484 3499 3570 3541 re-

1972 3568 2280 3638 sponderet,
2298 3570 2369 3623 ita
2394 3569 2680 3625 Theodoro
2711 3570 3058 3638 prrejudicar‘e
3084 3585 3189 3626 non
3221 3574 3571 3643 posset,sicut

1974 3674 2074 3714 nec
2102 3660 2372 3729 prophetis
2399 3670 2452 3715 et
2474 3661 2729 3730 apostolis
2757 3670 2913 3731 atque
2942 3665 3301 3734 evangelistis,
3321 3669 3571 3737 quoniam

1975 3752 2055 3806 eis
2082 3753 2163 3807 vel
2195 3752 2310 3822 ipse
2345 3751 2541 3807 abusus
2584 3762 2685 3819 est,
2715 3754 2800 3809 vel
2831 3754 2946 3823 ejus
2989 3766 3131 3810 nunc
3160 3767 3453 3815 sectatores
3480 3760 3573 3815 ab-

1975 3851 2217 3909 utuntur,
2241 3853 2399 3913 atque
2424 3844 2513 3897 alii
2542 3858 2728 3899 omnes
2760 3844 3418 3904 haeretici.‘Verumlamcn
3448 3864 3571 3906 cum

1978 3936 2071 3990 ille
2102 3938 2284 4000 homo,
2311 3937 2376 3989 ad
2410 3936 2839 4004 resriondeudum
2872 3937 3011 3993 male
3034 3944 3269 4007 paratus,
3294 3949 3347 3997 et
3372 3943 3422 3996 in
3456 3958 3574 4013 per-

1979 4027 2172 4081 niciem
2205 4040 2354 4079 suam
2387 4025 2716 4082 sufficienter
2751 4026 3067 4103 instructus,
3097 4031 3233 4085 nihil
3279 4032 3332 4086 in
3378 4035 3574 4091 erroris

1980 4120 2061 4174 sui
2094 4118 2461 4174 defensionem
2489 4132 2555 4174 ex
2584 4119 2739 4173 dictis
2767 4117 3055 4187 Theodori,
3080 4123 3228 4187 Cujus
3258 4124 3576 4181 admoneba-

1982 4217 2078 4264 tur
2104 4209 2375 4278 excmplo,
2408 4211 2632 4265 tentavit
2659 4222 2968 4278 assumere;
3010 4214 3140 4266 satis
3181 4214 3436 4281 ostendit,
3463 4214 3578 4285 ejus

1982 4314 2131 4355 sanae
2157 4300 2418 4356 doctrinae
2448 4314 2555 4355 non
2584 4306 2866 4367 sequacem
2886 4341 2899 4365 ,
2930 4301 3025 4357 sed
3056 4301 3268 4357 obvium
3301 4319 3360 4360 se
3391 4304 3575 4362 fuisse.

2610 4414 2835 4471 CAPUT
2874 4415 2962 4471 Ill.

1991 4532 2142 4606 Quod
2164 4534 2376 4606 _tam_ets_i_
2398 4530 2691 4606 Theodorus
2737 4530 2789 4583 in
2833 4531 3140 4606 quibusdam
3184 4546 3427 4606 errasset,
3468 4536 3581 4592 fart—

292 4585 360 4640 ad
385 4588 657 4641 veritatem
688 4585 992 4657 Evangelii,
1019 4586 1380 4657 reprehensus
1401 4602 1429 4640 a
1460 4587 1624 4642 Paulo
1654 4590 1867 4645 minimc

1996 4585 2033 4599 ἰ
2060 4603 2175 4655 dari
2216 4603 2276 4655 ab
2326 4599 2421 4655 Iba
2449 4596 2669 4672 potuerit
2694 4585 2900 4671 prapter
2938 4602 3045 4655 alia
3100 4585 3223 4674 quas
3268 4585 3427 4661 i'ééié’
3455 4585 3582 4663 sari-

294 4680 655 4748 apostolorum
691 4678 834 4748 (Gal.
866 4695 926 4747 ιι,
956 4680 1069 4750 14),
1102 4695 1206 4735 non
1239 4680 1455 4751 indigne
1485 4681 1623 4747 tulit,
1654 4698 1752 4737 nec
1784 4699 1880 4754 pro

294 4770 379 4825 sui
422 4770 682 4839 primatus
712 4772 877 4839 gloria
921 4773 1256 4827 resistentem
1288 4772 1390 4829 sibi
1438 4773 1719 4845 despexit:
1746 4790 1882 4846 quo-

300 4861 444 4913 niam
494 4859 731 4915 charitas
777 4876 895 4932 qua:
946 4861 1168 4919 Paulum
1199 4865 1265 4919 ad
1312 4865 1636 4935 arguendam
1688 4866 1884 4937 prioris

298 4950 511 5021 culpam
544 4950 773 5007 fidenter
820 4961 1085 5021 erexerat,
1116 4956 1302 5011 eadem
1349 4958 1560 5014 Petrum
1605 4958 1671 5013 ad
1718 4961 1885 5015 susei-

299 5042 553 5112 piendam
602 5044 805 5098 minimi
854 5046 1247 5101 correctionem
1276 5047 1521 5103 dociliter
1570 5051 1880 5107 inclinabat.

302 5138 454 5194 Hunc
482 5139 661 5209 itaque
693 5137 885 5204 virum,
919 5152 1027 5193 non
1058 5130 1111 5193 in
1145 5139 1256 5193 sola
1290 5141 1534 5209 scientia,
1566 5143 1661 5196 sed
1692 5144 1741 5196 in
1791 5143 1890 5198 hu-

303 5234 527 5291 militate
573 5249 784 5305 quoque
822 5234 1003 5289 cordis
1031 5249 1093 5291 ac
1139 5234 1412 5289 modestiae
1444 5237 1846 5306 comprobatum
1876 5280 1890 5306 ,

309 5330 581 5399 quomodo
605 5329 868 5397 temporis
894 5328 1031 5384 illius
1065 5329 1325 5395 Ecclesia,
1357 5332 1625 5401 quomodo
1654 5334 1891 5404 synodus

304 5418 755 5475 Chalcedonensis
780 5420 1014 5491 'rejicere
1044 5430 1250 5492 posset,
1281 5437 1401 5477 cum
1434 5438 1499 5477 ex
1531 5425 1755 5490 epistola
1783 5425 1888 5481 lbae

307 5511 523 5565 recitari
576 5512 761 5566 laudes
792 5514 906 5582 ejus
937 5514 1265 5579 adverteret,
1296 5514 1449 5585 cujus
1489 5518 1650 5569 etiam
1704 5532 1887 5586 repre-

304 5594 496 5659 hensio
528 5606 737 5661 virtutis
763 5608 1069 5677 exemplum
1097 5616 1201 5674 est,
1229 5616 1285 5664 et
1320 5610 1411 5679 qui
1435 5610 1615 5678 lapsus
1639 5610 1692 5665 in
1724 5611 1887 5667 verbo

386 5758 405 5792 ⁸
435 5756 565 5812 Cod.
596 5759 819 5829 Veron.,
844 5765 1062 5817 sumitis.

386 5830 407 5864 ²
444 5829 588 5888 Idem
618 5832 739 5888 cod.
760 5874 774 5903 ,
805 5833 1124 5891 abundarent
1151 5834 1400 5909 profecto,
1458 5837 1609 5891 etiam
1656 5837 1700 5893 si
1726 5836 1891 5894 Theo-

2060 4676 2182 4745 psit.

2065 4787 2189 4842 Haec
2220 4787 2383 4855 igitur
2409 4782 2709 4841 defensioni
2737 4801 2945 4857 magna:
2970 4788 3161 4858 synodi
3184 4788 3585 4851 Chalcedonen-

1992 4879 2066 4935 sis
2092 4877 2490 4933 abundarent’.
2517 4875 2671 4931 Nunc
2700 4886 2875 4931 autem
2909 4894 3014 4934 non
3046 4881 3157 4949 ipsa
3179 4894 3299 4936 eum
3330 4881 3586 4953 laudavit,

1992 4968 2085 5022 sed
2111 4967 2377 5021 laudantis
2400 4964 2708 5033 epistolam,
2733 4981 2829 5036 pro
2852 4967 2954 5023 fide
2975 4979 3123 5023 recta
3144 4984 3301 5039 quam
3325 4974 3584 5041 continet,

1994 5056 2366 5127 pronuntiavit
2409 5054 2760 5110 orthodoxam
2796 5074 2809 5113 :
2844 5058 2981 5127 quod
3012 5058 3278 5114 diversum
3307 5075 3427 5117 esse
3471 5065 3588 5132 quis

1997 5152 2253 5218 prudens,
2286 5148 2329 5201 si
2356 5161 2573 5202 causam
2603 5148 2892 5218 diligenter
2923 5150 3181 5214 attendat,
3211 5150 3455 5220 ignoret?
3487 5152 3591 5209 Po-

1998 5240 2100 5296 tuit
2127 5239 2269 5294 enim
2317 5238 2431 5292 ﬁeri
2483 5248 2538 5293 ut
2584 5240 2747 5294 etiam
2796 5240 2839 5294 si
2870 5239 3112 5309 quaedam
3150 5240 3417 5297 Theodori
3448 5244 3591 5301 dicta

1997 5330 2281 5401 culpabilia
2309 5330 2643 5400 viderentur,
2690 5338 2744 5385 et
2772 5344 2835 5385 ea
2869 5330 3103 5399 synodus
3140 5340 3244 5387 nec
3284 5332 3586 5401 ignoraret,

1998 5438 2096 5479 nec
2126 5422 2463 5492 interpretari
2509 5422 2695 5475 melius
2740 5428 2953 5490 posset,
2994 5430 3363 5477 verumtamen
3391 5422 3411 5454 ³
3440 5422 3589 5482 ibam

2001 5518 2168 5573 latere
2200 5519 2435 5587 potuisse
2465 5516 2739 5577 crederet,
2780 5516 2918 5569 sicut
2948 5528 3108 5569 etiam
3159 5526 3375 5574 sanctos
3404 5520 3588 5579 Patres

2000 5607 2257 5664 Joannem
2301 5604 2949 5674 Constantinopolitanum
3003 5614 3059 5659 et
3105 5605 3422 5677 Gregorium
3477 5610 3589 5667 Νι.

2004 5767 2187 5821 dorum
2206 5764 2319 5831 ipsa
2349 5760 2605 5815 laudaret.
2634 5760 2789 5814 Nunc
2812 5768 2998 5815 autent.

2077 5836 2097 5869 ⁸
2138 5836 2280 5893 Idem
2307 5834 2453 5904 cod.,l
2476 5834 2929 5889 reverentissimum
2960 5843 3128 5893 tamen
3155 5833 3323 5894 Ibam.
