4104 6360
572 276 684 339 ’175

1644 273 1943 333 FACUNDI
1980 271 2198 329 EPISC.
2239 273 2747 332 HERMlANENSlS

3786 273 3912 333 776

573 399 908 465 Iianzenum,
966 396 1376 466 universamque
1426 394 1721 450 Ecclesiam
1748 435 1764 460 ,
1828 407 1947 463 quae
1998 391 2171 461 ipsum
2202 393 2257 451 Α
2283 399 2393 446 loto
2420 391 2549 448 orbe
2576 390 2873 446 radiantem
2902 389 3105 460 judicat
3128 402 3248 446 esse
3277 386 3601 445 laudabilem
3629 404 3646 444 :
3678 388 3774 445 sic
3806 403 3916 460 po.

570 488 916 548 Theodorum
970 487 1253 542 docentem
1307 486 1657 549 advertebat,
1714 484 1883 539 latere
1937 483 2173 551 potuisse

575 585 807 640 credunt
829 581 1167 652 Eutychiani,
1197 589 1257 634 ut
1287 598 1391 634 non
1418 589 1691 649 superstes
1721 578 2173 632 condemnaretur

575 675 717 732 idem
747 674 1080 731 Theodorus.
1112 673 1274 743 lgitur
1300 672 1753 743 quemadmodum
1797 677 1978 747 sancta
2012 683 2173 739 syno-

575 769 674 823 dus
702 766 973 837 antiquam
1018 766 1345 834 Ecclesiam,
1380 766 1532 833 cujus
1560 778 1682 832 pars
1731 764 1939 817 fuerant
1968 776 2173 816 memo-

574 858 681 913 rati
713 858 920 923 Patres,
954 872 1060 912 non
1105 871 1170 911 ex
1202 858 1577 910 communione
1605 863 1661 908 et
1690 853 1847 908 laude
1878 852 2169 920 Theodori,

573 950 656 1004 vel
682 950 727 1003 si
757 965 877 1003 eum
906 953 959 1003 in
1004 947 1321 1017 quibusdam
1353 947 1519 1000 sciret
1546 958 1757 999 errasse
1778 986 1792 1008 ,
1824 943 1917 997 sed
1946 958 2011 996 ex
2045 957 2173 1010 pro-

574 1044 692 1112 pria
728 1042 892 1111 ipsius
923 1040 1179 1095 Ecclesia:
1224 1040 1332 1093 fide
1358 1038 1601 1107 judicare
1646 1035 1860 1099 debuit,
1892 1034 2033 1104 quod
2078 1050 2174 1088 no-

573 1132 781 1187 biscum
826 1131 1142 1202 Eutychiani
1173 1131 1442 1193 fatentur;
1475 1129 1553 1183 sic
1578 1128 1813 1197 oportuit
1840 1133 1899 1181 ut
1934 1136 1989 1182 et
2027 1126 2172 1180 illam

575 1224 891 1293 epistolam,
925 1238 1029 1278 non
1072 1238 1140 1278 ex
1186 1223 1344 1277 laude
1379 1220 1683 1288 Theodori,
1725 1220 1821 1275 sed
1849 1234 1914 1274 ex
1960 1220 2172 1288 propria

574 1315 956 1386 conscriptoris
980 1315 1094 1384 ejus
1120 1314 1242 1381 fide,
1273 1329 1393 1383 qua:
1424 1314 1625 1375 ibidem
1652 1311 1866 1381 legitur,
1882 1309 2169 1380 judicaret.

575 1410 855 1479 Quomodo
884 1419 1061 1465 autem
1087 1411 1325 1482 synodus
1351 1426 1458 1465 non
1486 1410 1735 1465 crederet
1758 1409 1901 1465 Ibam
1924 1423 2175 1465 reveren-

576 1502 839 1556 tissimum
884 1500 1053 1555 latere
1082 1502 1322 1569 potuisse
1363 1500 1503 1554 dicta
1532 1498 1836 1565 Theodori,
1887 1514 2007 1568 qua:
2049 1510 2174 1553 ante

575 1590 876 1647 Nestorium
909 1593 1107 1662 scripta
1138 1593 1154 1621 ¹
1191 1592 1465 1657 dicuntur,
1502 1605 1622 1645 cum
1670 1590 1839 1659 ipsius
1879 1588 1982 1643 Iba:
2014 1588 2173 1642 fidem

574 1683 889 1739 Nestoriano
916 1684 1153 1753 dogmati
1177 1684 1387 1739 videret
1409 1682 1735 1738 adversam?
1766 1682 1961 1736 Verum
1992 1690 2047 1734 et
2072 1679 2174 1733 hoc

2280 482 2378 538 tuit
2402 485 2563 539 etiam
2583 485 2904 540 venerabilis
2927 484 3046 539 [has
3068 483 3371 538 doctrinam
3396 482 3697 550 Theodori,
3727 484 3915 539 etiam

2280 576 2333 631 in
2363 577 2629 645 aliquibus
2653 577 2970 645 culpabilem
2996 592 3101 630 non
3125 577 3404 644 ignorans,
3432 574 3637 645 absque
3663 575 3913 632 illorum

2283 667 2626 737 culpabilium
2654 667 3045 737 approbatione
3074 666 3314 721 laudare.
3341 666 3463 721 Sive
3483 674 3665 721 autem
3696 668 3913 721 beatus

2278 758 2578 828 Cyprianus
2607 766 2661 813 et
2690 759 3037 828 Agrippinus,
3068 759 3267 827 aliique
3294 772 3415 813 cum
3441 758 3521 813 eis
3550 760 3756 814 eadem
3792 768 3909 814 sta-

2279 857 2491 905 tuentes
2528 849 2795 918 episc0pi;
2830 851 2944 904 sive
2970 849 3319 914 Theodorus,
3350 849 3435 903 vel
3475 850 3521 905 si
3547 860 3603 905 et
3644 851 3777 919 ipse
3812 865 3907 906 er-

2278 953 2393 997 rata
2427 958 2532 996 non
2565 943 2883 998 emendasse
2912 944 3197 1008 credatur;
3248 945 3361 997 sive
3403 945 3585 998 caeteri
3632 945 3904 1001 doctores

2280 1034 2553 1099 Ecclesiae,
2589 1050 2654 1088 ex
2686 1050 2912 1102 quorum
2944 1035 3227 1090 sententiis
3254 1035 3492 1091 haeretici
3514 1051 3643 1091 suos
3669 1052 3904 1093 errores

2279 1135 2541 1179 conantur
2565 1134 2828 1193 astruere,
2856 1127 3152 1182 intentione
3175 1128 3369 1181 mentis
3391 1136 3549 1197 atque
3572 1130 3899 1197 proposito,

2277 1214 2419 1271 sicut
2464 1215 2812 1284 arbitramur,
2861 1216 2929 1270 ab
2968 1217 3192 1272 haeresis
3222 1218 3449 1273 crimine
3495 1219 3897 1285 defenduntur,

2277 1306 2529 1375 quoniam
2562 1317 2687 1360 ante
2709 1306 3078 1361 definitiOuem
3106 1306 3387 1373 Ecclesia,
3412 1308 3465 1362 in
3496 1309 3613 1377 ejus
3640 1324 3899 1363 commu~

2277 1398 2439 1452 nione
2470 1408 2867 1466 permanentes,
2898 1398 3064 1453 nimio
3094 1400 3179 1453 vel
3208 1400 3227 1429 ²
3258 1399 3614 1454 immoderato
3642 1401 3770 1455 zelo
3800 1401 3895 1456 ad.

2276 1504 2465 1545 versus
2495 1490 2799 1555 haereticos,
2832 1492 2913 1546 vel
2936 1490 3292 1545 decreverunt
3320 1491 3466 1556 talia,
3487 1491 3576 1547 vel
3606 1492 3892 1557 dixerunt,

2278 1598 2383 1639 llOll
2418 1592 2538 1652 post
2583 1584 2839 1640 Ecclesia:
2886 1585 2938 1639 in
2971 1585 3159 1640 eadem
3191 1586 3488 1653 quaestione
3533 1586 3892 1653 sententiam,

2278 1687 2400 1728 cum
2429 1674 2664 1729 haeretici
2696 1675 2980 1744 segregati,
3013 1676 3305 1730 astruendo
3333 1676 3457 1729 talia
3502 1677 3679 1745 ipsam
3713 1678 3890 1745 impu-

574 1771 760 1830 demus
783 1774 1148 1844 Eutychianis,
1168 1774 1308 1844 quod
1329 1774 1819 1829 reverentissimum
1844 1772 1985 1827 Ibam
2005 1786 2167 1841 syno-
2197 1774 2244 1833 Β
2272 1777 2569 1836 gnaverunt
2613 1767 2935 1824 Ecelesiam.
2969 1767 3218 1823 Forsitan
3250 1768 3442 1839 aliquis
3467 1768 3610 1824 dicat
3641 1785 3656 1821 :
3694 1768 3889 1824 Debuit

574 1864 672 1918 dus
699 1862 1156 1919 Chalcedonensis
1205 1864 1497 1919 crediderit
1538 1880 1643 1919 non
1689 1865 1966 1933 ignorasse
1991 1863 2168 1918 Theo-

575 1955 691 2009 dori
741 1954 881 2009 dicta
935 1971 1055 2025 quae
1102 1955 1347 2011 videntur
1400 1970 1519 2011 esse
1578 1955 1878 2025 culpanda;
1928 1954 2169 2023 nunquid

576 2043 695 2099 ideo
717 2045 833 2114 ejus
853 2047 1141 2117 epistolam
1169 2049 1363 2102 merito
1386 2055 1546 2102 rectae
1576 2049 1698 2102 fidei
1720 2062 1880 2117 quam
1908 2048 2164 2111 continet,

577 2137 930 2193 orthodoxam
960 2142 1310 2209 pronuntiare
1332 2156 1435 2195 non
1467 2141 1689 2196 debuit?
1721 2142 2017 2210 praesertim
2046 2155 2167 2193 cum

578 2228 811 2297 potuerit
856 2228 997 2284 idem
1044 2231 1365 2285 venerabilis
1414 2230 1532 2285 lbas
1581 2230 1778 2284 idcirco
1826 2230 2169 2284 Theodorum

578 2320 799 2391 ejusque
825 2321 1043 2376 laudare
1068 2323 1387 2388 doctrinam,
1418 2324 1673 2393 quoniam
1700 2339 1762 2379 ea
1791 2338 1910 2394 quae
1936 2324 1988 2376 in
2020 2322 2168 2377 libris

578 2410 695 2479 ejus
723 2412 1165 2481 reprehensibilia
1202 2412 1511 2482 judicabat,
1544 2415 1624 2469 vel
1667 2414 1735 2467 ab
1774 2414 2041 2469 haereticis
2071 2414 2169 2468 im-

581 2501 776 2567 missa,
812 2502 901 2557 vel
941 2503 1008 2557 ab
1035 2502 1152 2572 ipso
1193 2502 1473 2559 Theodoro
1504 2504 1863 2573 reprehensa,
1896 2504 2033 2558 sicut
2068 2503 2167 2559 do-

580 2594 818 2661 cuimus,
849 2595 962 2650 sive
992 2608 1234 2651 correcta
1279 2611 1399 2651 esse
1444 2596 1695 2652 credebat
1730 2614 1743 2650 :
1777 2606 1831 2652 et
1872 2612 1978 2651 non
2010 2612 2076 2651 ex
2105 2611 2171 2652 eo

580 2686 722 2754 quod
762 2687 1030 2742 scribendi
1076 2688 1294 2758 capiens
1346 2688 1588 2755 initium,
1638 2689 1835 2759 aliquid
1884 2690 2171 2759 aliquando

581 2778 1005 2846 reprehensibile
1034 2781 1268 2850 scripsit,
1300 2789 1390 2835 aut
1420 2795 1488 2835 ex
1517 2782 1667 2850 lapsu
1697 2782 1963 2835 sermonis
1992 2781 2171 2836 incur-

579 2870 680 2936 rit,
727 2873 842 2941 ejus
882 2872 1125 2929 doctrina
1170 2874 1456 2941 judicanda
1506 2875 1708 2941 fuerat;
1762 2878 1855 2931 sed
1899 2891 1964 2932 eo
1996 2876 2173 2946 potius

582 2963 720 3033 quod
750 2965 795 3020 si
841 2965 970 3035 quid
1007 2967 1062 3021 in
1093 2982 1157 3022 ea
1201 2967 1465 3037 culpabile
1497 2968 1798 3034 videbatur,
1830 2968 1943 3036 ipse
1984 2984 2171 3037 repre-

582 3060 768 3116 hendit
808 3072 969 3132 atque
995 3063 1249 3117 correxit.
1293 3062 1424 3117 Nam
1468 3063 1514 3115 si
1546 3076 1704 3116 nemo
1747 3062 1960 3130 sapiens
1989 3062 2173 3117 Eccle-

2276 1876 2406 1930 crgo
2438 1859 2711 1931 synodus,
2742 1860 2787 1915 si
2830 1876 2939 1915 non
2966 1859 3339 1928 Theodorum,
3388 1860 3514 1929 quia
3543 1862 3595 1913 in
3626 1860 3886 1915 Ecclesia

2270 1966 2401 2021 pace
2448 1949 2731 2005 defunctus
2778 1959 2887 2015 est;
2942 1966 3117 2021 neque
3165 1960 3332 2006 totam
3382 1951 3499 2021 ejus
3548 1950 3881 2016 doctrinam,

2271 2042 2521 2112 quoniam
2554 2043 2718 2095 multa
2754 2051 2901 2097 recte
2933 2042 3145 2096 locutus
3170 2050 3285 2109 est,
3324 2042 3441 2111 ipsa
3471 2050 3619 2096 certe
3653 2040 3884 2111 quassi-

2270 2132 2495 2187 fendunt
2522 2132 2638 2201 ejus
2685 2131 2825 2185 dicta
2866 2132 3152 2188 damnare.
3197 2133 3438 2187 Primum
3478 2130 3634 2203 cujus
3667 2131 3880 2203 synodi,

2272 2236 2329 2281 ut
2359 2228 2461 2281 hoc
2506 2225 2725 2292 faceret,
2760 2237 3078 2296 sequeretur
3110 2225 3459 2295 exemplum?
3489 2224 3597 2279 Sed
3627 2225 3883 2279 ostenda-

2274 2330 2362 2376 tur
2409 2322 2665 2390 qutclihct
2696 2322 2936 2390 synodus
2985 2319 3215 2387 alicujus
3255 2318 3553 2373 doctissimi
3586 2317 3688 2371 viri
3735 2326 3790 2371 et
3834 2319 3882 2371 in

2273 2414 2515 2471 Ecclesia
2544 2414 2966 2484 perseverantis,
2994 2412 3135 2468 dicta
3154 2428 3219 2467 ex
3244 2411 3422 2466 multis
3446 2411 3707 2480 decerpta
3738 2410 3881 2463 datu-

2272 2520 2455 2573 nasse,
2488 2516 2543 2560 et
2573 2505 2647 2559 ita
2682 2505 2874 2560 saltem
2914 2504 2981 2558 de
3007 2502 3238 2558 concilio
3286 2502 3719 2558 Chalcedonensi
3750 2517 3881 2569 que-

2273 2610 2481 2655 rantur.
2512 2597 2718 2652 Deinde
2764 2597 2980 2666 quando
3017 2596 3397 2650 evolverentur
3429 2604 3507 2649 tot
3540 2593 3669 2648 libri
3703 2594 3881 2649 Theo-

2274 2688 2428 2753 dori,
2474 2697 2524 2742 ut
2558 2689 2611 2741 in
2643 2687 2721 2742 eis
2766 2685 3175 2755 diligentissime
3206 2696 3364 2755 atque
3409 2685 3884 2753 scrupulosissime

2275 2789 2607 2851 quaereretur
2637 2780 2782 2849 quod
2812 2778 3051 2846 legentes
3094 2786 3276 2846 posset
3321 2776 3635 2831 offendere?
3663 2776 3799 2829 Nam
3838 2773 3884 2831 si

2278 2874 2580 2928 faciendum
2624 2881 2801 2939 esset,
2831 2872 3007 2927 omnia
3039 2859 3239 2940 scrip'ta
3270 2872 3384 2940 ejus
3407 2871 3595 2925 debuit
3644 2871 3881 2941 synodus

2280 2964 2366 3019 illa
2394 2966 2685 3033 discutere,
2711 2979 2777 3019 ne
2804 2965 2847 3018 si
2877 2980 2997 3019 eum
3028 2980 3091 3019 ex
3120 2974 3270 3033 parte
3300 2966 3756 3034 reprehenderet,
3788 2981 3880 3036 ap-

2280 3059 2538 3128 probasse
2577 3068 2774 3113 cactera
2808 3057 3078 3112 videretur
3106 3075 3118 3109 :
3153 3066 3207 3111 et
3235 3057 3376 3126 quod
3408 3067 3619 3128 tempus
3667 3060 3739 3112 ad
3770 3061 3882 3115 llaec

582 3153 713 3208 siam
752 3152 923 3209 credit
970 3154 1276 3209 haereticam
1299 3197 1314 3222 ,
1362 3154 1486 3224 quia
1536 3154 1840 3209 doctrinam
1889 3154 2032 3209 beati
2076 3153 2178 3226 Cy-
2205 3145 2251 3207 C
2284 3150 2593 3206 sufficeret?
2625 3150 2707 3204 vel
2738 3149 2949 3218 quando
2974 3165 3069 3220 per
3099 3150 3304 3218 singula
3333 3159 3600 3205 tantorum
3629 3152 3882 3207 sacerdo-

582 3245 752 3315 priani
780 3244 1233 3315 Carthaginiensis
1277 3246 1518 3315 episcopi
1567 3246 1913 3317 et'martyris
1958 3246 2175 3313 laudat,

584 3351 704 3391 cum
734 3336 825 3392 ille
852 3353 957 3392 non
985 3339 1155 3393 solum
1188 3340 1459 3407 privatim,
1490 3348 1548 3395 ut
1578 3340 1627 3394 ei
1659 3340 1832 3395 visum
1865 3348 1967 3408 est,
1993 3356 2177 3396 verum

586 3430 745 3483 etiam
775 3441 1098 3501 congregato
1133 3433 1386 3497 concilio,
1417 3432 1685 3489 deﬁnierit
1720 3445 1777 3487 ut
1805 3436 1978 3489 omnis
2008 3435 2178 3491 haere-

587 3522 725 3576 ticus
769 3523 837 3575 ad
882 3523 1173 3579 Ecclesiam
1222 3524 1438 3580 rediens
1487 3526 1810 3595 baptizetur,
1860 3537 1913 3583 et
1957 3540 2178 3599 propter

588 3612 692 3667 hoc
716 3613 957 3682 culpatus
979 3615 1046 3668 ab
1071 3615 1346 3685 Stephano
1373 3617 1611 3671 antistite
1635 3617 1875 3673 Romano
1897 3622 2174 3688 restiterit,

587 3720 844 3776 suamque
873 3708 1190 3764 sententiam
1231 3708 1471 3765 scribens
1498 3708 1768 3781 (Cyprian.
1793 3714 1939 3783 epist.
1980 3715 2067 3787 Μ)
2111 3716 2176 3771 ad

588 3796 935 3867 Pompeium,
983 3810 1180 3869 quanta
1219 3800 1391 3871 potuit
1437 3800 1664 3855 humana
1719 3806 2177 3872 argumentatione

588 3878 920 3957 defenderit,
962 3891 1222 3962 injuriose
1250 3900 1484 3948 tractans
1513 3895 1762 3950 eumdem
1803 3896 2016 3952 beatum
2058 3900 2176 3955 Ste-

588 3982 845 4052 phanum,
878 3998 907 4037 a
939 4000 1045 4054 quo
1088 3984 1258 4039 fuerat
1296 3986 1418 4055 jure
1447 3986 1692 4056 culpatus
1720 4006 1731 4040 :
1764 3991 2034 4057 quomodo
2065 3992 2177 4060 epi-

587 4076 723 4130 stola
752 4078 1072 4132 venerabilis
1102 4078 1208 4133 lbae
1240 4078 1385 4148 juste
1414 4078 1685 4136 diceretur
1732 4082 2001 4151 hmretica,
2033 4086 2173 4153 quod

588 4166 856 4223 Theodori
896 4169 1195 4226 doctrinam
1240 4170 1509 4239 laudavit;
1560 4172 1649 4243 qui
1697 4174 1819 4228 licet
1866 4174 1918 4228 in
1950 4176 2174 4230 concilio

588 4258 719 4312 nihil
748 4260 1018 4316 deﬁnierit
1046 4263 1257 4317 veritati
1286 4264 1636 4329 contrarium,
1665 4274 1843 4319 tamen
1874 4266 2033 4319 etiam
2056 4282 2173 4335 qua:

585 4350 833 4417 privatim
861 4353 928 4407 ab
948 4367 1013 4407 eo
1040 4353 1177 4407 male
1198 4353 1408 4408 fuerant
1432 4356 1754 4424 composita,
1780 4367 1970 4425 sponte
1994 4373 2173 4426 repre-

587 4441 794 4513 hendit,
826 4454 881 4499 et
903 4445 991 4500 ubi
1017 4446 1086 4500 de
1111 4447 1374 4502 sermonis
1397 4448 1546 4517 lapsu
1568 4448 1636 4501 ab
1659 4448 1781 4501 aliis
1812 4449 2171 4517 reprehensus

2287 3256 2397 3300 tum
2426 3260 2682 3300 numerus
2712 3245 2767 3298 in
2811 3260 2969 3298 unam
3014 3246 3333 3299 sententiam
3367 3247 3716 3313 conveniret;
3758 3264 3880 3301 cum

2283 3339 2497 3393 diverso
2528 3336 2688 3391 modo
2720 3348 2996 3391 moveatur
3043 3338 3256 3391 animus
3294 3336 3619 3402 auditorum,
3654 3347 3709 3393 et
3740 3343 3879 3409 quod

2284 3432 2443 3485 alium
2469 3430 2712 3495 offendit,
2749 3429 2971 3484 meliore
2993 3430 3275 3484 intellectu
3293 3431 3427 3486 alius
3450 3432 3565 3485 sine
3581 3432 3879 3488 offensione

2281 3524 2582 3593 suscipiat?
2636 3525 2832 3579 Verum
2885 3524 2931 3577 si
2984 3538 3089 3577 non
3145 3526 3600 3595 Eutychianorum
3658 3528 3879 3581 arbitrio

2281 3617 2564 3683 serviatur,
2595 3631 2691 3671 cur
2722 3615 2913 3685 aliquis
2945 3614 3089 3670 dicat
3115 3616 3256 3685 quod
3284 3617 3337 3671 in
3366 3618 3454 3671 illa
3478 3618 3687 3688 synodo
3712 3620 3878 3673 solius

2283 3708 2550 3762 Theodori
2578 3708 2751 3773 dicta,
2792 3717 2980 3761 etnon
3024 3708 3263 3761 omnium
3310 3708 3651 3778 antiquorum
3692 3710 3745 3764 in
3780 3711 3878 3766 Ec-

2281 3800 2444 3854 clesia
2475 3798 2581 3851 vita
2616 3798 3020 3863 excedentium,
3070 3800 3269 3853 revolvi
3311 3816 3373 3853 ac
3402 3800 3649 3855 ventilari
3678 3802 3874 3857 debue-

2280 3890 2422 3943 rint?
2455 3887 2585 3941 Nam
2618 3888 2662 3941 si
2695 3886 2967 3941 Theodori
3012 3896 3214 3941 tantum
3264 3890 3505 3957 quaedam
3535 3892 3733 3960 scripta
3764 3893 3877 3947 cul-

2280 3989 2461 4050 paret,
2511 3981 2689 4034 omnia
2740 3981 2982 4033 omnium
3033 3983 3362 4049 approbasse
3403 3982 3705 4049 videretur,
3761 4000 3879 4039 cum

2280 4072 2479 4126 veritas
2496 4086 2598 4125 non
2617 4070 2796 4125 omnia
2817 4072 3008 4125 doceat
3027 4073 3390 4141 approbanda.
3418 4074 3485 4128 Et
3502 4077 3621 4144 quis
3639 4078 3880 4132 omnium

2279 4162 2361 4217 vel
2386 4163 2599 4216 nomina
2631 4162 2764 4216 sciat
2794 4164 2884 4232 qui
2917 4162 2983 4218 de
3012 4162 3315 4219 Christiana
3348 4166 3609 4235 religione
3649 4172 3880 4240 scripse-

2278 4255 2436 4309 runt?
2479 4255 2610 4309 Cum
2652 4269 2781 4326 ergo
2812 4257 3049 4310 omnium
3081 4260 3259 4312 omnia
3304 4261 3542 4330 synodus
3571 4264 3882 4320 examinare

2230 4340 2241 4356 ’
2278 4362 2386 4402 non
2417 4356 2627 4417 posset,
2662 4362 2767 4402 non
2800 4348 3036 4417 oportuit
3068 4358 3121 4402 ut
3168 4350 3434 4405 Theodori
3470 4352 3609 4407 dicta
3660 4356 3881 4409 damna-

2283 4449 2367 4495 ret
2392 4459 2402 4495 :
2429 4441 2682 4510 quoniam
2716 4441 2927 4495 sufficit
2950 4442 3106 4496 nobis
3137 4443 3187 4497 in
3216 4444 3319 4498 hoc
3340 4446 3589 4513 Apostoli
3618 4452 3878 4504 sententia

588 4539 691 4597 est,
723 4547 828 4587 non
859 4534 1105 4604 injuriam
1134 4537 1339 4591 referre
1362 4578 1375 4603 ,
1410 4539 1501 4592 sed
1533 4537 1882 4593 offensionem
1908 4543 2173 4611 corrigere

2281 4547 2381 4602 qua
2414 4533 2614 4586 dictum
2655 4543 2740 4586 est
2771 4548 2784 4586 :
2822 4533 3009 4586 Omnia
3045 4534 3285 4602 probate;
3330 4538 3466 4605 quod
3496 4539 3687 4592 bonum
3716 4552 3788 4593 est
3813 4554 3879 4595 te-

590 4624 932 4690 properavit?
958 4625 1119 4693 Igitur
1139 4625 1279 4680 sicut
1300 4625 1557 4694 Ecclesia,
1581 4641 1686 4682 non
1709 4630 2011 4697 approbans
2034 4631 2175 4686 beati

589 4713 841 4785 Cypriani
871 4714 1092 4785 ejusque
1132 4718 1544 4787 praedecessoris
1575 4720 1851 4789 Agrippini
1883 4728 1931 4786 ι,
1960 4722 2047 4791 qui
2077 4722 2178 4778 hoc

589 4815 710 4860 ante
732 4815 1012 4875 statuerat,
1044 4808 1111 4864 de
1138 4808 1471 4878 baptizandis
1513 4811 1761 4867 omnibus
1786 4812 2055 4869 haereticis
2080 4817 2179 4871 de-

588 4897 911 4964 finitionem,
948 4914 1053 4954 non
1103 4901 1276 4955 solum
1309 4902 1485 4970 ipsos,
1514 4904 1609 4958 sed
1639 4914 1693 4958 et
1721 4920 1908 4960 omnes
1938 4908 2027 4977 qui
2057 4924 2180 4962 cum

588 4990 692 5045 illis
734 4991 836 5045 hoc
866 4989 1193 5046 definierunt
1237 4992 1519 5061 episcopos
1580 5004 1760 5064 patres
1811 4998 2063 5065 ascribit,
2096 5013 2182 5053 eo-

590 5096 814 5152 rumque
839 5081 997 5137 fidem
1027 5090 1186 5153 atque
1227 5083 1527 5140 doctrinam
1548 5127 1562 5154 ,
1589 5095 1644 5143 et
1673 5090 1903 5145 maxime
1930 5090 2181 5162 Cypriani

576 5174 581 5207 ζ

578 5309 608 5376 ρ
662 5314 687 5343 α
728 5306 829 5373 Qui
868 5306 1071 5375 primus
1115 5307 1358 5361 omnium
1391 5310 1728 5376 mortalium,
1778 5322 1837 5366 ut
1872 5313 2177 5369 Vincentius

588 5375 887 5431 Lirinensis
916 5378 971 5430 in
988 5378 1422 5450 Commonitorio
1450 5375 1720 5450 fscribit,’
1745 5385 2175 5450 rebaptizandum

591 5461 711 5521 esse
732 5448 1443 5521 censuit._[_’rtedecessorem
1472 5449 1723 5521 Cypriani
1751 5448 2004 5521 appellat,
2039 5457 2177 5511 sicut

591 5520 917 5592 Augustinus
967 5518 1059 5573 lib.
1092 5535 1128 5572 ll
1175 5522 1243 5573 de
1290 5518 1564 5590 Baptism’o
1606 5518 2172 5592 contra—Donatistas,

560 5602 710 5654 .cap.
747 5588 799 5640 7.
845 5587 1048 5652 Quotus
1075 5598 1255 5646 autem
1295 5587 1378 5644 ab'
1400 5593 1693 5661 Agrippino
1732 5592 2027 5662 Cyprianus
2058 5587 2177 5654 suc;

668 5744 684 5778 ⁸
728 5745 859 5800 Cod.
894 5744 1112 5817 Veron,
1146 5754 1339 5817 scripta
1376 5753 1689 5808 Nestoriaua
1716 5742 1978 5811 dicuntur.

2262 5386 2502 5463 priuatus
2536 5391 2646 5455 ipse
2674 5386 2757 5463 est
2796 5401 2977 5445 auctor
3018 5386 3254 5463 cpistola

2282 4635 2393 4678 nete
2424 4624 2472 4694 (1
2504 4624 2681 4678 Thess.
2709 4640 2761 4691 v,
2795 4623 2911 4696 2|).
2944 4627 3094 4691 Quod
3137 4628 3181 4681 si
3212 4643 3320 4681 non
3350 4628 3537 4684 fuisset
3558 4634 3681 4693 lucc
3721 4636 3875 4699 ratio,

2283 4715 2399 4784 quis
2427 4714 2590 4783 judex
2634 4715 2913 4770 modestus
2950 4725 3004 4771 et
3052 4718 3316 4785 prudens,
3359 4722 3460 4774 nisi
3490 4722 3557 4775 de
3589 4726 3878 4791 propositis

2283 4806 2461 4861 causis
2492 4816 2545 4861 et
2566 4808 2953 4875 qumstionibus
2974 4809 3213 4878 judicet?
3238 4812 3309 4865 At
3330 4825 3448 4865 cum
3474 4814 3604 4868 nihil
3626 4817 3878 4887 episcopo

2286 4896 2395 4952 lbae
2426 4911 2766 4955 accusatores
2793 4902 3088 4971 objicerent
3114 4906 3182 4959 de
3224 4904 3376 4959 laude
3404 4907 3670 4963 'l'heodori
3695 4913 3747 4965 in
3775 4913 3875 4970 Ec-

2286 4995 2463 5053 Clesite
2488 4998 2863 5053 communione
2905 5000 3168 5065 defuncti,
3208 5004 3447 5073 nunquid
3479 5007 3717 5074 oportuit
3752 5022 3877 5063 san-

2285 5097 2424 5143 ctam
2450 5092 2734 5162 synodum,
2768 5108 2865 5162 pro
2909 5093 3013 5150 fide
3053 5110 3115 5150 ac
3142 5112 3275 5166 pace
3315 5103 3580 5168 generalis
3622 5104 3875 5161 Ecclesia

2285 5316 2544 5397 cesserit,
2560 5331 2662 5371 non
2688 5317 2872 5389 liquet.
2900 5320 3082 5406 Longo
3102 5324 3394 5406 intervallo
3420 5331 3752 5406 successisse
3773 5334 3875 5406 Cy.

2430 5402 2502 5467 ius
2536 5396 2646 5455 ipse
2674 5403 2757 5467 est
2796 5401 2977 5445 auctor
3026 5396 3254 5467 epistola
3302 5396 3367 5446 ".5
3414 5400 3479 5452 ad
3529 5396 3869 5459 Jubaianum.

2284 5455 2587 5547 fliiifti‘jant
2608 5462 2729 5513 anni
2772 5470 2889 5543 sunt
2925 5472 2973 5515 et
3015 5455 3168 5546 longe
3194 5475 3320 5547 telas
3345 5485 3422 5547 ex
3447 5488 3549 5539 quo
3576 5475 3668 5525 sub

2283 5529 2416 5621 pina
2450 5534 2591 5621 boum
2638 5529 3288 5621 nicfiioriic‘convenientes
3338 5541 3389 5594 in
3442 5529 3602 5599 unum
3653 5529 3873 5621 episcopi

2284 5601 2489 5665 plurimi
2514 5606 2607 5655 lioc
2634 5612 2939 5679 statuerunt.

2357 5760 2375 5789 ³
2416 5759 2556 5814 idem
2590 5762 2731 5825 cod.,
2766 5775 2815 5819 et
