4104 6360
296 337 389 391 777

1155 336 1288 391 PRO
1327 332 1749 390 DEFENSIONE
1790 330 2005 387 TRIUM
2046 330 2360 390 CAPITUL.
2402 333 2531 388 LIB.
2574 332 2643 389 X.

3459 338 3563 393 778

291 460 684 524 congregatam,
711 465 903 505 novam
938 451 991 504 in
1018 448 1221 520 privata
1244 463 1408 503 causa
1446 449 1587 503 inter
1614 449 1878 517 litigantes
1908 447 1955 505 Α
1985 445 2182 499 viorem
2216 447 2478 501 inveniret
2516 462 2728 502 causam
2774 447 2915 502 illius
2959 454 3157 502 sanctae
3186 447 3374 519 synodi
3405 463 3561 517 quam

291 548 583 604 tramittere
610 545 959 614 quaestionem
982 587 995 610 ,
1029 550 1081 596 et
1123 541 1177 594 in
1206 555 1268 595 ea
1300 550 1511 610 tempus
1538 538 1880 610 expendere?

291 645 457 714 Quasi
484 658 590 698 non
615 640 892 695 sufﬁceret
916 647 1022 692 tam
1046 638 1195 708 gravi
1226 652 1289 691 ac
1326 638 1576 691 diuturna
1606 633 1883 689 collisione

292 751 346 792 In
370 734 530 792 tantis
552 748 647 788 eos
667 731 883 800 iudiciis
903 730 1162 799 litigasse,
1190 738 1247 784 ut
1271 728 1473 799 aliquid
1497 729 1646 797 pejus
1665 735 1719 781 et
1745 726 1881 795 ipsa,

292 831 378 886 vel
406 834 776 884 accusatorum
812 822 1155 892 pertinaciae,
1194 821 1279 876 vel
1323 820 1608 877 calamitati
1649 819 1885 888 episcopi

292 922 382 989 qui
416 917 790 983 accusabatur,
822 915 1119 984 adjiceret:
1155 914 1453 983 praesertim
1495 926 1614 966 cum
1660 911 1752 965 ille
1792 910 1884 965 de-

292 1012 530 1080 ploraret
556 1007 624 1061 de
654 1006 852 1077 pietate
881 1014 1079 1060 sanctae
1107 1004 1299 1075 synodi
1328 1005 1587 1058 auxilium
1618 1016 1879 1072 quaerens,

294 1102 439 1171 quod
465 1100 576 1170 jam
599 1099 669 1153 20
692 1107 746 1155 et
768 1099 997 1169 amplius
1027 1113 1275 1153 carceres
1296 1105 1580 1161 mutasset,
1603 1104 1659 1152 et
1682 1096 1747 1150 ad
1768 1110 1886 1150 eam

294 1193 362 1249 de
386 1193 454 1245 40
496 1191 860 1247 mansionibus
907 1191 1233 1246 advenisset.
1280 1190 1412 1257 Quis
1453 1191 1557 1244 hoc
1610 1188 1884 1242 hominum

294 1296 492 1355 praeter
522 1286 887 1356 Eutychianos
907 1285 1072 1351 dicat,
1100 1299 1235 1354 quos
1263 1284 1400 1338 ratio
1426 1281 1584 1338 simul
1613 1282 1888 1351 pietasque

294 1380 566 1441 deseruit,
594 1386 648 1432 et
679 1378 732 1432 in
762 1378 956 1446 quibus
986 1392 1179 1431 nomen
1211 1378 1387 1431 solum
1418 1375 1681 1435 remansit.
1702 1374 1890 1428 Imma-

296 1470 464 1525 num?
496 1468 799 1523 Meminerit
849 1477 1027 1522 autem
1073 1468 1241 1522 lector
1270 1467 1410 1535 quod
1443 1466 1557 1520 haec
1606 1467 1658 1520 in
1702 1464 1890 1520 defen-

297 1561 508 1616 sionem
554 1575 763 1628 magnae
803 1560 1033 1630 synodi,
1067 1560 1211 1614 nulla
1256 1562 1577 1616 necessitate
1604 1559 1890 1627 compulsi,

298 1651 368 1705 ad
393 1652 808 1707 conculcandam
839 1660 894 1706 et
923 1652 1136 1721 penitus
1160 1652 1542 1708 conterendam
1580 1652 1893 1707 vecordium

298 1742 760 1814 Eutychianorum
811 1745 1137 1814 superbiam.
1171 1744 1483 1800 dixerimus.
1532 1744 1709 1799 Libuit
1750 1744 1893 1799 enim

1983 537 2259 593 beatorum
2304 538 2485 610 Cyrilli
2516 550 2569 594 et
2605 540 2800 594 Procli.
2828 539 2958 593 Nam
2990 539 3074 594 vel
3094 540 3172 608 si,
3203 548 3261 593 ut
3286 539 3564 605 dedimus,

1984 640 2322 686 accusaretur
2353 632 2491 700 apud
2540 632 2686 686 illam
2728 631 3078 700 Theodorus,
3132 631 3300 688 levius
3342 644 3485 688 esset
3514 643 3571 687 ut

1984 724 2286 778 absolveret
2324 722 2469 778 Ibam
2501 723 2845 794 episcopum,
2877 725 2969 794 qui
3010 739 3131 779 eum
3176 725 3401 781 necdum
3432 726 3573 793 apud

1987 832 2045 871 se
2065 817 2311 886 deposita
2334 814 2671 870 accusatione
2692 815 2984 882 laudasset,
3003 831 3162 886 quam
3186 815 3328 886 quod
3347 816 3535 870 beatus
3553 815 3574 846 ³

1987 908 2217 980 Cyrillus
2244 918 2302 965 et
2325 909 2545 963 Proclus
2571 910 2811 963 iecerunt
2832 952 2845 975 ,
2878 910 2966 979 qui
2996 908 3297 963 Orientales
3327 923 3354 961 a
3386 907 3576 977 quibus

1988 998 2129 1054 idem
2159 1000 2473 1054 Theodorus
2506 1008 2627 1068 post
2652 1001 3047 1055 accusationem
3074 1000 3326 1056 laudatus
3356 1009 3462 1064 est,
3488 1001 3577 1070 ju-

1989 1091 2301 1145 dicaverunt
2353 1089 2705 1145 orthodoxos.
2758 1090 2857 1145 Ubi
2908 1103 3087 1146 autem
3139 1092 3352 1161 probari
3405 1100 3578 1160 potest

1991 1183 2295 1254 quisquam,
2329 1184 2539 1237 etiamsi
2566 1198 2695 1239 vere
2720 1184 2879 1239 fuerit
2922 1183 3231 1252 haereticus,
3276 1185 3343 1238 ab
3369 1185 3580 1238 univer-

1993 1281 2091 1334 sali
2138 1281 2345 1350 synodo
2399 1295 2509 1335 non
2548 1280 2571 1311 ⁸
2612 1280 2818 1350 prolata
2873 1281 3217 1335 accusatione
3262 1279 3581 1338 damnatus?

1992 1372 2124 1426 Nam
2152 1374 2336 1428 Patres
2379 1374 2550 1428 nostri
2581 1382 2802 1429 cunctos
2846 1389 2982 1443 quos
3010 1378 3333 1445 expulerunt
3380 1378 3587 1432 haereti-

1993 1480 2116 1531 cos,
2170 1466 2317 1533 prius
2364 1466 2761 1521 admonuerunt
2821 1481 3011 1535 sapere
3063 1470 3319 1537 meliora;
3390 1470 3588 1525 deinde

1997 1556 2531 1625 condemnationem,
2579 1559 2622 1611 si
2669 1573 2775 1612 non
2817 1559 3229 1628 resipiscerent,
3280 1564 3590 1620 comminati

1998 1658 2141 1716 sunt,
2175 1649 2365 1705 dantes
2388 1650 2467 1705 eis
2488 1651 2649 1705 etiam
2674 1651 2934 1705 tractandi
2960 1667 3139 1708 secum
3168 1654 3429 1720 inducias,
3454 1655 3589 1713 sicut

2002 1741 2360 1795 necessarium
2392 1740 2692 1796 videbatur.
2722 1741 2839 1796 Non
2871 1740 2987 1797 haec
3027 1743 3227 1813 absque
3271 1744 3590 1801 documento

299 1835 459 1889 nobis
500 1836 722 1893 illudere
747 1838 889 1906 illis,
919 1846 977 1894 et
1016 1839 1085 1893 ita
1116 1853 1333 1894 causam
1373 1839 1733 1904 constituere,
1773 1846 1893 1892 tan-

1996 1830 2286 1899 jactamus.
2315 1833 2651 1887 Attestantur
2680 1832 2834 1888 nobis
2861 1835 3107 1904 exempla
3137 1836 3420 1905 majorum,
3455 1851 3591 1905 quo-

300 1940 459 1995 quam
509 1926 828 1984 Theodorus
896 1930 1074 1999 aliqua
1141 1930 1428 1999 culpabilia
1487 1930 1729 1985 scribens
1782 1944 1892 1984 non

300 2018 703 2087 emendaverit,
736 2029 789 2076 et
816 2035 924 2075 non
966 2023 1139 2075 solum
1167 2020 1424 2090 praedicta
1454 2020 1690 2092 synodus
1733 2019 1894 2075 Chal-

301 2113 627 2168 cedonensis
674 2127 736 2167 ea
785 2117 1126 2183 cognoverit,
1174 2129 1275 2169 nec
1311 2114 1503 2170 melius
1549 2112 1894 2182 interpretari

304 2206 574 2274 potuerit,
606 2218 789 2260 verum
836 2207 997 2260 etiam
1026 2206 1355 2263 venerabilis
1386 2207 1505 2261 lbas
1550 2206 1666 2260 ιιωο
1707 2204 1894 2260 eadem

304 2311 412 2350 non
438 2296 691 2367 ignorans
718 2298 835 2368 ejus
876 2299 1174 2354 doctrinam
1200 2300 1494 2354 laudaverit
1519 2316 1533 2352 :
1564 2312 1791 2367 quorum
1816 2297 1897 2351 ni-

305 2386 383 2442 hil
409 2389 691 2456 probatum
719 2397 830 2454 est,
860 2391 955 2445 sed
985 2404 1082 2445 nos
1110 2390 1225 2446 haec
1255 2391 1393 2445 ultro
1419 2389 1809 2453 concessimus,
1837 2395 1898 2441 ut

304 2494 403 2548 per
432 2478 534 2535 hoc
563 2478 791 2550 amplius
827 2492 1113 2552 appareret
1141 2498 1299 2553 quam
1342 2484 1505 2538 stulte
1534 2481 1696 2536 iidem
1726 2479 1897 2551 Euty-

306 2572 483 2626 chiani
517 2573 583 2628 de
613 2575 878 2629 sententia
906 2575 1097 2645 synodi
1127 2590 1289 2645 super
1309 2576 1535 2645 epistola
1563 2575 1666 2629 Iba:
1694 2573 1898 2643 prolata

307 2669 622 2727 querantur,
648 2662 897 2730 quoniam
935 2664 952 2693 ¹
999 2678 1067 2718 ne
1107 2664 1191 2718 his
1218 2664 1434 2733 quidem
1475 2663 1727 2721 omnibus
1767 2676 1900 2717 con-

307 2752 475 2807 cessis
501 2751 944 2821 reprehensibilis
966 2755 1306 2824 probaretur.

929 2932 1153 2989 CAPUT
1191 2934 1282 2990 ιν.

302 3062 461 3137 Quod
520 3061 845 3137 Theodorum
898 3067 1146 3136 synodus,
1190 3067 1235 3120 si
1278 3069 1418 3137 apud
1472 3082 1587 3122 eam
1633 3078 1900 3124 accusatus

380 3134 579 3209 ruina,
611 3135 855 3209 damnare
882 3134 995 3204 post
1022 3146 1234 3192 mortem
1278 3134 1333 3192 an
1371 3137 1617 3194 Ecclesia:
1652 3155 1778 3209 pace
1806 3140 1896 3194 de-

377 3204 611 3273 functum
634 3221 736 3259 non
764 3205 1010 3260 debuerit.

377 3361 595 3430 Aliquid
626 3370 804 3418 tamen
830 3373 883 3418 et
912 3363 1029 3418 istis
1061 3363 1370 3434 adjicimus,
1418 3374 1477 3421 ut
1501 3369 1642 3436 quod
1683 3368 1895 3438 penitus

306 3451 508 3505 factum
539 3466 648 3506 non
687 3462 802 3519 est,
832 3454 918 3507 vel
945 3454 1287 3511 Theodorum
1306 3502 1321 3526 ,
1357 3458 1443 3513 vel
1472 3459 1646 3527 ipsum
1672 3474 1899 3516 venera-

306 3540 471 3594 bilem
508 3530 686 3609 Ibam,
717 3541 784 3597 de
812 3542 1084 3599 Theodori
1112 3545 1269 3602 laude
1298 3561 1559 3617 ponamus
1598 3550 1652 3604 in
1690 3552 1897 3622 synodo

308 3641 633 3687 accusatum.
666 3632 723 3689 Si
754 3649 881 3704 ergo
910 3647 1127 3708 propter
1156 3639 1258 3694 hoc
1286 3641 1540 3697 haeretica
1563 3642 1791 3699 dicenda
1813 3654 1898 3701 est

310 3721 403 3774 illa
436 3722 709 3793 synodus,
754 3726 896 3794 quod
927 3727 1047 3797 ejus
1088 3731 1366 3799 epistolam
1397 3732 1737 3788 Theodorum
1783 3735 1897 3789 lau-

308 3811 521 3867 dantem
553 3816 923 3883 pronuntiavit
960 3819 1349 3886 orthodoxam,
1391 3823 1580 3877 beatus
1603 3825 1623 3854 ¹
1663 3823 1897 3894 Cyrillus

309 3911 362 3959 et
389 3902 628 3972 Proclus,
660 3921 796 3976 quos
819 3908 1084 3965 honorare
1109 3927 1167 3967 se
1198 3914 1424 3982 ﬁngunt,
1454 3917 1520 3970 ab
1544 3917 1765 3972 haeresis
1787 3920 1896 3973 cri-

308 3997 453 4051 mine
479 3999 853 4063 del’endentur,
885 4003 973 4070 qui
1003 4002 1303 4059 Orientales
1325 4018 1633 4062 accusatum
1666 4010 1808 4077 apud
1837 4026 1896 4067 se

305 4085 649 4144 Theodorum
670 4089 1043 4157 defendentes,
1077 4102 1131 4147 et
1158 4096 1326 4149 multo
1350 4098 1578 4165 amplius
1603 4099 1895 4168 prmdican-

308 4187 412 4246 tes,
441 4196 545 4236 non
575 4190 634 4236 ut
663 4182 947 4239 haereticos
978 4186 1387 4257 damnaverunt,
1419 4190 1513 4244 sed
1538 4191 1714 4260 potius
1743 4206 1896 4247 com-

308 4272 630 4329 municando
657 4276 736 4330 eis
769 4276 1121 4332 ﬁrmaverunt
1159 4280 1522 4336 orthodoxos?
1552 4291 1608 4336 ut
1631 4282 1892 4347 omittam,

306 4362 446 4431 quod
478 4365 641 4419 etiam
673 4367 943 4437 ipsorum,
981 4369 1032 4424 id
1062 4383 1143 4426 est
1171 4373 1352 4442 Cyril‘li
1383 4385 1437 4430 et
1467 4375 1674 4441 Procli,
1704 4376 1895 4433 adver-

305 4464 396 4506 sus
442 4456 685 4511 eamdem
733 4458 1001 4514 Theodori
1044 4462 1440 4520 accusationem
1484 4467 1764 4523 sententia:
1818 4477 1895 4523 te-

304 4553 553 4614 neantur,
604 4548 744 4617 quod
777 4566 875 4605 nec
920 4550 1070 4619 ipse,
1124 4567 1221 4607 nec
1259 4554 1372 4623 ejus
1403 4540 1561 4611 dicta.
1588 4557 1893 4623 damnanda
1920 4561 1973 4622 D

303 4633 425 4689 sint.
460 4637 723 4704 Quocirca
752 4643 835 4696 vel
864 4643 909 4697 si
947 4642 1304 4714 Theodorus,
1338 4650 1421 4703 vel
1453 4650 1735 4719 episcopus
1774 4650 1893 4705 [bas

303 4739 648 4786 accusaretur
676 4732 731 4786 in
759 4734 965 4804 synodo
990 4751 1089 4805 pro
1125 4734 1284 4791 laude
1312 4738 1601 4808 Theodori,
1633 4758 1739 4798 non
1768 4759 1893 4812 pos-

303 4826 386 4870 set
426 4818 494 4871 ab
528 4819 879 4889 Eutychianis
918 4825 1107 4882 eadem
1157 4828 1394 4897 synodus
1434 4834 1706 4898 accusari,
1750 4838 1893 4905 quod

304 4905 450 4960 illam
478 4909 761 4977 epistolam
788 4918 1155 4981 pronuntiavit
1183 4921 1563 4989 orthodoxam,
1596 4928 1696 4980 nisi
1730 4930 1889 4982 etiam

304 4995 535 5067 Cyrillus
567 5007 621 5053 et
650 4999 872 5056 Proclus
898 5019 1295 5079 consequenter
1317 5026 1716 5080 accusarentur,
1746 5020 1887 5086 quod

302 5086 658 5157 iudicaverint
698 5090 997 5151 Orientales
1040 5101 1404 5169 orthodoxos,
1451 5105 1540 5173 qui
1582 5115 1887 5161 accusatum

304 5180 443 5251 apud
491 5196 552 5237 se
600 5181 943 5241 Theodorum
994 5189 1342 5249 defendentes
1387 5197 1546 5251 etiam
1601 5200 1887 5269 praecipuis

304 5270 549 5327 laudibus
583 5274 904 5330 extulerant.
944 5278 999 5333 Si
1041 5283 1160 5349 quis
1199 5293 1378 5339 autem
1408 5287 1580 5343 adhuc
1612 5290 1770 5358 paulo
1806 5299 1889 5348 at-

305 5366 502 5423 tentius
542 5370 707 5438 partis
728 5371 1028 5444 utriusque
1070 5388 1336 5433 momenta
1376 5383 1761 5453 perpenderet,
1806 5386 1884 5444 le-

376 5572 396 5649 ξ
434 5573 566 5649 god.
601 5576 822 5649 Veron,
847 5582 1053 5649 quando
1073 5597 1134 5637 ne
1163 5582 1259 5637 his.

375 5642 396 5713 ξ
433 5642 582 5713 idem
606 5647 748 5713 cod.,
778 5642 934 5706 beati.

375 5709 400 5784 ξ
432 5711 575 5784 idem
602 5709 744 5784 cod.,
774 5719 927 5775 beati.

374 5780 399 5812 ⁸
434 5783 491 5838 In
514 5785 704 5840 eodem
730 5780 855 5846 cod.
882 5793 1035 5850 deest
1053 5792 1182 5854 'non.

582 5901 849 5965 PA’I‘ROL.
899 5909 1142 5973 LXVII.

1998 1937 2114 1975 rum
2146 1921 2316 1976 forma
2343 1920 2366 1953 '
2394 1921 2582 1976 beatus
2608 1920 2841 1992 Cyrillus
2871 1932 2924 1978 et
2962 1923 3267 1979 Nestorium
3301 1927 3445 1995 prius
3475 1940 3593 1983 cor-

2004 2022 2239 2079 rectum,
2276 2030 2383 2069 non
2427 2015 2549 2083 quia
2580 2015 2762 2084 lapsus
2794 2025 2943 2080 erat,
2984 2018 3078 2073 sed
3104 2020 3228 2089 quia
3259 2020 3434 2074 noluit
3463 2020 3593 2075 resi-

2004 2105 2233 2174 piscere,
2263 2106 2671 2172 condemnavit;
2704 2117 2757 2163 et
2786 2108 3160 2177 Theodorum,
3192 2111 3283 2179 qui
3314 2123 3595 2169 accusatus

1999 2206 2123 2250 ante
2151 2194 2327 2250 fuerat
2359 2198 2400 2263 ',
2428 2198 2771 2255 condemnari
2802 2202 3095 2271 prohibuit.
3140 2204 3306 2269 Quam
3354 2207 3595 2261 sanitatis

2004 2295 2060 2342 et
2101 2288 2378 2343 modestiae
2421 2289 2658 2359 regulam
2703 2291 2915 2360 quidam
2966 2293 3107 2348 male
3152 2297 3495 2364 transgressi,
3528 2311 3598 2352 ne

2001 2380 2087 2435 vel
2138 2394 2261 2435 sero
2308 2379 2665 2436 conﬁteantur
2713 2398 2986 2448 errorem,
3038 2384 3222 2440 dicunt
3266 2388 3493 2455 probare
3540 2402 3599 2442 se

2006 2485 2164 2540 posse
2212 2471 2399 2527 nescio
2452 2487 2587 2541 quos
2648 2474 2932 2530 haereticos
2989 2487 3109 2545 post
3158 2485 3383 2533 mortem
3434 2477 3599 2534 fuisse

2002 2563 2330 2619 damnatos:
2365 2564 2516 2633 quasi
2568 2579 2695 2621 vero
2743 2582 2838 2636 per
2885 2567 2989 2621 hoc
3035 2569 3265 2637 probent
3312 2572 3452 2639 quod
3493 2587 3597 2626 non

2002 2654 2165 2709 etiam
2194 2653 2435 2709 viventes
2467 2655 2703 2710 damnati
2749 2657 2889 2722 sint,
2925 2659 3012 2712 vel
3058 2661 3100 2713 si
3133 2672 3369 2716 nostram
3396 2677 3598 2717 memo-

2001 2748 2135 2801 riam
2170 2761 2232 2801 ac
2264 2746 2505 2801 nOtitiam
2536 2746 2687 2817 fugit.
2723 2748 2837 2803 Non
2867 2750 3007 2804 enim
3031 2752 3315 2821 quisquam
3342 2754 3482 2808 scire
3507 2762 3599 2811 aut

2002 2838 2280 2895 reminisci
2321 2840 2500 2893 omnia
2534 2847 2729 2906 potest,
2762 2841 2884 2909 quia
2918 2857 3016 2896 nec
3044 2844 3221 2898 omnia
3254 2860 3375 2913 quae
3400 2847 3599 2915 scripto

2002 2931 2252 2986 mandata
2304 2940 2428 2985 sunt
2479 2931 2740 2986 hactenus
2781 2942 3148 3001 perseverant.
3184 2934 3254 2989 Ut
3290 2945 3466 2991 autem
3498 2936 3599 2993 hoc

2004 3022 2248 3076 omittam
2269 3063 2284 3087 ,
2331 3022 2463 3076 illud
2494 3031 2641 3078 certe
2668 3037 2866 3092 negare
2909 3039 3015 3079 non
3058 3035 3313 3094 possunt,
3347 3029 3597 3095 quoniam

2004 3112 2151 3182 prius
2180 3116 2415 3182 correpti
2442 3122 2601 3183 sunt,
2650 3122 2705 3169 et
2749 3114 2801 3167 in
2849 3114 3110 3183 judicium
3156 3116 3406 3185 adducti,
3437 3126 3597 3188 atque

1919 3188 1967 3253 C
2000 3204 2228 3259 convicti
2255 3221 2270 3270 ;
2303 3212 2356 3259 et
2385 3204 2432 3259 si
2458 3213 2518 3259 ut
2546 3204 2927 3274 resipiscerent
2957 3221 3063 3261 non
3088 3208 3195 3262 cito
3223 3208 3436 3277 spoliati
3466 3220 3593 3266 sunt

2000 3295 2296 3351 honoribus
2325 3294 2517 3365 quibus
2543 3297 2599 3351 in
2627 3296 2864 3353 Ecclesia
2892 3297 3270 3368 fungebantur,
3301 3315 3334 3355 a
3356 3301 3593 3356 fraterna

2000 3395 2184 3441 tamen
2228 3387 2610 3442 communione
2656 3389 2851 3444 remoti
2897 3398 3038 3445 sunt.
3091 3390 3227 3458 Quid
3258 3390 3448 3446 horum
3487 3393 3596 3462 jam

2000 3486 2353 3547 praecesserat
2398 3478 2453 3533 in
2496 3478 2822 3545 Theodoro,
2872 3489 2929 3535 ut
2978 3496 3100 3537 eum
3147 3484 3385 3553 synodus
3434 3486 3597 3543 etiam

1998 3572 2139 3641 apud
2166 3586 2225 3627 se
2267 3580 2577 3628 accusatum
2603 3573 2976 3643 adjudicaret?
3004 3575 3058 3631 Si
3083 3577 3206 3647 quis
3234 3586 3411 3634 autem
3440 3577 3593 3633 afﬁr-

2000 3671 2112 3717 mat
2156 3664 2363 3734 aliquos
2410 3674 2535 3723 ante
2582 3668 2975 3724 correctionem
3024 3670 3090 3724 ab
3134 3670 3372 3727 Ecclesia
3424 3671 3591 3728 fuisse

2000 3753 2314 3823 damnatos,
2356 3773 2463 3813 non
2503 3768 2609 3814 tam
2655 3762 2799 3829 ipsos
2828 3777 2989 3832 quam
3020 3764 3472 3819 condemnatores
3498 3780 3593 3820 eo-

2000 3861 2117 3901 rum
2160 3849 2348 3904 Patres
2388 3860 2603 3906 nostros
2629 3854 2927 3908 contrarios
2956 3855 3214 3923 Apostolo
3243 3866 3468 3911 conatur
3485 3872 3589 3943 9p-

2001 3950 2204 4006 ponere
2224 3978 2241 4003 ,
2271 3941 2359 4007 qui
2405 3956 2512 3995 non
2539 3942 2641 3996 nisi
2676 3951 2794 4009 post
2824 3959 2983 3998 unam
3014 3953 3069 4000 et
3093 3947 3381 4001 secundam
3410 3941 3592 4004 corre-

2000 4027 2240 4097 ptionem
2265 4030 2423 4085 vitari
2446 4032 2601 4100 jubet
2638 4032 2948 4089 haereticum
2974 4035 3101 4107 (Tit.
3136 4053 3224 4103 ur,
3252 4038 3364 4108 10).
3394 4039 3592 4095 Verum

2002 4118 2158 4187 longe
2188 4119 2327 4174 absit
2347 4135 2378 4173 a
2400 4121 2555 4175 nobis
2581 4122 2601 4152 ⁷
2629 4123 2771 4192 quod
2796 4124 3061 4181 catholica
3091 4136 3143 4179 et
3169 4127 3465 4197 apostolica
3492 4129 3591 4184 Ec—

2001 4210 2166 4265 clesia
2196 4213 2457 4279 Apostolo
2506 4212 2665 4267 fuerit
2692 4214 2978 4285 aliquando
3026 4216 3332 4271 contraria!
3364 4218 3421 4273 Si
3462 4220 3590 4287 quid

2002 4314 2129 4370 ergo
2171 4303 2310 4372 apud
2361 4317 2454 4357 eos
2503 4305 2644 4359 valet
2691 4305 2967 4361 modestiae
3012 4317 3067 4361 et
3104 4308 3305 4363 ordinis
3353 4308 3467 4378 ejus
3497 4325 3590 4365 au-

2000 4392 2251 4460 ctoritas,
2302 4409 2461 4463 quem
2492 4395 2780 4452 salubriter
2826 4397 2892 4452 ab
2937 4399 3192 4468 Apostolo
3239 4400 3586 4457 constitutum

2000 4484 2055 4539 in
2084 4485 2354 4543 htereticis
2384 4490 2649 4545 evitandis
2670 4533 2685 4555 ,
2732 4492 2783 4545 id
2814 4502 2897 4548 est
2940 4495 3321 4564 excludendis,
3372 4513 3588 4567 semper

2000 4579 2197 4644 tenuit,
2224 4580 2474 4636 desinant
2497 4597 2621 4637 cum
2651 4585 2763 4639 suis
2794 4588 3221 4643 contentionibus
3250 4591 3585 4662 impugnare.

1997 4668 2115 4724 Non
2141 4671 2286 4726 enim
2326 4682 2566 4728 sanctam
2598 4662 2882 4746 synodum,
2916 4694 3035 4748 quae
3078 4680 3210 4735 nihil
3237 4691 3423 4737 contra
3453 4699 3587 4739 con-

1997 4759 2331 4816 suetudinem
2357 4762 2609 4818 Ecclesiae
2632 4764 2855 4833 faceret,
2892 4770 3101 4824 etiamsi
3119 4780 3426 4828 accusatum
3447 4776 3589 4844 apud

1998 4863 2057 4903 se
2086 4850 2426 4907 Theodorum
2459 4869 2566 4909 non
2589 4856 2899 4923 damnaret;
2931 4862 3023 4916 sed
3063 4864 3240 4931 potius
3264 4866 3587 4934 universam,

1995 4939 2146 5007 cujus
2177 4940 2404 4996 formam
2442 4954 2780 5013 sequeretur,
2825 4950 3140 5021 impugnant
3169 4954 3486 5009 Ecclesiam.
3520 4960 3588 5013 At

1998 5029 2083 5083 isti
2103 5044 2566 5103 argumentantur,
2588 5048 2639 5093 et
2662 5024 2844 5096 dicunt
2868 5044 2915 5097 in
2937 5045 3036 5099 hoc
3049 5045 3387 5101 Theodorum
3406 5050 3472 5103 ab
3496 5050 3588 5105 Ec.

1996 5122 2159 5175 clesia
2186 5122 2353 5181 fuisse
2373 5126 2680 5198 depulsum,
2705 5135 2958 5203 quoniam
2988 5137 3157 5190 sancti
3186 5137 3369 5193 Patres
3394 5140 3445 5192 in
3472 5142 3586 5197 suis

1996 5211 2146 5267 libris
2170 5229 2304 5284 quos
2332 5220 2577 5286 privatim
2609 5225 2966 5294 scripserunt,
2996 5227 3344 5295 culpaverunt
3369 5243 3462 5284 eos
3491 5232 3583 5300 qui

1999 5305 2119 5360 talia
2142 5320 2394 5378 saperent
2414 5314 2591 5383 qualia
2609 5317 2853 5385 sapuisse
2866 5318 3061 5371 dicitur
3083 5318 3221 5373 idem
3244 5318 3580 5379 Theodorus.

1996 5395 2254 5468 Equidem
2280 5404 2524 5473 superius
2543 5404 2674 5475 jam,
2703 5422 2808 5463 non
2837 5408 3007 5463 solum
3032 5408 3339 5467 testimonio
3360 5400 3581 5486 magno-

1988 5595 2085 5720 rm’
2125 5596 2272 5724 “2:2
2312 5600 2457 5667 cod.,
2492 5617 2706 5669 quorum
2742 5604 2909 5672 forma
2943 5608 3227 5665 custodiens
3273 5612 3446 5667 beatus
3473 5610 3583 5685 Gya

2082 5685 2162 5724 us.
2278 5710 2290 5724 .

2018 5683 2162 5734 tuus,
2186 5683 2290 5725 etc.

2061 5738 2082 5813 ξ’
2119 5738 2267 5813 idem
2291 5742 2410 5796 cod.
2432 5781 2445 5807 .
2475 5758 2577 5797 non
2600 5746 2785 5813 fuerat.

2059 5807 2077 5839 ⁷
2118 5807 2261 5866 Idem
2291 5813 2435 5881 cod.,
2464 5831 2494 5869 a
2522 5807 2662 5871 nobis
2686 5827 2739 5872 ut
2762 5820 3026 5879 credamus
3058 5825 3213 5894 quod.

3057 5957 3137 6017 25
