4104 6360
487 363 590 420 779

1579 339 1877 399 FACUNDI
1918 320 2134 394 EPlSC.
2176 320 2693 388 HERMIANENSIS

3689 319 3813 374 τεο

488 491 607 535 rum
630 476 887 538 virorum,
911 472 1004 527 sed
1027 466 1467 527 etiamdictorum
1483 462 1600 533 ejus
1624 460 1923 533 prolatione
1938 470 2084 513 mon-
2119 452 2174 516 Α
2195 451 2347 521 cujus
2378 462 2571 504 nomen
2603 444 2785 499 titulus
2816 442 3052 514 praefert,
3081 440 3216 495 nihil
3255 440 3305 497 ei
3350 441 3419 496 de
3461 439 3565 495 hac
3614 450 3815 495 nostra

489 584 712 632 stratum
730 580 811 626 est
830 565 1096 639 quomodo
1126 561 1393 634 sapuerit;
1426 569 1603 613 tamen
1626 555 1877 627 quoniam
1913 550 2089 619 aliqua

495 682 554 723 ex
584 662 880 720 innumeris
895 659 1010 727 ejus
1027 655 1195 721 libris,
1216 653 1359 708 velut
1375 652 1459 706 his
1480 664 1602 720 quae
1624 646 1943 717 protulimus
1962 654 2090 696 con-

494 756 673 820 traria,
701 750 1031 815 calumniose
1059 746 1375 813 decerpunt,
1401 750 1455 797 et
1485 754 1581 811 pro
1612 738 1719 795 illis
1749 751 1874 792 eum
1907 731 2091 789 existi-

495 856 774 905 mantesse
789 839 1170 905 damnandum,
1192 836 1523 890 affirmantes
1543 830 1687 901 quod
1712 828 1899 883 Patres
1923 822 2094 879 nostri

495 940 547 996 in
569 939 678 995 suis
692 936 845 993 libris
862 943 985 988 ante
1001 937 1321 987 notaverunt
1342 938 1588 997 quosque
1604 920 1736 976 talia
1757 919 2048 975 sentientes
2078 931 2093 969 :

495 1033 695 1091 idcirco
731 1030 964 1100 ipsorum
1006 1025 1221 1080 Patrum
1251 1020 1448 1076 similia
1491 1017 1575 1073 his
1604 1030 1723 1087 quae
1753 1013 1972 1082 culpant
2011 1024 2099 1065 se-

494 1126 676 1196 quenti
696 1121 966 1177 volumine
992 1117 1334 1191 proferimus,
1354 1121 1414 1168 ut
1434 1125 1560 1166 suas
1586 1108 1884 1164 calumnias
1908 1103 2099 1159 adver-

394 1274 400 1279 ,
496 1233 589 1273 sus
614 1229 861 1286 magnum
891 1210 1175 1267 concilium
1204 1207 1535 1277 excogitatas
1564 1201 1803 1270 undique
1847 1198 2097 1267 repulsas

498 1308 780 1379 sapiciant.
813 1304 918 1360 Sed
950 1303 1035 1358 his
1057 1315 1266 1371 quoque
1297 1296 1518 1351 sublatis
1557 1292 1640 1348 vel
1672 1291 1941 1363 paululum
1965 1289 2101 1344 dila-

500 1401 590 1463 tis,
628 1399 696 1465 si,
726 1393 1172 1467 quemadmodum
1198 1390 1404 1456 dicunt,
1419 1388 1531 1459 jam
1558 1394 1685 1441 tunc
1707 1382 1963 1453 expulsus
1985 1390 2101 1436 erat

500 1488 837 1553 Theodorus,
866 1488 1025 1541 etiam
1052 1485 1240 1539 beatus
1259 1480 1515 1551 Cyrillus,
1538 1492 1637 1533 nec
1659 1491 1765 1529 non
1786 1474 2020 1529 Joannes
2049 1478 2102 1527 et

502 1583 738 1638 Domnus
762 1577 1082 1634 Antioclieni
1108 1584 1267 1646 atque
1284 1572 1373 1627 alii
1394 1568 1683 1635 orientales
1714 1565 1953 1635 episcopi
1979 1576 2101 1618 cum

503 1688 570 1730 eo
586 1671 741 1727 simul
764 1670 974 1739 expulsi
997 1676 1143 1735 sunt,
1169 1679 1289 1721 cum
1314 1663 1593 1732 expulsum
1615 1656 1981 1713 condemnare
1996 1666 2102 1707 nou

501 1768 767 1831 sinerent;
788 1763 1118 1819 mendaciter
1139 1774 1351 1830 quoque
1369 1754 1696 1817 Nestorium,
1710 1753 1795 1806 vel
1815 1749 1954 1805 idem
1973 1749 2101 1803 bea-

2192 538 2508 596 credulitate
2554 534 2997 607 praejudicantes;
3029 532 3131 585 alia
3163 542 3320 595 vero,
3353 542 3477 585 eum
3520 530 3821 586 damnatio

2193 632 2311 701 ejus
2340 630 2430 701 qui
2462 627 2701 684 creditur
2740 632 2931 679 auctor
2976 623 3031 677 in
3076 622 3279 691 judicio
3322 621 3614 691 ﬂagitator.
3646 621 3822 680 Unde

2197 724 2282 778 vel
2312 723 2355 777 si
2384 721 2591 791 iuraret
2619 720 2723 773 iste
2749 724 3031 771 accusator
3054 713 3325 769 Theodori
3354 727 3474 769 esse
3500 713 3685 768 omnia
3717 714 3821 768 illa

2198 815 2451 884 capitula,
2481 826 2581 868 nec
2612 810 2683 865 ita
2721 808 2961 881 synodus
2987 806 3053 861 ad
3082 805 3551 861 condemnandum
3602 807 3656 860 in
3704 806 3822 860 Ec—

2199 908 2382 962 clesiae
2411 919 2543 975 pace
2571 902 2883 959 defunctum
2926 900 3233 969 juramento
3279 897 3397 967 ejus
3440 897 3666 953 deberet
3715 898 3824 951 ad-

2201 1000 2344 1055 duci.
2372 998 2512 1065 Quid
2548 997 2711 1066 igitur
2736 994 2827 1049 ille
2857 1000 3138 1049 accusator
3164 990 3395 1058 amplius
3427 1003 3591 1059 agere
3624 997 3823 1058 posset

2202 1107 2364 1163 quam
2396 1100 2565 1146 testes
2588 1091 2757 1146 citare
2794 1086 2969 1142 meriti
2997 1093 3051 1141 et
3074 1083 3281 1139 numeri
3312 1086 3689 1151 competentis,
3717 1080 3815 1150 qui

2199 1184 2365 1256 jurati
2395 1184 2498 1239 hoc
2531 1184 2704 1253 ipsum
2738 1178 3017 1236 testiﬁcari
3042 1177 3277 1237 vellent?
3302 1177 3471 1231 Porro
3500 1190 3675 1246 neque
3708 1174 3819 1229 hoc

2204 1281 2347 1351 quod
2389 1277 2664 1348 amplius'
2694 1276 2777 1347 agi
2822 1280 3005 1345 posset
3032 1272 3147 1340 ejus
3176 1270 3611 1326 condemnationi
3662 1268 3821 1323 sutil-

2204 1378 2371 1427 ceret.
2404 1370 2536 1425 Nam
2563 1370 2609 1425 si
2636 1370 2764 1423 dum
2788 1367 2993 1421 viveret
3019 1364 3159 1420 idem
3188 1362 3524 1430 Theodorus,
3548 1361 3820 1417 adversus

2207 1479 2332 1521 eum
2379 1471 2545 1519 testes
2586 1460 3005 1521 adducerentur,
3033 1470 3139 1511 non
3173 1455 3411 1525 oportuit
3455 1456 3507 1507 in
3548 1452 3816 1522 judicium

2208 1573 2315 1613 non
2345 1557 2658 1612 devocatum
2699 1565 2799 1621 pro
2829 1549 2941 1605 sola
2970 1548 2993 1583 δ
3024 1546 3405 1603 testiﬁcatione
3441 1545 3722 1599 damnare.
3754 1543 3816 1607 Si

2208 1666 2340 1708 vero
2384 1655 2680 1705 conventus
2710 1644 2797 1700 vel
2826 1650 3009 1698 reatus
3052 1640 3381 1696 conscientia
3410 1640 3491 1693 vel
3535 1647 3817 1692 contuma-

2209 1746 2313 1809 cia,
2343 1742 2603 1797 indictum
2634 1736 2936 1808 prmstolari
2974 1734 3144 1790 nollet
3178 1746 3425 1799 examen,
3452 1732 3560 1801 jam
3591 1746 3700 1786 non
3740 1739 3815 1787 te.

505 1822 862 1931 tustyrillns,
889 1856 971 1908 vel
996 1822 1213 1909 sanctus
1237 1822 1561 1905 Coelestinus
1592 1848 1867 1901 Romanus
1891 1843 2101 1912 episco-
2136 1834 2381 1897 Bstibus
2428 1835 2498 1889 de
2544 1836 2789 1892 absente,
2830 1826 2924 1882 sed
2970 1826 3071 1894 ipsi
3117 1824 3187 1879 de
3228 1837 3289 1877 se
3333 1822 3591 1892 iudicanti
3644 1822 3815 1890 potius

504 1967 603 2023 pus
630 1950 907 2020 expulisse
938 1948 1207 2001 dicuntur.
1235 1942 1366 1996 Nam
1391 1942 1436 1996 si
1465 1949 1747 2009 propterea
1780 1937 1888 2006 jam
1909 1934 2101 2004 depul-

506 2066 598 2105 sus
642 2057 759 2102 erat
802 2043 1119 2099 Theodorus
1161 2040 1413 2109 quoniam
1458 2034 1628 2089 sancti
1679 2033 1867 2087 Patres
1910 2031 1967 2084 in
1992 2029 2104 2083 suis

505 2141 657 2197 libris
682 2140 1033 2207 culpaverunt
1062 2147 1156 2188 eos
1182 2131 1273 2200 qui
1301 2129 1430 2183 talia
1456 2122 1915 2195 saperent,multo
1938 2121 2107 2189 magis

506 2231 789 2287 Nestorius
816 2228 925 2298 jam
958 2225 1215 2294 depulsus
1242 2228 1378 2290 erat,
1410 2218 1500 2290 qui
1532 2227 1584 2272 et
1612 2215 1896 2271 manifeSte
1942 2227 2104 2283 prava

506 2322 749 2391 sapuisse
799 2318 1242 2377 demonstratur,
1294 2320 1347 2366 et
1401 2308 1754 2365 oﬂ‘ensioncm
1801 2306 2106 2361 auditorum

507 2426 666 2482 quam
701 2410 936 2478 profanis
966 2420 1154 2461 vocum
1188 2403 1513 2464 novitatibus
1539 2401 1862 2465 incurrerat,
1892 2396 2107 2452 auferre

508 2502 845 2569 contempsit.
871 2499 1071 2555 Verum
1101 2512 1201 2567 ego
1229 2496 1354 2549 hinc
1381 2494 1620 2562 ipsorum
1649 2492 2106 2562 Eutycbianorum

509 2595 938 2667 qualemcunque
960 2590 1341 2648 conscientiam
1371 2600 1628 2656 quwram.
1650 2583 1921 2638 Ponamus
1953 2596 2109 2635 accu-

509 2698 685 2748 satum
726 2687 867 2759 apud
911 2702 1009 2742 nos
1059 2686 1287 2751 aliquem
1331 2682 1422 2752 qui
1465 2679 1735 2733 diceretur
1761 2674 2113 2747 expcllendns

510 2780 657 2851 quod
704 2778 969 2834 contraria
1026 2774 1249 2828 doceret
1295 2768 1615 2839 quibusdam
1674 2765 1957 2821 sententiis
2012 2763 2112 2817 Pa-

512 2878 690 2935 trum;
726 2866 1011 2923 consilium
1061 2871 1205 2933 peto,
1238 2860 1365 2930 quid
1396 2873 1554 2928 agere
1583 2857 1929 2913 deberemus.
1962 2852 2114 2907 Nun-

511 2959 639 3031 quid
686 2959 786 3013 hoc
835 2956 987 3010 nobis
1039 2955 1290 3013 occurrit,
1335 2960 1387 3004 ut
1440 2964 1543 3002 non
1592 2946 1898 3001 admonitus
1940 2957 2117 3011 neque

512 3056 815 3118 correptus,
846 3064 912 3102 ex
942 3062 1006 3101 eo
1034 3054 1238 3098 tantum
1270 3043 1336 3095 ab
1371 3040 1613 3094 Ecclesia
1644 3039 1956 3109 pelleretur,
1986 3050 2116 3105 quo-

514 3140 662 3193 niam
690 3138 877 3193 Patres
910 3137 963 3189 in
996 3136 1107 3188 suis
1136 3134 1288 3186 libris
1319 3147 1451 3200 quos
1481 3127 1729 3199 privatim
1760 3120 2114 3196 scripserunt,

2211 1928 2547 1986 crederetur.
2576 1922 2729 1978 Nulla
2767 1933 2895 1975 vero
2924 1916 3262 1973 correctione
3306 1915 3420 1969 sive
3461 1914 3817 1968 conventione

2209 2019 2550 2093 praecedente
2598 2015 2915 2079 damnatus,
2968 2009 3035 2064 de
3084 2008 3364 2077 iniquitate
3405 2005 3647 2074 judicum
3697 2004 3817 2073 jura

2212 2119 2549 2184 quereretur,
2582 2115 2639 2164 et
2686 2101 3089 2174 aceeptabiliter
3132 2098 3356 2164 diceret,
3387 2096 3532 2166 quod
3584 2096 3818 2166 maligne

2212 2206 2299 2259 vel
2330 2212 2535 2258 temere
2566 2200 2826 2254 adversus
2857 2197 3155 2271 absentem,
3186 2191 3339 2246 falsis
3382 2189 3611 2244 testibus
3644 2189 3817 2245 credi-

2210 2297 2437 2351 dissent.
2474 2293 2701 2361 Propter
2729 2288 2872 2359 quod
2922 2287 2975 2341 in
3023 2284 3211 2341 eadem
3254 2291 3440 2337 sancta
3482 2282 3693 2353 synodo
3720 2295 3817 2349 pro

2212 2386 2654 2443 reverentissimo
2681 2382 2770 2436 iba
2801 2382 3169 2434 clamaverunt
3195 2376 3430 2445 episcopi
3462 2389 3607 2444 saepe
3637 2374 3820 2429 dicen-

2214 2488 2296 2534 tes
2322 2498 2334 2532 :
2367 2497 2385 2528 ι
2422 2475 2559 2532 Male
2588 2475 2831 2529 fecerunt
2850 2471 2943 2542 qui
2970 2483 3091 2525 eum
3118 2477 3313 2537 preter
3334 2480 3572 2522 canones
3597 2466 3819 2521 damna-

2214 2576 2438 2633 verunt;
2464 2581 2585 2637 quae
2616 2564 2875 2620 adversus
2903 2562 3179 2619 absentem
3212 2560 3345 2613 facta
3374 2566 3519 2623 sunt,
3549 2571 3820 2613 evacuelc

2214 2668 2320 2713 tur.
2357 2658 2483 2713 Haec
2513 2670 2701 2710 omnes
2743 2654 2972 2708 dicimus
3020 2669 3034 2706 :
3082 2664 3244 2705 nemo
3271 2648 3596 2703 condemnat
3624 2648 3820 2703 absen-

2217 2761 2348 2806 tem.
2392 2770 2410 2803 ι
2446 2750 2511 2804 At
2563 2748 2609 2802 si
2658 2755 2845 2802 contra
2877 2745 3146 2799 viventem
3193 2740 3459 2809 accepturi
3506 2748 3671 2795 teStes
3715 2754 3821 2795 non

2217 2845 2457 2913 oportuit
2486 2850 2546 2896 ut
2576 2841 2923 2895 damnaretur
2957 2852 3060 2889 non
3098 2834 3459 2901 interrogatus
3490 2846 3664 2900 neque
3691 2842 3821 2884 con-

2218 2948 2432 3004 ventus,
2467 2934 2734 3006 quomodo
2767 2946 2860 2987 eos
2889 2937 3076 2984 sancta
3133 2926 3393 2998 synodus,
3446 2924 3655 2978 etiamsi
3701 2938 3824 2979 con-

2220 3041 2299 3093 tra
2333 3028 2677 3089 Theodorum
2712 3026 2767 3081 in
2792 3025 2910 3095 ejus
2937 3018 3349 3081 testiﬁcarentur
3377 3016 3647 3083 examine,
3676 3015 3826 3085 jusu

2220 3121 2525 3192 reciperet?
2552 3120 2637 3173 An
2666 3116 2877 3171 facilius
2908 3121 3055 3169 esset
3079 3108 3293 3165 mentiri
3323 3108 3393 3163 de
3418 3109 3573 3173 vivo,
3600 3114 3658 3162 et
3687 3106 3827 3160 diffi-

515 3229 783 3284 refutasse
814 3225 1180 3280 invenirentur
1210 3237 1303 3277 eos
1334 3220 1420 3289 qui
1451 3221 1572 3273 talia
1606 3219 1897 3279 sentirent;
1928 3226 1983 3270 et
2011 3232 2115 3270 non
2145 3207 2193 3270 C
2226 3216 2381 3270 cilius
2411 3210 2626 3267 mentiri
2654 3210 2720 3264 de
2756 3205 3006 3262 mortuo?
3044 3204 3101 3258 Si
3139 3210 3318 3256 autem
3366 3202 3825 3269 interrogarentur

516 3320 695 3390 potius
719 3316 841 3387 quia
868 3313 1275 3382 interrogandus
1303 3312 1446 3378 prius
1470 3322 1516 3363 et
1546 3306 1917 3361 admonendus
1946 3315 2110 3373 esset,

518 3407 901 3464 demonstratis
948 3406 997 3459 ei
1047 3402 1331 3459 sententiis
1362 3408 1669 3453 sanctorum
1694 3397 1711 3428 ι
1746 3396 1961 3450 Patrum
1992 3395 2112 3463 qui-

518 3499 622 3555 bus
663 3496 938 3552 diceretur
968 3508 1089 3548 esse
1131 3491 1464 3553 contrarius;
1498 3496 1551 3541 et
1581 3488 1624 3541 si
1657 3498 1761 3539 non
1795 3484 2112 3554 corrigeret,

521 3587 869 3645 devocandus
914 3585 968 3638 in
999 3583 1316 3647 concilium;
1371 3580 1485 3648 ejus
1513 3580 1534 3609 ²
1568 3576 1871 3632 auctoritati
1916 3574 1962 3629 si
2007 3587 2115 3627 non

523 3676 790 3742 crederet,
818 3672 1201 3743 expellendus?
1233 3672 1343 3725 Hoc
1385 3670 1567 3738 utique
1607 3667 1819 3721 videtur
1846 3665 2011 3720 fuisse
2038 3663 2118 3719 fa-

523 3767 796 3837 ciendum,
837 3765 935 3820 hic
976 3765 1133 3819 nobis
1181 3762 1317 3817 ordo
1366 3759 1681 3825 servandus,
1715 3758 1830 3812 haec
1873 3754 2118 3809 habenda

522 3858 874 3915 humanitatis
897 3853 1153 3920 ratio,vel
1184 3855 1229 3907 si
1260 3853 1359 3907 hoc
1387 3865 1493 3906 non
1522 3850 1865 3920 praecepisset
1892 3850 2120 3916 Aposto-

522 3949 632 4004 ius.
662 3947 723 4004 Si
751 3954 932 4001 autem
964 3944 1333 4013 superstitem,
1364 3954 1470 3993 non
1516 3947 1639 3992 ante
1684 3937 2010 3990 admonitum
2043 3943 2122 3987 at.

526 4058 631 4116 que
660 4048 968 4112 correptum
1000 4039 1257 4093 damnare
1298 4050 1405 4090 non
1446 4033 1766 4089 deberemus
1797 4033 2074 4085 absentem
2105 4046 2118 4084 :

526 4135 801 4207 quomodo
830 4144 1015 4191 sancta
1042 4130 1399 4203 synodus,vel
1428 4130 1472 4182 si
1500 4127 1640 4197 apud
1670 4141 1788 4181 eam
1807 4126 2124 4182 Theodorus

528 4237 897 4295 accusaretur,
925 4228 1070 4297 juste
1114 4225 1377 4280 damnare
1406 4230 1675 4276 mortuum
1707 4219 1969 4290 posset'?
1994 4218 2124 4273 Nam

526 4322 764 4395 primum
813 4322 931 4392 quis
976 4321 1094 4389 ejus
1138 4325 1419 4373 accusator
1468 4315 1544 4368 sic
1587 4322 1766 4367 certus
1794 4319 1938 4366 esset
1986 4308 2128 4381 quod

528 4415 701 4485 ipsius
728 4413 839 4467 sint
864 4410 1041 4466 omnia
1073 4409 1165 4463 illa
1197 4406 1428 4475 capitula
1455 4417 1574 4472 quae
1600 4403 1905 4471 culpantur,
1924 4410 1981 4455 ut
2012 4401 2055 4454 si
2081 4399 2131 4452 ei

531 4514 785 4573 tanquam
815 4500 1113 4556 accusatori
1134 4514 1199 4554 ex
1230 4512 1380 4552 more
1410 4495 1679 4549 diceretur
1712 4510 1724 4545 :
1750 4492 1877 4546 Jura
1910 4505 2004 4561 per
2033 4506 2132 4545 no-

2218 3307 2383 3362 iidem
2420 3313 2608 3371 testes,
2639 3299 2783 3357 unde
2810 3296 3115 3353 certissime
3146 3293 3347 3349 scirent
3372 3291 3462 3346 illa
3492 3304 3609 3360 quae
3638 3303 3827 3360 repre-

2221 3397 2605 3464 henderentur,
2637 3409 2667 3448 a
2696 3391 2981 3447 Theodoro
3022 3401 3143 3443 esse
3171 3385 3505 3457 conscripta,
3535 3382 3661 3454 quid
3698 3395 3825 3452 pos-

2219 3504 2342 3565 sent
2366 3490 2676 3549 credibilius
2725 3483 3077 3555 respondere,
3110 3480 3211 3536 nisi
3257 3477 3399 3555 quod
3441 3484 3533 3531 aut
3575 3477 3629 3535 in
3674 3474 3827 3531 libris

2221 3589 2312 3663 qui
2345 3586 2589 3661 ejusdem
2621 3580 2892 3639 Theodori
2927 3580 3257 3640 dicerentur,
3282 3588 3342 3629 ea
3376 3572 3705 3641 reperirent,
3732 3578 3826 3631 aut

2222 3680 2290 3739 ab
2310 3680 2427 3749 ipso
2454 3679 2580 3732 dum
2602 3674 2809 3735 viveret
2837 3670 2955 3741 ejus
2984 3669 3149 3724 fuisse
3175 3663 3497 3721 didicerint?
3523 3664 3629 3720 Sed
3659 3663 3825 3723 libro-

2223 3787 2343 3839 rum
2390 3769 2622 3833 titulum,
2668 3765 2733 3821 ad
2784 3761 3086 3821 faciendam
3126 3758 3635 3815 condemnationem
3681 3755 3827 3811 illius

2224 3863 2324 3919 viri
2354 3860 2443 3933 qui
2474 3860 2526 3913 in
2558 3856 2813 3919 Ecclesiae
2856 3867 2987 3923 pace
3034 3858 3089 3905 et
3128 3848 3359 3902 maxima
3403 3843 3619 3899 Patrum
3666 3844 3824 3903 laude

2225 3958 2333 4019 vita
2359 3954 2588 4010 excessit
2614 3991 2629 4017 ,
2659 3964 2762 4003 non
2794 3947 3041 4002 sufficere
3071 3954 3232 4013 supra
3261 3939 3566 4004 docuimus,
3591 3950 3825 4008 praeser.

2226 4051 2320 4117 tim
2349 4050 2473 4119 quia
2496 4050 2824 4114 conquestus
2857 4047 2942 4094 est
2972 4034 3233 4108 quosdam
3266 4045 3392 4091 suos
3423 4029 3588 4089 libros
3618 4029 3685 4084 ab
3712 4026 3825 4087 hae-

2228 4143 2411 4205 reticis
2441 4140 2606 4199 fuisse
2640 4142 2955 4204 corruptos;
3004 4140 3059 4183 et
3106 4129 3294 4187 beatus
3346 4123 3578 4197 Cyrillus
3620 4121 3688 4177 de
3734 4119 3828 4177 illo

2230 4236 2387 4303 dixit,
2415 4233 2536 4303 quia
2584 4245 2704 4289 cum
2754 4240 2861 4281 non
2910 4222 3135 4285 essetin
3171 4226 3421 4297 promptu
3453 4229 3683 4287 persona
3710 4226 3829 4289 qua

2230 4326 2404 4401 culpae
2434 4328 2856 4399 supponeretur,
2888 4317 3089 4377 incerta
3135 4310 3491 4382 capitulorum
3525 4305 3827 4377 redargutio

2234 4419 2408 4489 ﬁeret,
2440 4423 2493 4479 et
2525 4414 2615 4493 qui
2657 4413 2771 4471 haec
2800 4414 3043 4485 agerent,
3076 4405 3130 4460 in
3162 4405 3423 4461 incertum
3471 4408 3749 4457 currentes
3777 4406 3828 4456 et

2234 4524 2414 4573 aerem
2444 4492 2792 4560 verberantes
2820 4499 3211 4556 invenirentur.
3238 4493 3519 4569 Quomodo
3548 4493 3711 4563 igitur
3735 4492 3829 4551 ali-

533 4612 660 4659 meti
705 4595 916 4651 Domini
968 4592 1111 4663 quod
1158 4590 1497 4653 Theodorus,
1530 4585 1687 4653 quem
1735 4593 1855 4654 post
1902 4597 2112 4638 mortem

2235 4600 2445 4673 quibus,
2474 4598 2556 4653 vel
2588 4596 2633 4651 si
2663 4593 3077 4656 adducerentur,
3105 4588 3331 4647 testibus
3362 4584 3600 4657 synodus
3635 4582 3824 4639 crede-

535 4687 884 4746 condemnari
911 4686 1131 4754 quaeris,
1170 4683 1269 4737 ista
1301 4678 1603 4749 scripserit,
1640 4678 1821 4754 iurare
1868 4675 2128 4732 auderet?

536 4783 661 4841 Non
690 4782 832 4838 enim
861 4780 1057 4836 licebat
1099 4792 1305 4847 magna:
1334 4772 1410 4829 illi
1456 4750 1663 4844 synodo
1694 4772 1885 4827 leviter
1910 4770 2130 4827 credere

534 4877 695 4951 quod“
730 4878 963 4953 graviter
1008 4872 1205 4929 dicitur
1244 4870 1495 4928 debuisse
1531 4869 1808 4925 damnare.
1840 4868 1955 4924 Alia
1988 4867 2129 4923 enim

538 4985 703 5029 causa
728 4980 833 5037 est,
854 4982 976 5024 cum
1006 4965 1074 5021 ad
1104 4965 1509 5021 instructionem
1540 4961 1911 5017 tantummodo
1934 4958 2131 5029 aliquid

534 5066 796 5139 legimus,
825 5071 883 5117 ut
912 5060 1196 5118 credamus
1241 5058 1557 5128 simpliciter
1586 5057 1703 5127 ejus
1731 5055 1964 5112 auctoris
2009 5070 2128 5110 esse

612 5233 641 5263 ι
668 5223 913 5292 Qui-pro
954 5216 1240 5292 Theodoro
1282 5215 1607 5292 pugnabant,
1641 5213 1758 5292 _hae
1798 5212 2133 5292 potissimum

540 5282 858 5358 exceptione
885 5291 1187 5351 utebantur,
1217 5282 1379 5358 quam
1414 5286 1595 5358 multis
1641 5284 1774 5358 locis
1814 5284 2007 5358 ingerit
2035 5282 2133 5339 Fav

542 5355 772 5429 cundus,
800 5375 853 5417 et
894 5378 1050 5433 quam
1099 5355 1257 5433 habet
1287 5357 1509 5433 Vigilius
1557 5356 1672 5433 ipse
1716 5355 1768 5408 in
1819 5355 2129 5433 constituto,

544 5435 684 5504 quod
717 5425 837 5502 post
865 5425 1417 5504 m'ortemrda‘mnandi
1465 5440 1569 5479 non
1619 5426 1722 5477 sint
1767 5426 1854 5492 qui
1907 5425 1954 5476 in
2002 5438 2134 5504 pace

546 5495 805 5558 Ecclesiae
835 5504 994 5557 vitam
1029 5502 1283 5555 ﬁnierint.
1325 5500 1725 5564 lmpuguatores
1756 5505 1939 5548 contra
1978 5495 2131 5551 Capi—

550 5577 813 5649 tulorum,
839 5584 894 5651 et
917 5574 1039 5649 jure
1069 5570 1336 5639 damnari,
1362 5569 1751 5637 damnatosque
1792 5566 1844 5619 in
1894 5564 2128 5619 Ecclesia

619 5710 639 5743 ⁸
670 5707 804 5763 Cod.
832 5708 1050 5772 Veron.,
1080 5708 1204 5776 ipsis
1232 5706 1471 5758 Patrum.

620 5781 642 5813 ²
671 5778 818 5835 idem
846 5780 989 5847 cod.,
1016 5781 1164 5850 cujus
1190 5777 1499 5850 auctoritati.

625 5850 646 5883 ³
673 5852 819 5909 Idem
848 5844 993 5919 cod.,
1021 5844 1118 5913 atto
1146 5847 1274 5901 nihil
1298 5848 1515 5902 anavfms
1545 5844 1648 5908 agi.

2235 4703 2314 4748 ret
2345 4697 2547 4751 certum
2579 4686 2742 4747 fuisse
2773 4682 2917 4752 quod
2944 4680 3178 4752 Cyrillus
3206 4677 3508 4737 recentiore
3533 4674 3710 4733 adhuc
3733 4690 3820 4731 re—

2236 4800 2354 4847 rum
2388 4779 2647 4838 memoria
2679 4778 2939 4838 incertum
2969 4775 3133 4833 fuisse
3165 4780 3387 4835 testatus
3417 4770 3531 4829 est?
3557 4768 3613 4827 Si
3643 4776 3819 4827 autem

2237 4876 2339 4941 hoc
2388 4874 2565 4944 potius
2605 4871 2881 4937 dicerent,
2922 4864 3063 4937 quod
3110 4864 3178 4925 ab
3226 4864 3342 4934 ipso
3386 4860 3673 4921 Theodoro
3716 4857 3829 4928 ejus

2240 4969 2402 5033 tuisse
2429 4968 2449 4997 ⁵
2475 4973 2865 5036 cognoverunt,
2886 4960 3015 5033 quid
3044 4957 3372 5029 respondere
3416 4963 3641 5031 pessent
3669 4952 3716 5007 si
3755 4952 3829 5009 eis
3912 4988 3915 4991 ι

2241 5062 2508 5123 diceretur
2543 5078 2552 5109 :
2588 5056 2723 5127 Quid
2759 5055 2919 5133 igitur
2945 5066 3121 5115 causa:
3155 5050 3335 5109 fuitut
3364 5048 3483 5105 huic
3509 5061 3627 5121 quae
3657 5044 3825 5115 argui-

2241 5212 2522 5269 hmreticos
2544 5209 2706 5263 fuisse
2732 5215 2855 5276 post
2878 5214 3105 5276 mortem
3130 5196 3554 5276 contendebant,
3584 5203 3639 5250 et
3659 5192 3819 5276 Tbeo;

2240 5258 3039 5340 do‘r'u'uivadlso-dicirmortuum
3079 5274 3132 5328 in
3172 5285 3303 5341 pace
3333 5270 3617 5331 Ecclesiae,
3644 5267 3732 5336 qui
3761 5258 3825 5319 ad

2241 5366 2472 5413 mortem
2519 5367 2691 5421 usque
2729 5348 2997 5421 contraria
3031 5344 3285 5421 Ecclesiae
3325 5341 3577 5421 dogmata
3617 5343 3831 5421 senatus

2242 5412 2329 5482 sit.
2360 5422 2447 5481 Sic
2489 5412 2628 5478 enim
2668 5420 2881 5475 disserit
2906 5418 3235 5473 Justinianus
3266 5414 3319 5468 in
3351 5412 3561 5479 Edicto,
3588 5416 3643 5464 et
3666 5419 3829 5477 syno-

2237 5500 2337 5553 dus
2368 5513 2399 5551 ν
2432 5498 2481 5549 in
2515 5501 2616 5549 aut.
2648 5492 2700 5546 5.

2312 5702 2331 5731 ’⁸
2362 5699 2502 5754 Idem
2533 5695 2678 5761 cod.,
2710 5699 2821 5747 sola
2846 5690 3052 5744 illorum
3082 5683 3449 5761 testiﬁcatione.

2314 5774 2333 5803 ⁵
2364 5771 2508 5827 idem
2540 5756 2684 5831 ρο(ιῂ
2718 5766 2837 5818 dum
2864 5763 3061 5826 viveret,
3088 5760 3198 5829 ejus
3225 5756 3402 5827 fuisse.
