4104 6360
348 328 437 385 781
699 316 703 319 ‘
1230 321 1361 379 rno
1401 317 1824 375 assensurus
1864 314 2076 371 TRIUM
2116 316 2425 371 CAPITUL.
2460 314 2585 371 LIB.
2628 316 2694 370 x.
2896 370 2897 373 γ
3496 309 3600 367 vss
3688 279 3694 285 ’

344 439 432 507 tis,
463 452 566 492 non
595 442 720 491 tunc
760 434 1015 491 adversus
1062 431 1398 503 superstitem
1446 428 1513 482 ad
1562 428 1915 484 Ecclesiarum
1946 432 1995 487 Α
2021 427 2139 494 dus,
2163 440 2279 496 quae
2311 427 2419 481 Deo
2447 428 2660 482 cederet
2686 428 2863 483 omnia
2896 427 3215 498 praescientl,
3237 404 3598 489 necauderet,

344 527 663 600 praepositos
686 522 1222 593 deferretis,quando
1252 521 1377 577 etin
1406 520 1605 589 judicio
1635 526 1809 588 posset
1831 518 1924 574 ad-
2024 527 2086 571 ut
2114 519 2351 587 quidam,
2383 519 2711 573 occultorum
2755 518 2917 588 judex
2967 534 3106 583 esse,
3153 518 3291 589 quod
3338 518 3482 573 solus
3523 523 3607 571 est

345 618 489 688 duci,
516 625 570 673 et
597 624 688 672 aut
717 622 934 687 negaret
963 614 1105 683 quod
1134 627 1228 667 sua
1259 611 1473 677 fuerint,
1506 619 1595 664 aut
1636 610 1823 665 melius
1862 623 1925 664 ea

348 709 683 780 interpretari
719 716 916 776 posset,
940 715 1050 773 aut,
1075 704 1215 776 quod
1242 710 1542 758 extremum
1572 712 1672 769 est,
1698 702 1926 770 abjicere

348 808 392 862 si
440 822 543 864 non
590 803 808 875 posset?
852 801 988 857 Nihil
1017 807 1097 855 est
1123 801 1281 870 igitur
1313 798 1454 869 quod
1483 805 1664 852 sancta
1693 795 1927 868 synodus

350 894 414 953 de
461 912 563 951 non
611 895 962 951 condemnato
1005 890 1285 946 Theodoro
1326 888 1667 957 culparetur,
1718 886 1928 942 etiamsi

350 990 487 1060 apud
520 989 663 1043 illam
690 998 966 1043 accusatus
990 992 1152 1052 esset,
1173 992 1227 1039 et
1254 992 1415 1038 testes
1445 982 1620 1037 meriti
1644 988 1697 1036 et
1720 979 1930 1037 numeri

352 1080 703 1151 competentis
729 1078 796 1132 ad
826 1077 942 1146 ejus
970 1076 1428 1131 introducerentur
1458 1086 1702 1127 examen.
1730 1070 1929 1125 Verum

353 1182 408 1229 et
433 1175 536 1227 hoc
563 1168 904 1241 Eutychianis
933 1170 1142 1235 demus,
1161 1177 1215 1221 et
1235 1167 1620 1221 constituamus
1645 1164 1781 1234 quod
1813 1179 1935 1233 pro.

354 1264 532 1319 batum
575 1264 777 1334 synodo
821 1259 979 1315 fuerit
1026 1259 1114 1313 illa
1164 1259 1430 1314 Theodori
1475 1272 1597 1313 esse
1645 1257 1871 1326 capitula
1916 1274 1931 1311 :

354 1352 497 1408 unde
537 1360 739 1406 certum
773 1348 990 1403 haberet
1016 1361 1115 1415 qua
1148 1345 1343 1400 fuerint
1372 1346 1665 1401 intentione
1696 1343 1937 1414 prolata?

356 1441 487 1496 Nam
518 1450 569 1495 et
590 1442 752 1494 multa
779 1454 880 1493 non
912 1439 1048 1493 sicut
1076 1437 1330 1492 sentimus
1357 1436 1675 1504 eloquimur,
1695 1444 1749 1489 et
1771 1422 1935 1489 multa

360 1538 465 1587 non
512 1531 649 1586 sicut
691 1545 720 1583 a
765 1530 917 1584 nobis
964 1526 1321 1599 proferuntur,
1353 1527 1425 1581 ita
1471 1525 1829 1592 suscipiuntur
1872 1524 1937 1580 ab

361 1623 511 1687 aliis;
543 1623 636 1677 sed
664 1629 717 1675 et
747 1622 846 1674 hoc
878 1634 1157 1689 ponamus,
1184 1618 1325 1687 quod
1371 1616 1461 1672 illa
1506 1616 1735 1686 capitula
1765 1614 1937 1670 Theo-

361 1711 551 1768 dorum
579 1718 845 1767 errantem
878 1710 1154 1778 scripsisse
1192 1708 1535 1779 cegnoverint
1569 1726 1582 1759 :
1619 1709 1755 1763 unde
1800 1709 1938 1763 scire

2027 610 2203 665 Deus?
2228 610 2424 664 Verum
2456 626 2630 679 neque
2673 611 2802 665 illud
2847 610 3118 665 modestus
3149 610 3449 679 quisquam,
3472 609 3607 663 sicut

2029 705 2279 770 arbitror,
2308 704 2532 761 delinire
2579 704 2869 773 prtesumit,
2901 704 3043 774 quod
3090 701 3324 757 haeretici
3378 702 3607 756 habendi

2030 797 2138 852 sint
2163 811 2372 865 omnes,
2396 796 2485 867 qui
2515 812 2621 851 non
2651 798 2972 867 pertinaces,
3002 798 3096 852 sed
3126 808 3181 851 ut
3210 793 3537 865 imperfecti,
3558 802 3613 847 et

2031 897 2100 953 ad
2127 897 2437 952 discendum
2470 896 2661 966 parati,
2684 897 2860 950 minus
2886 895 3083 964 aliquid
3112 895 3163 948 in
3185 895 3484 949 Christiana
3511 891 3614 953 ﬁde

2032 988 2411 1058 cognoverint;
2442 987 2579 1043 sicut
2608 986 2770 1041 etiam
2805 988 2918 1055 ipse
2944 988 2964 1017 ⁸
2992 984 3221 1039 Thomas
3265 996 3317 1039 et
3342 984 3617 1053 Philippus

2033 1081 2280 1147 apostoli.
2312 1080 2441 1134 Nam
2492 1087 2545 1134 et
2586 1079 2805 1133 Thema:
2855 1077 3048 1131 dicitur
3090 1094 3104 1129 :
3157 1077 3221 1131 Si
3266 1074 3620 1147 cognovissclis

2035 1191 2137 1242 me,
2154 1182 2199 1226 et
2224 1171 2431 1225 Patrem
2458 1188 2623 1225 meum
2654 1172 2823 1239 utique
2849 1170 3205 1239 cognovissetis
3230 1168 3406 1237 (Joan.
3426 1166 3617 1234 κινῇ).

2037 1265 2107 1320 Et
2150 1263 2396 1331 Philippo
2439 1279 2454 1317 ε
2506 1261 2670 1316 Tanto
2714 1272 2933 1331 tempore
2979 1259 3236 1312 vobiscum
3281 1274 3413 1320 sum,
3446 1268 3623 1309 etnon

2037 1356 2339 1427 cognovistis
2386 1370 2483 1419 me,
2512 1353 2789 1422 Philippe?
2818 1353 2901 1417 Et,
2928 1350 3049 1404 Non
3081 1350 3243 1403 credis
3276 1350 3395 1419 quia
3439 1363 3531 1419 ego
3571 1348 3624 1399 in

2039 1445 2216 1511 Patre,
2245 1456 2290 1500 et
2322 1444 2478 1498 Pater
2526 1447 2576 1498 in
2620 1461 2699 1497 me
2745 1454 2817 1498 est
2868 1442 3055 1515 (Ibid.,
3085 1440 3141 1505 9,
3173 1440 3296 1512 ili)?
3336 1440 3464 1507 Quis
3498 1454 3625 1509 ergo

2040 1540 2172 1595 tales
2202 1539 2481 1593 haereticos
2526 1537 2688 1603 dicat,
2722 1538 2766 1590 si
2811 1544 3128 1605 praesentem
3158 1535 3345 1596 vitam,
3372 1530 3620 1595 quamvis

2042 1631 2217 1687 adhuc
2246 1632 2573 1701 ignorantes,
2609 1630 2659 1684 in
2696 1626 2934 1684 Ecclesia
2982 1637 3155 1682 tamen
3187 1626 3439 1692 ﬁnierint,
3467 1637 3624 1692 quam

2042 1722 2152 1777 falli
2190 1738 2346 1793 posse
2376 1738 2483 1777 non
2510 1721 2765 1785 credunt;
2798 1736 2920 1775 cum
2963 1726 3291 1774 memoratos
3334 1716 3628 1785 apostolos,

363 1804 807 1874 synodus'posset
827 1810 1003 1856 utrum
1031 1817 1096 1857 ex
1125 1801 1250 1867 illis,
1268 1800 1714 1871 quemadmodum
1742 1801 1940 1856 dictum

2048 1830 2148 1871 nec
2189 1815 2241 1870 in
2273 1817 2387 1885 ipso
2424 1824 2666 1883 tempore
2698 1826 2803 1882 quo
2830 1811 2947 1865 haec
2978 1810 3310 1880 ignorabant,
3347 1805 3631 1861 haereticos

366 1904 468 1963 est,
494 1896 577 1950 vel
608 1910 791 1949 eorum
820 1895 1082 1949 similibus
1113 1903 1292 1949 essent
1321 1907 1441 1963 quae
1466 1894 1519 1947 in
1547 1895 1657 1948 suis
1684 1892 1840 1948 dictis
1862 1895 1943 1949 vel

365 1989 704 2056 reprehendit
734 1990 817 2044 vel
847 1987 1149 2043 emendavit
1180 1988 1320 2043 idem
1351 1988 1700 2044 Theodorus?
1729 1987 1862 2045 Nam
1892 1998 1947 2045 et

368 2081 466 2134 hoc
508 2080 648 2149 juste
697 2080 921 2146 dicitur,
961 2078 1102 2148 quod
1149 2079 1362 2134 illorum
1411 2079 1793 2149 reprehensio,
1836 2082 1946 2135 sive

363 2173 646 2238 correctio,
676 2171 899 2227 aliorum
944 2185 1155 2240 quoque
1201 2171 1454 2227 similium
1497 2172 1679 2228 debuit
1724 2188 1945 2229 excusa-

366 2263 494 2319 tioni
526 2263 806 2332 proﬁcere.
834 2262 987 2331 Quod
1016 2261 1059 2317 si
1086 2263 1244 2319 etiam
1276 2278 1378 2318 non
1408 2263 1780 2317 ostenderetur
1803 2279 1948 2333 quae-

364 2355 487 2410 dam
527 2355 578 2409 in
610 2357 719 2410 suis
754 2355 910 2409 dictis
938 2355 1196 2423 culpasse,
1225 2355 1337 2408 sive
1373 2354 1670 2409 correxisse
1700 2353 1947 2408 Theodo-

364 2459 477 2508 rus,
507 2452 561 2500 et
598 2458 659 2499 ea
702 2459 820 2511 quae
865 2443 916 2498 iu
964 2444 1054 2497 illo
1099 2443 1493 2513 reprehendunt
1540 2443 1837 2497 Ecclesiam
1869 2444 1948 2497 la-

367 2535 537 2590 tuisse
561 2534 878 2598 credantur;
911 2534 1052 2589 unde
1081 2534 1316 2604 synodus
1345 2541 1547 2587 certum
1580 2532 1739 2587 habet
1762 2533 1779 2563 ί
1806 2531 1949 2601 quod

367 2636 644 2699 postquam
672 2628 761 2681 illa
793 2626 1009 2695 scripsit
1053 2640 1157 2680 non
1203 2624 1511 2695 cognoverit
1540 2625 1840 2689 veritatem,
1870 2624 1951 2677 iu-

369 2722 603 2790 spirante
630 2720 759 2785 Deo,
790 2720 877 2788 qui
908 2719 1117 2773 occulte
1150 2732 1213 2772 ac
1244 2717 1558 2771 mirabiliter
1588 2717 1725 2770 solet
1750 2716 1802 2768 in
1830 2730 1952 2769 suo-

368 2824 485 2864 rum
524 2808 774 2863 cordibus
803 2809 1036 2878 operari,
1064 2815 1120 2862 ut
1160 2821 1280 2861 eum
1312 2808 1389 2860 sic
1414 2805 1678 2875 judicaret
1705 2814 1951 2874 tanquam

368 2908 421 2962 in
462 2908 577 2974 ipso
624 2920 807 2961 errore
857 2903 1203 2959 defunctum?
1246 2902 1377 2956 Nam
1428 2902 1509 2956 vel
1553 2902 1597 2955 si
1643 2902 1957 2968 probaretur

368 2997 513 3066 quod
534 3012 701 3066 usque
727 2998 779 3050 in
805 2996 893 3050 die
922 2994 1108 3049 mortis
1134 3010 1247 3048 sure
1274 2992 1472 3061 aliquid
1500 2992 1568 3047 dc
1594 2993 1954 3048 incarnatione

368 3086 564 3141 Christi
592 3087 862 3154 nescierit,
888 3095 1063 3139 tamen
1091 3099 1211 3138 cum
1241 3098 1344 3137 non
1371 3090 1515 3137 esset
1539 3083 1605 3138 ab
1629 3083 1746 3152 ejus
1774 3083 1954 3137 Eccle-

2050 1907 2215 1963 fuisse
2253 1907 2448 1961 audeat
2490 1904 2784 1972 suspicari?
2817 1902 3010 1956 Verum
3042 1900 3165 1954 hinc
3206 1913 3419 1968 quoque
3451 1904 3632 1965 postea
3726 1908 3737 1919 δ

2049 1998 2216 2052 multa
2240 1997 2499 2052 dicemus.
2524 1995 2656 2050 Cum
2685 2010 2812 2048 vero
2842 1994 3100 2048 incertum
3128 1980 3363 2061 synodus
3389 1990 3631 2049 haberet.

2049 2098 2102 2146 et
2130 2089 2395 2144 Theodori
2424 2103 2542 2143 esse
2580 2087 2756 2141 omnia
2787 2087 2875 2140 illa
2915 2086 3143 2155 capitula
3190 2097 3286 2151 pro
3329 2082 3521 2151 quibus
3565 2080 3634 2136 ab

2050 2178 2292 2235 Ecclesia
2339 2179 2606 2235 diceretur
2633 2176 3031 2242 excludendus;
3075 2174 3216 2243 quod
3272 2172 3482 2228 etiamsi
3511 2186 3632 2225 cer-

2050 2280 2161 2327 tum
2188 2272 2437 2335 haberet,
2469 2269 2610 2340 quali
2643 2278 2817 2324 tamen
2848 2266 3044 2321 fuerint
3071 2265 3366 2320 intentione
3396 2262 3631 2332 prolata,

2051 2362 2225 2419 adhuc
2252 2365 2297 2419 ei
2329 2371 2471 2418 esset
2498 2365 2757 2417 incertum
2804 2377 2818 2413 :
2861 2359 3002 2430 quod
3042 2361 3084 2412 si
3134 2366 3189 2413 et
3234 2370 3442 2411 errasse
3487 2355 3635 2409 illum

2052 2455 2169 2510 sine
2207 2453 2540 2509 dubitatione
2585 2460 2952 2522 cognosceret,
2984 2467 3085 2503 non
3116 2460 3169 2504 et
3196 2448 3447 2502 continuo
3474 2447 3634 2500 etiam

2052 2546 2196 2617 quod
2243 2560 2484 2600 errorem
2532 2555 2712 2612 postea
2762 2558 2865 2595 non
2915 2537 3279 2595 emendaverit
3324 2542 3634 2605 appareret;

2054 2653 2228 2707 neque
2258 2638 2301 2691 si
2334 2638 2432 2691 hoc
2460 2642 2665 2704 quoque
2696 2634 2867 2701 aliqua
2916 2641 3057 2687 certa
3103 2633 3310 2686 ratione
3336 2637 3635 2693 constaret,

2055 2730 2334 2798 quisquam
2389 2728 2505 2795 pius
2548 2737 2605 2781 et
2647 2725 2824 2795 gravis
2872 2724 3097 2779 delinire
3147 2723 3456 2792 praesumit,
3497 2718 3639 2789 quod

2058 2818 2295 2874 haeretici
2324 2817 2427 2872 sint
2458 2830 2643 2871 omnes
2673 2816 2762 2884 qui
2798 2816 2912 2868 sine
2941 2812 3227 2882 pertinacia
3259 2814 3309 2864 in
3337 2809 3638 2865 Christiana

2059 2913 2164 2966 ﬁde
2206 2912 2479 2976 falluntur,
2508 2909 2553 2963 si
2602 2907 2827 2963 necdum
2858 2905 3100 2960 instructi
3134 2905 3185 2958 in
3220 2903 3469 2957 Ecclesiae
3508 2916 3639 2972 pace

2057 3004 2217 3058 vitam
2251 3002 2485 3058 finierint
2518 3019 2529 3054 :
2560 3001 2678 3071 quis
2710 3000 2808 3053 nisi
2850 2997 3160 3053 temerarius
3190 2994 3333 3050 dicat
3380 2994 3521 3064 quod
3550 2994 3640 3049 illa

2060 3094 2295 3165 synodus
2344 3094 2482 3147 inter
2524 3100 2601 3146 tot
2643 3091 2842 3143 incerta
2886 3071 3513 3143 debuerit'Theodorum
3542 3086 3641 3139 sub

369 3175 447 3228 sia
478 3182 776 3244 scparatus,
803 3175 961 3240 unde,
987 3175 1121 3228 sicut
1146 3172 1277 3235 dixi,
1300 3181 1501 3226 certum
1527 3174 1761 3242 synodus
1794 3173 1947 3228 habe

2058 3196 2393 3250 anathemate
2422 3189 2813 3246 condemnare?
2843 3189 2969 3244 Sine
2999 3187 3160 3241 dubio
3190 3195 3366 3240 autem
3396 3181 3641 3238 conside-

369 3273 456 3318 ret
485 3265 628 3333 quod
656 3266 707 3319 in
739 3264 849 3333 ipsa
882 3264 1012 3318 hora
1039 3279 1141 3335 qua
1179 3263 1455 3319 efﬂaturus
1484 3270 1596 3319 erat
1631 3272 1951 3330 extremum,

371 3368 563 3424 magna
592 3363 646 3407 et
672 3354 1047 3421 investigabilis
1075 3354 1436 3409 misericordia
1468 3354 1584 3419 Dei,
1607 3370 1723 3424 qum
1757 3356 1951 3410 latroni

369 3462 477 3503 non
506 3447 743 3515 ignorata
770 3446 971 3500 scelera
1002 3445 1200 3500 dimisit
1231 3445 1285 3499 in
1317 3459 1494 3509 cruce,
1528 3460 1634 3499 non
1662 3444 1819 3499 etiam
1851 3447 1953 3515 ipsi

368 3538 510 3594 dedit
544 3550 639 3605 pro
682 3536 841 3590 tantis
871 3538 986 3604 ejus
1032 3538 1085 3590 in
1122 3536 1362 3591 Ecclesia
1393 3536 1665 3591 laboribus
1690 3545 1743 3592 et
1773 3544 1952 3591 certa-

370 3628 598 3682 minibus
638 3627 893 3681 adversus
944 3626 1254 3693 haereticos,
1299 3634 1356 3680 ut
1401 3627 1469 3681 ab
1513 3627 1811 3695 ignorantia
1856 3641 1952 3681 sua

370 3719 728 3787 resipisceret,
752 3728 805 3773 et
830 3731 1016 3773 errore
1031 3714 1293 3772 damnato
1321 3717 1581 3772 latronem
1612 3727 1948 3787 sequeretur,

372 3818 431 3865 In
458 3810 704 3878 paradiso
732 3809 908 3864 statim
950 3818 1003 3863 et
1049 3810 1165 3877 ipse
1207 3824 1331 3863 cum
1359 3809 1575 3863 Christo
1602 3809 1831 3874 futurus,
1864 3809 1957 3878 qui

371 3919 511 3959 nunc
538 3904 728 3959 dicitur
757 3904 824 3957 de
851 3904 1167 3958 Nestoriano
1194 3902 1441 3972 dogmate
1484 3911 1608 3957 ante
1650 3903 1953 3958 Nestorium

371 3994 533 4049 fuisse
557 3992 925 4048 damnandus?
952 3992 1187 4058 Quantos
1219 3992 1361 4046 enim
1392 3992 1693 4056 haereticos,
1728 3999 1955 4054 quantos

369 4085 582 4142 Judacos
604 4094 764 4152 atque
790 4084 1016 4153 gentiles
1046 4083 1232 4137 idonea
1266 4084 1638 4137 testiﬁcatione
1668 4082 1957 4136 didicimus

368 4176 425 4231 in
458 4176 573 4245 ipso
602 4176 785 4229 limine
812 4175 1002 4228 mortis
1034 4173 1201 4228 fuisse
1228 4174 1552 4227 conversos?
1578 4172 1683 4226 Sed
1709 4172 1832 4241 quia
1859 4186 1955 4240 pu-

370 4266 536 4322 blicus
558 4267 655 4320 fuit
677 4279 832 4319 error
857 4264 1094 4328 illorum,
1122 4278 1231 4317 non
1259 4264 1430 4330 potuit
1457 4262 1669 4331 publica
1700 4277 1805 4316 non
1833 4276 1955 4316 esse

369 4359 670 4423 conversio,
698 4358 819 4414 dum
851 4356 1209 4421 reconciliari,
1235 4356 1360 4409 dum
1391 4356 1643 4424 baptizari
1674 4355 1739 4409 ab
1769 4354 1955 4409 Eccle-

369 4451 446 4506 sia
476 4451 861 4519 supplicarent,
890 4448 1016 4503 dum
1048 4458 1321 4518 postremo
1352 4449 1826 4504 reconciliarentur
1852 4462 1947 4502 seu

367 4542 793 4610 baptizarentur;
824 4541 1093 4595 occultam
1124 4554 1255 4595 vero
1284 4553 1435 4594 suam
1476 4540 1825 4608 ignorantiam
1846 4581 1859 4606 ,
1893 4546 1948 4593 et
1977 4534 2029 4593 Ι)

367 4648 404 4712 ει,
425 4634 573 4689 nullo
603 4636 890 4703 culpatam,
923 4649 1079 4704 quam
1112 4632 1423 4689 Theodorus
1452 4634 1646 4687 dicitur
1676 4634 1946 4697 habuisse,

367 4729 455 4783 cui
494 4734 550 4782 et
586 4728 845 4782 orientale
891 4726 1174 4782 concilium
1218 4732 1524 4793 attestatur,
1563 4725 1705 4797 quod
1751 4725 1949 4780 nullam

370 4816 748 4872 detractionem
777 4819 844 4872 ab
883 4818 1192 4874 orthodoxis
1225 4818 1277 4872 in
1307 4819 1413 4873 vita
1444 4817 1765 4886 susceperit,
1799 4828 1857 4873 et
1884 4817 1951 4871 de

372 4921 485 4975 quo
518 4914 573 4960 et
618 4906 736 4961 aliis
783 4908 1002 4962 Procius
1030 4910 1492 4977 episcopusodicit,
1519 4924 1651 4975 quos
1682 4923 1780 4963 nec
1803 4910 1953 4963 vivos

369 4994 659 5065 aliquando
676 4996 1022 5062 eulpavimus,
1046 5007 1223 5065 posset
1251 4999 1455 5054 occulte
1483 5012 1757 5065 respuere.
1790 4997 1947 5062 Quod

372 5088 424 5143 si
443 5095 495 5139 et
520 5099 622 5139 non
652 5087 881 5151 occulte,
905 5087 996 5141 sed
1026 5088 1284 5156 aliquibus
1312 5087 1537 5142 consciis
1569 5088 1706 5142 hanc
1732 5085 1945 5155 abjecit,

371 5184 547 5231 tamen
579 5178 677 5231 hoc
704 5186 900 5232 sanctas
925 5178 1127 5247 synodo
1150 5192 1270 5233 esse
1300 5186 1479 5246 posset
1498 5178 1781 5243 occultum,
1806 5186 1858 5233 et
1882 5179 1949 5232 de

370 5267 580 5321 occulto
607 5268 845 5336 judicare
885 5282 993 5321 non
1036 5277 1239 5337 posset,
1271 5269 1391 5337 quia
1439 5268 1539 5323 hoc
1582 5268 1677 5323 Dei
1717 5278 1800 5323 est
1827 5283 1950 5336 pro-

371 5357 562 5424 prium,
595 5357 803 5411 dicente
850 5358 1035 5428 Moyse
1081 5375 1097 5411 :
1149 5357 1277 5423 Qua:
1317 5358 1513 5411 occulta
1557 5369 1672 5411 sunt
1719 5360 1855 5412 vobis
1902 5368 1949 5412 et

370 5447 489 5517 ﬁliis
516 5449 708 5503 vestris.
729 5446 878 5503 Unde
907 5458 960 5503 et
990 5450 1173 5505 beatus
1203 5451 1429 5520 (lyrillus
1456 5450 1526 5503 a't
1550 5467 1562 5501 :
1588 5450 1945 5503 Justissimum

371 5550 585 5607 apparet
633 5540 974 5607 prudentibus
1016 5542 1145 5596 viris
1185 5543 1375 5596 cedere
1424 5541 1720 5609 praescienti
1766 5542 1943 5594 unius.

372 5631 622 5698 cujusque
646 5632 991 5688 voluntatem.
1016 5633 1125 5688 Cur
1152 5649 1275 5705 ergo
1306 5634 1613 5703 culparetur
1644 5635 1757 5687 haec
1785 5647 1945 5702 syno-

446 5740 460 5769 '
490 5738 622 5795 Cod.
655 5742 874 5812 Veron.,
904 5745 1125 5803 haberet.

2057 3311 2167 3361 ras,
2194 3296 2511 3363 imperator,
2529 3300 2722 3363 qjtanta
2736 3289 3083 3362 Eutychianis
3111 3303 3400 3358 eorumque
3425 3288 3641 3342 fautori-

2056 3387 2157 3443 bus
2182 3385 2327 3441 nulla
2355 3386 2563 3440 ratione
2598 3392 2820 3454 cegcnte
2861 3392 3052 3452 sponte
3079 3380 3348 3448 dedimus,
3374 3382 3486 3434 sive
3514 3394 3641 3435 con-

2056 3480 2349 3546 cessimus;
2376 3486 2435 3535 et
2462 3486 2642 3533 tamen
2669 3477 2747 3532 eis
2774 3475 2973 3532 veritas
3000 3489 3105 3530 non
3135 3473 3401 3542 concedit,
3428 3480 3488 3527 ut
3514 3487 3642 3527 sen~

2056 3574 2221 3628 tentia
2250 3585 2456 3641 magna:
2481 3569 2679 3640 synodi
2704 3584 2823 3639 quae
2847 3568 3126 3637 epistolam
3160 3566 3342 3621 laudes
3370 3564 3642 3619 Theodori

2055 3665 2418 3721 continentem
2445 3660 2810 3731 pronuntiavit
2837 3658 3189 3714 orthodoxam
3210 3697 3227 3723 ,
3256 3654 3531 3724 culpabilis
3560 3652 3642 3721 ju-

2054 3756 2279 3812 dicetur.
2308 3753 2463 3821 Quod
2500 3750 2547 3809 si
2586 3760 2747 3806 tantae
2795 3750 2948 3805 nobis
2976 3748 3341 3803 convictiones
3370 3758 3504 3813 quas
3549 3758 3641 3810 pro

2055 3852 2273 3914 experta
2300 3842 2663 3899 obstinatione
2694 3839 3124 3894 adversariorum
3163 3835 3509 3904 protulimus,
3541 3833 3641 3888 de-

2054 3934 2313 4000 fuissent,
2353 3933 2472 4002 quis
2519 3931 2803 4000 reiigiosus
2851 3925 3243 3997 reprehendere
3286 3933 3464 3997 posset
3506 3925 3642 3980 hanc

2054 4023 2339 4094 synodum,
2371 4036 2489 4091 qua:
2540 4020 2686 4090 quod
2722 4019 2827 4073 sibi
2870 4018 3055 4073 datum
3103 4033 3208 4072 non
3255 4026 3338 4073 est
3386 4030 3642 4086 usurpare

2054 4139 2159 4179 non
2187 4136 2319 4178 ausa
2343 4122 2460 4179 est?
2487 4121 2627 4177 Nam
2654 4119 2907 4174 Ecclesiae
2935 4133 3045 4173 suae
3073 4118 3273 4175 nullam
3303 4118 3561 4173 Dominus
3583 4119 3641 4173 in

2055 4215 2279 4272 mortuis
2305 4214 2503 4282 ligandi
2547 4223 2602 4268 et
2646 4210 2894 4268 solvendi
2938 4211 3123 4265 tribuit
3154 4218 3496 4279 potestatem,
3519 4224 3641 4265 cum

2055 4304 2333 4374 discipulis
2362 4306 2474 4359 suis
2501 4304 2745 4358 diceret:
2775 4302 3103 4371 amnemque
3130 4300 3462 4369 alligaveritis
3490 4315 3641 4368 super

2056 4409 2269 4465 terram,
2283 4406 2429 4453 erum
2452 4398 2613 4469 ligata
2638 4405 2691 4449 et
2715 4397 2767 4448 in
2794 4394 2948 4458 celo;
2979 4402 3026 4448 et
3054 4408 3365 4461 quacunque
3391 4392 3640 4448 solveritis

2052 4510 2203 4561 super
2234 4502 2442 4558 terram,
2476 4501 2620 4545 erunt
2644 4490 2809 4545 soluta
2833 4495 2879 4542 et
2909 4489 2961 4540 in
2985 4488 3109 4541 caelo
3139 4485 3355 4556 (Matth.
3380 4501 3495 4553 xm,
3525 4483 3639 4555 18).

2052 4586 2160 4642 Eos
2188 4588 2343 4655 igitur
2384 4584 2554 4638 solum
2591 4580 2681 4650 qui
2713 4589 2834 4635 sunt
2866 4580 2919 4631 in
2951 4578 3108 4632 terris
3136 4577 3301 4647 ligare
3346 4574 3552 4644 accepit
3579 4583 3635 4629 et

2052 4684 2281 4747 solvere,
2310 4689 2364 4735 et
2393 4680 2590 4735 idcirco
2614 4674 2935 4745 reprehendi
2965 4689 3079 4729 non
3097 4672 3263 4728 debet
3298 4669 3444 4740 quod
3470 4668 3639 4725 Theo-

2053 4774 2264 4835 dorum.
2283 4772 2373 4828 vel
2398 4773 2441 4826 si
2469 4769 2789 4839 culpabilem
2813 4776 3014 4831 nosset,
3038 4776 3221 4820 tamen
3237 4764 3367 4834 quia
3388 4776 3495 4817 non
3522 4769 3641 4818 erat

2054 4868 2107 4922 in
2140 4865 2316 4930 terris,
2348 4864 2564 4933 alligare
2604 4878 2708 4916 non
2752 4874 2879 4915 ausa
2914 4866 3014 4914 est.
3048 4859 3286 4914 Aliorum
3316 4855 3506 4924 quibus
3537 4854 3638 4909 hoc

2058 4958 2277 5025 placuit,
2308 4970 2413 5006 non
2453 4953 2567 5021 ejus
2611 4952 2768 5007 fuerit
2794 4952 2896 5006 ista
2927 4949 3292 5020 prasumptio.
3318 4945 3452 4999 Nam
3498 4944 3641 4999 sicut

2052 5072 2161 5112 non
2191 5058 2427 5125 oportuit
2456 5064 2511 5108 ut
2537 5056 2757 5108 auderet
2784 5054 3000 5107 solvere
3028 5061 3150 5120 post
3176 5056 3405 5103 mortem
3426 5056 3521 5099 eos
3543 5044 3635 5112 qui

2052 5152 2251 5225 alligati
2279 5161 2429 5204 erant
2470 5149 2522 5202 in
2570 5148 2746 5211 terris,
2775 5146 2914 5215 quod
2945 5143 3156 5214 quidem
3195 5140 3398 5195 habere
3426 5138 3635 5192 videtur

2052 5243 2358 5307 norinullam
2394 5242 2603 5309 pietatis
2628 5240 2936 5308 imaginem,
2965 5236 3039 5289 ita.
3066 5250 3173 5289 non
3196 5232 3431 5300 oportuit
3458 5238 3518 5284 It
3537 5242 3635 5284 au-

2055 5339 2203 5391 deret
2229 5350 2352 5390 eum
2381 5335 2469 5402 qui
2499 5334 2749 5401 alligatus
2790 5343 2901 5383 non
2941 5336 3058 5395 erat
3103 5326 3161 5378 in
3203 5323 3380 5387 terris,
3414 5320 3634 5390 alligare

2051 5438 2169 5497 ρυει
2202 5436 2459 5489 mortem;
2493 5422 2631 5492 quod
2672 5428 2725 5474 et
2754 5426 2939 5486 aperte
2973 5414 3256 5483 impietatis
3286 5421 3397 5479 est,
3432 5420 3485 5467 et
3513 5411 3630 5479 ejus

2048 5520 2294 5589 potestati
2322 5532 2424 5570 non
2447 5514 2725 5569 creditum.
2746 5512 3078 5575 Quapropter
3099 5508 3256 5561 etiam
3283 5506 3417 5561 beati
3445 5504 3628 5569 Patres

2048 5621 2369 5677 definierunt
2410 5616 2531 5682 quia
2580 5628 2683 5664 non
2739 5615 2977 5663 nostrum
3023 5616 3109 5663 est.
3144 5607 3385 5678 judicare
3412 5619 3508 5661 eos
3535 5603 3624 5671 qui

2121 5742 2140 5769 ¹
2170 5736 2311 5790 Idem
2339 5731 2479 5796 cett,
2506 5728 2613 5797 ipsi.
