4104 6360
492 270 599 327 785

1591 263 1887 323 FACUNDI
1929 262 2144 322 EPISC.
2186 258 2695 319 HERMIANENSIS

3674 261 3802 319 πει

488 386 753 443 honorate
781 382 1014 440 defuncti
1048 389 1188 449 sunt,
1221 381 1315 437 sed
1342 379 1509 436 solius
1531 378 1727 450 judicis
1754 378 1998 433 vivorum
2027 386 2082 434 et
2108 381 2165 442 Α
2187 371 2311 427 dem
2340 372 2479 428 bene
2500 372 2785 428 defuncws
2803 380 2910 437 εει.
2937 378 2992 427 el
3010 372 3269 429 memoria
3300 372 3424 444 eius
3445 388 3587 431 nunc
3612 390 3804 445 usque

488 487 843 536 mortuorum.

1120 589 1347 645 CAPUT
1386 588 1449 644 V.

493 731 643 797 Quod
671 728 1015 797 Athanasium
1048 743 1194 779 nemo
1224 727 1437 779 damnat
1469 732 1679 792 propter
1707 725 2081 797 excusationem

558 816 713 869 quam
741 803 958 869 suscepit
987 796 1221 866 Dionysii
1249 797 1633 862 Alexandrini;
1666 807 1714 850 et
1756 795 1892 865 quod
1920 796 2082 849 multo

560 868 765 941 [acilius
789 872 854 924 sit
880 868 1205 923 Theodorum
1235 869 1533 940 defendere.

559 1005 841 1071 Quomodo
868 1014 1045 1059 autem
1074 1003 1256 1058 dicunt
1280 1002 1653 1058 Nestorianam
1678 1014 1797 1055 esse
1822 997 2084 1066 synodum

489 1110 595 1151 non
617 1096 1019 1161 defendentem,
1041 1112 1139 1150 nec
1162 1096 1494 1162 aliquatenus
1521 1102 1864 1148 excusantem
1890 1090 2087 1157 scripta

490 1188 793 1252 Theodori,
824 1206 983 1258 quem
1016 1189 1164 1242 velut
1194 1190 1503 1256 magistrum
1536 1184 1765 1239 Nestorii
1796 1183 2087 1235 criminan-

491 1291 609 1345 tur,
642 1296 764 1335 cum
801 1282 1154 1335 Athanasium
1185 1282 1377 1347 scripta
1405 1270 1704 1333 decessoris
1736 1279 1815 1330 sui
1850 1276 2087 1347 Dionysii

489 1373 867 1428 defendentem
899 1374 1079 1429 dicere
1108 1389 1213 1427 non
1243 1372 1472 1427 audeant
1500 1372 1794 1427 Ariannm‘?
1825 1369 1955 1424 Nam
1990 1386 2087 1423 ne-

490 1478 596 1533 que
622 1480 742 1519 eum
772 1466 956 1519 Ariani
986 1466 1189 1520 vellent
1211 1466 1457 1535 quaedam
1486 1480 1548 1517 ex
1580 1464 1739 1517 dictis
1766 1462 2089 1516 venerabilis

490 1552 730 1625 Dionysii
756 1554 1105 1610 Alexandrini
1128 1565 1154 1592 λ
1184 1556 1424 1624 episcopi
1451 1556 1502 1609 in
1532 1555 1894 1609 testimonium
1922 1562 1974 1607 et
2000 1570 2089 1609 as-

490 1645 792 1701 sertionem
839 1646 920 1699 sui
968 1650 1169 1701 erroris
1215 1647 1499 1711 asciscere,
1543 1655 1601 1700 ut
1646 1662 1713 1700 ex
1761 1646 1863 1698 hoc
1909 1654 2091 1700 osten-

492 1734 689 1789 derent
716 1735 903 1789 Arium
948 1751 1053 1790 non
1094 1752 1214 1791 esse
1262 1740 1381 1791 novi
1424 1738 1688 1807 dogmatis
1733 1737 2089 1802 inventorem,

415 1890 431 1905 ο
489 1826 687 1896 quippe
726 1842 844 1882 cum
888 1828 1171 1899 Dionysius
1210 1830 1340 1883 olim
1382 1830 1654 1884 docuisset
1684 1828 1942 1883 facturam
1973 1842 2095 1882 esse

489 1915 686 1972 Filium
718 1918 831 1982 Dei,
865 1934 1038 1988 neque
1074 1930 1267 1973 natura
1315 1920 1614 1989 proprium,
1643 1919 1739 1974 sed
1777 1929 2092 1973 extraneum

490 2012 560 2067 ab
586 2015 821 2065 essentia
852 2012 1044 2079 Patris,
1079 2022 1132 2066 et
1152 2014 1275 2081 quia
1306 2012 1449 2067 idem
1481 2012 1647 2067 Filius
1689 2026 1795 2066 non
1841 2020 1958 2066 erat
2000 2026 2095 2065 an-

493 2112 714 2172 tequam
745 2102 917 2169 fieret,
952 2103 1163 2172 aliaque
1211 2104 1403 2159 similia
1445 2119 1565 2174 quae
1610 2104 1664 2157 in
1710 2103 1901 2159 eodem
1932 2118 2095 2172 opere

490 2194 870 2260 continentur;
895 2194 1239 2262 Athanasius,
1257 2210 1570 2265 germanum
1598 2194 1867 2264 specimen
1895 2203 1951 2249 et
1970 2209 2095 2264 pro-

497 2285 681 2342 babile
711 2286 991 2342 catholicae
1032 2288 1291 2343 doctrina:
1322 2300 1483 2358 atque
1508 2289 1723 2344 virtutis
1752 2290 2057 2359 exemplum
2077 2330 2092 2355 ,

490 2393 553 2434 ea
611 2388 925 2437 constanter
965 2382 1198 2450 excepit,
1222 2391 1276 2437 et
1327 2384 1575 2451 quamvis
1629 2383 1828 2437 nostris
1876 2382 2094 2439 auribus

491 2472 620 2525 dura
662 2482 718 2528 et
760 2472 828 2527 ad
876 2474 1243 2528 excusandum
1291 2472 1531 2527 difﬁcilia
1568 2474 1607 2538 ⁸,
1652 2472 1945 2528 defendere
1985 2490 2093 2529 non

492 2561 721 2635 reiugit,
768 2574 822 2619 et
872 2566 1018 2634 prius
1066 2580 1253 2622 eorum
1298 2577 1573 2622 attetorem
1623 2566 1941 2637 Dionysium
1998 2582 2093 2635 per

492 2653 596 2709 hoc
638 2656 805 2710 voluit
846 2671 964 2711 esse
1017 2666 1319 2727 purgatum,
1351 2666 1511 2727 atque
1532 2657 1600 2711 ab
1628 2657 1951 2713 Arianorum
1987 2658 2093 2713 cri-

492 2749 637 2804 mine
685 2750 916 2803 alienum
951 2791 964 2815 ,
1010 2752 1153 2819 quod
1200 2753 1314 2820 ipse
1362 2766 1470 2805 non
1517 2752 1656 2807 sicut
1706 2754 1908 2819 Arius,
1968 2767 2091 2806 cum

494 2839 721 2905 viveret,
745 2841 811 2895 de
838 2841 1112 2911 impietate
1140 2842 1301 2898 fuerit
1330 2853 1630 2909 accusatus,
1667 2854 1759 2897 aut
1784 2844 1852 2899 de
1883 2844 2093 2913 episcoo

493 2943 617 2999 patu
674 2932 948 3001 dejectus;
998 2949 1171 3003 neque
1218 2934 1363 2989 velut
1396 2935 1649 2991 haeresim
1675 2935 1990 3001 defendens,
2026 2936 2093 2990 de

492 3019 731 3077 Ecclesia
754 3023 892 3076 sicut
914 3022 1001 3077 ille
1030 3023 1357 3089 discesserit,
1384 3024 1479 3079 sed
1524 3024 1577 3079 in
1616 3023 1733 3093 ejus
1780 3038 2091 3093 permanseo

2193 479 2313 519 cum
2346 463 2595 519 Patrihus
2628 463 2954 528 celebratur,
2977 473 3029 518 et
3051 479 3245 519 nomen
3265 465 3381 535 ejus
3396 468 3653 535 scriptum
3682 477 3803 522 est.

2192 559 2249 615 Si
2271 559 2414 614 enim
2438 558 2637 627 aliquid
2659 560 2883 614 istorum
2915 558 3162 629 sentiret,
3184 559 3268 614 vel
3293 559 3361 615 de
3391 559 3474 615 his
3503 576 3624 630 qua:
3653 561 3809 616 scri-

2192 650 2299 720 psit
2319 649 2719 705 excusationem
2748 665 2855 705 non
2872 648 3094 716 faceret,
3119 650 3236 705 sine
3254 651 3602 722 ambiguitate
3625 654 3805 708 etiam

2192 741 2309 813 ipse
2337 742 2532 797 similia
2566 750 2858 811 pateretur.
2885 742 2953 797 Et
2978 742 3318 800 suffecissent
3340 746 3556 815 quidem
3588 748 3696 801 ista
3726 746 3805 801 ad

2191 836 2620 905 redargutionem
2646 852 2906 893 novorum
2928 837 3465 904 Judazorum,eorum
3504 842 3591 910 qui
3633 838 3809 895 Chri-

2191 939 2332 985 stum
2360 940 2706 999 negaverunt,
2755 940 2804 986 et
2850 930 3035 987 Patres
3064 941 3470 995 accusaverunt,
3500 942 3555 989 et
3596 949 3809 990 omnes

2200 1020 2539 1078 Christianos
2564 1022 2751 1078 fallere
2780 1032 3077 1079 noscuntur
3109 1024 3150 1077 ³.
3184 1024 3450 1091 Quoniam
3480 1040 3607 1079 vero
3632 1039 3809 1080 accu-

2193 1116 2427 1169 sationes
2481 1126 2502 1154 °
2552 1132 2613 1171 se
2656 1116 2855 1171 habere
2879 1124 3068 1187 putant
3090 1118 3156 1172 ad
3186 1119 3545 1173 accusandum
3572 1120 3801 1188 episco-

2195 1222 2341 1274 pum,
2371 1216 2550 1276 partes
2580 1207 2787 1276 aliquas
2820 1209 3062 1276 epistola:
3090 1208 3205 1279 ejus
3231 1224 3330 1279 age
3352 1220 3403 1263 et
3436 1209 3580 1277 ipsas
3610 1211 3809 1266 videa-

2193 1314 2310 1353 mus
2342 1316 2355 1353 :
2392 1308 2447 1353 ut
2476 1300 2643 1353 etiam
2685 1316 2751 1355 ex
2797 1301 2897 1355 hoc
2922 1315 3109 1357 eorum
3135 1301 3342 1355 vanitas
3371 1300 3807 1369 demonstretur,

2192 1398 2248 1443 et
2295 1389 2574 1458 quiescant
2634 1390 2719 1444 vel
2753 1405 2875 1446 sero
2914 1391 3288 1460 blasphemare
3324 1392 3608 1446 Dominum
3652 1394 3807 1463 apud

2192 1481 2420 1550 seipsos,
2444 1482 2801 1537 confiteantur
2830 1491 3010 1537 autem
3028 1483 3116 1538 vel
3138 1498 3260 1537 cum
3289 1483 3573 1550 militibus,
3606 1484 3803 1539 viden-

2195 1581 2275 1637 tes
2298 1572 2670 1629 testiﬁcantem
2693 1585 3020 1642 creaturam,
3047 1574 3171 1645 quia
3202 1590 3327 1630 vere
3353 1576 3454 1630 iste
3492 1575 3663 1633 Filius
3701 1577 3801 1632 Dei

2195 1671 2297 1731 est,
2329 1672 2381 1718 et
2428 1679 2534 1720 non
2585 1674 2670 1721 est
2716 1681 2786 1721 ex
2835 1668 3122 1722 creaturis.
3157 1668 3349 1723 Dicunt
3398 1667 3579 1736 itaque
3626 1670 3680 1721 in
3712 1671 3802 1725 illa

2126 1775 2172 1835 Β
2199 1753 2422 1820 epistola
2475 1756 2691 1811 beatum
2741 1757 3053 1827 Dionysium
3091 1758 3293 1815 dixisse
3324 1760 3589 1817 facturam
3635 1773 3695 1819 et
3726 1764 3801 1816 fa-

2198 1854 2341 1900 ctum
2379 1862 2500 1902 esse
2548 1848 2742 1903 Filium
2776 1849 2901 1917 Dei;
2928 1866 3100 1921 neque
3130 1862 3318 1909 natura
3348 1856 3646 1926 proprium,
3702 1857 3798 1912 sed

2198 1952 2512 1999 extraneum
2570 1944 2637 1998 ab
2679 1945 2913 2001 essentia
2959 1947 3130 2001 Patris
3178 1963 3301 2003 eum
3355 1965 3497 2016 esse,
3523 1953 3687 2007 sicuti
3717 1961 3800 2007 est

2198 2034 2428 2103 agricola
2453 2035 2519 2090 ad
2542 2036 2726 2102 vitem,
2750 2046 2805 2091 et
2834 2037 2985 2091 navis
3017 2038 3202 2107 opifex
3236 2040 3304 2093 ad
3329 2056 3520 2096 navem
3548 2060 3562 2094 :
3594 2052 3647 2097 et
3671 2044 3798 2111 quia

2197 2135 2450 2195 tanquam
2505 2126 2712 2182 factura
2764 2143 2869 2183 non
2901 2138 3021 2184 erat
3054 2138 3340 2199 antequam
3374 2131 3546 2187 ﬁeret.
3584 2134 3661 2187 Ita
3692 2144 3797 2202 est,

2196 2215 2410 2285 scripsit
2440 2232 2453 2268 :
2475 2216 2798 2272 conﬁtemur
2821 2226 2873 2273 ct
2897 2232 2995 2273 nos
3015 2233 3136 2274 esse
3160 2220 3319 2275 talem
3345 2222 3631 2291 epistolam
3653 2225 3794 2293 ejus.

2196 2308 2303 2365 Sed
2324 2310 2465 2363 sicut
2486 2310 2632 2365 illam
2656 2312 2891 2381 scripsit,
2924 2312 2995 2366 ita
3021 2321 3076 2367 et
3098 2312 3230 2369 alias
3261 2315 3516 2383 plurimas
3545 2318 3795 2386 scripsit;

2195 2408 2251 2454 et
2278 2402 2562 2469 oportebat
2608 2416 2702 2456 eos
2745 2411 2799 2458 et
2839 2403 2956 2459 illas
3008 2405 3210 2475 legere,
3236 2414 3297 2461 ut
3325 2422 3391 2461 ex
3422 2410 3697 2471 omnibus,
3743 2420 3795 2465 et

2199 2505 2305 2545 non
2334 2507 2398 2547 ex
2451 2491 2553 2547 ista
2590 2493 2727 2559 sola,
2770 2494 2903 2549 ﬁdes
2943 2495 3084 2551 illius
3141 2496 3243 2551 viri
3288 2510 3633 2567 agnoscatur.
3669 2520 3687 2551 ι
3730 2501 3796 2556 Et

2198 2584 2396 2640 deinde
2447 2587 2689 2656 sequitur
2732 2602 2918 2642 eorum
2960 2604 3080 2659 qua:
3126 2592 3544 2648 memoravimus
3564 2609 3792 2650 excusa-

2201 2675 2275 2730 tio
2305 2692 2319 2729 :
2345 2692 2504 2746 quam
2528 2693 2633 2732 non
2658 2678 2711 2731 in
2732 2662 2858 2744 isto,
2884 2680 3010 2749 quia
3037 2681 3299 2750 prolixum
3322 2682 3441 2751 fuit,
3469 2685 3565 2739 sed
3593 2687 3647 2740 in
3672 2686 3788 2751 ejus

2196 2778 2363 2834 opere
2417 2766 2587 2823 lector
2637 2769 2893 2837 inquirat.
2926 2769 3137 2839 Aspicis
3186 2787 3335 2837 vero,
3368 2774 3640 2843 Anguste,
3671 2793 3790 2846 qua:

2196 2855 2384 2914 beatus
2412 2859 2737 2914 Athanasius
2760 2860 2811 2914 in
2845 2860 3101 2933 Dionysio
3131 2865 3434 2919 excusanda
3465 2868 3789 2936 susciperet,

2196 2961 2302 3001 non
2334 2949 2404 3002 ob
2428 2949 2598 3013 aliud,
2626 2950 2729 3004 nisi
2775 2952 2899 3019 quia
2933 2966 3035 3005 non
3060 2967 3123 3006 ex
3166 2953 3271 3008 levi
3303 2970 3438 3010 sono
3468 2958 3786 3025 verborum,

2195 3041 2288 3095 sed
2310 3057 2376 3095 ex
2394 3042 2692 3097 intentione
2719 3043 2947 3098 dicentis
2975 3046 3288 3101 aestimanda
3311 3056 3438 3102 sunt
3459 3064 3579 3117 qua:
3600 3050 3793 3125 dicun-

492 3112 563 3167 ι’ῖῐ
618 3113 818 3168 "nime
869 3114 1133 3216 ξίάξὲίιιάθ
1180 3114 1529 3216 ηῖθξίυενᾞὶεῧ
1578 3114 1691 3184 ipsa
1747 3115 2161 3216 i"_l0’Prc‘3ric
2197 3140 2299 3185 tur.
2322 3133 2563 3188 Dicentis
2609 3142 2788 3189 autem
2841 3134 3093 3202 intentio,
3126 3152 3248 3192 cum
3278 3138 3390 3207 jam
3420 3112 3653 3210 persona
3694 3142 3791 3198 de-

492 3212 713 3261 conatus
736 3214 834 3259 est.
872 3204 1027 3260 Unde
1056 3206 1461 3260 convenientius
1490 3214 1650 3274 puto,
1680 3213 1740 3258 ut
1768 3206 1811 3259 si
1844 3220 1948 3258 non
1970 3220 2086 3259 om-

492 3296 601 3359 nia,
626 3296 747 3364 quia
778 3296 1045 3364 prolixum
1068 3307 1184 3364 est,
1210 3298 1385 3365 aliqua
1414 3306 1599 3351 tamen
1620 3297 1672 3349 in
1707 3296 1939 3365 propriis
1967 3311 2086 3351 ver-

493 3387 575 3440 bis
606 3389 626 3418 ²
652 3387 955 3441 ostendam.
994 3406 1011 3437 (
1054 3387 1286 3451 Etenim,
1318 3386 1412 3449 ait,
1436 3395 1491 3441 et
1530 3386 1746 3441 Judmos
1790 3386 1843 3441 in
1896 3387 2088 3455 quibus

494 3487 680 3534 contra
707 3479 878 3546 legem
905 3480 1159 3548 agebant,
1185 3478 1543 3547 redarguehat
1571 3479 1831 3535 Dominus
1856 3480 2045 3534 dicens
2071 3497 2084 3530 ε

493 3569 614 3623 Hoc
634 3570 892 3623 Abraham
926 3588 1027 3624 non
1063 3572 1181 3639 fecit
1214 3571 1393 3641 (Joan.
1421 3588 1535 3638 vnt,
1563 3572 1681 3641 40);
1714 3581 1768 3628 et
1810 3573 1941 3628 istos
1986 3574 2085 3627 im-

494 3661 612 3729 pios
650 3672 704 3715 et
744 3661 1031 3716 mendaces
1074 3661 1262 3716 eadem
1318 3665 1430 3729 ipsa
1480 3666 1679 3719 veritas
1722 3665 1994 3734 redarguit
2032 3663 2085 3730 ἲν,

494 3752 746 3819 quoniam
796 3753 907 3806 Arii
969 3753 1173 3823 aliquid
1242 3755 1528 3824 Dionysius
1578 3757 1863 3824 episcopus
1912 3771 2087 3825 neque

495 3844 691 3908 sensit,
721 3839 894 3914 neque
916 3846 1193 3900 veritatem
1221 3846 1505 3915 ignoravit.
1533 3846 1639 3903 Sed
1661 3856 1715 3901 et
1734 3856 1859 3903 tunc
1881 3856 2088 3917 tempo.

494 3934 569 3988 ris
589 3934 784 3999 Judazi,
810 3944 866 3989 et
895 3950 1034 3990 nunc
1055 3936 1143 3991 isti
1172 3937 1320 4000 novi,
1342 3951 1372 3990 a
1405 3948 1553 4007 patre
1578 3953 1678 3992 suo
1707 3939 1922 3993 diabolo
1944 3939 2086 3995 hanc

497 4022 688 4077 furiam
720 4026 978 4081 adversus
1006 4026 1277 4081 Christum
1306 4028 1563 4082 rebellem
1587 4028 1889 4083 hmreditati
1916 4041 2042 4085 sunt
2069 4048 2084 4084 :

496 4114 865 4184 quod'magno
890 4115 1089 4171 indicio
1128 4124 1213 4171 est
1253 4116 1377 4185 quia
1417 4118 1732 4172 calumniari
1760 4127 1967 4174 tantum
1993 4135 2089 4174 vo-

498 4208 613 4263 lunt
638 4208 714 4263 illi
756 4209 893 4275 viro,
922 4220 1103 4265 etnon
1132 4210 1412 4265 attendere
1455 4211 1596 4280 quod
1637 4228 1810 4281 neque
1853 4214 1922 4268 ab
1968 4216 2088 4271 aliis

497 4302 768 4370 episcopis
799 4302 868 4356 de
916 4304 1191 4372 impietate
1221 4314 1504 4357 accusatus
1533 4315 1645 4372 est,
1676 4315 1770 4361 aut
1790 4307 1859 4363 de
1879 4309 2089 4376 episco-

497 4401 623 4461 patu
651 4392 912 4463 dejectus,
944 4395 1084 4449 sicut
1104 4396 1189 4449 isti
1220 4396 1287 4450 de
1311 4396 1567 4450 clericatu
1591 4413 1606 4460 ;
1633 4414 1804 4467 neque
1824 4399 1915 4455 ille
1945 4401 2090 4457 velut

2193 3222 2375 3275 functa
2404 3233 2486 3278 est
2506 3264 2521 3281 .
2548 3239 2614 3278 ex
2646 3226 3029 3282 communione
3065 3226 3087 3257 ⁸
3120 3227 3424 3297 religiosius
3466 3231 3789 3288 aestimatur.

2192 3310 2305 3366 lloc
2333 3322 2417 3367 est
2444 3314 2587 3367 enim
2616 3314 2755 3382 quod
2781 3315 2856 3369 ait
2895 3333 2909 3369 :
2942 3317 2999 3372 Si
3022 3317 3165 3371 enim
3184 3319 3383 3389 aliquid
3412 3320 3640 3378 istorum
3666 3338 3790 3379 sen-

2192 3406 2336 3469 tiret,
2353 3406 2434 3459 vel
2459 3407 2526 3460 de
2549 3407 2612 3461 iis
2625 3423 2744 3476 quae
2766 3409 2982 3477 scripsit
3002 3411 3407 3468 excusationem
3428 3429 3535 3469 non
3560 3416 3785 3484 faceret,

2190 3494 2306 3549 sine
2327 3496 2675 3566 ambiguitate
2715 3499 2877 3553 etiam
2913 3500 3027 3569 ipse
3075 3502 3271 3556 similia
3313 3513 3630 3573 pateretur:
3667 3517 3787 3563 tan-

2190 3602 2349 3656 quam
2373 3588 2559 3643 dicens
2584 3607 2596 3641 :
2628 3588 2744 3644 Non
2773 3591 2913 3659 quod
2946 3592 2997 3645 in
3016 3592 3193 3647 verbis
3229 3597 3671 3653 sonatdebemus
3702 3609 3784 3654 at-

2191 3680 2438 3743 tendere,
2452 3680 2555 3735 sed
2580 3681 2801 3737 credere
2822 3683 3000 3753 potius
3022 3685 3090 3741 de
3113 3686 3354 3743 Ecclesia
3378 3690 3600 3758 Christi,
3625 3709 3787 3763 quam

2204 3772 2339 3839 regit
2365 3774 2480 3841 ipse
2507 3774 2596 3843 qui
2628 3777 2890 3845 sanguine
2932 3793 3030 3833 suo
3079 3780 3337 3847 redemit,
3380 3785 3636 3852 quoniam
3685 3788 3789 3844 nisi

2192 3861 2305 3916 haec
2355 3862 2492 3917 bona
2542 3865 2843 3922 intentione
2883 3869 3181 3936 proferret,
3215 3881 3308 3927 aut
3335 3873 3453 3929 aliis
3480 3878 3597 3944 ejus
3627 3878 3787 3935 dictis

2191 3954 2497 4010 auferretur
2523 3956 2784 4026 offensio,
2815 3960 2933 4016 sine
2977 3961 3144 4016 dubio
3200 3963 3486 4036 Dionysius
3510 3968 3564 4022 in
3592 3984 3656 4024 ea
3684 3986 3789 4026 non

2193 4052 2439 4099 maneret
2466 4048 2777 4117 episcopus.
2809 4048 2974 4119 Igitur
3004 4052 3329 4109 Athanasius
3348 4095 3365 4120 ,
3394 4058 3484 4126 qui
3523 4074 3629 4113 non
3674 4070 3787 4114 tan-

2193 4141 2305 4187 tum
2332 4133 2481 4188 verbi
2514 4135 2779 4203 doctrina,
2802 4148 3059 4206 quantum
3092 4142 3456 4210 passionibus,
3488 4148 3642 4203 trime
3665 4151 3789 4204 uni-

2197 4226 2321 4280 tatis
2337 4235 2455 4280 erat
2484 4237 2744 4294 assertor,
2777 4237 2832 4284 et
2855 4230 3008 4298 cujus
3041 4239 3154 4287 tota
3182 4234 3289 4288 vita
3316 4238 3632 4307 martyrium
3671 4240 3788 4310 fuit,

2195 4318 2512 4373 auctoritati
2571 4334 2631 4374 se
2683 4320 2862 4375 subdit
2908 4322 3194 4389 Ecclesiae,
3248 4332 3305 4380 et
3346 4326 3487 4396 quod
3539 4328 3789 4399 Dionysio

2198 4412 2628 4468 communicavit
2656 4428 2827 4482 usque
2876 4414 2930 4469 in
2983 4415 3182 4482 ﬁnem,
3229 4417 3333 4472 hoc
3377 4419 3550 4475 solum
3588 4421 3788 4491 judicat

502 4484 771 4541 δωΐεεεῐη
798 4485 1115 4554 ἀθῖειιάθηεν
1140 4487 1208 4541 de
1238 4488 1475 4543 Εοοίοδίθ
1505 4489 1777 4558 discessu,
1804 4493 1901 4548 Sed
1925 4494 1977 4548 in
1999 4510 2087 4550 θει-
2121 4530 2175 4589 D
2204 4507 2321 4576 ejus
2352 4506 2655 4576 purgationi
2683 4506 2950 4573 sufficere,
2978 4508 3049 4562 ita
3078 4518 3134 4563 ut
3163 4509 3311 4564 illum
3343 4527 3439 4579 pro
3464 4484 3658 4569 talibus
3684 4515 3785 4569 dic-

570 4670 598 4699 ι
626 4661 758 4717 Tota
791 4662 1027 4734 Dionysii
1056 4667 1347 4732 accusatio,
1372 4678 1429 4723 ut
1459 4671 1779 4727 Athanasius
1805 4678 1854 4729 ἐν
1879 4685 1943 4734 τῆ
1968 4681 2095 4733 ἁπο-

496 4732 641 4817 λονχίᾳ
668 4735 799 4817 ᾇπέρ
828 4732 1080 4817 Διονίυσίᾳυ
1112 4737 1394 4817 sitia-"zonae
1422 4741 1794 4817 Ἀλεξανδρείας
1822 4732 1998 4811 docet,
2026 4750 2095 4802 ab

496 4804 721 4873 epistola
748 4804 905 4885 quam
931 4816 1114 4885 contra
1139 4808 1428 4885 Sabellium
1446 4804 1743 4885 scripserat
1760 4816 1825 4869 ad
1855 4804 2097 4885 Euphra-

498 4889 688 4955 norem
718 4884 773 4930 et
798 4879 1179 4955 Ammonium,
1209 4879 1278 4934 de
1311 4897 1411 4949 qua
1443 4879 1627 4955 Romae
1656 4900 1881 4955 purgare
1913 4879 1970 4942 se
1999 4905 2093 4943 co-

497 4954 652 5038 actus
673 4956 757 5002 est
776 4949 917 5029 apud
940 4948 1493 5038 Dion'ysium‘papam.
1520 4954 1573 5006 In
1598 4948 1671 5009 ea'
1687 4948 2097 5038 continebantur

500 5016 618 5071 haec
674 5016 851 5073 omnia
897 5036 1017 5095 quae
1062 5016 1457 5095 Facundns'ab
1502 5040 1568 5079 co
1610 5041 1889 5095 perperam
1952 5032 2095 5086 dicta

501 5098 911 5144 commemorat.
940 5091 1209 5170 Caeterum
1258 5093 1582 5170 Athanasius
1606 5091 1946 5170 :Dionysium
1982 5103 2097 5157 vult

500 5173 607 5241 non
653 5173 835 5243 errore
882 5172 973 5243 aut
1018 5164 1331 5243 ignorantia,
1364 5165 1458 5243 sed
1505 5166 1619 5243 χᾳτ¹
1659 5164 1935 5243 οἱκοῦομίαν
1980 5172 2095 5230 lucc

500 5228 783 5312 scripsisse
803 5228 1376 5312 contraSabellianos.
1401 5236 1628 5291 Basilius
1641 5254 1778 5312 vero
1806 5228 1965 5310 epist.
2000 5228 2093 5312 At,

499 5297 629 5353 dum
676 5301 730 5355 in
772 5303 1099 5357 contrarium
1136 5303 1328 5371 tondit,
1356 5312 1511 5361 κακοῦ
1540 5310 1686 5363 κακὸν
1727 5297 2013 5383 διαμῖεῖψαι,

583 5539 604 5618 ξ
633 5538 765 5618 god.
798 5540 1018 5618 Veron.,
1040 5545 1189 5618 nimis
1230 5548 1476 5618 di/ﬁcilia.

577 5610 601 5689 ξ
640 5608 787 5689 idem
814 5611 960 5689 cod._,
982 5615 1143 5689 verbis
1159 5621 1269 5689 ejus
1284 5608 1579 5679 ostendam.

568 5677 601 5751 "
639 5678 785 5735 Idem
838 5682 985 5752 cod.,
1037 5677 1213 5756 fallere
1269 5677 1577 5751 moliuntur.
1620 5692 1804 5752 στω
1841 5711 1947 5754 vox
1999 5710 2084 5758 cst

2197 4684 2641 4771 irtcautenlapsum
2668 4696 2837 4771 pultat.
2868 4688 3178 4771 Ἀνειϐςιίνωγ
3198 4696 3298 4771 γάρ
3323 4694 3578 4771 magna
3605 4698 3784 4770 inquit,

2196 4763 2259 4829 τῇ
2294 4756 2509 4833 (Euserio:
2552 4764 2645 4812 τοῦ
2669 4760 2893 4833 κΛίϐυοςε
2926 4759 3101 4816 ἔλαθεν
3143 4756 3322 4819 Eant-.610
3352 4756 3783 4833 siccatum-io;

2200 4827 2343 4905 κᾲῖεδν
2383 4827 2495 4905 ὖ-τῖδ
2525 4836 2615 4887 τῆς
2659 4827 2788 4905 ἆγᾳν
2832 4830 3112 4905 φιλοτιμίας
3146 4827 3470 4905 ὑπενεχθείς.
3502 4839 3575 4893 De
3604 4851 3784 4896 eventu

2203 4896 2365 4949 etiam
2394 4895 2864 4964 discrepant'inte'r
2890 4916 2972 4956 se.
2993 4895 3128 4957 Nam
3159 4895 3384 4961 Basilius
3409 4895 3631 4963 Περι-θεῖε
3654 4895 3783 4966 Ano-

2204 4980 2431 5046 romana:
2474 4969 2677 5046 semina
2715 4970 3177 5046 jecissealﬁrmat
3201 4976 3531 5046 Dionysium.
3562 4982 3784 5037 Athana-

2203 5036 2318 5124 sius
2357 5049 2542 5124 contra
2586 5036 2870 5124 immerito.
2907 5036 3402 5124 Arianosépo'tiog'aa
3432 5055 3515 5124 xgti
3543 5036 3783 5124 ὁμόφρονῤ

2203 5109 2488 5163 sententia:
2508 5123 2637 5192 "sua:
2655 5111 3104 5192 .astipnlatorenr
3125 5109 3336 5182 jactare
3354 5119 3429 5173 ait
3460 5109 3782 5192 Dionysium,

2202 5191 2323 5251 cum
2362 5193 2430 5251 ex
2471 5179 2599 5251 aliis
2617 5180 2737 5249 ejus
2764 5179 2976 5250 scriptis
3018 5179 3300 5251 deberent,
3327 5203 3432 5244 non
3462 5205 3529 5245 ex
3564 5179 3661 5247 hac
3690 5179 3781 5248 una

2201 5248 2469 5329 epistola,‘
2476 5249 2545 5305 de
2571 5248 2715 5329 illius
2746 5252 2859 5329 ﬁde
2875 5248 3226 5324 doctrinaque
3256 5248 3435 5315 facere
3458 5261 3737 5329 judicium.

2273 5317 2300 5398 ¹έ
2341 5318 2397 5398 ἔη
2426 5318 2639 5398 ἕτερον
2672 5321 2926 5398 διελέγξω,
2960 5317 3220 5398 coargziet.

2278 5397 2298 5424 ε
2341 5388 2397 5441 ln
2421 5388 2945 5465 Grazconrpopa'i'am,
2964 5388 3339 5467 exculvationes,
3369 5403 3455 5458 vel
3475 5406 3778 5464 occasiones.

2196 5574 2599 5696 nigrm)va
2616 5574 2755 5645 apud
2774 5576 3121 5635 Athanasium
3153 5580 3209 5636 in
3235 5582 3461 5653 epistola
3489 5585 3553 5641 de
3594 5598 3768 5642 semen

2345 5663 2550 5696 tonus".

2217 5661 2268 5697 ra
2295 5661 2550 5715 monysu.

2270 5713 2291 5744 “
2329 5716 2470 5773 Idem
2493 5717 2636 5786 cod.,
2667 5721 3024 5779 communioné
3054 5722 3300 5786 Ecclesia:
3322 5726 3624 5798 religiosius.
