4104 6360
319 340 425 396 785

1212 336 1346 391 rso
1385 318 1816 393 nar‘susrons
1856 331 2068 389 rmuu
2103 329 2419 387 cmruc.
2466 327 2597 386 LIB.
2641 330 2705 387 x.

3491 317 3608 379 ’186

321 458 392 511 tis
424 466 529 508 non
553 447 918 506 condemnare
945 447 1090 516 dico,
1111 463 1299 505 verum
1322 465 1421 505 nec
1436 450 1630 506 leviter
1652 450 1873 520 culpare
1903 450 1921 480 ¹
1954 451 2003 512 Α
2035 450 2159 505 dem
2192 451 2371 505 verbis
2400 450 2594 520 quibus
2616 448 2827 504 Arianis
2880 444 2968 501 ille
3018 445 3315 516 respondit,
3345 459 3444 516 ego
3482 459 3613 514 quo-

322 552 654 618 prmsumat;
684 543 861 598 sciens
909 541 1160 612 quoniam
1206 542 1255 596 si
1308 545 1409 597 hoc
1464 543 1684 607 faceret,
1728 551 1916 607 totam,

325 656 445 712 qua:
494 638 567 693 illi
598 636 1034 702 communicavit,
1073 635 1317 704 culparet
1369 637 1685 692 Ecclesiam.
1722 636 1790 691 Et
1828 652 1922 691 ne-

325 732 441 786 scio
466 730 579 801 qui,
607 742 743 798 quos
758 727 961 781 utinam
989 741 1113 782 vere
1144 728 1495 791 nesciremus,
1523 729 1867 798 praedicatum
1890 743 1921 783 a

328 823 491 876 tantis
536 818 785 874 Patribus
825 818 1165 873 Theodorum
1202 819 1256 873 in
1296 820 1770 889 reprehensionem
1815 818 1919 874 Ec.

326 916 507 970 clesiaa
554 912 915 969 condemnare
961 918 1327 981 prmsumunt,
1357 920 1412 965 et
1439 912 1655 981 insuper
1682 919 1923 967 sanctam

328 1006 618 1078 synodum,
651 1004 793 1075 quod
838 1004 941 1059 hoc
992 1019 1098 1059 non
1148 1004 1547 1073 praesumpserit
1603 1002 1926 1058 criminari?

329 1098 468 1166 Quid
492 1107 575 1153 est
596 1106 774 1151 autem
805 1095 951 1166 quod
978 1096 1029 1150 in
1056 1094 1151 1151 illo
1170 1095 1538 1151 inexcusabile
1557 1095 1668 1164 jam
1698 1097 1920 1150 iuvene-

330 1198 474 1253 rant,
506 1190 550 1242 si
578 1187 629 1241 in
677 1186 936 1258 Dionysio
970 1187 1141 1255 potuit
1173 1188 1442 1254 excusari,
1476 1186 1619 1257 quod
1657 1189 1917 1242 facturam

330 1297 456 1337 esse
502 1280 632 1335 dicit
679 1278 874 1335 Filium
912 1281 1029 1347 Dei,
1054 1290 1108 1335 et
1127 1290 1441 1337 extraneum
1470 1282 1538 1336 ab
1565 1282 1797 1337 essentia
1824 1281 1927 1335 Pa-

333 1376 453 1439 tris,
486 1382 541 1427 et
569 1375 690 1443 quia
740 1390 845 1429 nou
897 1384 1015 1429 erat
1045 1383 1333 1443 antequam
1379 1374 1557 1440 ﬁeret,
1590 1389 1713 1428 cum
1741 1374 1927 1428 Patres

338 1466 480 1537 apud
527 1464 761 1520 Nicaeam
800 1466 1375 1521 anathematizaverint
1428 1481 1524 1521 eos
1567 1467 1656 1534 qui
1700 1464 1929 1519 dicunt:

334 1560 464 1612 Erat
492 1557 707 1627 quando
732 1572 836 1612 non
861 1567 1011 1624 erat,
1045 1567 1100 1613 et
1155 1567 1440 1628 antequam
1472 1563 1791 1611 nasceretur
1823 1571 1930 1610 non

335 1658 495 1714 erat;
528 1658 582 1703 et
606 1650 695 1718 qui
736 1649 919 1703 dicunt
966 1634 1169 1704 factum
1201 1648 1287 1704 vel
1316 1664 1385 1704 ex
1414 1649 1518 1702 alia
1548 1649 1781 1703 essentia
1810 1661 1935 1702 esse

345 1741 541 1795 Filium
566 1740 699 1795 Dei?
728 1740 837 1796 Sed
888 1740 1235 1804 Athanasius,
1269 1740 1350 1794 vir
1398 1753 1591 1809 magna
1634 1739 1842 1794 ratione
1882 1745 1937 1791 et

2025 560 2129 613 que
2184 545 2302 598 istis
2354 559 2449 611 pro
2505 541 2789 598 Theodoro
2836 540 3209 610 Mopsuesteno
3231 538 3609 608 respondeam,

2026 639 2213 694 dicens
2244 657 2255 691 :
2288 638 2656 708 Nequidquam
2681 636 2761 691 illi
2786 638 2904 692 viro
2950 634 3373 701 calumniamini,
3404 633 3493 704 qui
3516 648 3615 688 ne-

2028 749 2131 803 que
2160 733 2229 789 ab
2251 732 2372 788 aliis
2401 732 2668 801 episcopis
2696 731 2764 787 de
2793 732 3066 802 impietate
3087 738 3369 787 accusatus
3396 738 3499 798 est,
3522 735 3643 807 aut“

2027 824 2097 880 de
2124 824 2437 893 episcopatu
2474 822 2737 891 dejectus,
2767 822 2907 877 sicut
2954 822 3253 886 Nestorius,
3306 834 3481 889 neque
3528 819 3620 873 ille

2026 915 2175 970 velut
2200 914 2461 969 haeresem
2504 913 2799 968 defendens
2828 912 2894 966 ab
2927 912 3167 967 Ecclesia
3223 909 3491 974 discessit,
3522 905 3619 961 sed

2028 1009 2083 1063 in
2112 1009 2298 1064 eadem
2323 1007 2461 1063 bene
2482 1005 2767 1062 defunctus
2788 1014 2889 1061 est.
2916 1004 2974 1060 Si
2990 1005 3133 1059 enim
3163 1003 3363 1071 aliquid
3390 1005 3616 1056 istorum
3664 1060 3667 1061 ν

2030 1100 2277 1165 sentiret,
2301 1097 2385 1153 vel
2432 1097 2500 1154 de
2552 1097 2635 1151 his
2675 1110 2796 1166 qua:
2840 1095 3052 1164 scripsit
3080 1095 3478 1149 excusationem
3511 1106 3619 1145 non

2034 1193 2262 1257 faceret,
2290 1191 2409 1245 sine
2452 1187 2803 1259 ambiguitate
2848 1186 3008 1240 etiam
3057 1187 3171 1254 ipse
3197 1184 3389 1239 similia
3413 1191 3624 1251 patere«

2034 1295 2142 1339 tur.
2183 1283 2238 1337 lu
2284 1283 2403 1337 aliis
2432 1296 2644 1351 quoque
2673 1278 3041 1349 responsionis
3096 1276 3214 1345 ejus
3256 1275 3499 1329 ordinem
3548 1282 3626 1327 te-

2036 1391 2194 1442 nens,
2220 1375 2415 1429 iterum
2441 1373 2639 1438 dicam,
2672 1372 2798 1440 quia
2821 1370 2959 1425 sicut
3006 1368 3107 1423 ista
3137 1367 3353 1435 scripsit
3374 1365 3625 1421 Theodo-

2036 1480 2153 1531 rus,
2191 1467 2261 1519 ita
2287 1467 2449 1521 etiam
2483 1466 2590 1519 alia
2617 1463 2845 1533 plurima
2875 1462 3108 1531 scripsit,
3140 1471 3193 1514 et
3223 1468 3433 1526 oportet
3456 1468 3552 1511 vos
3576 1464 3632 1511 et

2036 1559 2125 1613 illa
2154 1558 2354 1626 legere,
2375 1566 2432 1610 ut
2459 1572 2526 1611 ex
2557 1555 2828 1620 omnibus,
2858 1562 2915 1608 et
2944 1568 3050 1607 non
3091 1566 3156 1606 ex
3197 1551 3332 1615 istis,
3361 1549 3495 1604 fides
3522 1547 3622 1602 viri

2040 1648 2191 1702 illius
2216 1655 2555 1716 agnoscatur.
2587 1645 2653 1700 Et
2682 1642 2951 1714 proferam
2974 1642 3092 1711 ejus
3116 1639 3281 1694 multa
3305 1637 3623 1692 Nestoriano

2038 1737 2214 1793 errori
2241 1737 2531 1802 contraria,
2571 1736 2641 1789 de
2699 1734 2895 1803 quibus
2922 1746 3088 1803 pauca
3145 1731 3293 1785 libris
3334 1728 3548 1797 alligavi
3581 1726 3625 1781 ⁸.

342 1832 607 1901 gravitate
635 1832 994 1895 fuudalus,~et
1038 1833 1121 1885 cui
1171 1840 1421 1900 tauquam
1453 1829 1933 1899 experientissimo
1966 1836 2016 1896 Β
2046 1832 2417 1885 Demonstrem
2446 1844 2577 1884 vero
2607 1826 2710 1882 illis
2731 1836 2786 1883 et
2814 1840 3030 1881 causam
3062 1839 3159 1878 cur
3186 1824 3306 1877 talia
3329 1821 3627 1891 scripserit,

342 1923 465 1978 duci
489 1936 696 1977 summa
724 1922 911 1992 praelia
950 1921 1207 1977 adversus
1237 1922 1419 1976 hostes
1453 1920 1705 1977 Ecclesia:
1737 1921 1934 1974 merito

342 2015 715 2080 crederentur,
750 2023 973 2071 noverat
1002 2015 1133 2084 ipsis
1175 2016 1502 2071 exercitatus
1554 2015 1803 2083 periculis
1828 2015 1934 2066 ha!-

347 2108 639 2162 reticorum
697 2106 936 2162 fallacias
982 2107 1276 2176 prudenter
1324 2107 1593 2175 excipere.
1619 2107 1752 2161 Nam
1781 2114 1835 2161 et
1864 2106 1939 2161 illi

351 2215 459 2253 non
492 2200 721 2267 minore,
754 2201 863 2255 imo
892 2199 1169 2255 callidiore
1189 2200 1649 2266 astutia,incautis
1681 2199 1939 2269 frequen-

347 2298 427 2346 ter
476 2290 735 2355 illudunt,
766 2301 825 2344 ut
854 2305 987 2360 quos
1033 2292 1086 2345 in
1122 2292 1359 2347 Ecclesia
1392 2291 1678 2357 catholica,
1710 2291 1860 2347 velut
1888 2291 1941 2345 in

353 2385 546 2437 castris
566 2384 842 2452 cujusdam
874 2398 1081 2453 magnae
1102 2384 1414 2452 reipublicae
1460 2383 1730 2452 sapientes
1756 2391 1810 2435 et
1830 2382 1945 2435 for-

350 2482 430 2527 tes
460 2473 713 2537 viderint,
739 2488 805 2527 ne
845 2472 1059 2528 illorum
1110 2473 1195 2527 vel
1240 2472 1468 2528 consilio
1524 2471 1830 2536 credamus,
1856 2471 1943 2525 vel

352 2562 731 2618 confirmentur
753 2563 1021 2631 exemplo,
1044 2563 1165 2633 quia
1197 2578 1327 2618 suos
1351 2563 1529 2618 facere
1551 2578 1657 2616 non
1693 2571 1939 2631 possunt,

360 2656 442 2710 vel
470 2657 625 2711 nobis
655 2656 852 2711 faciant
877 2670 998 2712 esse
1026 2666 1326 2725 suspectos.
1358 2656 1425 2711 Et
1452 2656 1524 2711 ob
1552 2656 1654 2711 hoc
1689 2656 1803 2721 ille,
1838 2670 1947 2710 non

356 2751 501 2807 velut
543 2749 759 2820 quidam
799 2750 957 2816 levis,
987 2757 1149 2819 atque
1184 2750 1251 2803 ad
1278 2750 1458 2804 omnia
1485 2752 1506 2781 ²
1548 2765 1737 2806 eorum
1761 2749 1951 2805 factio-

358 2846 515 2900 nibus
543 2844 858 2900 movebatur
892 2860 906 2897 :
941 2852 999 2897 ut
1020 2842 1472 2912 quemadmodum
1496 2843 1752 2898 malitiosi
1788 2856 1852 2896 ac
1888 2841 1955 2896 ti-

360 2935 512 3001 midi,
546 2942 602 2990 et
631 2944 739 2990 tam
763 2933 1016 2988 malitiosi
1055 2948 1219 3003 quam
1267 2932 1461 2998 timidi,
1494 2933 1659 2988 duces
1687 2932 1955 2987 exercitus

364 3026 564 3091 solent,
587 3026 710 3095 quia
740 3025 1055 3095 Dionysium
1103 3024 1291 3079 Ariani
1340 3022 1509 3078 videri
1550 3024 1652 3079 sibi
1680 3022 1955 3078 conscium

362 3118 614 3173 volebant
645 3124 701 3171 et
745 3115 999 3180 amicum,
1028 3130 1152 3170 eum
1207 3114 1500 3170 crudeliter
1525 3122 1579 3171 et
1601 3123 1804 3170 temere
1828 3126 1960 3169 con-

2042 1930 2099 1976 et
2126 1921 2345 1976 doceam
2374 1920 2515 1990 quod
2545 1926 2733 1974 contra
2770 1917 3115 1989 Syuusiastas
3138 1958 3153 1979 ,
3184 1917 3273 1984 qui
3302 1913 3633 1982 temporibus

2042 2013 2159 2082 ejus
2188 2013 2422 2068 maxime
2447 2011 2748 2075 fervebant,
2772 2009 3077 2075 ubicunque
3108 2008 3319 2061 inventa
3350 2006 3635 2059 occasione

2044 2106 2285 2162 securius
2312 2104 2439 2158 talia
2470 2104 2808 2174 loquebatur,
2840 2101 3068 2156 necdum
3100 2116 3164 2154 ex
3196 2100 3415 2152 diverso
3442 2090 3633 2152 Nesto-

2045 2198 2110 2251 rii
2140 2196 2463 2251 sollicitante
2485 2195 2728 2275 perfidia.
2761 2195 2823 2248 Et
2851 2193 2981 2249 mihi
3011 2192 3224 2262 quidem
3244 2230 3259 2255 ,
3288 2189 3375 2244 vel
3422 2188 3639 2257 quibus-

2049 2307 2153 2362 que
2173 2291 2472 2360 catholicis,
2504 2291 2619 2345 haec
2635 2289 2748 2345 sola
2770 2297 2959 2345 contra
2978 2286 3325 2342 Nestorianos
3346 2283 3636 2347 sufficient,

2046 2397 2169 2452 quae
2219 2396 2411 2451 magno
2459 2380 2753 2436 Athanasio
2780 2387 2967 2434 contra
3015 2378 3245 2432 Arianos
3273 2375 3365 2428 illo
3397 2382 3641 2441 tempore

2050 2475 2402 2531 suffecerunt.
2437 2475 2568 2541 Quae
2589 2483 2768 2529 autem
2812 2488 2911 2527 nos
2945 2471 3174 2540 amplius
3226 2468 3519 2522 habeamus
3542 2479 3640 2534 pro

2051 2566 2360 2632 Theodoro,
2385 2580 2545 2635 quam
2572 2564 2897 2620 Athanasius
2921 2578 3019 2633 pro
3044 2562 3299 2633 Dionysio
3323 2559 3528 2624 habuit,
3549 2571 3638 2611 os-

2052 2658 2273 2714 tendere
2296 2698 2311 2724 ,
2337 2657 2467 2727 quin
2489 2657 2670 2727 potius
2693 2665 2913 2712 ostensa
2943 2667 3370 2710 commemorare
3401 2665 3506 2706 non
3535 2646 3645 2704 dif-

2052 2748 2243 2802 feram.
2269 2746 2511 2803 Providit
2550 2748 2693 2802 enim
2747 2745 3115 2802 misericordia
3162 2745 3391 2809 Domini,
3425 2741 3509 2796 vel
3549 2755 3648 2810 pro

2055 2849 2239 2895 nostra
2272 2840 2508 2906 inscitia,
2536 2838 2628 2909 qui
2658 2838 2840 2896 minus
2891 2837 3101 2892 habiles
3137 2835 3203 2890 ad
3250 2832 3647 2890 defendendum

2057 2946 2266 2997 sumus,
2292 2932 2375 2986 vel
2422 2946 2522 3001 pro
2564 2930 2862 2998 pertinacia
2893 2930 3309 2991 contrariorum,
3343 2926 3436 2996 qui
3482 2925 3652 2981 mani-

2059 3025 2212 3079 festa:
2261 3023 2453 3079 nolunt
2501 3024 2848 3093 acquiescere
2876 3022 3110 3088 veritati,
3135 3029 3193 3075 ut
3214 3019 3382 3075 multo
3415 3016 3655 3088 pluribus

2063 3118 2239 3174 modis
2270 3115 2590 3173 Theodorus
2638 3113 2895 3171 excusari
2944 3130 3103 3185 quam
3134 3114 3420 3185 Dionysius
3446 3121 3653 3182 posset.

354 3209 665 3273 'demnaret,
689 3218 742 3262 et
772 3223 930 3278 quem
958 3222 1143 3264 secum
1192 3219 1645 3278 propugnatorem
1692 3208 1951 3263 adversus
1980 3206 2029 3271 C
2060 3208 2211 3278 Quod
2242 3207 2387 3263 enim
2428 3223 2527 3263 nos
2571 3206 2883 3273 asserimus,
2910 3206 3046 3262 adeo
3090 3206 3359 3262 diversum
3413 3205 3577 3261 fuisse
3621 3218 3655 3259 a

372 3300 561 3355 hostes
607 3298 869 3366 habebat,
921 3313 952 3352 a
1011 3298 1323 3353 caelestibus
1375 3301 1566 3353 castris
1622 3298 1953 3355 excluderet.

365 3392 521 3446 llunc
551 3392 729 3460 itaque
754 3390 1122 3446 doctissimum
1157 3400 1317 3459 atque
1357 3391 1756 3447 sanctissimum
1783 3392 1957 3447 virum

369 3482 594 3550 imitari,
628 3482 1048 3537 clementissime
1082 3481 1408 3551 imperator,
1439 3482 1596 3552 hujus
1616 3483 1882 3538 rationem
1908 3490 1963 3537 et

368 3574 513 3629 circa
562 3587 745 3642 pacem
788 3571 1047 3627 Ecclesia:
1068 3572 1465 3628 observantiam
1494 3573 1647 3643 sequi
1674 3572 1956 3628 debemus.

368 3666 500 3722 Nam
530 3665 744 3721 illorum
802 3664 1109 3720 deridemus
1164 3665 1538 3721 crudelitatem
1569 3665 1657 3734 qui
1684 3664 1750 3719 ad
1774 3665 1964 3721 defen-

372 3756 607 3813 dendum
639 3772 764 3811 suos
792 3756 992 3826 ignavi,
1025 3756 1093 3810 ad
1149 3756 1615 3811 condemnandum
1656 3770 1784 3811 vero
1814 3756 1963 3811 festi-

371 3849 449 3916 ni,
473 3849 540 3903 de
586 3848 1007 3918 reprehensione
1048 3847 1312 3916 majorum
1340 3844 1752 3915 ignominiosam
1773 3858 1829 3900 et
1854 3844 1964 3898 hae-

371 3941 551 3996 reticis
581 3954 920 3995 communem
952 3938 1175 4007 gloriam
1205 3947 1443 4006 captant.
1472 3936 1605 3991 Nam
1629 3935 1790 3991 credo
1813 3934 1963 4004 quod

374 4035 655 4104 magistros
687 4032 890 4087 militiae
920 4042 1023 4085 tua:
1056 4029 1193 4084 hanc
1220 4029 1275 4083 in
1300 4031 1495 4083 castris
1518 4044 1545 4081 a
1572 4038 1625 4083 te
1654 4028 1757 4083 sibi
1789 4026 1966 4081 credi-

375 4127 443 4181 tis
482 4142 605 4196 erga
652 4125 886 4180 hostium
906 4124 1058 4180 dolos
1089 4133 1141 4178 et
1162 4137 1380 4178 suorum
1398 4122 1761 4177 defensionem
1783 4130 1966 4175 caute-

376 4220 481 4274 lam
504 4219 781 4287 pra-cipias
804 4219 1118 4283 observare,
1148 4230 1308 4286 quam
1324 4212 1794 4284 magistermilitire
1814 4211 1967 4267 Chri-

376 4311 443 4365 sti
485 4311 808 4365 Athanasius
859 4309 1164 4364 observavit
1196 4325 1210 4362 :
1238 4315 1293 4362 et
1321 4306 1441 4362 ideo
1487 4321 1591 4361 non
1639 4306 1829 4375 dignos
1864 4305 1970 4360 exi-

377 4403 567 4458 stimes
590 4403 957 4458 Ecclesiarum
989 4401 1085 4456 Dei
1115 4401 1455 4471 praepositos,
1489 4400 1673 4470 quales
1700 4401 1742 4453 si
1767 4408 1966 4453 castro-

379 4510 495 4549 rum
518 4503 729 4550 tuorum
758 4495 1006 4556 haberes,
1038 4494 1313 4564 judicares
1345 4492 1615 4563 indignos.
1639 4492 1789 4547 Nunc
1819 4505 1967 4561 ergo,

2066 3300 2338 3358 Theodori
2394 3316 2563 3355 sensu.
2626 3298 2934 3355 Nestorium
2963 3339 2978 3363 ,
3030 3307 3089 3352 ttt
3140 3313 3169 3352 a
3218 3295 3660 3354 reverentissimo

2064 3393 2272 3449 Joanne
2322 3391 2659 3448 Antiocheno
2710 3391 3020 3445 admonitus
3047 3392 3091 3456 ⁸,
3118 3406 3224 3446 non
3279 3406 3444 3444 ausus
3499 3387 3659 3444 fuerit

2066 3487 2329 3544 dictorum
2353 3487 2495 3541 illius
2520 3485 2838 3541 testimoniis
2862 3498 2957 3539 sua
2981 3486 3120 3540 tnale
3148 3485 3291 3539 dicta
3316 3482 3610 3538 defendere
3641 3498 3657 3537 :

2066 3580 2210 3650 quod
2242 3579 2428 3648 utique
2462 3594 2566 3633 non
2597 3578 2907 3646 omitteret,
2941 3578 3044 3633 nisi
3065 3577 3318 3632 catholici
3347 3577 3441 3631 viri
3465 3576 3663 3631 doctri-

2067 3687 2195 3726 nam
2226 3671 2558 3727 contrariam
2596 3670 2700 3725 sibi
2731 3669 2962 3725 videret.
2997 3670 3192 3725 Beatus
3224 3670 3553 3723 Athanasius
3575 3666 3662 3721 ni-

2069 3760 2144 3817 hil
2175 3762 2281 3816 tale
2305 3762 2359 3815 in
2392 3760 2768 3816 defensionem
2798 3760 3122 3815 venerabilis
3153 3760 3386 3828 Dionysii
3417 3759 3556 3827 quod
3577 3758 3661 3812 di-

2068 3860 2216 3906 ceret
2244 3851 2433 3906 habuit
2465 3868 2481 3904 :
2511 3851 2637 3919 quia
2667 3866 2772 3905 non
2795 3850 2935 3905 sicut
2956 3849 3226 3904 Theodori
3256 3849 3556 3913 Nestorius,
3591 3849 3663 3908 ita

2069 3942 2311 4013 Dionysii
2356 3944 2514 3997 Arius
2549 3942 2801 4011 exemplo
2824 3942 3000 3997 fuerat
3024 3943 3330 3997 admonitus
3372 3952 3427 3998 et
3480 3943 3663 3997 convi-

2068 4044 2207 4091 Ctus.
2229 4035 2429 4090 Deinde
2449 4036 2592 4103 quod
2606 4035 2924 4091 Theodorus
2944 4037 3085 4092 ultro
3106 4036 3455 4106 semetipsum
3479 4050 3665 4105 repre-

2071 4124 2313 4180 hendens
2358 4126 2412 4179 in
2466 4126 2803 4194 expositione
2852 4126 3206 4193 psalmorum,
3253 4128 3531 4181 confessus
3584 4136 3669 4180 est
3714 4154 3723 4161 -

2069 4216 2210 4285 quod
2245 4216 2577 4286 negligenter
2606 4232 2635 4271 a
2667 4232 2725 4271 se
2755 4216 3049 4284 composita
3094 4216 3291 4271 fuerint
3334 4216 3585 4283 plurima,
3609 4226 3667 4270 et

2071 4311 2301 4367 maxime
2332 4312 2418 4367 illa
2449 4326 2567 4382 qua:
2597 4312 2763 4380 prima
2790 4320 2956 4376 sunt,
2988 4321 3040 4364 et
3072 4311 3213 4379 quod
3271 4310 3539 4381 perhibuit
3564 4310 3664 4364 ali-

2071 4418 2175 4473 qua
2205 4404 2259 4458 in
2291 4419 2416 4459 suos
2459 4403 2625 4458 libros
2655 4402 2723 4456 ab
2754 4402 3132 4472 Apolinaristis
3165 4402 3428 4458 immissa.
3469 4402 3667 4458 Possu-

2072 4514 2192 4553 mus
2224 4512 2352 4568 ergo
2379 4495 2712 4552 Nestorianis
2753 4495 2931 4550 dicere
2987 4494 3128 4565 quod
3179 4509 3244 4549 ex
3283 4493 3389 4559 illis
3423 4494 3668 4563 plurimis

380 4586 426 4640 si
455 4586 586 4640 mihi
627 4585 932 4641 Nestoriani
960 4585 1198 4640 dixerint
1242 4602 1255 4638 :
1284 4585 1602 4640 Theodorus
1628 4584 1965 4654 Mopsueste-
1994 4595 2049 4656 1)
2073 4591 2405 4661 negligenter
2428 4589 2498 4644 ab
2527 4603 2593 4645 eo
2619 4588 2938 4659 compositis
2984 4588 3253 4643 credenda
3285 4588 3393 4642 sint
3416 4588 3503 4641 illa
3528 4587 3667 4655 ipsa,

381 4692 503 4745 nus,
526 4678 686 4747 quiet
712 4679 767 4731 in
796 4681 1105 4749 episcOpatu
1128 4677 1407 4733 defunctus
1434 4687 1539 4744 est,
1570 4685 1624 4732 ct
1656 4693 1763 4733 non
1789 4676 1966 4732 solum

382 4767 438 4822 iu
467 4768 691 4837 epistola
735 4784 895 4838 quam
950 4780 1135 4825 nostra
1164 4770 1186 4801 ³
1216 4771 1457 4842 synodus
1486 4770 1850 4840 pronuntiavit
1876 4785 1967 4823 or-

387 4857 697 4925 thodoxam,
729 4876 911 4916 verum
937 4864 1098 4916 etiam
1122 4864 1175 4916 in
1202 4864 1309 4917 illis
1330 4864 1574 4932 epistolis
1598 4878 1824 4932 quarum
1870 4877 1971 4915 au-

390 4952 638 5005 ctoritate
668 4950 891 5005 Romani
910 4952 1104 5006 Leonis
1126 4953 1479 5023 dogmaticam
1508 4954 1751 5008 defendit
1771 4955 1973 5022 episto-

390 5040 518 5108 lam,
544 5055 735 5108 magna
782 5040 1160 5109 praedicatione
1207 5044 1486 5110 laudatus,
1519 5045 1591 5098 ita
1639 5044 1707 5099 de
1756 5043 1975 5098 Christo

395 5131 843 5204 quemadmodum
874 5131 1151 5187 Nestorius
1199 5134 1392 5201 sensit,
1424 5144 1481 5189 et
1510 5134 1562 5186 iu
1608 5133 1976 5189 defensionem

392 5226 474 5280 sui
522 5224 806 5294 dogmatis,
849 5223 989 5278 sicut
1034 5223 1100 5278 de
1155 5225 1414 5295 Dionysio
1469 5226 1653 5281 Ariani
1710 5225 1974 5295 fecerunt,

396 5318 639 5389 quaedam
672 5317 736 5371 de
767 5316 921 5371 libris
944 5315 1060 5386 ejus
1082 5317 1313 5384 capitula
1342 5318 1410 5372 ad
1453 5316 1597 5371 aliud
1624 5318 1979 5383 intendenlia,

397 5420 451 5463 et
477 5412 735 5466 adversus
776 5409 910 5464 alios
951 5410 1253 5478 conscripta
1284 5410 1642 5479 protulerunt,
1673 5426 1791 5479 qua:
1843 5410 1983 5464 iudi—

399 5511 557 5570 geaut
581 5504 825 5557 excusari
855 5542 869 5567 ,
903 5502 1183 5557 confestim
1216 5501 1444 5558 formam
1466 5518 1625 5572 quam
1676 5503 1829 5556 nobis
1859 5503 1985 5556 bea-

404 5601 487 5646 tus
510 5595 831 5648 Athanasius
878 5594 943 5649 dc
985 5595 1238 5666 Dionysio
1262 5595 1512 5665 praebuit,
1541 5610 1759 5667 sequar,
1793 5604 1847 5649 et
1892 5594 1985 5649 iis-

486 5704 502 5734 ί
542 5704 672 5775 god.
706 5704 928 5769 Veron.,
961 5706 1140 5760 saltem
1164 5708 1389 5775 culpare.

479 5774 501 5806 ’
539 5768 683 5828 fdem
714 5777 861 5839 cod.,
889 5779 957 5829 ad
986 5780 1157 5832 omnia
1185 5768 1383 5837 mobilis
1411 5792 1601 5831 eorum.

484 5842 509 5877 ³
545 5845 690 5902 idem
717 5847 863 5912 cod.,
894 5858 1078 5902 vestra.

2072 4699 2192 4753 qua:
2224 4691 2411 4752 putant
2439 4696 2538 4736 suo
2574 4679 2808 4750 dogmati
2859 4678 3184 4745 convenire,
3219 4686 3311 4733 aut
3339 4694 3403 4732 ex
3436 4678 3516 4733 eis
3551 4692 3670 4748 qua

2074 4774 2463 4843 Apolinaristas
2510 4772 2563 4825 in
2614 4786 2740 4824 suos
2799 4770 2963 4824 libros
3010 4770 3300 4824 immisisse
3343 4778 3668 4838 conquestus

2077 4878 2177 4922 est.
2205 4866 2497 4921 Possumus
2513 4865 2673 4919 etiam
2690 4862 2930 4932 proferre
2954 4860 3169 4931 quodin
3189 4861 3375 4930 quinto
3395 4860 3462 4913 de
3486 4859 3667 4913 lucar-

2080 4959 2295 5013 natione
2341 4956 2479 5010 libro
2532 4955 2674 5010 idem
2706 4954 3030 5009 Theodorus
3062 4954 3157 5021 ait,
3190 4960 3245 5005 et
3271 4966 3369 5005 nos
3393 4951 3446 5003 in
3480 4957 3666 5005 nostro

2083 5048 2361 5116 superiore
2392 5045 2689 5114 posuimus,
2734 5046 2875 5115 quod
2900 5045 3200 5112 ubicunque
3228 5042 3293 5095 de
3323 5041 3535 5096 Christo
3562 5042 3669 5097 dis-

2085 5144 2276 5207 putans
2305 5135 2531 5187 alterum
2586 5144 2641 5189 et
2691 5135 2920 5190 alterum
2961 5133 3109 5196 dicit,
3143 5148 3249 5186 non
3295 5145 3542 5201 persona,
3574 5131 3669 5186 sed

2086 5235 2277 5280 natura
2304 5225 2528 5280 alterum
2561 5226 2725 5281 dicat.
2761 5227 2887 5280 Haec
2917 5224 3096 5279 omnia
3153 5239 3271 5291 qua:
3294 5223 3448 5277 nobis
3477 5237 3666 5290 super-

2084 5317 2380 5387 abundant,
2409 5320 2564 5376 healo
2610 5320 2901 5374 Athanasio
2928 5318 2992 5371 ad
3038 5315 3396 5370 excusandam
3432 5315 3674 5385 Dionysii

2089 5412 2375 5481 epistolam
2406 5413 2718 5468 defuerunt.
2749 5413 2917 5479 Quem
2949 5426 3069 5464 cum
3105 5410 3421 5480 Eutychiani
3455 5410 3536 5463 vcl
3569 5410 3670 5465 Se-

2091 5503 2472 5575 mieutychiani
2496 5503 2749 5572 Acephali
2766 5503 2983 5570 culpare
3008 5518 3113 5557 non
3136 5500 3387 5568 audeant,
3405 5501 3673 5569 quomodo

2088 5595 2583 5653 Chalcedonensem
2634 5593 2894 5665 Synodum
2947 5594 3181 5663 culpent,
3225 5608 3344 5663 qua:
3403 5593 3672 5649 Theodori

2158 5710 2179 5740 ⁸
2221 5708 2367 5764 Idem
2395 5708 2539 5773 cod.,
2569 5710 2711 5763 libris
2743 5707 3085 5778 superioribus
3116 5707 3353 5778 allegavi.

2160 5782 2181 5811 ⁵
2220 5783 2385 5836 idem.
2413 5779 2559 5849 cod.,
2581 5782 2811 5850 exemplo
2842 5780 2952 5849 ejus
2979 5781 3271 5834 admonitus
