4104 6360
344 187 473 246 789

1267 183 1403 241 PRO
1444 182 1866 240 DEFENSIONE
1899 180 2114 241 TRIUM
2153 184 2466 241 CAPl'l‘UL.
2510 185 2634 251 LIB.
2678 184 2744 241 Χ.

3546 188 3648 243 790

346 309 534 367 ratos,
568 301 703 354 hanc
727 299 1115 355 absolutionem
1135 298 1420 368 qumstioni
1490 295 1655 364 dedit,
1708 296 1961 366 quoniam
1994 297 2039 356 A
2070 310 2197 365 ergo
2228 296 2538 362 Athanasio,
2574 298 2687 351 haec
2716 298 2931 364 Basilio,
2961 298 3075 354 haec
3129 297 3330 354 Hilario
3370 307 3424 352 et
3471 301 3647 353 omni-

351 402 427 450 et
481 389 556 447 illi
624 391 922 460 octuaginta
987 401 1167 445 contra
1243 388 1554 444 haereticum
1609 388 1959 457 improbave-

356 490 494 539 runt
523 481 862 547 homousiou,
890 492 943 536 et
974 479 1195 535 trecenti
1219 480 1405 535 decem
1434 488 1487 535 et
1536 488 1657 535 octo
1686 478 1736 533 id
1786 478 1960 547 ipsum

356 582 555 629 contra
622 573 930 628 hmreticum
983 570 1369 643 probaverunt.
1406 570 1517 627 Hoc
1566 585 1778 641 quoque
1829 568 1964 640 adji-

358 668 516 722 cicns
545 665 678 735 (Sub
711 665 888 735 ﬁnem)
926 683 937 718 :
970 683 990 715 ‹
1023 666 1331 735 Cogitemus
1377 672 1452 719 tot
1481 662 1793 719 sacerdotes
1842 675 1967 719 san-

360 772 489 815 ctos
516 769 570 814 et
597 758 934 829 quiescentes
959 757 1068 828 jam
1104 777 1115 811 :
1148 758 1272 828 quid
1305 758 1372 813 de
1413 757 1569 812 nubis
1596 759 1697 813 erit
1727 758 1816 825 qui
1848 771 1963 811 rem

360 865 436 905 co
463 848 793 915 deducimus,
825 857 881 903 ut
905 848 1026 919 quia
1049 848 1288 918 episcopi
1312 861 1417 904 non
1439 846 1676 911 fuerunt,
1702 860 1800 902 nos
1827 860 1964 917 quo-

358 956 475 1012 que
508 955 607 997 nec
631 941 985 1012 coeperimus;
1010 941 1239 996 ordinati
1279 940 1419 997 enim
1466 940 1534 995 ab
1564 940 1645 995 his
1680 954 1886 1007 sumus,
1914 951 1967 995 et

357 1048 557 1089 eorum
601 1048 787 1090 sutnus
804 1033 1073 1088 successio
1122 1050 1135 1085 :
1191 1031 1562 1088 renuntiamus
1606 1029 1962 1103 episcopatui,

362 1126 493 1195 quia
526 1124 759 1180 ofﬁcium
773 1125 889 1196 ejus
910 1123 978 1180 ab
991 1124 1330 1181 anathemate
1358 1124 1769 1195 sumpserimus.
1812 1143 1832 1177 ο
1859 1122 1968 1179 Ve-

362 1230 490 1272 rum
525 1217 640 1271 hazc
662 1218 864 1283 omnia,
886 1230 1008 1287 quae
1036 1216 1125 1271 vel
1156 1216 1404 1284 privatim
1434 1229 1463 1269 a
1486 1215 1687 1271 sanctis
1718 1213 1971 1286 Dionysio

362 1317 531 1379 atque
543 1305 801 1378 Gregorio
824 1308 985 1375 dicta,
1006 1309 1091 1364 vel
1110 1308 1320 1380 publice
1338 1309 1391 1363 in
1408 1307 1636 1364 concilio
1655 1318 1686 1362 a
1705 1319 1971 1363 memora-

362 1400 439 1455 tis
459 1400 760 1469 octuaginta
784 1399 1029 1456 Patribus
1059 1401 1101 1467 ⁸,
1136 1415 1243 1457 non
1296 1409 1501 1457 tantum
1545 1400 1833 1456 excusandi
1877 1399 1971 1453 ha—

361 1489 499 1546 bere
537 1491 913 1546 difficultatem
962 1492 1229 1557 videntur,
1287 1492 1538 1563 quoniam
1598 1500 1722 1548 ante
1775 1490 1970 1546 defini-

364 1584 575 1640 tionem
602 1584 832 1640 Niczenaa
859 1586 1048 1657 synodi
1105 1585 1307 1656 prolata
1341 1586 1699 1657 reperiuntur.
1724 1584 1864 1640 lllud
1888 1592 1971 1640 est

2065 388 2164 445 bus
2192 390 2319 443 viris
2369 392 2567 445 sanctis
2597 390 2899 445 sollicitudo
2948 388 3069 456 fuit,
3117 405 3182 445 ne
3227 390 3451 459 culpatis
3504 391 3652 447 velut

2065 480 2335 535 haereticis
2361 481 2441 535 eis
2465 479 2554 549 qui
2585 482 2635 535 in
2669 479 2925 537 Ecclesiae
2949 495 3077 548 pace
3106 488 3266 550 atque
3306 478 3509 536 honore
3559 482 3653 537 de-

2066 572 2235 628 functi
2290 582 2436 641 sunt,
2467 578 2580 643 ipsa
2612 586 2729 641 quae
2770 574 2891 630 illos
2941 589 3137 645 magno
3189 574 3397 631 honore
3438 574 3650 646 dignata

2067 665 2406 722 estEcclesia
2434 666 2760 735 culparetur.
2792 668 2852 722 Et
2884 668 3005 724 ideo
3032 667 3115 723 vel
3144 668 3189 723 si
3220 666 3359 724 forte
3384 668 3657 724 invenian-

2068 766 2155 813 tur
2175 757 2337 826 aliqui
2367 755 2423 812 in
2446 754 2694 827 plurimis
2724 759 3024 827 approbati,
3054 760 3144 830 qui
3171 760 3421 816 eumdem
3473 758 3652 815 Theo-

2070 848 2259 904 dorum
2291 848 2548 905 damnent
2577 849 2722 905 velut
2780 851 3111 915 bmreticum,
3166 852 3267 908 hoc
3309 851 3657 922 probabiliter

2071 941 2311 1010 profecto
2342 958 2447 996 non
2498 941 2729 1005 iaciunt;
2758 956 2855 999 nec
2906 945 2959 998 in
2990 958 3058 998 eo
3104 944 3362 1015 sequendi
3404 953 3547 1010 sunt,
3605 946 3657 999 in

2072 1047 2177 1103 quo
2207 1033 2651 1090 consuetudinem
2679 1033 2936 1090 Ecclesia:
2955 1051 3063 1090 non
3091 1044 3407 1107 sequuntur.
3437 1036 3588 1093 Unde
3612 1040 3657 1093 si

2072 1126 2530 1182 Chalcedonensis
2560 1130 2818 1198 synodus,
2854 1128 3104 1184 Ecclesia:
3134 1146 3334 1185 morem
3379 1132 3431 1185 in
3474 1132 3661 1187 delen-

2074 1219 2277 1274 sionem
2308 1218 2477 1288 ipsius
2502 1219 2756 1275 Ecclesite
2778 1235 3028 1290 sequens,
3052 1221 3193 1276 dicta
3214 1220 3483 1277 Theodori
3508 1224 3659 1277 simi—

2076 1309 2200 1365 liter
2228 1318 2529 1376 excusaret,
2562 1311 2677 1381 quis
2702 1326 2818 1366 eam
2862 1311 2929 1366 de
2959 1311 3061 1366 hac
3085 1312 3283 1381 pietate
3328 1322 3489 1382 atque
3535 1327 3661 1366 cau-

2076 1402 2178 1455 tela
2204 1400 2303 1454 nisi
2334 1398 2589 1470 profanus
2612 1402 2899 1469 argueret?
2930 1400 3038 1455 Nec
3086 1409 3266 1459 tamen
3319 1412 3374 1458 et
3424 1402 3525 1458 hoc
3546 1404 3663 1458 sine

2077 1492 2372 1550 Athanasio
2397 1504 2451 1550 et
2482 1492 2684 1549 llilario
2707 1493 2727 1526 ⁸
2760 1504 2962 1564 posset.
2990 1494 3157 1549 Porro
3187 1495 3385 1567 aliquid
3419 1496 3525 1551 tale
3554 1512 3661 1550 non

2079 1582 2226 1649 fecit,
2250 1600 2366 1654 qua:
2398 1583 2523 1640 hinc
2555 1583 2806 1640 invidiam
2840 1586 3088 1652 sustinet,
3120 1586 3260 1655 quod
3317 1586 3538 1641 alterius
3594 1587 3661 1641 ad

363 1676 544 1733 multo
567 1679 814 1746 amplius,
850 1679 990 1748 quod
1016 1678 1156 1735 idem
1189 1692 1404 1735 sanatus
1434 1678 1668 1735 Hilarius
1696 1679 1749 1734 in
1778 1678 1967 1735 eadem
2001 1677 2050 1737 B
2074 1690 2134 1731 se
2153 1675 2383 1732 delatam
2415 1675 2715 1745 epistolam,
2742 1691 2839 1731 nec
2868 1678 2933 1732 de
2964 1677 3118 1733 laude
3148 1677 3419 1733 Theodori
3440 1692 3661 1733 accusa-

368 1783 474 1824 sua
510 1770 736 1839 epistola
764 1771 965 1835 prolata
999 1784 1148 1841 aeque
1174 1770 1414 1827 defendit
1448 1770 1744 1826 Sirmiense
1793 1772 1975 1825 conci-

362 1858 501 1921 lium
523 1870 551 1900 ι
585 1870 704 1931 post
737 1861 1014 1918 Nicaznum
1037 1871 1445 1933 congregatum,
1492 1862 1547 1918 in
1570 1862 1722 1932 cujus
1742 1860 1974 1917 decretis

366 1954 572 2009 dictum
606 1963 688 2011 est
717 1971 730 2009 :
764 1973 785 2007 ι
819 1954 877 2012 Si
904 1956 1026 2026 quis
1055 1971 1217 2012 unum
1248 1955 1434 2013 dicens
1469 1954 1666 2021 Deum,
1702 1956 1973 2011 Christum

367 2054 556 2101 autem
581 2045 749 2102 Deum
776 2054 901 2103 ante
927 2047 1123 2103 saecula
1164 2047 1356 2104 Filium
1390 2046 1487 2103 Dei
1532 2047 1847 2104 obsecutum
1875 2045 1975 2102 Pa-

362 2137 438 2192 tri
468 2137 523 2193 in
552 2138 825 2195 creatione
870 2139 1111 2194 omnium
1165 2152 1271 2194 non
1318 2138 1629 2205 confitetur,
1683 2135 1975 2192 anathema

363 2231 463 2286 sit.
505 2249 525 2283 ι
560 2232 628 2286 Et
650 2232 846 2287 lterum
881 2250 895 2286 :
930 2250 953 2285 ι
984 2232 1040 2289 Si
1070 2234 1189 2302 quis
1216 2231 1387 2288 Deum
1420 2246 1523 2287 non
1562 2230 1847 2284 Dominum
1875 2228 1968 2283 Pa-

365 2328 510 2376 trem
543 2323 585 2389 ⁸,
619 2330 674 2378 et
702 2323 895 2377 Filium
918 2321 1074 2393 quasi
1100 2323 1387 2378 Dominum
1411 2336 1439 2377 a
1468 2322 1715 2387 Domino,
1736 2321 1871 2375 duos
1893 2319 1977 2375 di-

364 2417 458 2464 cat
494 2408 650 2475 Deos,
678 2411 960 2466 anathema
996 2411 1088 2465 sit.
1143 2411 1258 2466 Non
1308 2411 1450 2467 enim
1492 2423 1840 2480 exaequamus
1892 2410 1974 2464 vel

367 2512 749 2568 comparamus
775 2498 973 2556 Filium
1001 2501 1167 2567 Patri,
1224 2502 1321 2558 sed
1373 2502 1673 2572 subjectum
1722 2499 1977 2569 intelligi-

368 2608 512 2649 mus.
544 2594 729 2664 Neque
772 2597 914 2653 enim
945 2597 1221 2655 descendit
1249 2598 1301 2654 in
1360 2599 1594 2655 Sodoma
1645 2599 1763 2655 sine
1802 2598 1977 2653 Patris

370 2686 668 2755 voluntate,
697 2703 873 2759 neque
894 2689 1029 2759 pluit
1068 2703 1138 2745 ex
1171 2706 1252 2756 se,
1281 2692 1375 2747 sed
1407 2706 1435 2745 a
1484 2690 1690 2746 Domini
1738 2688 1975 2745 auctori-

372 2784 514 2844 tate,
545 2777 753 2833 scilicet
773 2778 977 2845 Patris;
1008 2794 1106 2835 nec
1134 2781 1286 2835 sedet
1311 2780 1376 2835 ad
1405 2781 1679 2836 dexteram
1726 2796 1756 2835 a
1779 2787 1978 2836 semct-

378 2866 521 2936 ipso,
548 2866 641 2924 sed
666 2868 817 2924 audit
840 2869 1109 2926 dicentem
1146 2871 1381 2936 Patrem,
1416 2870 1552 2926 Sede
1597 2870 1665 2923 ad
1716 2870 1978 2924 dexteram

375 2972 544 3013 meam
570 2958 746 3029 (Paul.
773 2975 881 3029 arx,
915 2962 993 3030 l).
1032 2978 1053 3011 ι
1090 2961 1465 3031 Rursumque:
1506 2978 1525 3013 ι
1580 2960 1635 3016 Si
1666 2960 1785 3028 quis
1823 2960 1977 3015 inna-

2079 1773 2210 1833 tam,
2235 1783 2333 1837 pro
2358 1784 2498 1823 verm
2525 1769 2648 1824 fidei
2678 1768 3014 1827 confessione
3043 1784 3202 1841 quam
3237 1770 3496 1837 continet,
3538 1786 3663 1841 pro-

2078 1859 2341 1916 nuntiavit
2370 1860 2745 1916 orthodoxam.

2685 2020 2914 2079 CAPUT
2955 2023 3059 2081 VII.

2083 2180 2235 2249 Quod
2259 2178 2544 2234 aduersarii
2573 2179 2627 2232 in
2669 2194 2774 2232 una
2821 2178 3169 2233 damnationis
3226 2176 3482 2234 Theodori
3530 2178 3664 2236 brevi

2226 2252 2474 2306 sententia
2494 2259 2717 2321 quatuor
2743 2248 2797 2303 in
2827 2267 3013 2323 magna
3042 2249 3165 2303 vitia
3190 2249 3520 2319 incurrerint.

2152 2393 2499 2462 Inspiciamus
2522 2400 2699 2447 autem
2726 2392 2871 2461 ipsos
2899 2391 3353 2462 Eutychianorum
3405 2391 3661 2459 fautores,

2080 2483 2170 2553 qui
2229 2483 2369 2538 dicta
2414 2483 2465 2536 in
2516 2482 2771 2538 Ecclesia:
2838 2496 2969 2550 pace
3046 2484 3469 2550 quiescentium,
3542 2497 3667 2551 quo.

2081 2575 2221 2630 niam
2252 2577 2543 2631 obscurum
2593 2574 2793 2643 aliquid
2840 2577 2892 2628 in
2942 2576 3021 2629 eis
3076 2576 3364 2643 invenitur,
3421 2575 3666 2631 damnari

2081 2670 2249 2738 magis
2296 2683 2452 2735 quam
2495 2670 2739 2723 excusari
2765 2669 2968 2733 volunt,
3026 2677 3201 2724 utrum
3252 2668 3326 2723 ita
3385 2660 3669 2739 vigilanter

2080 2762 2223 2816 cauti
2248 2761 2373 2823 sint,
2392 2769 2448 2815 ut
2466 2763 2517 2815 in
2531 2759 2643 2816 suis
2665 2760 2820 2815 dietis
2834 2770 2990 2828 atque
3006 2761 3321 2830 conscriptis
3346 2759 3668 2828 reprehendi

2083 2852 2387 2908 nullatenus
2410 2863 2629 2921 queant.
2662 2852 2718 2906 Si
2747 2852 2887 2906 enim
2944 2859 3051 2905 tam
3093 2852 3465 2920 circumspecti
3522 2860 3667 2918 sunt,

2083 2950 2143 2997 lil
2172 2943 2225 2995 in
2256 2942 2402 2996 nullo
2431 2942 2904 3011 deprehendantur
2926 2940 3219 3004 offendere,
3254 2940 3537 2996 tolerabile
3562 2940 3672 2996 for-

375 3052 619 3106 scibilem
651 3060 706 3107 et
726 3052 843 3107 sine
873 3052 1026 3108 initio
1042 3052 1183 3106 dicat
1212 3052 1427 3117 Filium,
1454 3060 1704 3120 tanquam
1736 3051 1840 3105 duo
1858 3050 1977 3107 sine
2009 3063 2055 3128 ο
2092 3043 2234 3089 insse
2264 3034 2473 3128 dicatur
2498 3031 2664 3101 quod.
2691 3047 2782 3128 sm;I
2801 3033 3067 3128 sapientis
3087 3032 3227 3100 freti,
3258 3034 3322 3087 ad
3351 3048 3451 3128 {los
3477 3036 3673 3128 nosvi-

376 3142 667 3213 principio,
699 3150 753 3198 et
796 3143 902 3198 duo
952 3143 1310 3209 innascibilia,
1341 3151 1397 3197 et
1426 3142 1531 3196 duo
1559 3144 1738 3196 innata
1770 3142 1979 3208 dicens,

379 3235 521 3290 duos
547 3236 691 3290 dicat
716 3234 876 3301 Deos,
908 3234 1195 3289 anathema
1221 3236 1307 3290 sit.
1339 3234 1510 3303 Caput
1539 3234 1682 3288 enim
1714 3232 1855 3302 quod
1898 3239 1984 3287 est

383 3327 706 3397 principium
738 3328 978 3383 omnium
1006 3327 1291 3393 Christus;
1340 3336 1499 3398 caput
1525 3336 1702 3381 autem
1729 3325 1878 3396 quod
1903 3334 1987 3380 est

386 3418 709 3489 principium
736 3418 937 3475 Christi
968 3419 1131 3474 Deus.
1176 3420 1249 3473 Ita
1272 3420 1415 3474 enim
1447 3419 1512 3473 ad
1542 3432 1726 3483 unum,
1761 3416 1849 3487 qui
1905 3425 1989 3472 est

384 3509 504 3565 sine
527 3510 788 3581 principio
815 3510 1059 3566 omnium
1085 3510 1429 3580 principium,
1474 3523 1568 3579 per
1624 3507 1818 3562 Filium
1871 3508 1989 3562 uni-

384 3616 541 3659 versa
562 3603 864 3660 referimus.
890 3623 911 3658 ι
934 3605 1001 3660 Et
1025 3606 1220 3662 iterum
1237 3605 1388 3678 (Cap.
1421 3605 1514 3677 27)
1549 3621 1562 3659 :
1602 3624 1622 3658 ι
1647 3603 1987 3662 Confirman-

388 3701 473 3751 tes
491 3695 888 3751 Christianismi
910 3696 1265 3765 intellectum,
1280 3699 1507 3754 dicimus
1525 3700 1775 3767 quoniam
1800 3697 1843 3751 si
1868 3699 1990 3766 quis

387 3786 661 3843 Christum
686 3789 854 3845 Deum
884 3789 1079 3845 Filium
1106 3790 1199 3845 Dei
1226 3799 1350 3846 ante
1378 3791 1578 3846 saecula
1604 3790 1987 3845 subsistentem

390 3890 443 3935 et
468 3882 864 3938 ministrantem
886 3881 1031 3937 Patri
1057 3884 1121 3937 ad
1153 3884 1391 3939 omnium
1444 3883 1828 3953 perleCtionem
1882 3898 1990 3937 non

389 3971 551 4038 dicat,
582 3971 681 4027 sed
706 3986 773 4028 ex
802 3986 909 4042 quo
937 3972 1006 4027 de
1037 3972 1199 4026 Maria
1228 3981 1386 4028 natus
1415 3981 1519 4037 est,
1554 3987 1623 4027 ex
1655 3987 1720 4027 eo
1742 3982 1794 4027 et
1838 3972 1993 4028 Chri-

390 4071 530 4118 stum
554 4071 607 4118 et
634 4062 828 4118 Filium
851 4064 1185 4118 nominatum
1230 4077 1375 4129 esse,
1398 4072 1449 4118 et
1479 4062 1687 4118 initium
1720 4063 1993 4133 accepisse

391 4164 448 4211 ut
475 4156 546 4211 sit
574 4156 739 4223 Deus,
772 4155 940 4224 dicat,
969 4154 1256 4210 anathema
1286 4156 1376 4210 sit.
1416 4172 1435 4207 )
1482 4156 1613 4222 Quae
1662 4154 1842 4209 omnia
1887 4168 1996 4210 me-

391 4256 656 4303 moratum
681 4246 979 4303 Sirmiense
1005 4244 1293 4301 concilium
1324 4245 1346 4277 ³
1375 4254 1596 4301 sanctus
1644 4240 1879 4299 Hilarius
1900 4259 1996 4299 ne-

395 4343 629 4398 cessarie
670 4350 859 4399 contra
928 4340 1215 4397 Photinum
1260 4349 1316 4397 et
1364 4341 1389 4373 ⁴
1444 4340 1748 4396 Orientales
1804 4340 1996 4394 asserit

2091 3144 2196 3198 que
2229 3127 2435 3183 similes
2465 3128 2555 3196 qui
2582 3127 2637 3181 in
2664 3127 2847 3181 multis
2875 3124 3215 3187 eii‘endimus,
3243 3124 3675 3182 cOndescendere

2091 3234 2196 3278 n0n
2225 3221 2531 3290 dignantur.
2560 3219 2758 3274 Verum
2789 3220 2915 3289 quid
2938 3232 3180 3287 agemus,
3218 3217 3359 3286 quod
3400 3217 3577 3273 nullos
3606 3219 3675 3273 ab

2091 3314 2238 3371 eisin
2272 3314 2375 3369 alia
2402 3327 2561 3369 causa
2594 3314 2840 3370 conditos
2870 3316 3037 3370 libros
3079 3313 3403 3379 audivimus,
3447 3326 3676 3382 quorum

2092 3406 2966 3477 discussioneirreprehensibilem
2990 3422 3177 3462 eorum
3202 3406 3444 3475 peritiam
3477 3414 3531 3461 et
3558 3392 3677 3474 per-

2094 3499 2315 3568 vigilem
2343 3501 2613 3569 possimus
2639 3499 2867 3569 probare
2893 3499 3199 3555 cautelam?
3238 3498 3420 3552 Placet
3447 3512 3574 3566 ergo
3600 3497 3678 3551 eis
3726 3556 3729 3561 ,

2094 3598 2149 3647 ut
2173 3591 2227 3645 in
2255 3594 2355 3647 hoc
2384 3591 2543 3658 libro,
2588 3606 2749 3661 quem
2775 3591 3046 3646 communi
3074 3605 3137 3645 ac
3166 3590 3422 3645 diuturno
3455 3595 3681 3643 tractatu

2092 3686 2149 3742 in
2172 3685 2544 3755 praejudicium
2570 3694 2773 3741 sanctae
2787 3687 2976 3757 synodi
3005 3688 3357 3755 scripserunt,
3377 3683 3490 3740 sive
3516 3684 3679 3739 scribi

2094 3779 2375 3845 fecerunt,
2451 3777 2743 3848 perfectam
2797 3794 2982 3833 eorum
3043 3792 3303 3847 nusquam
3360 3776 3680 3843 culpabilem

2094 3871 2375 3925 scientiam
2398 3868 2780 3938 requiramus?
2810 3868 2913 3923 Sed
2936 3868 3044 3937 jam
3072 3868 3172 3922 etsi
3201 3878 3307 3920 non
3331 3881 3520 3921 omnes
3547 3879 3681 3935 quos

2096 3961 2372 4028 continet,
2404 3962 2655 4032 quoniam
2687 3959 2826 4015 aliud
2870 3961 2919 4013 in
2974 3960 3076 4014 hoc
3128 3973 3291 4030 opere
3311 3958 3683 4014 demonstrare

2096 4055 2456 4123 suscepimus,
2491 4054 2688 4109 multos
2716 4062 2894 4107 tamen
2950 4067 3013 4106 ex
3042 4052 3322 4107 occasione
3350 4050 3684 4121 prodidimus

2097 4162 2312 4206 errores
2339 4147 2383 4215 ⁸,
2410 4148 2577 4201 multa
2598 4159 2809 4216 quoque
2835 4143 3111 4199 mendacia
3141 4142 3353 4211 sibique
3393 4142 3681 4198 contraria.

2098 4238 2202 4296 Ubi
2215 4248 2263 4293 et
2278 4238 2381 4294 hoc
2392 4236 2673 4293 docuimus
2686 4235 2832 4305 quia,
2852 4246 2973 4289 cum
2992 4233 3273 4288 mendacio
3289 4233 3560 4299 studeant,
3592 4247 3686 4287 ne-

2099 4331 2280 4389 sciunt
2295 4331 2381 4387 vel
2411 4329 2680 4402 quomodo
2705 4328 3051 4393 mentiantur,
3084 4334 3137 4381 et
3156 4322 3420 4394 quomodo
3437 4340 3525 4395 per
3542 4339 3687 4382 eam-

394 4433 717 4491 decrevisse.
748 4434 996 4505 Quorum
1041 4432 1398 4491 sufficientem
1453 4431 1857 4489 excusationem
1916 4427 1995 4485 fa-
2024 4442 2074 4503 ι)
2099 4424 2224 4482 dem
2237 4423 2519 4480 scientiam
2533 4422 2694 4479 etiam
2710 4436 2895 4476 verum
2908 4427 3165 4475 contrase
3177 4414 3687 4489 aliquandoloquano

393 4526 579 4591 ciens,
627 4526 897 4598 quomodo
925 4526 1035 4584 sint.
1088 4525 1404 4598 accipienda
1450 4523 1806 4583 demonstrat.
1869 4521 1998 4579 Haec

471 4721 594 4799 {In
624 4734 744 4799 _q_u_o
784 4725 1109 4799 episcopatu
1158 4727 1398 4799 deiectus
1446 4734 1530 4783 est
1568 4726 1826 4799 Photinus
1854 4739 1996 4781 anno

400 4792 599 4867 Christi
624 4793 749 4847 551.
783 4792 1019 4851 Hilarius
1044 4799 1097 4851 in
1148 4792 1333 4853 eadem
1376 4799 1601 4867 epistola
1634 4814 1647 4851 :
1682 4796 1816 4867 Eam
1860 4812 1995 4850 nunc

404 4862 559 4935 ﬁdem
582 4871 933 4935 retractemus,
963 4883 1078 4935 qua:
1103 4884 1206 4922 non
1234 4870 1376 4933 olim,
1412 4862 1546 4923 tunc
1569 4884 1688 4922 cum
1738 4866 1995 4920 Photinus

403 4934 699 5006 episcopatu
722 4933 947 5006 disjectas
969 4933 1062 4999 est,
1091 4939 1377 5006 conscripta
1431 4949 1527 4991 est.
1574 4937 1891 5004 Exemplum
1926 4937 1994 4989 ﬁ-

405 5003 492 5057 dei
515 5002 711 5056 Sirmio
732 5002 799 5058 ab
827 5004 1189 5060 Orientalibus
1216 5002 1399 5061 contra
1448 5002 1995 5060 Photinum‘conscrio

407 5081 544 5144 ptas:
576 5072 846 5128 Credimus
876 5075 931 5145 in
971 5090 1130 5129 unum
1163 5076 1346 5144 Deum,
1390 5086 1491 5131 etc.
1546 5077 1811 5145 Integram
1854 5075 1997 5130 enim

406 5144 688 5208 describit.
707 5158 831 5200 cum
854 5144 1084 5201 subditis
1112 5147 1380 5203 capitibus
1404 5148 1491 5203 vel
1532 5144 1999 5202 anathematismis

483 5324 501 5356 ¹
532 5322 667 5378 Cod.
705 5322 925 5388 Veron.,
955 5322 1198 5378 Patribus
1222 5323 1425 5379 decreta
1462 5330 1603 5389 sunt,
1643 5338 1744 5377 non
1773 5328 1993 5377 tantum.

483 5396 505 5427 ⁸
535 5393 681 5449 Idem
702 5395 850 5465 cod.,
885 5394 1160 5450 Dominum
1186 5403 1233 5447 et
1259 5394 1557 5456 Dominum,
1588 5392 1799 5465 Patrem
1828 5401 1874 5446 et
1906 5390 2003 5465 Ifi.

420 5465 566 5533 lium,
589 5473 716 5533 etc.;
740 5462 918 5521 favent
959 5466 1080 5521 huic
1100 5466 1312 5521 lectioni
1346 5466 1558 5520 codices
1578 5464 1667 5517 alii
1704 5476 1833 5517 mss.
1882 5462 2002 5533 plu—

424 5549 529 5601 res,
561 5545 615 5590 ut
637 5536 817 5597 videre
842 5546 926 5597 est
972 5536 1026 5591 in
1056 5552 1190 5593 nova
1237 5536 1473 5591 editione
1513 5534 1682 5590 sancti
1732 5534 1918 5591 Hilarii
1943 5534 1999 5591 in

426 5604 517 5678 lib,
548 5606 617 5678 de
644 5607 892 5678 Synodis,
918 5622 1015 5665 seu
1039 5608 1108 5664 de
1136 5607 1243 5678 ﬁde
1271 5606 1639 5678 Orientalium.

498 5676 518 5706 ³
546 5675 699 5734 ωεαί
715 5678 863 5746 cod.,
886 5687 1165 5737 mentorum
1189 5676 1459 5737 Sirmiensi
1479 5676 1715 5735 concilio.

2106 4529 2211 4576 tur.
2235 4515 2295 4576 Si
2322 4526 2501 4575 autem
2525 4516 2580 4574 in
2606 4514 2709 4573 hoc
2724 4515 2861 4573 libro
2879 4516 2932 4571 in
2953 4528 3059 4584 quo
3082 4510 3535 4584 subscripserunt,
3559 4512 3688 4569 alie-

2100 4728 2207 4791 21;
2237 4722 2537 4781 Orientales
2559 4732 2739 4777 autem
2766 4718 3037 4791 intelligit,
3090 4726 3253 4791 quos_
3274 4716 3597 4791 Athanasius
3624 4715 3691 4791 de

2099 4768 2300 4855 eadem.
2314 4768 2969 4865 égéiisiftiieiiiiﬁas'
2976 4768 3591 4865 "ibciiij:s§£ziia?iiaag
3608 4768 3690 4840 vi;

2098 4869 2313 4925 delicat.
2334 4859 2648 4935 Quanquam
2679 4876 2808 4935 ergo
2836 4870 3102 4935 suspecta
3147 4859 3468 4935 iidei_erant
3511 4865 3691 4935 aucto-

2100 4954 2190 4995 res
2215 4948 2269 4991 et
2288 4929 2534 4993 auctores
2549 4949 2677 4990 suos
2712 4929 3071 5002 decreta'ipsa
3097 4930 3433 4995 redolebant,
3463 4929 3692 5002 nondu-

2102 5009 2291 5065 bitavit
2315 5017 2491 5062 tamen
2524 5004 2754 5061 Hilarius
2781 4997 2996 5069 eadem,
3027 5012 3276 5070 tanquam
3324 5009 3513 5070 contra
3543 4997 3688 5070 Pho-

2101 5079 2273 5134 tinum
2324 5076 2626 5134 necessario
2681 5076 2917 5143 condita,
2970 5066 3244 5144 explicare
3289 5085 3354 5126 ac
3382 5066 3688 5126 defendere.

2176 5320 2201 5355 ⁸
2228 5321 2285 5377 In
2313 5321 2502 5379 eodem
2531 5321 2652 5377 cod.
2709 5320 2948 5387 deestvet.
2977 5316 3131 5374 Unde
3154 5328 3365 5387 sensus
3390 5323 3472 5373 est
3500 5331 3516 5387 ς
3549 5329 3687 5387 prae-

2104 5392 2247 5450 dicta
2298 5394 2475 5449 omnia
2525 5391 2826 5448 Orientales
2891 5392 2945 5445 in
3003 5386 3285 5445 Sirmiensi
3325 5385 3553 5449 concilio
3602 5386 3684 5442 de-

2106 5464 2371 5592 οτεὲνῖἓέξὸ
2400 5534 2543 5600 cod.,
2578 5531 2877 5597 Athanasio,
2911 5530 3104 5588 Basilio
3141 5536 3191 5588 et
3222 5526 3446 5586 Hilario.

2179 5609 2201 5641 ⁸
2222 5607 2369 5665 ldem
2399 5604 2547 5672 cod.,
2577 5605 2690 5676 ejus
2716 5617 2935 5660 errores.
