  <div class='ocr_page' id='page_1' title='image "/cluster/home/n/w/nwhite01/storage/ocr_20150623/67/hvd.32044015547185/403.png"; bbox 0 0 4104 6360; ppageno 0'>
   <div class='ocr_carea' id='block_1_1' title="bbox 492 207 590 263">
    <p class='ocr_par' dir='ltr' id='par_1_1' title="bbox 492 207 590 263">
     <span class='ocr_line' id='line_1_1' title="bbox 492 207 590 263; baseline -0.01 0"><span class='ocrx_word' id='word_1_1' title='bbox 492 207 590 263; x_wconf 75' lang='grc'><strong>791</strong></span> 
     </span>
    </p>
   </div>
   <div class='ocr_carea' id='block_1_2' title="bbox 1559 180 2650 254">
    <p class='ocr_par' dir='ltr' id='par_1_2' title="bbox 1559 180 2650 254">
     <span class='ocr_line' id='line_1_2' title="bbox 1559 180 2650 254; baseline -0.006 -2"><span class='ocrx_word' id='word_1_2' title='bbox 1559 195 1852 254; x_wconf 69' lang='lat' dir='ltr'><strong>mnuum</strong></span> <span class='ocrx_word' id='word_1_3' title='bbox 1892 194 2105 251; x_wconf 82' lang='lat' dir='ltr'><strong>EPlSC.</strong></span> <span class='ocrx_word' id='word_1_4' title='bbox 2128 180 2650 248; x_wconf 37' lang='lat' dir='ltr'><strong>&#39;llERMIANENSlS</strong></span> 
     </span>
    </p>
   </div>
   <div class='ocr_carea' id='block_1_3' title="bbox 3672 176 3800 233">
    <p class='ocr_par' dir='ltr' id='par_1_3' title="bbox 3672 176 3800 233">
     <span class='ocr_line' id='line_1_3' title="bbox 3672 176 3800 233; baseline 0 0"><span class='ocrx_word' id='word_1_5' title='bbox 3672 176 3800 233; x_wconf 64' lang='lat'><strong>79&#39;!</strong></span> 
     </span>
    </p>
   </div>
   <div class='ocr_carea' id='block_1_4' title="bbox 491 298 3799 391">
    <p class='ocr_par' dir='ltr' id='par_1_4' title="bbox 491 298 3799 391">
     <span class='ocr_line' id='line_1_4' title="bbox 491 298 3799 391; baseline -0.01 -10"><span class='ocrx_word' id='word_1_6' title='bbox 491 340 591 382; x_wconf 91' lang='lat' dir='ltr'><strong>nos</strong></span> <span class='ocrx_word' id='word_1_7' title='bbox 612 336 849 391; x_wconf 87' lang='lat' dir='ltr'><strong>errores,</strong></span> <span class='ocrx_word' id='word_1_8' title='bbox 880 319 994 376; x_wconf 90' lang='lat' dir='ltr'><strong>sive</strong></span> <span class='ocrx_word' id='word_1_9' title='bbox 1024 318 1210 381; x_wconf 85' lang='lat' dir='ltr'><strong>falsos,</strong></span> <span class='ocrx_word' id='word_1_10' title='bbox 1236 316 1351 371; x_wconf 84' lang='lat' dir='ltr'><strong>sive</strong></span> <span class='ocrx_word' id='word_1_11' title='bbox 1395 328 1550 370; x_wconf 87' lang='lat' dir='ltr'><strong>veros</strong></span> <span class='ocrx_word' id='word_1_12' title='bbox 1602 327 1827 383; x_wconf 84' lang='lat' dir='ltr'><strong>arguere</strong></span> <span class='ocrx_word' id='word_1_13' title='bbox 1881 309 2069 366; x_wconf 87' lang='lat' dir='ltr'><strong>intenti</strong></span> <span class='ocrx_word' id='word_1_14' title='bbox 2102 308 2154 371; x_wconf 80' lang='grc' dir='ltr'>Α</span> <span class='ocrx_word' id='word_1_15' title='bbox 2181 308 2229 363; x_wconf 90' lang='lat' dir='ltr'><strong>ei</strong></span> <span class='ocrx_word' id='word_1_16' title='bbox 2251 306 2449 363; x_wconf 77' lang='lat' dir='ltr'><strong>dixisse</strong></span> <span class='ocrx_word' id='word_1_17' title='bbox 2481 305 2818 372; x_wconf 81' lang='lat' dir='ltr'><strong>:Dominc,si</strong></span> <span class='ocrx_word' id='word_1_18' title='bbox 2840 302 3023 373; x_wconf 76' lang='lat' dir='ltr'><strong>fuisses</strong></span> <span class='ocrx_word' id='word_1_19' title='bbox 3042 300 3146 367; x_wconf 82' lang='lat' dir='ltr'><strong>hic,</strong></span> <span class='ocrx_word' id='word_1_20' title='bbox 3176 304 3330 372; x_wconf 78' lang='lat' dir='ltr'><strong><em>frater</em></strong></span> <span class='ocrx_word' id='word_1_21' title='bbox 3351 314 3491 353; x_wconf 75' lang='lat' dir='ltr'><strong>meus</strong></span> <span class='ocrx_word' id='word_1_22' title='bbox 3511 314 3616 353; x_wconf 71' lang='lat' dir='ltr'><strong>non</strong></span> <span class='ocrx_word' id='word_1_23' title='bbox 3633 298 3799 367; x_wconf 77' lang='lat' dir='ltr'><strong>fuis-</strong></span> 
     </span>
    </p>
   </div>
   <div class='ocr_carea' id='block_1_5' title="bbox 492 405 2074 484">
    <p class='ocr_par' dir='ltr' id='par_1_5' title="bbox 492 405 2074 484">
     <span class='ocr_line' id='line_1_5' title="bbox 492 405 2074 484; baseline -0.009 -10"><span class='ocrx_word' id='word_1_24' title='bbox 492 420 547 474; x_wconf 83' lang='lat' dir='ltr'><strong>in</strong></span> <span class='ocrx_word' id='word_1_25' title='bbox 576 418 737 472; x_wconf 85' lang='lat' dir='ltr'><strong>tantis</strong></span> <span class='ocrx_word' id='word_1_26' title='bbox 778 412 1089 484; x_wconf 83' lang='lat' dir='ltr'><strong>reprehensi</strong></span> <span class='ocrx_word' id='word_1_27' title='bbox 1160 418 1314 475; x_wconf 90' lang='lat' dir='ltr'><strong>sunt;</strong></span> <span class='ocrx_word' id='word_1_28' title='bbox 1366 423 1466 479; x_wconf 87' lang='lat' dir='ltr'><strong>qua</strong></span> <span class='ocrx_word' id='word_1_29' title='bbox 1516 407 1691 462; x_wconf 80' lang='lat' dir='ltr'><strong>fronte</strong></span> <span class='ocrx_word' id='word_1_30' title='bbox 1745 420 1851 461; x_wconf 92' lang='lat' dir='ltr'><strong>non</strong></span> <span class='ocrx_word' id='word_1_31' title='bbox 1899 405 2074 459; x_wconf 88' lang='lat' dir='ltr'><strong>dicam</strong></span> 
     </span>
    </p>
   </div>
   <div class='ocr_carea' id='block_1_6' title="bbox 493 500 2077 574">
    <p class='ocr_par' dir='ltr' id='par_1_6' title="bbox 493 500 2077 574">
     <span class='ocr_line' id='line_1_6' title="bbox 493 500 2077 574; baseline -0.009 -8"><span class='ocrx_word' id='word_1_32' title='bbox 493 508 787 574; x_wconf 82' lang='lat' dir='ltr'><strong>Theodori,</strong></span> <span class='ocrx_word' id='word_1_33' title='bbox 819 506 912 562; x_wconf 90' lang='lat' dir='ltr'><strong>sed</strong></span> <span class='ocrx_word' id='word_1_34' title='bbox 937 504 1223 573; x_wconf 76' lang='lat' dir='ltr'><strong>cujuslibet</strong></span> <span class='ocrx_word' id='word_1_35' title='bbox 1254 502 1485 557; x_wconf 88' lang='lat' dir='ltr'><strong>hominis</strong></span> <span class='ocrx_word' id='word_1_36' title='bbox 1510 501 1653 556; x_wconf 90' lang='lat' dir='ltr'><strong>dicta</strong></span> <span class='ocrx_word' id='word_1_37' title='bbox 1682 500 1898 569; x_wconf 85' lang='lat' dir='ltr'><strong>culpare</strong></span> <span class='ocrx_word' id='word_1_38' title='bbox 1935 513 2077 568; x_wconf 84' lang='lat' dir='ltr'><strong>prae-</strong></span> 
     </span>
    </p>
   </div>
   <div class='ocr_carea' id='block_1_7' title="bbox 491 595 2075 666">
    <p class='ocr_par' dir='ltr' id='par_1_7' title="bbox 491 595 2075 666">
     <span class='ocr_line' id='line_1_7' title="bbox 491 595 2075 666; baseline -0.006 -7"><span class='ocrx_word' id='word_1_39' title='bbox 491 602 743 659; x_wconf 85' lang='lat' dir='ltr'><strong>sumunt?</strong></span> <span class='ocrx_word' id='word_1_40' title='bbox 777 603 842 655; x_wconf 85' lang='lat' dir='ltr'><strong>At</strong></span> <span class='ocrx_word' id='word_1_41' title='bbox 864 599 1185 654; x_wconf 89' lang='lat' dir='ltr'><strong>erubescent</strong></span> <span class='ocrx_word' id='word_1_42' title='bbox 1209 598 1295 651; x_wconf 92' lang='lat' dir='ltr'><strong>isti</strong></span> <span class='ocrx_word' id='word_1_43' title='bbox 1344 596 1553 666; x_wconf 90' lang='lat' dir='ltr'><strong>judices</strong></span> <span class='ocrx_word' id='word_1_44' title='bbox 1581 596 1597 626; x_wconf 76' lang='grc'>⁸</span> <span class='ocrx_word' id='word_1_45' title='bbox 1637 604 1995 659; x_wconf 89' lang='lat' dir='ltr'><strong>mortuorum,</strong></span> <span class='ocrx_word' id='word_1_46' title='bbox 2031 595 2075 649; x_wconf 92' lang='lat' dir='ltr'><strong>si</strong></span> 
     </span>
    </p>
   </div>
   <div class='ocr_carea' id='block_1_8' title="bbox 492 686 2078 764">
    <p class='ocr_par' dir='ltr' id='par_1_8' title="bbox 492 686 2078 764">
     <span class='ocr_line' id='line_1_8' title="bbox 492 686 2078 764; baseline -0.004 -16"><span class='ocrx_word' id='word_1_47' title='bbox 492 710 587 764; x_wconf 86' lang='lat' dir='ltr'><strong>per</strong></span> <span class='ocrx_word' id='word_1_48' title='bbox 612 702 779 747; x_wconf 91' lang='lat' dir='ltr'><strong>totum</strong></span> <span class='ocrx_word' id='word_1_49' title='bbox 809 691 981 760; x_wconf 89' lang='lat' dir='ltr'><strong>ipsum</strong></span> <span class='ocrx_word' id='word_1_50' title='bbox 1008 690 1204 744; x_wconf 90' lang='lat' dir='ltr'><strong>librum</strong></span> <span class='ocrx_word' id='word_1_51' title='bbox 1235 704 1420 744; x_wconf 88' lang='lat' dir='ltr'><strong>eorum</strong></span> <span class='ocrx_word' id='word_1_52' title='bbox 1468 686 1871 742; x_wconf 87' lang='lat' dir='ltr'><strong>consideremus</strong></span> <span class='ocrx_word' id='word_1_53' title='bbox 1921 686 2078 741; x_wconf 89' lang='lat' dir='ltr'><strong>insci-</strong></span> 
     </span>
    </p>
   </div>
   <div class='ocr_carea' id='block_1_9' title="bbox 490 778 2079 851">
    <p class='ocr_par' dir='ltr' id='par_1_9' title="bbox 490 778 2079 851">
     <span class='ocr_line' id='line_1_9' title="bbox 490 778 2079 851; baseline -0.004 -12"><span class='ocrx_word' id='word_1_54' title='bbox 490 786 618 839; x_wconf 91' lang='lat' dir='ltr'><strong>tiam</strong></span> <span class='ocrx_word' id='word_1_55' title='bbox 652 804 666 840; x_wconf 92' lang='lat'><strong>:</strong></span> <span class='ocrx_word' id='word_1_56' title='bbox 699 792 753 837; x_wconf 89' lang='lat' dir='ltr'><strong>et</strong></span> <span class='ocrx_word' id='word_1_57' title='bbox 784 782 986 837; x_wconf 92' lang='lat' dir='ltr'><strong>idcirco</strong></span> <span class='ocrx_word' id='word_1_58' title='bbox 1017 782 1069 835; x_wconf 93' lang='lat' dir='ltr'><strong>in</strong></span> <span class='ocrx_word' id='word_1_59' title='bbox 1095 782 1210 851; x_wconf 89' lang='lat' dir='ltr'><strong>ipsa</strong></span> <span class='ocrx_word' id='word_1_60' title='bbox 1232 788 1434 835; x_wconf 87' lang='lat' dir='ltr'><strong>tantum</strong></span> <span class='ocrx_word' id='word_1_61' title='bbox 1453 779 1743 844; x_wconf 81' lang='lat' dir='ltr'><strong>sententia,</strong></span> <span class='ocrx_word' id='word_1_62' title='bbox 1766 794 1870 848; x_wconf 88' lang='lat' dir='ltr'><strong>qua</strong></span> <span class='ocrx_word' id='word_1_63' title='bbox 1902 778 2079 833; x_wconf 92' lang='lat' dir='ltr'><strong>Theo-</strong></span> 
     </span>
    </p>
   </div>
   <div class='ocr_carea' id='block_1_10' title="bbox 489 875 2079 947">
    <p class='ocr_par' dir='ltr' id='par_1_10' title="bbox 489 875 2079 947">
     <span class='ocr_line' id='line_1_10' title="bbox 489 875 2079 947; baseline -0.003 -12"><span class='ocrx_word' id='word_1_64' title='bbox 489 880 681 935; x_wconf 87' lang='lat' dir='ltr'><strong>dorum</strong></span> <span class='ocrx_word' id='word_1_65' title='bbox 706 894 829 933; x_wconf 90' lang='lat' dir='ltr'><strong>cum</strong></span> <span class='ocrx_word' id='word_1_66' title='bbox 861 878 972 933; x_wconf 89' lang='lat' dir='ltr'><strong>suis</strong></span> <span class='ocrx_word' id='word_1_67' title='bbox 999 877 1336 947; x_wconf 80' lang='lat' dir='ltr'><strong>dogmatibus</strong></span> <span class='ocrx_word' id='word_1_68' title='bbox 1367 877 1779 940; x_wconf 89' lang='lat' dir='ltr'><strong>damnaverunt,</strong></span> <span class='ocrx_word' id='word_1_69' title='bbox 1811 875 2079 943; x_wconf 82' lang='lat' dir='ltr'><strong>inSpicere</strong></span> 
     </span>
    </p>
   </div>
   <div class='ocr_carea' id='block_1_11' title="bbox 495 966 2077 1037">
    <p class='ocr_par' dir='ltr' id='par_1_11' title="bbox 495 966 2077 1037">
     <span class='ocr_line' id='line_1_11' title="bbox 495 966 2077 1037; baseline -0.004 -11"><span class='ocrx_word' id='word_1_70' title='bbox 495 986 611 1026; x_wconf 89' lang='lat' dir='ltr'><strong>eam</strong></span> <span class='ocrx_word' id='word_1_71' title='bbox 639 985 701 1025; x_wconf 89' lang='lat' dir='ltr'><strong>ac</strong></span> <span class='ocrx_word' id='word_1_72' title='bbox 728 970 1099 1024; x_wconf 81' lang='lat' dir='ltr'><strong>demonstrare</strong></span> <span class='ocrx_word' id='word_1_73' title='bbox 1130 969 1403 1037; x_wconf 84' lang='lat' dir='ltr'><strong>proposui.</strong></span> <span class='ocrx_word' id='word_1_74' title='bbox 1434 966 1699 1022; x_wconf 83' lang='lat' dir='ltr'><strong>Dixerunt</strong></span> <span class='ocrx_word' id='word_1_75' title='bbox 1739 966 1904 1027; x_wconf 87' lang='lat' dir='ltr'><strong>enim,</strong></span> <span class='ocrx_word' id='word_1_76' title='bbox 1941 967 2077 1019; x_wconf 89' lang='lat' dir='ltr'><strong>sicut</strong></span> 
     </span>
    </p>
   </div>
   <div class='ocr_carea' id='block_1_12' title="bbox 496 1055 2077 1129">
    <p class='ocr_par' dir='ltr' id='par_1_12' title="bbox 496 1055 2077 1129">
     <span class='ocr_line' id='line_1_12' title="bbox 496 1055 2077 1129; baseline -0.005 -15"><span class='ocrx_word' id='word_1_77' title='bbox 496 1062 834 1114; x_wconf 83' lang='lat' dir='ltr'><strong>narravimus</strong></span> <span class='ocrx_word' id='word_1_78' title='bbox 868 1078 881 1113; x_wconf 87' lang='lat'><strong>:</strong></span> <span class='ocrx_word' id='word_1_79' title='bbox 938 1079 957 1110; x_wconf 76' lang='grc' dir='ltr'><strong><em>ι</em></strong></span> <span class='ocrx_word' id='word_1_80' title='bbox 1012 1058 1068 1113; x_wconf 91' lang='lat' dir='ltr'><strong>Si</strong></span> <span class='ocrx_word' id='word_1_81' title='bbox 1097 1057 1216 1128; x_wconf 82' lang='lat' dir='ltr'><strong>quis</strong></span> <span class='ocrx_word' id='word_1_82' title='bbox 1252 1072 1357 1111; x_wconf 92' lang='lat' dir='ltr'><strong>non</strong></span> <span class='ocrx_word' id='word_1_83' title='bbox 1384 1056 1800 1129; x_wconf 84' lang='lat' dir='ltr'><strong>anathematizat</strong></span> <span class='ocrx_word' id='word_1_84' title='bbox 1832 1055 2077 1110; x_wconf 90' lang='lat' dir='ltr'><strong>Theodo-</strong></span> 
     </span>
    </p>
   </div>
   <div class='ocr_carea' id='block_1_13' title="bbox 488 1145 2079 1219">
    <p class='ocr_par' dir='ltr' id='par_1_13' title="bbox 488 1145 2079 1219">
     <span class='ocr_line' id='line_1_13' title="bbox 488 1145 2079 1219; baseline -0.003 -15"><span class='ocrx_word' id='word_1_85' title='bbox 488 1167 607 1205; x_wconf 91' lang='lat' dir='ltr'><strong>rum</strong></span> <span class='ocrx_word' id='word_1_86' title='bbox 638 1150 979 1219; x_wconf 57' lang='lat' dir='ltr'><strong>Mopsuestia}</strong></span> <span class='ocrx_word' id='word_1_87' title='bbox 1003 1158 1051 1213; x_wconf 71' lang='grc' dir='ltr'><strong>ει,</strong></span> <span class='ocrx_word' id='word_1_88' title='bbox 1084 1157 1137 1203; x_wconf 90' lang='lat' dir='ltr'><strong>et</strong></span> <span class='ocrx_word' id='word_1_89' title='bbox 1160 1148 1275 1217; x_wconf 89' lang='lat' dir='ltr'><strong>ejus</strong></span> <span class='ocrx_word' id='word_1_90' title='bbox 1308 1147 1581 1216; x_wconf 82' lang='lat' dir='ltr'><strong>dogmata,</strong></span> <span class='ocrx_word' id='word_1_91' title='bbox 1632 1161 1833 1214; x_wconf 87' lang='lat' dir='ltr'><strong>eosque</strong></span> <span class='ocrx_word' id='word_1_92' title='bbox 1879 1145 1965 1215; x_wconf 90' lang='lat' dir='ltr'><strong>qui</strong></span> <span class='ocrx_word' id='word_1_93' title='bbox 1990 1154 2079 1199; x_wconf 85' lang='lat' dir='ltr'><strong>aut</strong></span> 
     </span>
    </p>
   </div>
   <div class='ocr_carea' id='block_1_14' title="bbox 490 1239 2076 1310">
    <p class='ocr_par' dir='ltr' id='par_1_14' title="bbox 490 1239 2076 1310">
     <span class='ocr_line' id='line_1_14' title="bbox 490 1239 2076 1310; baseline -0.003 -13"><span class='ocrx_word' id='word_1_94' title='bbox 490 1242 541 1297; x_wconf 88' lang='lat' dir='ltr'><strong>ei</strong></span> <span class='ocrx_word' id='word_1_95' title='bbox 563 1243 755 1297; x_wconf 85' lang='lat' dir='ltr'><strong>similia</strong></span> <span class='ocrx_word' id='word_1_96' title='bbox 783 1249 1096 1310; x_wconf 79' lang='lat' dir='ltr'><strong>sapuerunt.</strong></span> <span class='ocrx_word' id='word_1_97' title='bbox 1127 1250 1215 1293; x_wconf 87' lang='lat' dir='ltr'><strong>aut</strong></span> <span class='ocrx_word' id='word_1_98' title='bbox 1239 1240 1475 1310; x_wconf 89' lang='lat' dir='ltr'><strong>sapiunt,</strong></span> <span class='ocrx_word' id='word_1_99' title='bbox 1527 1239 1813 1293; x_wconf 85' lang='lat' dir='ltr'><strong>anathema</strong></span> <span class='ocrx_word' id='word_1_100' title='bbox 1839 1240 1931 1293; x_wconf 90' lang='lat' dir='ltr'><strong>sit.</strong></span> <span class='ocrx_word' id='word_1_101' title='bbox 1974 1258 1990 1289; x_wconf 71' lang='grc' dir='ltr'><strong><em>ι</em></strong></span> <span class='ocrx_word' id='word_1_102' title='bbox 2020 1240 2076 1293; x_wconf 85' lang='grc' dir='ltr'><strong>1η</strong></span> 
     </span>
    </p>
   </div>
   <div class='ocr_carea' id='block_1_15' title="bbox 491 1332 2079 1403">
    <p class='ocr_par' dir='ltr' id='par_1_15' title="bbox 491 1332 2079 1403">
     <span class='ocr_line' id='line_1_15' title="bbox 491 1332 2079 1403; baseline -0.002 -15"><span class='ocrx_word' id='word_1_103' title='bbox 491 1350 593 1403; x_wconf 87' lang='lat' dir='ltr'><strong>qua</strong></span> <span class='ocrx_word' id='word_1_104' title='bbox 617 1334 883 1388; x_wconf 90' lang='lat' dir='ltr'><strong>sententia</strong></span> <span class='ocrx_word' id='word_1_105' title='bbox 902 1332 1137 1398; x_wconf 85' lang='lat' dir='ltr'><strong>intende,</strong></span> <span class='ocrx_word' id='word_1_106' title='bbox 1154 1346 1366 1401; x_wconf 67' lang='lat' dir='ltr'><strong>quasso,</strong></span> <span class='ocrx_word' id='word_1_107' title='bbox 1388 1341 1517 1400; x_wconf 90' lang='lat' dir='ltr'><strong>quot</strong></span> <span class='ocrx_word' id='word_1_108' title='bbox 1539 1340 1591 1385; x_wconf 88' lang='lat' dir='ltr'><strong>et</strong></span> <span class='ocrx_word' id='word_1_109' title='bbox 1612 1346 1769 1401; x_wconf 91' lang='lat' dir='ltr'><strong>quam</strong></span> <span class='ocrx_word' id='word_1_110' title='bbox 1794 1346 1982 1399; x_wconf 87' lang='lat' dir='ltr'><strong>magna</strong></span> <span class='ocrx_word' id='word_1_111' title='bbox 2002 1332 2079 1385; x_wconf 81' lang='lat' dir='ltr'><strong>vi-</strong></span> 
     </span>
    </p>
   </div>
   <div class='ocr_carea' id='block_1_16' title="bbox 492 1421 2076 1493">
    <p class='ocr_par' dir='ltr' id='par_1_16' title="bbox 492 1421 2076 1493">
     <span class='ocr_line' id='line_1_16' title="bbox 492 1421 2076 1493; baseline -0.001 -16"><span class='ocrx_word' id='word_1_112' title='bbox 492 1426 561 1478; x_wconf 90' lang='lat' dir='ltr'><strong>tia</strong></span> <span class='ocrx_word' id='word_1_113' title='bbox 588 1424 1002 1493; x_wconf 82' lang='lat' dir='ltr'><strong>reprehendam.</strong></span> <span class='ocrx_word' id='word_1_114' title='bbox 1060 1423 1297 1477; x_wconf 89' lang='lat' dir='ltr'><strong>Primum</strong></span> <span class='ocrx_word' id='word_1_115' title='bbox 1349 1431 1450 1485; x_wconf 85' lang='lat' dir='ltr'><strong>est,</strong></span> <span class='ocrx_word' id='word_1_116' title='bbox 1510 1421 1652 1491; x_wconf 89' lang='lat' dir='ltr'><strong>quod</strong></span> <span class='ocrx_word' id='word_1_117' title='bbox 1710 1436 1829 1475; x_wconf 89' lang='lat' dir='ltr'><strong>eum</strong></span> <span class='ocrx_word' id='word_1_118' title='bbox 1889 1431 2076 1475; x_wconf 88' lang='lat' dir='ltr'><strong>contra</strong></span> 
     </span>
    </p>
   </div>
   <div class='ocr_carea' id='block_1_17' title="bbox 488 1513 2076 1582">
    <p class='ocr_par' dir='ltr' id='par_1_17' title="bbox 488 1513 2076 1582">
     <span class='ocr_line' id='line_1_17' title="bbox 488 1513 2076 1582; baseline -0.002 -11"><span class='ocrx_word' id='word_1_119' title='bbox 488 1519 807 1571; x_wconf 78' lang='lat' dir='ltr'><strong>sententiain</strong></span> <span class='ocrx_word' id='word_1_120' title='bbox 842 1517 1057 1569; x_wconf 87' lang='lat' dir='ltr'><strong>Patrum</strong></span> <span class='ocrx_word' id='word_1_121' title='bbox 1100 1523 1155 1569; x_wconf 87' lang='lat' dir='ltr'><strong>et</strong></span> <span class='ocrx_word' id='word_1_122' title='bbox 1185 1514 1345 1569; x_wconf 87' lang='lat' dir='ltr'><strong>totius</strong></span> <span class='ocrx_word' id='word_1_123' title='bbox 1394 1514 1652 1568; x_wconf 72' lang='lat' dir='ltr'><strong>Ecclesia:</strong></span> <span class='ocrx_word' id='word_1_124' title='bbox 1707 1513 1988 1582; x_wconf 87' lang='lat' dir='ltr'><strong>judicium,</strong></span> <span class='ocrx_word' id='word_1_125' title='bbox 2020 1514 2076 1568; x_wconf 90' lang='lat' dir='ltr'><strong>in</strong></span> 
     </span>
    </p>
   </div>
   <div class='ocr_carea' id='block_1_18' title="bbox 487 1606 2071 1679">
    <p class='ocr_par' dir='ltr' id='par_1_18' title="bbox 487 1606 2071 1679">
     <span class='ocr_line' id='line_1_18' title="bbox 487 1606 2071 1679; baseline -0.003 -17"><span class='ocrx_word' id='word_1_126' title='bbox 487 1610 643 1679; x_wconf 85' lang='lat' dir='ltr'><strong>cujus</strong></span> <span class='ocrx_word' id='word_1_127' title='bbox 670 1624 799 1678; x_wconf 82' lang='lat' dir='ltr'><strong>pace</strong></span> <span class='ocrx_word' id='word_1_128' title='bbox 824 1608 1107 1662; x_wconf 81' lang='lat' dir='ltr'><strong>defunctus</strong></span> <span class='ocrx_word' id='word_1_129' title='bbox 1158 1617 1259 1673; x_wconf 86' lang='lat' dir='ltr'><strong>est,</strong></span> <span class='ocrx_word' id='word_1_130' title='bbox 1319 1607 1647 1662; x_wconf 84' lang='lat' dir='ltr'><strong>anathemati</strong></span> <span class='ocrx_word' id='word_1_131' title='bbox 1699 1606 2071 1662; x_wconf 89' lang='lat' dir='ltr'><strong>subdiderunt.</strong></span> 
     </span>
    </p>
   </div>
   <div class='ocr_carea' id='block_1_19' title="bbox 490 1697 2079 1769">
    <p class='ocr_par' dir='ltr' id='par_1_19' title="bbox 490 1697 2079 1769">
     <span class='ocr_line' id='line_1_19' title="bbox 490 1697 2079 1769; baseline -0.003 -13"><span class='ocrx_word' id='word_1_132' title='bbox 490 1699 797 1756; x_wconf 74' lang='lat' dir='ltr'><strong>Secundum</strong></span> <span class='ocrx_word' id='word_1_133' title='bbox 824 1712 1002 1755; x_wconf 87' lang='lat' dir='ltr'><strong>autem</strong></span> <span class='ocrx_word' id='word_1_134' title='bbox 1032 1700 1173 1769; x_wconf 89' lang='lat' dir='ltr'><strong>quod</strong></span> <span class='ocrx_word' id='word_1_135' title='bbox 1199 1744 1212 1765; x_wconf 93' lang='lat'><strong>,</strong></span> <span class='ocrx_word' id='word_1_136' title='bbox 1250 1699 1662 1755; x_wconf 84' lang='lat' dir='ltr'><strong>condcmnando</strong></span> <span class='ocrx_word' id='word_1_137' title='bbox 1697 1712 1887 1753; x_wconf 87' lang='lat' dir='ltr'><strong>omnes</strong></span> <span class='ocrx_word' id='word_1_138' title='bbox 1918 1702 2004 1767; x_wconf 90' lang='lat' dir='ltr'><strong>qui</strong></span> <span class='ocrx_word' id='word_1_139' title='bbox 2027 1697 2079 1751; x_wconf 89' lang='lat' dir='ltr'><strong>ei</strong></span> 
     </span>
    </p>
   </div>
   <div class='ocr_carea' id='block_1_20' title="bbox 488 1788 2082 1859">
    <p class='ocr_par' dir='ltr' id='par_1_20' title="bbox 488 1788 2082 1859">
     <span class='ocr_line' id='line_1_20' title="bbox 488 1788 2082 1859; baseline -0.003 -13"><span class='ocrx_word' id='word_1_140' title='bbox 488 1808 593 1846; x_wconf 90' lang='lat' dir='ltr'><strong>non</strong></span> <span class='ocrx_word' id='word_1_141' title='bbox 624 1793 809 1846; x_wconf 89' lang='lat' dir='ltr'><strong>dicunt</strong></span> <span class='ocrx_word' id='word_1_142' title='bbox 838 1792 1144 1857; x_wconf 88' lang='lat' dir='ltr'><strong>anathema,</strong></span> <span class='ocrx_word' id='word_1_143' title='bbox 1169 1799 1498 1845; x_wconf 88' lang='lat' dir='ltr'><strong>memoratos</strong></span> <span class='ocrx_word' id='word_1_144' title='bbox 1532 1804 1747 1859; x_wconf 90' lang='lat' dir='ltr'><strong>quoque</strong></span> <span class='ocrx_word' id='word_1_145' title='bbox 1797 1788 2082 1843; x_wconf 87' lang='lat' dir='ltr'><strong>venerabi-</strong></span> 
     </span>
    </p>
   </div>
   <div class='ocr_carea' id='block_1_21' title="bbox 491 1881 2082 1951">
    <p class='ocr_par' dir='ltr' id='par_1_21' title="bbox 491 1881 2082 1951">
     <span class='ocr_line' id='line_1_21' title="bbox 491 1881 2082 1951; baseline -0.002 -14"><span class='ocrx_word' id='word_1_146' title='bbox 491 1885 572 1938; x_wconf 91' lang='lat' dir='ltr'><strong>les</strong></span> <span class='ocrx_word' id='word_1_147' title='bbox 606 1884 816 1949; x_wconf 83' lang='lat' dir='ltr'><strong>Patres,</strong></span> <span class='ocrx_word' id='word_1_148' title='bbox 848 1893 901 1937; x_wconf 89' lang='lat' dir='ltr'><strong>et</strong></span> <span class='ocrx_word' id='word_1_149' title='bbox 952 1886 1120 1951; x_wconf 84' lang='lat' dir='ltr'><strong>ipsam</strong></span> <span class='ocrx_word' id='word_1_150' title='bbox 1173 1897 1291 1950; x_wconf 70' lang='lat' dir='ltr'><strong>qua:</strong></span> <span class='ocrx_word' id='word_1_151' title='bbox 1342 1881 1627 1936; x_wconf 86' lang='lat' dir='ltr'><strong>Theodoro</strong></span> <span class='ocrx_word' id='word_1_152' title='bbox 1670 1881 2082 1935; x_wconf 82' lang='lat' dir='ltr'><strong>communicavit</strong></span> 
     </span>
    </p>
   </div>
   <div class='ocr_carea' id='block_1_22' title="bbox 490 1973 2083 2042">
    <p class='ocr_par' dir='ltr' id='par_1_22' title="bbox 490 1973 2083 2042">
     <span class='ocr_line' id='line_1_22' title="bbox 490 1973 2083 2042; baseline -0.002 -13"><span class='ocrx_word' id='word_1_153' title='bbox 490 1974 809 2041; x_wconf 78' lang='lat' dir='ltr'><strong>Ecclesiam,</strong></span> <span class='ocrx_word' id='word_1_154' title='bbox 835 1984 994 2042; x_wconf 89' lang='lat' dir='ltr'><strong>atque</strong></span> <span class='ocrx_word' id='word_1_155' title='bbox 1020 1988 1207 2028; x_wconf 87' lang='lat' dir='ltr'><strong>omnes</strong></span> <span class='ocrx_word' id='word_1_156' title='bbox 1238 1982 1534 2040; x_wconf 83' lang='lat' dir='ltr'><strong>praesentes</strong></span> <span class='ocrx_word' id='word_1_157' title='bbox 1591 1973 1643 2026; x_wconf 91' lang='lat' dir='ltr'><strong>in</strong></span> <span class='ocrx_word' id='word_1_158' title='bbox 1677 1987 1901 2041; x_wconf 89' lang='lat' dir='ltr'><strong>corpore</strong></span> <span class='ocrx_word' id='word_1_159' title='bbox 1927 1973 2083 2027; x_wconf 84' lang='lat' dir='ltr'><strong>Chri-</strong></span> 
     </span>
    </p>
   </div>
   <div class='ocr_carea' id='block_1_23' title="bbox 492 2062 2082 2134">
    <p class='ocr_par' dir='ltr' id='par_1_23' title="bbox 492 2062 2082 2134">
     <span class='ocr_line' id='line_1_23' title="bbox 492 2062 2082 2134; baseline -0.003 -14"><span class='ocrx_word' id='word_1_160' title='bbox 492 2068 559 2120; x_wconf 87' lang='lat' dir='ltr'><strong>sti</strong></span> <span class='ocrx_word' id='word_1_161' title='bbox 590 2066 799 2129; x_wconf 86' lang='lat' dir='ltr'><strong>ﬁdeles,</strong></span> <span class='ocrx_word' id='word_1_162' title='bbox 828 2065 919 2134; x_wconf 89' lang='lat' dir='ltr'><strong>qui</strong></span> <span class='ocrx_word' id='word_1_163' title='bbox 962 2066 1075 2118; x_wconf 82' lang='lat' dir='ltr'><strong>sive</strong></span> <span class='ocrx_word' id='word_1_164' title='bbox 1106 2064 1247 2132; x_wconf 88' lang='lat' dir='ltr'><strong>quod</strong></span> <span class='ocrx_word' id='word_1_165' title='bbox 1280 2065 1330 2116; x_wconf 90' lang='lat' dir='ltr'><strong>in</strong></span> <span class='ocrx_word' id='word_1_166' title='bbox 1375 2063 1630 2116; x_wconf 72' lang='lat' dir='ltr'><strong>Ecclesia:</strong></span> <span class='ocrx_word' id='word_1_167' title='bbox 1668 2077 1799 2131; x_wconf 87' lang='lat' dir='ltr'><strong>pace</strong></span> <span class='ocrx_word' id='word_1_168' title='bbox 1820 2064 1983 2115; x_wconf 90' lang='lat' dir='ltr'><strong>vitam</strong></span> <span class='ocrx_word' id='word_1_169' title='bbox 2018 2062 2082 2115; x_wconf 82' lang='lat' dir='ltr'><strong>ﬁ-</strong></span> 
     </span>
    </p>
   </div>
   <div class='ocr_carea' id='block_1_24' title="bbox 492 2152 2081 2224">
    <p class='ocr_par' dir='ltr' id='par_1_24' title="bbox 492 2152 2081 2224">
     <span class='ocr_line' id='line_1_24' title="bbox 492 2152 2081 2224; baseline -0.004 -12"><span class='ocrx_word' id='word_1_170' title='bbox 492 2157 714 2222; x_wconf 90' lang='lat' dir='ltr'><strong>nierint,</strong></span> <span class='ocrx_word' id='word_1_171' title='bbox 746 2156 863 2209; x_wconf 83' lang='lat' dir='ltr'><strong>sive</strong></span> <span class='ocrx_word' id='word_1_172' title='bbox 891 2155 1032 2224; x_wconf 91' lang='lat' dir='ltr'><strong>quod</strong></span> <span class='ocrx_word' id='word_1_173' title='bbox 1062 2169 1158 2208; x_wconf 92' lang='lat' dir='ltr'><strong>nec</strong></span> <span class='ocrx_word' id='word_1_174' title='bbox 1181 2169 1395 2221; x_wconf 78' lang='lat' dir='ltr'><strong>errores</strong></span> <span class='ocrx_word' id='word_1_175' title='bbox 1418 2152 1535 2222; x_wconf 87' lang='lat' dir='ltr'><strong>ejus</strong></span> <span class='ocrx_word' id='word_1_176' title='bbox 1555 2167 1651 2207; x_wconf 87' lang='lat' dir='ltr'><strong>nec</strong></span> <span class='ocrx_word' id='word_1_177' title='bbox 1675 2167 1868 2206; x_wconf 88' lang='lat' dir='ltr'><strong>nomen</strong></span> <span class='ocrx_word' id='word_1_178' title='bbox 1900 2152 2081 2205; x_wconf 89' lang='lat' dir='ltr'><strong>audie-</strong></span> 
     </span>
    </p>
   </div>
   <div class='ocr_carea' id='block_1_25' title="bbox 496 2247 2084 2316">
    <p class='ocr_par' dir='ltr' id='par_1_25' title="bbox 496 2247 2084 2316">
     <span class='ocr_line' id='line_1_25' title="bbox 496 2247 2084 2316; baseline -0.004 -12"><span class='ocrx_word' id='word_1_179' title='bbox 496 2252 627 2316; x_wconf 84' lang='lat' dir='ltr'><strong>rint,</strong></span> <span class='ocrx_word' id='word_1_180' title='bbox 654 2265 775 2303; x_wconf 89' lang='lat' dir='ltr'><strong>eutn</strong></span> <span class='ocrx_word' id='word_1_181' title='bbox 810 2264 913 2303; x_wconf 90' lang='lat' dir='ltr'><strong>non</strong></span> <span class='ocrx_word' id='word_1_182' title='bbox 947 2248 1417 2311; x_wconf 84' lang='lat' dir='ltr'><strong>auathematizant,</strong></span> <span class='ocrx_word' id='word_1_183' title='bbox 1471 2247 1826 2301; x_wconf 86' lang='lat' dir='ltr'><strong>decreverunt</strong></span> <span class='ocrx_word' id='word_1_184' title='bbox 1860 2254 1917 2299; x_wconf 87' lang='lat' dir='ltr'><strong>ut</strong></span> <span class='ocrx_word' id='word_1_185' title='bbox 1958 2260 2084 2298; x_wconf 86' lang='lat' dir='ltr'><strong>ana-</strong></span> 
     </span>
    </p>
   </div>
   <div class='ocr_carea' id='block_1_26' title="bbox 468 2330 2085 2408">
    <p class='ocr_par' dir='ltr' id='par_1_26' title="bbox 468 2330 2085 2408">
     <span class='ocr_line' id='line_1_26' title="bbox 468 2330 2085 2408; baseline -0.004 -14"><span class='ocrx_word' id='word_1_186' title='bbox 468 2330 674 2396; x_wconf 18' lang='lat' dir='ltr'><strong>;thc-ma</strong></span> <span class='ocrx_word' id='word_1_187' title='bbox 706 2342 895 2396; x_wconf 85' lang='lat' dir='ltr'><strong>ﬁerent</strong></span> <span class='ocrx_word' id='word_1_188' title='bbox 928 2359 936 2391; x_wconf 89' lang='lat'>:</span> <span class='ocrx_word' id='word_1_189' title='bbox 965 2339 1106 2408; x_wconf 89' lang='lat' dir='ltr'><strong>quod</strong></span> <span class='ocrx_word' id='word_1_190' title='bbox 1136 2348 1318 2407; x_wconf 85' lang='lat' dir='ltr'><strong>aperte</strong></span> <span class='ocrx_word' id='word_1_191' title='bbox 1340 2350 1526 2393; x_wconf 87' lang='lat' dir='ltr'><strong>contra</strong></span> <span class='ocrx_word' id='word_1_192' title='bbox 1562 2336 1823 2406; x_wconf 91' lang='lat' dir='ltr'><strong>justitiam</strong></span> <span class='ocrx_word' id='word_1_193' title='bbox 1857 2345 1909 2389; x_wconf 90' lang='lat' dir='ltr'><strong>et</strong></span> <span class='ocrx_word' id='word_1_194' title='bbox 1957 2349 2085 2389; x_wconf 88' lang='lat' dir='ltr'><strong>con-</strong></span> 
     </span>
    </p>
   </div>
   <div class='ocr_carea' id='block_1_27' title="bbox 494 2428 2085 2499">
    <p class='ocr_par' dir='ltr' id='par_1_27' title="bbox 494 2428 2085 2499">
     <span class='ocr_line' id='line_1_27' title="bbox 494 2428 2085 2499; baseline -0.005 -10"><span class='ocrx_word' id='word_1_195' title='bbox 494 2445 573 2488; x_wconf 91' lang='lat' dir='ltr'><strong>tra</strong></span> <span class='ocrx_word' id='word_1_196' title='bbox 606 2449 810 2489; x_wconf 91' lang='lat' dir='ltr'><strong>morem</strong></span> <span class='ocrx_word' id='word_1_197' title='bbox 844 2433 1097 2488; x_wconf 82' lang='lat' dir='ltr'><strong>Ecclesiae</strong></span> <span class='ocrx_word' id='word_1_198' title='bbox 1146 2432 1494 2486; x_wconf 76' lang='lat' dir='ltr'><strong>factumesse</strong></span> <span class='ocrx_word' id='word_1_199' title='bbox 1539 2429 1650 2499; x_wconf 88' lang='lat' dir='ltr'><strong>jam</strong></span> <span class='ocrx_word' id='word_1_200' title='bbox 1696 2428 1948 2493; x_wconf 75' lang='lat' dir='ltr'><strong>diximus,</strong></span> <span class='ocrx_word' id='word_1_201' title='bbox 1985 2440 2085 2481; x_wconf 86' lang='lat' dir='ltr'><strong>nec</strong></span> 
     </span>
    </p>
   </div>
   <div class='ocr_carea' id='block_1_28' title="bbox 495 2517 2084 2589">
    <p class='ocr_par' dir='ltr' id='par_1_28' title="bbox 495 2517 2084 2589">
     <span class='ocr_line' id='line_1_28' title="bbox 495 2517 2084 2589; baseline -0.004 -10"><span class='ocrx_word' id='word_1_202' title='bbox 495 2526 659 2579; x_wconf 88' lang='lat' dir='ltr'><strong>ullum</strong></span> <span class='ocrx_word' id='word_1_203' title='bbox 693 2526 796 2578; x_wconf 88' lang='lat' dir='ltr'><strong>tale</strong></span> <span class='ocrx_word' id='word_1_204' title='bbox 828 2524 1128 2579; x_wconf 89' lang='lat' dir='ltr'><strong>invenimus</strong></span> <span class='ocrx_word' id='word_1_205' title='bbox 1145 2522 1449 2589; x_wconf 80' lang='lat' dir='ltr'><strong>exemplum</strong></span> <span class='ocrx_word' id='word_1_206' title='bbox 1477 2520 1565 2575; x_wconf 88' lang='lat' dir='ltr'><strong>ubi</strong></span> <span class='ocrx_word' id='word_1_207' title='bbox 1622 2520 1903 2573; x_wconf 81' lang='lat' dir='ltr'><strong>anathema</strong></span> <span class='ocrx_word' id='word_1_208' title='bbox 1958 2517 2084 2572; x_wconf 80' lang='lat' dir='ltr'><strong>facti</strong></span> 
     </span>
    </p>
   </div>
   <div class='ocr_carea' id='block_1_29' title="bbox 496 2613 2082 2686">
    <p class='ocr_par' dir='ltr' id='par_1_29' title="bbox 496 2613 2082 2686">
     <span class='ocr_line' id='line_1_29' title="bbox 496 2613 2082 2686; baseline -0.007 -13"><span class='ocrx_word' id='word_1_209' title='bbox 496 2620 632 2683; x_wconf 85' lang='lat' dir='ltr'><strong>sint,</strong></span> <span class='ocrx_word' id='word_1_210' title='bbox 661 2618 749 2686; x_wconf 92' lang='lat' dir='ltr'><strong>qui</strong></span> <span class='ocrx_word' id='word_1_211' title='bbox 774 2617 935 2671; x_wconf 88' lang='lat' dir='ltr'><strong>alicui</strong></span> <span class='ocrx_word' id='word_1_212' title='bbox 990 2615 1277 2680; x_wconf 75' lang='lat' dir='ltr'><strong>lueretico,</strong></span> <span class='ocrx_word' id='word_1_213' title='bbox 1310 2629 1468 2683; x_wconf 88' lang='lat' dir='ltr'><strong>quem</strong></span> <span class='ocrx_word' id='word_1_214' title='bbox 1536 2613 1806 2681; x_wconf 81' lang='lat' dir='ltr'><strong>ignorare-</strong></span> <span class='ocrx_word' id='word_1_215' title='bbox 1836 2618 2082 2679; x_wconf 88' lang='lat' dir='ltr'><strong>possunt,</strong></span> 
     </span>
    </p>
   </div>
   <div class='ocr_carea' id='block_1_30' title="bbox 503 2703 2082 2773">
    <p class='ocr_par' dir='ltr' id='par_1_30' title="bbox 503 2703 2082 2773">
     <span class='ocr_line' id='line_1_30' title="bbox 503 2703 2082 2773; baseline -0.006 -8"><span class='ocrx_word' id='word_1_216' title='bbox 503 2724 608 2765; x_wconf 91' lang='lat' dir='ltr'><strong>non</strong></span> <span class='ocrx_word' id='word_1_217' title='bbox 636 2708 821 2764; x_wconf 91' lang='lat' dir='ltr'><strong>dicunt</strong></span> <span class='ocrx_word' id='word_1_218' title='bbox 869 2706 1181 2762; x_wconf 86' lang='lat' dir='ltr'><strong>anathema.</strong></span> <span class='ocrx_word' id='word_1_219' title='bbox 1226 2705 1381 2773; x_wconf 84' lang='lat' dir='ltr'><strong>Quod</strong></span> <span class='ocrx_word' id='word_1_220' title='bbox 1429 2719 1526 2760; x_wconf 89' lang='lat' dir='ltr'><strong>nec</strong></span> <span class='ocrx_word' id='word_1_221' title='bbox 1564 2705 1649 2757; x_wconf 78' lang='lat' dir='ltr'><strong>isti</strong></span> <span class='ocrx_word' id='word_1_222' title='bbox 1709 2703 2082 2767; x_wconf 89' lang='lat' dir='ltr'><strong>decernerent,</strong></span> 
     </span>
    </p>
   </div>
   <div class='ocr_carea' id='block_1_31' title="bbox 495 2795 2085 2870">
    <p class='ocr_par' dir='ltr' id='par_1_31' title="bbox 495 2795 2085 2870">
     <span class='ocr_line' id='line_1_31' title="bbox 495 2795 2085 2870; baseline -0.005 -16"><span class='ocrx_word' id='word_1_223' title='bbox 495 2802 598 2855; x_wconf 92' lang='lat' dir='ltr'><strong>nisi</strong></span> <span class='ocrx_word' id='word_1_224' title='bbox 626 2800 690 2853; x_wconf 91' lang='lat' dir='ltr'><strong>ad</strong></span> <span class='ocrx_word' id='word_1_225' title='bbox 717 2799 913 2870; x_wconf 87' lang='lat' dir='ltr'><strong>synodi</strong></span> <span class='ocrx_word' id='word_1_226' title='bbox 968 2797 1422 2855; x_wconf 87' lang='lat' dir='ltr'><strong>Chalcedonensis</strong></span> <span class='ocrx_word' id='word_1_227' title='bbox 1473 2795 1746 2865; x_wconf 86' lang='lat' dir='ltr'><strong>injuriam,</strong></span> <span class='ocrx_word' id='word_1_228' title='bbox 1782 2810 1922 2864; x_wconf 86' lang='lat' dir='ltr'><strong>quae,</strong></span> <span class='ocrx_word' id='word_1_229' title='bbox 1964 2808 2085 2847; x_wconf 91' lang='lat' dir='ltr'><strong>cum</strong></span> 
     </span>
    </p>
   </div>
   <div class='ocr_carea' id='block_1_32' title="bbox 497 2886 2087 2960">
    <p class='ocr_par' dir='ltr' id='par_1_32' title="bbox 497 2886 2087 2960">
     <span class='ocr_line' id='line_1_32' title="bbox 497 2886 2087 2960; baseline -0.004 -15"><span class='ocrx_word' id='word_1_230' title='bbox 497 2890 637 2960; x_wconf 91' lang='lat' dir='ltr'><strong>apud</strong></span> <span class='ocrx_word' id='word_1_231' title='bbox 661 2904 720 2945; x_wconf 84' lang='lat' dir='ltr'><strong>se</strong></span> <span class='ocrx_word' id='word_1_232' title='bbox 737 2891 1099 2946; x_wconf 86' lang='lat' dir='ltr'><strong>recitarentur</strong></span> <span class='ocrx_word' id='word_1_233' title='bbox 1124 2889 1241 2959; x_wconf 88' lang='lat' dir='ltr'><strong>ejus</strong></span> <span class='ocrx_word' id='word_1_234' title='bbox 1268 2888 1478 2955; x_wconf 86' lang='lat' dir='ltr'><strong>laudes,</strong></span> <span class='ocrx_word' id='word_1_235' title='bbox 1498 2902 1607 2942; x_wconf 90' lang='lat' dir='ltr'><strong>non</strong></span> <span class='ocrx_word' id='word_1_236' title='bbox 1647 2888 1695 2941; x_wconf 91' lang='lat' dir='ltr'><strong>ei</strong></span> <span class='ocrx_word' id='word_1_237' title='bbox 1740 2886 1935 2941; x_wconf 81' lang='lat' dir='ltr'><strong>dixerit</strong></span> <span class='ocrx_word' id='word_1_238' title='bbox 1960 2900 2087 2939; x_wconf 87' lang='lat' dir='ltr'><strong>ana-</strong></span> 
     </span>
    </p>
   </div>
   <div class='ocr_carea' id='block_1_33' title="bbox 495 2978 2088 3051">
    <p class='ocr_par' dir='ltr' id='par_1_33' title="bbox 495 2978 2088 3051">
     <span class='ocr_line' id='line_1_33' title="bbox 495 2978 2088 3051; baseline -0.004 -13"><span class='ocrx_word' id='word_1_239' title='bbox 495 2984 693 3039; x_wconf 83' lang='lat' dir='ltr'><strong>thema.</strong></span> <span class='ocrx_word' id='word_1_240' title='bbox 728 2983 965 3039; x_wconf 89' lang='lat' dir='ltr'><strong>Tertium</strong></span> <span class='ocrx_word' id='word_1_241' title='bbox 1023 2997 1153 3037; x_wconf 90' lang='lat' dir='ltr'><strong>vero</strong></span> <span class='ocrx_word' id='word_1_242' title='bbox 1175 2990 1278 3049; x_wconf 89' lang='lat' dir='ltr'><strong>est,</strong></span> <span class='ocrx_word' id='word_1_243' title='bbox 1309 2980 1451 3051; x_wconf 88' lang='lat' dir='ltr'><strong>quod</strong></span> <span class='ocrx_word' id='word_1_244' title='bbox 1477 2980 1595 3035; x_wconf 85' lang='lat' dir='ltr'><strong>sine</strong></span> <span class='ocrx_word' id='word_1_245' title='bbox 1625 2978 1731 3033; x_wconf 90' lang='lat' dir='ltr'><strong>ulla</strong></span> <span class='ocrx_word' id='word_1_246' title='bbox 1775 2978 2088 3047; x_wconf 84' lang='lat' dir='ltr'><strong>exceptione</strong></span> 
     </span>
    </p>
   </div>
   <div class='ocr_carea' id='block_1_34' title="bbox 2181 393 3796 471">
    <p class='ocr_par' dir='ltr' id='par_1_34' title="bbox 2181 393 3796 471">
     <span class='ocr_line' id='line_1_34' title="bbox 2181 393 3796 471; baseline -0.007 -14"><span class='ocrx_word' id='word_1_247' title='bbox 2181 414 2255 458; x_wconf 88' lang='lat' dir='ltr'><strong>set</strong></span> <span class='ocrx_word' id='word_1_248' title='bbox 2284 412 2513 457; x_wconf 84' lang='lat' dir='ltr'><strong>mortuus</strong></span> <span class='ocrx_word' id='word_1_249' title='bbox 2561 399 2743 471; x_wconf 76' lang='lat' dir='ltr'><strong>(Joan.</strong></span> <span class='ocrx_word' id='word_1_250' title='bbox 2772 415 2826 453; x_wconf 74' lang='grc' dir='ltr'><strong>ιι</strong></span> <span class='ocrx_word' id='word_1_251' title='bbox 2848 437 2869 466; x_wconf 83' lang='grc'><em>,</em></span> <span class='ocrx_word' id='word_1_252' title='bbox 2898 398 2991 461; x_wconf 74' lang='lat'><strong>9.1,</strong></span> <span class='ocrx_word' id='word_1_253' title='bbox 3014 394 3127 465; x_wconf 72' lang='grc'><strong>25).</strong></span> <span class='ocrx_word' id='word_1_254' title='bbox 3156 397 3287 463; x_wconf 70' lang='lat' dir='ltr'><strong>Qua:</strong></span> <span class='ocrx_word' id='word_1_255' title='bbox 3329 396 3453 450; x_wconf 84' lang='lat' dir='ltr'><strong>licet</strong></span> <span class='ocrx_word' id='word_1_256' title='bbox 3482 393 3796 449; x_wconf 80' lang='lat' dir='ltr'><strong>crederent</strong></span> 
     </span>
    </p>
   </div>
   <div class='ocr_carea' id='block_1_35' title="bbox 2180 487 3795 565">
    <p class='ocr_par' dir='ltr' id='par_1_35' title="bbox 2180 487 3795 565">
     <span class='ocr_line' id='line_1_35' title="bbox 2180 487 3795 565; baseline -0.007 -14"><span class='ocrx_word' id='word_1_257' title='bbox 2180 495 2321 565; x_wconf 89' lang='lat' dir='ltr'><strong>quod</strong></span> <span class='ocrx_word' id='word_1_258' title='bbox 2351 496 2466 563; x_wconf 90' lang='lat' dir='ltr'><strong>ipse</strong></span> <span class='ocrx_word' id='word_1_259' title='bbox 2494 502 2640 549; x_wconf 86' lang='lat' dir='ltr'><strong>esset</strong></span> <span class='ocrx_word' id='word_1_260' title='bbox 2668 493 2834 547; x_wconf 88' lang='lat' dir='ltr'><strong>Filius</strong></span> <span class='ocrx_word' id='word_1_261' title='bbox 2858 492 2878 523; x_wconf 89' lang='grc'><em>³</em></span> <span class='ocrx_word' id='word_1_262' title='bbox 2909 489 3007 545; x_wconf 86' lang='lat' dir='ltr'><strong>Dei</strong></span> <span class='ocrx_word' id='word_1_263' title='bbox 3032 490 3122 559; x_wconf 90' lang='lat' dir='ltr'><strong>qui</strong></span> <span class='ocrx_word' id='word_1_264' title='bbox 3144 490 3195 543; x_wconf 91' lang='lat' dir='ltr'><strong>in</strong></span> <span class='ocrx_word' id='word_1_265' title='bbox 3226 488 3478 543; x_wconf 85' lang='lat' dir='ltr'><strong>mundum</strong></span> <span class='ocrx_word' id='word_1_266' title='bbox 3504 487 3795 551; x_wconf 67' lang='lat' dir='ltr'><strong>venisset,</strong></span> 
     </span>
    </p>
   </div>
   <div class='ocr_carea' id='block_1_36' title="bbox 2182 586 3796 654">
    <p class='ocr_par' dir='ltr' id='par_1_36' title="bbox 2182 586 3796 654">
     <span class='ocr_line' id='line_1_36' title="bbox 2182 586 3796 654; baseline -0.006 -8"><span class='ocrx_word' id='word_1_267' title='bbox 2182 601 2359 646; x_wconf 91' lang='lat' dir='ltr'><strong>tamen</strong></span> <span class='ocrx_word' id='word_1_268' title='bbox 2383 606 2491 645; x_wconf 90' lang='lat' dir='ltr'><strong>non</strong></span> <span class='ocrx_word' id='word_1_269' title='bbox 2512 590 2777 654; x_wconf 90' lang='lat' dir='ltr'><strong>dicerent,</strong></span> <span class='ocrx_word' id='word_1_270' title='bbox 2810 588 2854 642; x_wconf 92' lang='lat' dir='ltr'><strong>si</strong></span> <span class='ocrx_word' id='word_1_271' title='bbox 2885 586 3076 641; x_wconf 79' lang='lat' dir='ltr'><strong>fuisses</strong></span> <span class='ocrx_word' id='word_1_272' title='bbox 3101 586 3208 649; x_wconf 91' lang='lat' dir='ltr'><strong>hic,</strong></span> <span class='ocrx_word' id='word_1_273' title='bbox 3259 586 3440 640; x_wconf 85' lang='lat' dir='ltr'><strong>sieum</strong></span> <span class='ocrx_word' id='word_1_274' title='bbox 3472 595 3796 653; x_wconf 73' lang='lat' dir='ltr'><strong>cognosee~</strong></span> 
     </span>
    </p>
   </div>
   <div class='ocr_carea' id='block_1_37' title="bbox 2181 675 3792 751">
    <p class='ocr_par' dir='ltr' id='par_1_37' title="bbox 2181 675 3792 751">
     <span class='ocr_line' id='line_1_37' title="bbox 2181 675 3792 751; baseline -0.007 -12"><span class='ocrx_word' id='word_1_275' title='bbox 2181 693 2299 741; x_wconf 91' lang='lat' dir='ltr'><strong>rent</strong></span> <span class='ocrx_word' id='word_1_276' title='bbox 2327 686 2465 739; x_wconf 90' lang='lat' dir='ltr'><strong>sicut</strong></span> <span class='ocrx_word' id='word_1_277' title='bbox 2488 684 2650 738; x_wconf 90' lang='lat' dir='ltr'><strong>Deum</strong></span> <span class='ocrx_word' id='word_1_278' title='bbox 2676 682 2871 751; x_wconf 89' lang='lat' dir='ltr'><strong>ubique</strong></span> <span class='ocrx_word' id='word_1_279' title='bbox 2900 694 3021 735; x_wconf 90' lang='lat' dir='ltr'><strong>esse</strong></span> <span class='ocrx_word' id='word_1_280' title='bbox 3051 687 3390 747; x_wconf 72' lang='lat' dir='ltr'><strong>prazsentem.</strong></span> <span class='ocrx_word' id='word_1_281' title='bbox 3439 675 3645 730; x_wconf 76' lang='lat' dir='ltr'><strong>Eadem</strong></span> <span class='ocrx_word' id='word_1_282' title='bbox 3684 688 3792 727; x_wconf 83' lang='lat' dir='ltr'><strong>er-</strong></span> 
     </span>
    </p>
   </div>
   <div class='ocr_carea' id='block_1_38' title="bbox 2179 768 3796 848">
    <p class='ocr_par' dir='ltr' id='par_1_38' title="bbox 2179 768 3796 848">
     <span class='ocr_line' id='line_1_38' title="bbox 2179 768 3796 848; baseline -0.007 -18"><span class='ocrx_word' id='word_1_283' title='bbox 2179 793 2248 848; x_wconf 91' lang='lat' dir='ltr'><strong>go</strong></span> <span class='ocrx_word' id='word_1_284' title='bbox 2272 786 2563 846; x_wconf 87' lang='lat' dir='ltr'><strong>sapuerunt</strong></span> <span class='ocrx_word' id='word_1_285' title='bbox 2586 788 2706 843; x_wconf 68' lang='lat' dir='ltr'><strong>quae</strong></span> <span class='ocrx_word' id='word_1_286' title='bbox 2727 773 2923 827; x_wconf 91' lang='lat' dir='ltr'><strong>dicitur</strong></span> <span class='ocrx_word' id='word_1_287' title='bbox 2944 772 3185 840; x_wconf 88' lang='lat' dir='ltr'><strong>sapuisse</strong></span> <span class='ocrx_word' id='word_1_288' title='bbox 3209 768 3546 834; x_wconf 87' lang='lat' dir='ltr'><strong>Theodorus,</strong></span> <span class='ocrx_word' id='word_1_289' title='bbox 3572 776 3796 821; x_wconf 86' lang='lat' dir='ltr'><strong>etcum</strong></span> 
     </span>
    </p>
   </div>
   <div class='ocr_carea' id='block_1_39' title="bbox 2180 859 3797 928">
    <p class='ocr_par' dir='ltr' id='par_1_39' title="bbox 2180 859 3797 928">
     <span class='ocr_line' id='line_1_39' title="bbox 2180 859 3797 928; baseline -0.008 -5"><span class='ocrx_word' id='word_1_290' title='bbox 2180 868 2465 923; x_wconf 87' lang='lat' dir='ltr'><strong>Theodoro</strong></span> <span class='ocrx_word' id='word_1_291' title='bbox 2506 866 2666 920; x_wconf 90' lang='lat' dir='ltr'><strong>simul</strong></span> <span class='ocrx_word' id='word_1_292' title='bbox 2719 863 3183 919; x_wconf 63' lang='lat' dir='ltr'><strong>anathematizatae</strong></span> <span class='ocrx_word' id='word_1_293' title='bbox 3236 870 3383 916; x_wconf 89' lang='lat' dir='ltr'><strong>sunt.</strong></span> <span class='ocrx_word' id='word_1_294' title='bbox 3426 859 3495 913; x_wconf 87' lang='lat' dir='ltr'><strong>Et</strong></span> <span class='ocrx_word' id='word_1_295' title='bbox 3538 866 3797 928; x_wconf 85' lang='lat' dir='ltr'><strong>quantos</strong></span> 
     </span>
    </p>
   </div>
   <div class='ocr_carea' id='block_1_40' title="bbox 2179 948 3795 1028">
    <p class='ocr_par' dir='ltr' id='par_1_40' title="bbox 2179 948 3795 1028">
     <span class='ocr_line' id='line_1_40' title="bbox 2179 948 3795 1028; baseline -0.008 -14"><span class='ocrx_word' id='word_1_296' title='bbox 2179 961 2265 1016; x_wconf 92' lang='lat' dir='ltr'><strong>vel</strong></span> <span class='ocrx_word' id='word_1_297' title='bbox 2293 975 2356 1013; x_wconf 90' lang='lat' dir='ltr'><strong>eo</strong></span> <span class='ocrx_word' id='word_1_298' title='bbox 2386 969 2627 1028; x_wconf 89' lang='lat' dir='ltr'><strong>tempore</strong></span> <span class='ocrx_word' id='word_1_299' title='bbox 2650 958 2703 1011; x_wconf 93' lang='lat' dir='ltr'><strong>in</strong></span> <span class='ocrx_word' id='word_1_300' title='bbox 2730 956 3033 1024; x_wconf 86' lang='lat' dir='ltr'><strong>Evangeliis</strong></span> <span class='ocrx_word' id='word_1_301' title='bbox 3092 962 3146 1008; x_wconf 88' lang='lat' dir='ltr'><strong>et</strong></span> <span class='ocrx_word' id='word_1_302' title='bbox 3189 951 3501 1022; x_wconf 88' lang='lat' dir='ltr'><strong>apostolicis</strong></span> <span class='ocrx_word' id='word_1_303' title='bbox 3551 948 3795 1016; x_wconf 72' lang='lat' dir='ltr'><strong>scriptis</strong></span> 
     </span>
    </p>
   </div>
   <div class='ocr_carea' id='block_1_41' title="bbox 2182 1041 3800 1121">
    <p class='ocr_par' dir='ltr' id='par_1_41' title="bbox 2182 1041 3800 1121">
     <span class='ocr_line' id='line_1_41' title="bbox 2182 1041 3800 1121; baseline -0.009 -12"><span class='ocrx_word' id='word_1_304' title='bbox 2182 1056 2315 1109; x_wconf 88' lang='lat' dir='ltr'><strong>tales</strong></span> <span class='ocrx_word' id='word_1_305' title='bbox 2340 1054 2506 1109; x_wconf 84' lang='lat' dir='ltr'><strong>fuisse</strong></span> <span class='ocrx_word' id='word_1_306' title='bbox 2541 1050 2921 1121; x_wconf 85' lang='lat' dir='ltr'><strong>cognovimus?</strong></span> <span class='ocrx_word' id='word_1_307' title='bbox 2972 1056 3203 1119; x_wconf 85' lang='lat' dir='ltr'><strong>quantos</strong></span> <span class='ocrx_word' id='word_1_308' title='bbox 3247 1046 3410 1101; x_wconf 88' lang='lat' dir='ltr'><strong>etiam</strong></span> <span class='ocrx_word' id='word_1_309' title='bbox 3442 1056 3588 1099; x_wconf 90' lang='lat' dir='ltr'><strong>nunc</strong></span> <span class='ocrx_word' id='word_1_310' title='bbox 3642 1041 3800 1095; x_wconf 81' lang='lat' dir='ltr'><strong>tales</strong></span> 
     </span>
    </p>
   </div>
   <div class='ocr_carea' id='block_1_42' title="bbox 2180 1138 3799 1219">
    <p class='ocr_par' dir='ltr' id='par_1_42' title="bbox 2180 1138 3799 1219">
     <span class='ocr_line' id='line_1_42' title="bbox 2180 1138 3799 1219; baseline -0.011 -14"><span class='ocrx_word' id='word_1_311' title='bbox 2180 1150 2234 1205; x_wconf 90' lang='lat' dir='ltr'><strong>in</strong></span> <span class='ocrx_word' id='word_1_312' title='bbox 2266 1164 2427 1219; x_wconf 86' lang='lat' dir='ltr'><strong>grege</strong></span> <span class='ocrx_word' id='word_1_313' title='bbox 2458 1148 2715 1211; x_wconf 89' lang='lat' dir='ltr'><strong>ﬁdelium,</strong></span> <span class='ocrx_word' id='word_1_314' title='bbox 2751 1146 2863 1201; x_wconf 87' lang='lat' dir='ltr'><strong>sola</strong></span> <span class='ocrx_word' id='word_1_315' title='bbox 2893 1154 3207 1198; x_wconf 88' lang='lat' dir='ltr'><strong>sanctorum</strong></span> <span class='ocrx_word' id='word_1_316' title='bbox 3244 1138 3628 1210; x_wconf 81' lang='lat' dir='ltr'><strong>mysteriorum</strong></span> <span class='ocrx_word' id='word_1_317' title='bbox 3657 1148 3799 1205; x_wconf 82' lang='lat' dir='ltr'><strong>par-</strong></span> 
     </span>
    </p>
   </div>
   <div class='ocr_carea' id='block_1_43' title="bbox 2182 1229 3795 1311">
    <p class='ocr_par' dir='ltr' id='par_1_43' title="bbox 2182 1229 3795 1311">
     <span class='ocr_line' id='line_1_43' title="bbox 2182 1229 3795 1311; baseline -0.009 -15"><span class='ocrx_word' id='word_1_318' title='bbox 2182 1242 2491 1311; x_wconf 89' lang='lat' dir='ltr'><strong>ticipatione</strong></span> <span class='ocrx_word' id='word_1_319' title='bbox 2514 1251 2567 1295; x_wconf 92' lang='lat' dir='ltr'><strong>et</strong></span> <span class='ocrx_word' id='word_1_320' title='bbox 2587 1239 2822 1307; x_wconf 91' lang='lat' dir='ltr'><strong>simplici</strong></span> <span class='ocrx_word' id='word_1_321' title='bbox 2871 1244 3263 1305; x_wconf 51' lang='lat' dir='ltr'><strong>praeceptorum</strong></span> <span class='ocrx_word' id='word_1_322' title='bbox 3320 1229 3636 1288; x_wconf 88' lang='lat' dir='ltr'><strong>obedientia</strong></span> <span class='ocrx_word' id='word_1_323' title='bbox 3661 1230 3795 1297; x_wconf 86' lang='lat' dir='ltr'><strong>pla-</strong></span> 
     </span>
    </p>
   </div>
   <div class='ocr_carea' id='block_1_44' title="bbox 2178 1320 3795 1396">
    <p class='ocr_par' dir='ltr' id='par_1_44' title="bbox 2178 1320 3795 1396">
     <span class='ocr_line' id='line_1_44' title="bbox 2178 1320 3795 1396; baseline -0.009 -7"><span class='ocrx_word' id='word_1_324' title='bbox 2178 1341 2361 1389; x_wconf 83' lang='lat' dir='ltr'><strong>centes</strong></span> <span class='ocrx_word' id='word_1_325' title='bbox 2386 1333 2497 1387; x_wconf 89' lang='lat' dir='ltr'><strong>Deo</strong></span> <span class='ocrx_word' id='word_1_326' title='bbox 2528 1330 2799 1385; x_wconf 79' lang='lat' dir='ltr'><strong>vidimus?</strong></span> <span class='ocrx_word' id='word_1_327' title='bbox 2831 1344 2952 1384; x_wconf 90' lang='lat' dir='ltr'><strong>cum</strong></span> <span class='ocrx_word' id='word_1_328' title='bbox 2979 1336 3033 1383; x_wconf 90' lang='lat' dir='ltr'><strong>et</strong></span> <span class='ocrx_word' id='word_1_329' title='bbox 3055 1327 3155 1395; x_wconf 90' lang='lat' dir='ltr'><strong>ipsi</strong></span> <span class='ocrx_word' id='word_1_330' title='bbox 3183 1326 3342 1396; x_wconf 90' lang='lat' dir='ltr'><strong>primi</strong></span> <span class='ocrx_word' id='word_1_331' title='bbox 3375 1332 3627 1394; x_wconf 88' lang='lat' dir='ltr'><strong>pastores</strong></span> <span class='ocrx_word' id='word_1_332' title='bbox 3661 1320 3795 1390; x_wconf 86' lang='lat' dir='ltr'><strong>ejus</strong></span> 
     </span>
    </p>
   </div>
   <div class='ocr_carea' id='block_1_45' title="bbox 2176 1420 3793 1493">
    <p class='ocr_par' dir='ltr' id='par_1_45' title="bbox 2176 1420 3793 1493">
     <span class='ocr_line' id='line_1_45' title="bbox 2176 1420 3793 1493; baseline -0.008 -14"><span class='ocrx_word' id='word_1_333' title='bbox 2176 1423 2399 1493; x_wconf 90' lang='lat' dir='ltr'><strong>apostoli</strong></span> <span class='ocrx_word' id='word_1_334' title='bbox 2432 1424 2521 1478; x_wconf 90' lang='lat' dir='ltr'><strong>&#39;sic</strong></span> <span class='ocrx_word' id='word_1_335' title='bbox 2563 1422 2848 1490; x_wconf 87' lang='lat' dir='ltr'><strong>aliquando</strong></span> <span class='ocrx_word' id='word_1_336' title='bbox 2896 1420 3185 1489; x_wconf 88' lang='lat' dir='ltr'><strong>sapuerint,</strong></span> <span class='ocrx_word' id='word_1_337' title='bbox 3243 1432 3376 1487; x_wconf 90' lang='lat' dir='ltr'><strong>quos</strong></span> <span class='ocrx_word' id='word_1_338' title='bbox 3426 1430 3618 1471; x_wconf 86' lang='lat' dir='ltr'><strong>omnes</strong></span> <span class='ocrx_word' id='word_1_339' title='bbox 3658 1428 3793 1468; x_wconf 86' lang='lat' dir='ltr'><strong>cum</strong></span> 
     </span>
    </p>
   </div>
   <div class='ocr_carea' id='block_1_46' title="bbox 2178 1507 3794 1572">
    <p class='ocr_par' dir='ltr' id='par_1_46' title="bbox 2178 1507 3794 1572">
     <span class='ocr_line' id='line_1_46' title="bbox 2178 1507 3794 1572; baseline -0.005 -3"><span class='ocrx_word' id='word_1_340' title='bbox 2178 1514 2464 1572; x_wconf 91' lang='lat' dir='ltr'><strong>Theodoro</strong></span> <span class='ocrx_word' id='word_1_341' title='bbox 2498 1514 2724 1568; x_wconf 87' lang='lat' dir='ltr'><strong>vidimus</strong></span> <span class='ocrx_word' id='word_1_342' title='bbox 2750 1514 2807 1567; x_wconf 92' lang='lat' dir='ltr'><strong>in</strong></span> <span class='ocrx_word' id='word_1_343' title='bbox 2838 1513 2942 1567; x_wconf 92' lang='lat' dir='ltr'><strong>hoc</strong></span> <span class='ocrx_word' id='word_1_344' title='bbox 2971 1511 3313 1566; x_wconf 87' lang='lat' dir='ltr'><strong>anathemate</strong></span> <span class='ocrx_word' id='word_1_345' title='bbox 3345 1510 3746 1565; x_wconf 85' lang='lat' dir='ltr'><strong>condemnatos</strong></span> <span class='ocrx_word' id='word_1_346' title='bbox 3767 1507 3794 1561; x_wconf 69' lang='grc' dir='ltr'><strong>ἲ</strong></span> 
     </span>
    </p>
   </div>
   <div class='ocr_carea' id='block_1_47' title="bbox 2176 1599 3793 1670">
    <p class='ocr_par' dir='ltr' id='par_1_47' title="bbox 2176 1599 3793 1670">
     <span class='ocr_line' id='line_1_47' title="bbox 2176 1599 3793 1670; baseline -0.004 -10"><span class='ocrx_word' id='word_1_347' title='bbox 2176 1607 2308 1661; x_wconf 87' lang='lat' dir='ltr'><strong>Nam</strong></span> <span class='ocrx_word' id='word_1_348' title='bbox 2339 1607 2438 1663; x_wconf 85' lang='lat' dir='ltr'><strong>etsi</strong></span> <span class='ocrx_word' id='word_1_349' title='bbox 2487 1604 2735 1659; x_wconf 88' lang='lat' dir='ltr'><strong>dicantur</strong></span> <span class='ocrx_word' id='word_1_350' title='bbox 2764 1604 3007 1659; x_wconf 86' lang='lat' dir='ltr'><strong>Thomas</strong></span> <span class='ocrx_word' id='word_1_351' title='bbox 3049 1611 3104 1657; x_wconf 91' lang='lat' dir='ltr'><strong>et</strong></span> <span class='ocrx_word' id='word_1_352' title='bbox 3129 1600 3436 1670; x_wconf 89' lang='lat' dir='ltr'><strong>Philippus,</strong></span> <span class='ocrx_word' id='word_1_353' title='bbox 3469 1599 3561 1670; x_wconf 90' lang='lat' dir='ltr'><strong>qui</strong></span> <span class='ocrx_word' id='word_1_354' title='bbox 3592 1599 3793 1653; x_wconf 86' lang='lat' dir='ltr'><strong>aiunt:</strong></span> 
     </span>
    </p>
   </div>
   <div class='ocr_carea' id='block_1_48' title="bbox 2109 1693 3788 1766">
    <p class='ocr_par' dir='ltr' id='par_1_48' title="bbox 2109 1693 3788 1766">
     <span class='ocr_line' id='line_1_48' title="bbox 2109 1693 3788 1766; baseline -0.004 -12"><span class='ocrx_word' id='word_1_355' title='bbox 2109 1705 2153 1764; x_wconf 85' lang='grc' dir='ltr'><strong>Β</strong></span> <span class='ocrx_word' id='word_1_356' title='bbox 2187 1701 2407 1754; x_wconf 82' lang='lat' dir='ltr'><strong>Ostende</strong></span> <span class='ocrx_word' id='word_1_357' title='bbox 2432 1700 2577 1753; x_wconf 88' lang='lat' dir='ltr'><strong>nobis</strong></span> <span class='ocrx_word' id='word_1_358' title='bbox 2610 1698 2849 1765; x_wconf 82' lang='lat' dir='ltr'><strong>Patrem,</strong></span> <span class='ocrx_word' id='word_1_359' title='bbox 2884 1708 2929 1751; x_wconf 85' lang='lat' dir='ltr'><strong>et</strong></span> <span class='ocrx_word' id='word_1_360' title='bbox 2960 1698 3138 1766; x_wconf 70' lang='lat' dir='ltr'><strong>sufficit</strong></span> <span class='ocrx_word' id='word_1_361' title='bbox 3165 1697 3310 1750; x_wconf 82' lang='lat' dir='ltr'><strong>nobis</strong></span> <span class='ocrx_word' id='word_1_362' title='bbox 3333 1694 3513 1765; x_wconf 84' lang='lat' dir='ltr'><strong>(Joan.</strong></span> <span class='ocrx_word' id='word_1_363' title='bbox 3551 1710 3668 1759; x_wconf 79' lang='lat' dir='ltr'><strong>nv,</strong></span> <span class='ocrx_word' id='word_1_364' title='bbox 3703 1693 3788 1762; x_wconf 88' lang='lat'><strong>8),</strong></span> 
     </span>
    </p>
   </div>
   <div class='ocr_carea' id='block_1_49' title="bbox 2184 1784 3791 1852">
    <p class='ocr_par' dir='ltr' id='par_1_49' title="bbox 2184 1784 3791 1852">
     <span class='ocr_line' id='line_1_49' title="bbox 2184 1784 3791 1852; baseline -0.004 -5"><span class='ocrx_word' id='word_1_365' title='bbox 2184 1809 2290 1848; x_wconf 91' lang='lat' dir='ltr'><strong>non</strong></span> <span class='ocrx_word' id='word_1_366' title='bbox 2322 1794 2595 1849; x_wconf 87' lang='lat' dir='ltr'><strong>hominem</strong></span> <span class='ocrx_word' id='word_1_367' title='bbox 2629 1791 3001 1847; x_wconf 88' lang='lat' dir='ltr'><strong>tantummodo</strong></span> <span class='ocrx_word' id='word_1_368' title='bbox 3034 1790 3328 1845; x_wconf 82' lang='lat' dir='ltr'><strong>credidisse</strong></span> <span class='ocrx_word' id='word_1_369' title='bbox 3354 1789 3655 1852; x_wconf 84' lang='lat' dir='ltr'><strong>Christum,</strong></span> <span class='ocrx_word' id='word_1_370' title='bbox 3688 1784 3791 1840; x_wconf 85' lang='lat' dir='ltr'><strong>sed</strong></span> 
     </span>
    </p>
   </div>
   <div class='ocr_carea' id='block_1_50' title="bbox 2188 1876 3790 1953">
    <p class='ocr_par' dir='ltr' id='par_1_50' title="bbox 2188 1876 3790 1953">
     <span class='ocr_line' id='line_1_50' title="bbox 2188 1876 3790 1953; baseline -0.007 -13"><span class='ocrx_word' id='word_1_371' title='bbox 2188 1886 2378 1951; x_wconf 87' lang='lat' dir='ltr'><strong>Deum,</strong></span> <span class='ocrx_word' id='word_1_372' title='bbox 2412 1885 2656 1953; x_wconf 88' lang='lat' dir='ltr'><strong>quamvis</strong></span> <span class='ocrx_word' id='word_1_373' title='bbox 2682 1883 2843 1938; x_wconf 87' lang='lat' dir='ltr'><strong>Patre</strong></span> <span class='ocrx_word' id='word_1_374' title='bbox 2869 1883 3133 1937; x_wconf 88' lang='lat' dir='ltr'><strong>minorem</strong></span> <span class='ocrx_word' id='word_1_375' title='bbox 3162 1889 3256 1935; x_wconf 91' lang='lat' dir='ltr'><strong>aut</strong></span> <span class='ocrx_word' id='word_1_376' title='bbox 3284 1889 3590 1948; x_wconf 89' lang='lat' dir='ltr'><strong>separatum</strong></span> <span class='ocrx_word' id='word_1_377' title='bbox 3618 1891 3649 1929; x_wconf 89' lang='lat' dir='ltr'><strong>a</strong></span> <span class='ocrx_word' id='word_1_378' title='bbox 3681 1876 3790 1930; x_wconf 85' lang='lat' dir='ltr'><strong>Pa-</strong></span> 
     </span>
    </p>
   </div>
   <div class='ocr_carea' id='block_1_51' title="bbox 2187 1970 3787 2044">
    <p class='ocr_par' dir='ltr' id='par_1_51' title="bbox 2187 1970 3787 2044">
     <span class='ocr_line' id='line_1_51' title="bbox 2187 1970 3787 2044; baseline -0.006 -16"><span class='ocrx_word' id='word_1_379' title='bbox 2187 1984 2287 2043; x_wconf 89' lang='lat' dir='ltr'><strong>tre,</strong></span> <span class='ocrx_word' id='word_1_380' title='bbox 2314 1982 2533 2044; x_wconf 88' lang='lat' dir='ltr'><strong>propter</strong></span> <span class='ocrx_word' id='word_1_381' title='bbox 2555 1975 2701 2043; x_wconf 90' lang='lat' dir='ltr'><strong>quod</strong></span> <span class='ocrx_word' id='word_1_382' title='bbox 2730 1974 2891 2028; x_wconf 89' lang='lat' dir='ltr'><strong>etiam</strong></span> <span class='ocrx_word' id='word_1_383' title='bbox 2913 1973 3113 2027; x_wconf 91' lang='lat' dir='ltr'><strong>dictum</strong></span> <span class='ocrx_word' id='word_1_384' title='bbox 3136 1981 3219 2026; x_wconf 89' lang='lat' dir='ltr'><strong>est</strong></span> <span class='ocrx_word' id='word_1_385' title='bbox 3245 1990 3259 2026; x_wconf 88' lang='lat'><strong>:</strong></span> <span class='ocrx_word' id='word_1_386' title='bbox 3285 1970 3407 2023; x_wconf 84' lang='lat' dir='ltr'><strong>Non</strong></span> <span class='ocrx_word' id='word_1_387' title='bbox 3430 1970 3639 2023; x_wconf 79' lang='lat' dir='ltr'><strong>creditis</strong></span> <span class='ocrx_word' id='word_1_388' title='bbox 3664 1970 3787 2035; x_wconf 75' lang='lat' dir='ltr'><strong>quia</strong></span> 
     </span>
    </p>
   </div>
   <div class='ocr_carea' id='block_1_52' title="bbox 2184 2059 3790 2137">
    <p class='ocr_par' dir='ltr' id='par_1_52' title="bbox 2184 2059 3790 2137">
     <span class='ocr_line' id='line_1_52' title="bbox 2184 2059 3790 2137; baseline -0.006 -17"><span class='ocrx_word' id='word_1_389' title='bbox 2184 2084 2275 2137; x_wconf 76' lang='lat' dir='ltr'><strong>ego</strong></span> <span class='ocrx_word' id='word_1_390' title='bbox 2317 2069 2369 2120; x_wconf 86' lang='lat' dir='ltr'><strong>in</strong></span> <span class='ocrx_word' id='word_1_391' title='bbox 2419 2066 2593 2133; x_wconf 86' lang='lat' dir='ltr'><strong>Patre,</strong></span> <span class='ocrx_word' id='word_1_392' title='bbox 2641 2076 2688 2119; x_wconf 82' lang='lat' dir='ltr'><strong>et</strong></span> <span class='ocrx_word' id='word_1_393' title='bbox 2721 2064 2876 2119; x_wconf 84' lang='lat' dir='ltr'><strong>Pater</strong></span> <span class='ocrx_word' id='word_1_394' title='bbox 2900 2065 2954 2117; x_wconf 88' lang='lat' dir='ltr'><strong>in</strong></span> <span class='ocrx_word' id='word_1_395' title='bbox 2985 2082 3062 2118; x_wconf 87' lang='lat' dir='ltr'><strong>me</strong></span> <span class='ocrx_word' id='word_1_396' title='bbox 3092 2072 3165 2118; x_wconf 75' lang='lat' dir='ltr'><strong>est</strong></span> <span class='ocrx_word' id='word_1_397' title='bbox 3193 2061 3387 2135; x_wconf 83' lang='lat' dir='ltr'><strong>(Ibid.,</strong></span> <span class='ocrx_word' id='word_1_398' title='bbox 3430 2060 3559 2131; x_wconf 72' lang='lat'><strong>10)?</strong></span> <span class='ocrx_word' id='word_1_399' title='bbox 3588 2059 3790 2114; x_wconf 82' lang='lat' dir='ltr'><strong>similia</strong></span> 
     </span>
    </p>
   </div>
   <div class='ocr_carea' id='block_1_53' title="bbox 2190 2155 3790 2231">
    <p class='ocr_par' dir='ltr' id='par_1_53' title="bbox 2190 2155 3790 2231">
     <span class='ocr_line' id='line_1_53' title="bbox 2190 2155 3790 2231; baseline -0.006 -16"><span class='ocrx_word' id='word_1_400' title='bbox 2190 2162 2379 2230; x_wconf 89' lang='lat' dir='ltr'><strong>procul</strong></span> <span class='ocrx_word' id='word_1_401' title='bbox 2435 2162 2599 2217; x_wconf 91' lang='lat' dir='ltr'><strong>dubio</strong></span> <span class='ocrx_word' id='word_1_402' title='bbox 2648 2172 2941 2231; x_wconf 86' lang='lat' dir='ltr'><strong>sapuerunt</strong></span> <span class='ocrx_word' id='word_1_403' title='bbox 2993 2162 3073 2215; x_wconf 88' lang='lat' dir='ltr'><strong>eis</strong></span> <span class='ocrx_word' id='word_1_404' title='bbox 3113 2175 3232 2230; x_wconf 71' lang='lat' dir='ltr'><strong>qua:</strong></span> <span class='ocrx_word' id='word_1_405' title='bbox 3286 2155 3790 2227; x_wconf 32' lang='lat' dir='ltr'><strong>putaturtsapuisse</strong></span> 
     </span>
    </p>
   </div>
   <div class='ocr_carea' id='block_1_54' title="bbox 2192 2246 3792 2317">
    <p class='ocr_par' dir='ltr' id='par_1_54' title="bbox 2192 2246 3792 2317">
     <span class='ocr_line' id='line_1_54' title="bbox 2192 2246 3792 2317; baseline -0.006 -11"><span class='ocrx_word' id='word_1_406' title='bbox 2192 2253 2532 2308; x_wconf 81' lang='lat' dir='ltr'><strong>Theodorus.</strong></span> <span class='ocrx_word' id='word_1_407' title='bbox 2554 2253 2671 2307; x_wconf 85' lang='lat' dir='ltr'><strong>Non</strong></span> <span class='ocrx_word' id='word_1_408' title='bbox 2695 2254 2836 2308; x_wconf 90' lang='lat' dir='ltr'><strong>enim</strong></span> <span class='ocrx_word' id='word_1_409' title='bbox 2863 2252 3139 2308; x_wconf 90' lang='lat' dir='ltr'><strong>dissimilis</strong></span> <span class='ocrx_word' id='word_1_410' title='bbox 3159 2260 3250 2308; x_wconf 92' lang='lat' dir='ltr'><strong>aut</strong></span> <span class='ocrx_word' id='word_1_411' title='bbox 3272 2248 3497 2304; x_wconf 91' lang='lat' dir='ltr'><strong>minoris</strong></span> <span class='ocrx_word' id='word_1_412' title='bbox 3528 2246 3792 2317; x_wconf 88' lang='lat' dir='ltr'><strong>ignoran-</strong></span> 
     </span>
    </p>
   </div>
   <div class='ocr_carea' id='block_1_55' title="bbox 2193 2335 3790 2410">
    <p class='ocr_par' dir='ltr' id='par_1_55' title="bbox 2193 2335 3790 2410">
     <span class='ocr_line' id='line_1_55' title="bbox 2193 2335 3790 2410; baseline -0.005 -11"><span class='ocrx_word' id='word_1_413' title='bbox 2193 2348 2278 2399; x_wconf 79' lang='lat' dir='ltr'><strong>tia:</strong></span> <span class='ocrx_word' id='word_1_414' title='bbox 2308 2346 2424 2410; x_wconf 77' lang='lat' dir='ltr'><strong>fuit,</strong></span> <span class='ocrx_word' id='word_1_415' title='bbox 2458 2345 2541 2400; x_wconf 89' lang='lat' dir='ltr'><strong>vel</strong></span> <span class='ocrx_word' id='word_1_416' title='bbox 2570 2346 2831 2399; x_wconf 89' lang='lat' dir='ltr'><strong>minorem</strong></span> <span class='ocrx_word' id='word_1_417' title='bbox 2864 2343 3157 2399; x_wconf 85' lang='lat' dir='ltr'><strong>credidisse</strong></span> <span class='ocrx_word' id='word_1_418' title='bbox 3200 2342 3386 2403; x_wconf 88' lang='lat' dir='ltr'><strong>Deum,</strong></span> <span class='ocrx_word' id='word_1_419' title='bbox 3431 2338 3516 2393; x_wconf 88' lang='lat' dir='ltr'><strong>vel</strong></span> <span class='ocrx_word' id='word_1_420' title='bbox 3565 2353 3596 2392; x_wconf 90' lang='lat' dir='ltr'><strong>a</strong></span> <span class='ocrx_word' id='word_1_421' title='bbox 3628 2335 3790 2391; x_wconf 78' lang='lat' dir='ltr'><strong>Patre</strong></span> 
     </span>
    </p>
   </div>
   <div class='ocr_carea' id='block_1_56' title="bbox 2188 2428 3791 2506">
    <p class='ocr_par' dir='ltr' id='par_1_56' title="bbox 2188 2428 3791 2506">
     <span class='ocr_line' id='line_1_56' title="bbox 2188 2428 3791 2506; baseline -0.007 -14"><span class='ocrx_word' id='word_1_422' title='bbox 2188 2438 2377 2492; x_wconf 83' lang='lat' dir='ltr'><strong>Filium</strong></span> <span class='ocrx_word' id='word_1_423' title='bbox 2409 2446 2738 2506; x_wconf 88' lang='lat' dir='ltr'><strong>separatum.</strong></span> <span class='ocrx_word' id='word_1_424' title='bbox 2780 2438 2890 2491; x_wconf 82' lang='lat' dir='ltr'><strong>Nisi</strong></span> <span class='ocrx_word' id='word_1_425' title='bbox 2933 2436 3069 2491; x_wconf 80' lang='lat' dir='ltr'><strong>forte</strong></span> <span class='ocrx_word' id='word_1_426' title='bbox 3096 2436 3174 2488; x_wconf 89' lang='lat' dir='ltr'><strong>sic</strong></span> <span class='ocrx_word' id='word_1_427' title='bbox 3214 2433 3367 2489; x_wconf 91' lang='lat' dir='ltr'><strong>nobis</strong></span> <span class='ocrx_word' id='word_1_428' title='bbox 3398 2444 3552 2487; x_wconf 90' lang='lat' dir='ltr'><strong>error</strong></span> <span class='ocrx_word' id='word_1_429' title='bbox 3596 2428 3791 2483; x_wconf 80' lang='lat' dir='ltr'><strong>Nesto-</strong></span> 
     </span>
    </p>
   </div>
   <div class='ocr_carea' id='block_1_57' title="bbox 2192 2520 3789 2598">
    <p class='ocr_par' dir='ltr' id='par_1_57' title="bbox 2192 2520 3789 2598">
     <span class='ocr_line' id='line_1_57' title="bbox 2192 2520 3789 2598; baseline -0.006 -15"><span class='ocrx_word' id='word_1_430' title='bbox 2192 2530 2377 2584; x_wconf 88' lang='lat' dir='ltr'><strong>rianus</strong></span> <span class='ocrx_word' id='word_1_431' title='bbox 2429 2528 2703 2598; x_wconf 87' lang='lat' dir='ltr'><strong>displicet,</strong></span> <span class='ocrx_word' id='word_1_432' title='bbox 2738 2540 2793 2583; x_wconf 92' lang='lat' dir='ltr'><strong>ut</strong></span> <span class='ocrx_word' id='word_1_433' title='bbox 2841 2529 3047 2597; x_wconf 84' lang='lat' dir='ltr'><strong>placeat</strong></span> <span class='ocrx_word' id='word_1_434' title='bbox 3076 2526 3327 2581; x_wconf 84' lang='lat' dir='ltr'><strong>Arianus.</strong></span> <span class='ocrx_word' id='word_1_435' title='bbox 3374 2520 3789 2591; x_wconf 85' lang='lat' dir='ltr'><strong>Quomodolibet</strong></span> 
     </span>
    </p>
   </div>
   <div class='ocr_carea' id='block_1_58' title="bbox 2191 2611 3791 2689">
    <p class='ocr_par' dir='ltr' id='par_1_58' title="bbox 2191 2611 3791 2689">
     <span class='ocr_line' id='line_1_58' title="bbox 2191 2611 3791 2689; baseline -0.004 -17"><span class='ocrx_word' id='word_1_436' title='bbox 2191 2632 2318 2689; x_wconf 87' lang='lat' dir='ltr'><strong>ergo</strong></span> <span class='ocrx_word' id='word_1_437' title='bbox 2352 2618 2598 2686; x_wconf 85' lang='lat' dir='ltr'><strong>sapuisse</strong></span> <span class='ocrx_word' id='word_1_438' title='bbox 2634 2618 2901 2682; x_wconf 89' lang='lat' dir='ltr'><strong>dicantur,</strong></span> <span class='ocrx_word' id='word_1_439' title='bbox 2934 2625 3027 2671; x_wconf 85' lang='lat' dir='ltr'><strong>aut</strong></span> <span class='ocrx_word' id='word_1_440' title='bbox 3054 2616 3240 2671; x_wconf 90' lang='lat' dir='ltr'><strong>eadem</strong></span> <span class='ocrx_word' id='word_1_441' title='bbox 3270 2613 3456 2684; x_wconf 89' lang='lat' dir='ltr'><strong>procul</strong></span> <span class='ocrx_word' id='word_1_442' title='bbox 3505 2611 3671 2666; x_wconf 92' lang='lat' dir='ltr'><strong>dubio</strong></span> <span class='ocrx_word' id='word_1_443' title='bbox 3700 2617 3791 2666; x_wconf 82' lang='lat' dir='ltr'><strong>aut</strong></span> 
     </span>
    </p>
   </div>
   <div class='ocr_carea' id='block_1_59' title="bbox 2190 2704 3789 2779">
    <p class='ocr_par' dir='ltr' id='par_1_59' title="bbox 2190 2704 3789 2779">
     <span class='ocr_line' id='line_1_59' title="bbox 2190 2704 3789 2779; baseline -0.004 -16"><span class='ocrx_word' id='word_1_444' title='bbox 2190 2710 2384 2763; x_wconf 86' lang='lat' dir='ltr'><strong>similia</strong></span> <span class='ocrx_word' id='word_1_445' title='bbox 2414 2719 2737 2779; x_wconf 85' lang='lat' dir='ltr'><strong>sapuerunt.</strong></span> <span class='ocrx_word' id='word_1_446' title='bbox 2773 2710 2877 2764; x_wconf 89' lang='lat' dir='ltr'><strong>Pro</strong></span> <span class='ocrx_word' id='word_1_447' title='bbox 2907 2709 3005 2762; x_wconf 91' lang='lat' dir='ltr'><strong>hac</strong></span> <span class='ocrx_word' id='word_1_448' title='bbox 3037 2723 3164 2777; x_wconf 87' lang='lat' dir='ltr'><strong>ergo</strong></span> <span class='ocrx_word' id='word_1_449' title='bbox 3212 2705 3473 2776; x_wconf 62' lang='lat' dir='ltr'><strong>praecipiti</strong></span> <span class='ocrx_word' id='word_1_450' title='bbox 3506 2712 3561 2759; x_wconf 86' lang='lat' dir='ltr'><strong>et</strong></span> <span class='ocrx_word' id='word_1_451' title='bbox 3591 2704 3789 2758; x_wconf 88' lang='lat' dir='ltr'><strong>incon-</strong></span> 
     </span>
    </p>
   </div>
   <div class='ocr_carea' id='block_1_60' title="bbox 2192 2794 3789 2868">
    <p class='ocr_par' dir='ltr' id='par_1_60' title="bbox 2192 2794 3789 2868">
     <span class='ocr_line' id='line_1_60' title="bbox 2192 2794 3789 2868; baseline -0.003 -16"><span class='ocrx_word' id='word_1_452' title='bbox 2192 2798 2427 2854; x_wconf 87' lang='lat' dir='ltr'><strong>siderata</strong></span> <span class='ocrx_word' id='word_1_453' title='bbox 2460 2798 2733 2854; x_wconf 88' lang='lat' dir='ltr'><strong>sententia</strong></span> <span class='ocrx_word' id='word_1_454' title='bbox 2777 2814 2874 2855; x_wconf 88' lang='lat' dir='ltr'><strong>sua</strong></span> <span class='ocrx_word' id='word_1_455' title='bbox 2902 2798 3265 2868; x_wconf 88' lang='lat' dir='ltr'><strong>respondeant</strong></span> <span class='ocrx_word' id='word_1_456' title='bbox 3292 2796 3383 2866; x_wconf 90' lang='lat' dir='ltr'><strong>qui</strong></span> <span class='ocrx_word' id='word_1_457' title='bbox 3414 2794 3789 2849; x_wconf 87' lang='lat' dir='ltr'><strong>tantummodo</strong></span> 
     </span>
    </p>
   </div>
   <div class='ocr_carea' id='block_1_61' title="bbox 2191 2887 3791 2956">
    <p class='ocr_par' dir='ltr' id='par_1_61' title="bbox 2191 2887 3791 2956">
     <span class='ocr_line' id='line_1_61' title="bbox 2191 2887 3791 2956; baseline -0.001 -12"><span class='ocrx_word' id='word_1_458' title='bbox 2191 2891 2381 2945; x_wconf 89' lang='lat' dir='ltr'><strong>alienis</strong></span> <span class='ocrx_word' id='word_1_459' title='bbox 2427 2892 2747 2946; x_wconf 89' lang='lat' dir='ltr'><strong>calumniari</strong></span> <span class='ocrx_word' id='word_1_460' title='bbox 2796 2892 2995 2956; x_wconf 89' lang='lat' dir='ltr'><strong>sciunt,</strong></span> <span class='ocrx_word' id='word_1_461' title='bbox 3050 2904 3148 2945; x_wconf 89' lang='lat' dir='ltr'><strong>sua</strong></span> <span class='ocrx_word' id='word_1_462' title='bbox 3200 2904 3330 2944; x_wconf 90' lang='lat' dir='ltr'><strong>vero</strong></span> <span class='ocrx_word' id='word_1_463' title='bbox 3379 2887 3671 2944; x_wconf 80' lang='lat' dir='ltr'><strong>detendere</strong></span> <span class='ocrx_word' id='word_1_464' title='bbox 3700 2901 3791 2942; x_wconf 82' lang='lat' dir='ltr'><strong>ne-</strong></span> 
     </span>
    </p>
   </div>
   <div class='ocr_carea' id='block_1_62' title="bbox 2192 2979 3791 3053">
    <p class='ocr_par' dir='ltr' id='par_1_62' title="bbox 2192 2979 3791 3053">
     <span class='ocr_line' id='line_1_62' title="bbox 2192 2979 3791 3053; baseline -0.004 -14"><span class='ocrx_word' id='word_1_465' title='bbox 2192 2985 2399 3049; x_wconf 90' lang='lat' dir='ltr'><strong>sciunt;</strong></span> <span class='ocrx_word' id='word_1_466' title='bbox 2431 2994 2485 3039; x_wconf 88' lang='lat' dir='ltr'><strong>et</strong></span> <span class='ocrx_word' id='word_1_467' title='bbox 2530 2988 2576 3039; x_wconf 89' lang='lat' dir='ltr'><strong>si</strong></span> <span class='ocrx_word' id='word_1_468' title='bbox 2603 2984 2729 3053; x_wconf 86' lang='lat' dir='ltr'><strong>quid</strong></span> <span class='ocrx_word' id='word_1_469' title='bbox 2761 2993 3013 3052; x_wconf 90' lang='lat' dir='ltr'><strong>possunt,</strong></span> <span class='ocrx_word' id='word_1_470' title='bbox 3056 2983 3122 3037; x_wconf 90' lang='lat' dir='ltr'><strong>ab</strong></span> <span class='ocrx_word' id='word_1_471' title='bbox 3167 2982 3281 3036; x_wconf 90' lang='lat' dir='ltr'><strong>istis</strong></span> <span class='ocrx_word' id='word_1_472' title='bbox 3309 2979 3580 3036; x_wconf 64' lang='lat' dir='ltr'><strong>vinculis‘</strong></span> <span class='ocrx_word' id='word_1_473' title='bbox 3616 2979 3791 3034; x_wconf 77' lang='lat' dir='ltr'><strong>mani-</strong></span> 
     </span>
    </p>
   </div>
   <div class='ocr_carea' id='block_1_63' title="bbox 496 3071 3792 3152">
    <p class='ocr_par' dir='ltr' id='par_1_63' title="bbox 496 3071 3792 3152">
     <span class='ocr_line' id='line_1_63' title="bbox 496 3071 3792 3152; baseline -0.001 -21"><span class='ocrx_word' id='word_1_474' title='bbox 496 3078 817 3145; x_wconf 84' lang='lat' dir='ltr'><strong>generaliter</strong></span> <span class='ocrx_word' id='word_1_475' title='bbox 846 3078 965 3147; x_wconf 89' lang='lat' dir='ltr'><strong>ejus</strong></span> <span class='ocrx_word' id='word_1_476' title='bbox 1014 3078 1266 3146; x_wconf 83' lang='lat' dir='ltr'><strong>dogmata</strong></span> <span class='ocrx_word' id='word_1_477' title='bbox 1310 3084 1366 3129; x_wconf 91' lang='lat' dir='ltr'><strong>et</strong></span> <span class='ocrx_word' id='word_1_478' title='bbox 1394 3074 1675 3128; x_wconf 88' lang='lat' dir='ltr'><strong>universos</strong></span> <span class='ocrx_word' id='word_1_479' title='bbox 1708 3071 1800 3141; x_wconf 89' lang='lat' dir='ltr'><strong>qui</strong></span> <span class='ocrx_word' id='word_1_480' title='bbox 1851 3072 1932 3127; x_wconf 88' lang='lat' dir='ltr'><strong>eis</strong></span> <span class='ocrx_word' id='word_1_481' title='bbox 1974 3086 2082 3125; x_wconf 92' lang='lat' dir='ltr'><strong>non</strong></span> <span class='ocrx_word' id='word_1_482' title='bbox 2117 3091 2165 3152; x_wconf 73' lang='lat' dir='ltr'><strong><em>C</em></strong></span> <span class='ocrx_word' id='word_1_483' title='bbox 2200 3076 2353 3131; x_wconf 72' lang='lat' dir='ltr'><strong>festae</strong></span> <span class='ocrx_word' id='word_1_484' title='bbox 2384 3076 2625 3131; x_wconf 88' lang='lat' dir='ltr'><strong>veritatis</strong></span> <span class='ocrx_word' id='word_1_485' title='bbox 2653 3076 2938 3130; x_wconf 88' lang='lat' dir='ltr'><strong>absolvant</strong></span> <span class='ocrx_word' id='word_1_486' title='bbox 2965 3093 2976 3126; x_wconf 88' lang='lat'>:</span> <span class='ocrx_word' id='word_1_487' title='bbox 3001 3083 3055 3129; x_wconf 91' lang='lat' dir='ltr'><strong>et</strong></span> <span class='ocrx_word' id='word_1_488' title='bbox 3082 3075 3216 3127; x_wconf 80' lang='lat' dir='ltr'><strong>forte</strong></span> <span class='ocrx_word' id='word_1_489' title='bbox 3246 3072 3514 3128; x_wconf 89' lang='lat' dir='ltr'><strong>credimus</strong></span> <span class='ocrx_word' id='word_1_490' title='bbox 3534 3071 3678 3141; x_wconf 86' lang='lat' dir='ltr'><strong>quod</strong></span> <span class='ocrx_word' id='word_1_491' title='bbox 3707 3087 3792 3127; x_wconf 86' lang='lat' dir='ltr'><strong>ac-</strong></span> 
     </span>
    </p>
   </div>
   <div class='ocr_carea' id='block_1_64' title="bbox 496 3157 2092 3230">
    <p class='ocr_par' dir='ltr' id='par_1_64' title="bbox 496 3157 2092 3230">
     <span class='ocr_line' id='line_1_64' title="bbox 496 3157 2092 3230; baseline -0.004 -12"><span class='ocrx_word' id='word_1_492' title='bbox 496 3164 683 3221; x_wconf 89' lang='lat' dir='ltr'><strong>dicunt</strong></span> <span class='ocrx_word' id='word_1_493' title='bbox 709 3166 991 3221; x_wconf 88' lang='lat' dir='ltr'><strong>anathema</strong></span> <span class='ocrx_word' id='word_1_494' title='bbox 1036 3166 1483 3228; x_wconf 89' lang='lat' dir='ltr'><strong>condemnantes,</strong></span> <span class='ocrx_word' id='word_1_495' title='bbox 1513 3163 1567 3217; x_wconf 91' lang='lat' dir='ltr'><strong>in</strong></span> <span class='ocrx_word' id='word_1_496' title='bbox 1598 3161 1791 3230; x_wconf 86' lang='lat' dir='ltr'><strong>quibus</strong></span> <span class='ocrx_word' id='word_1_497' title='bbox 1848 3173 1947 3214; x_wconf 90' lang='lat' dir='ltr'><strong>nec</strong></span> <span class='ocrx_word' id='word_1_498' title='bbox 1991 3157 2092 3228; x_wconf 89' lang='lat' dir='ltr'><strong>ipsi</strong></span> 
     </span>
    </p>
   </div>
   <div class='ocr_carea' id='block_1_65' title="bbox 499 3255 2091 3328">
    <p class='ocr_par' dir='ltr' id='par_1_65' title="bbox 499 3255 2091 3328">
     <span class='ocr_line' id='line_1_65' title="bbox 499 3255 2091 3328; baseline -0.003 -17"><span class='ocrx_word' id='word_1_499' title='bbox 499 3267 699 3328; x_wconf 89' lang='lat' dir='ltr'><strong>negant</strong></span> <span class='ocrx_word' id='word_1_500' title='bbox 726 3258 955 3327; x_wconf 89' lang='lat' dir='ltr'><strong>plurima</strong></span> <span class='ocrx_word' id='word_1_501' title='bbox 992 3267 1140 3312; x_wconf 89' lang='lat' dir='ltr'><strong>recta</strong></span> <span class='ocrx_word' id='word_1_502' title='bbox 1180 3272 1325 3322; x_wconf 90' lang='lat' dir='ltr'><strong>esse,</strong></span> <span class='ocrx_word' id='word_1_503' title='bbox 1379 3271 1484 3309; x_wconf 92' lang='lat' dir='ltr'><strong>non</strong></span> <span class='ocrx_word' id='word_1_504' title='bbox 1522 3255 1695 3309; x_wconf 88' lang='lat' dir='ltr'><strong>solum</strong></span> <span class='ocrx_word' id='word_1_505' title='bbox 1751 3269 1884 3323; x_wconf 90' lang='lat' dir='ltr'><strong>quos</strong></span> <span class='ocrx_word' id='word_1_506' title='bbox 1932 3267 2091 3320; x_wconf 86' lang='lat' dir='ltr'><strong>supra</strong></span> 
     </span>
    </p>
   </div>
   <div class='ocr_carea' id='block_1_66' title="bbox 498 3344 2093 3413">
    <p class='ocr_par' dir='ltr' id='par_1_66' title="bbox 498 3344 2093 3413">
     <span class='ocr_line' id='line_1_66' title="bbox 498 3344 2093 3413; baseline -0.003 -11"><span class='ocrx_word' id='word_1_507' title='bbox 498 3348 913 3403; x_wconf 89' lang='lat' dir='ltr'><strong>memoravimus</strong></span> <span class='ocrx_word' id='word_1_508' title='bbox 940 3346 1149 3413; x_wconf 91' lang='lat' dir='ltr'><strong>Patres,</strong></span> <span class='ocrx_word' id='word_1_509' title='bbox 1175 3356 1229 3400; x_wconf 91' lang='lat' dir='ltr'><strong>ct</strong></span> <span class='ocrx_word' id='word_1_510' title='bbox 1282 3345 1419 3400; x_wconf 86' lang='lat' dir='ltr'><strong>alios</strong></span> <span class='ocrx_word' id='word_1_511' title='bbox 1460 3344 1718 3413; x_wconf 82' lang='lat' dir='ltr'><strong>praeteriti</strong></span> <span class='ocrx_word' id='word_1_512' title='bbox 1748 3344 1832 3398; x_wconf 91' lang='lat' dir='ltr'><strong>vel</strong></span> <span class='ocrx_word' id='word_1_513' title='bbox 1856 3358 2093 3412; x_wconf 69' lang='lat' dir='ltr'><strong>praesen-</strong></span> 
     </span>
    </p>
   </div>
   <div class='ocr_carea' id='block_1_67' title="bbox 504 3436 2093 3506">
    <p class='ocr_par' dir='ltr' id='par_1_67' title="bbox 504 3436 2093 3506">
     <span class='ocr_line' id='line_1_67' title="bbox 504 3436 2093 3506; baseline -0.001 -15"><span class='ocrx_word' id='word_1_514' title='bbox 504 3438 571 3492; x_wconf 87' lang='lat' dir='ltr'><strong>tis</strong></span> <span class='ocrx_word' id='word_1_515' title='bbox 596 3437 856 3506; x_wconf 89' lang='lat' dir='ltr'><strong>temporis</strong></span> <span class='ocrx_word' id='word_1_516' title='bbox 885 3438 1219 3502; x_wconf 89' lang='lat' dir='ltr'><strong>innocentes,</strong></span> <span class='ocrx_word' id='word_1_517' title='bbox 1248 3452 1433 3491; x_wconf 90' lang='lat' dir='ltr'><strong>verum</strong></span> <span class='ocrx_word' id='word_1_518' title='bbox 1461 3445 1515 3490; x_wconf 89' lang='lat' dir='ltr'><strong>et</strong></span> <span class='ocrx_word' id='word_1_519' title='bbox 1547 3437 1716 3505; x_wconf 90' lang='lat' dir='ltr'><strong>ipsam</strong></span> <span class='ocrx_word' id='word_1_520' title='bbox 1772 3436 2093 3490; x_wconf 88' lang='lat' dir='ltr'><strong>catholicam</strong></span> 
     </span>
    </p>
   </div>
   <div class='ocr_carea' id='block_1_68' title="bbox 503 3526 2095 3596">
    <p class='ocr_par' dir='ltr' id='par_1_68' title="bbox 503 3526 2095 3596">
     <span class='ocr_line' id='line_1_68' title="bbox 503 3526 2095 3596; baseline 0 -16"><span class='ocrx_word' id='word_1_521' title='bbox 503 3527 687 3590; x_wconf 89' lang='lat' dir='ltr'><strong>ﬁdem,</strong></span> <span class='ocrx_word' id='word_1_522' title='bbox 719 3526 872 3596; x_wconf 87' lang='lat' dir='ltr'><strong>cujus</strong></span> <span class='ocrx_word' id='word_1_523' title='bbox 889 3528 1273 3582; x_wconf 90' lang='lat' dir='ltr'><strong>assertionibus</strong></span> <span class='ocrx_word' id='word_1_524' title='bbox 1296 3542 1512 3581; x_wconf 89' lang='lat' dir='ltr'><strong>omnem</strong></span> <span class='ocrx_word' id='word_1_525' title='bbox 1544 3526 1805 3580; x_wconf 69' lang='lat' dir='ltr'><strong>hmrescm</strong></span> <span class='ocrx_word' id='word_1_526' title='bbox 1823 3566 1836 3589; x_wconf 88' lang='lat'><strong>,</strong></span> <span class='ocrx_word' id='word_1_527' title='bbox 1861 3534 2095 3582; x_wconf 84' lang='lat' dir='ltr'><strong>testante</strong></span> 
     </span>
    </p>
   </div>
   <div class='ocr_carea' id='block_1_69' title="bbox 504 3616 2097 3685">
    <p class='ocr_par' dir='ltr' id='par_1_69' title="bbox 504 3616 2097 3685">
     <span class='ocr_line' id='line_1_69' title="bbox 504 3616 2097 3685; baseline -0.002 -13"><span class='ocrx_word' id='word_1_528' title='bbox 504 3619 709 3672; x_wconf 80' lang='lat' dir='ltr'><strong>Joanne</strong></span> <span class='ocrx_word' id='word_1_529' title='bbox 731 3626 785 3671; x_wconf 89' lang='lat' dir='ltr'><strong>et</strong></span> <span class='ocrx_word' id='word_1_530' title='bbox 807 3617 1015 3672; x_wconf 91' lang='lat' dir='ltr'><strong>Domno</strong></span> <span class='ocrx_word' id='word_1_531' title='bbox 1044 3616 1398 3672; x_wconf 85' lang='lat' dir='ltr'><strong>Antiochenis</strong></span> <span class='ocrx_word' id='word_1_532' title='bbox 1421 3624 1583 3685; x_wconf 90' lang='lat' dir='ltr'><strong>atque</strong></span> <span class='ocrx_word' id='word_1_533' title='bbox 1631 3616 1874 3671; x_wconf 86' lang='lat' dir='ltr'><strong>orientali</strong></span> <span class='ocrx_word' id='word_1_534' title='bbox 1918 3616 2097 3670; x_wconf 91' lang='lat' dir='ltr'><strong>conci-</strong></span> 
     </span>
    </p>
   </div>
   <div class='ocr_carea' id='block_1_70' title="bbox 504 3706 2097 3780">
    <p class='ocr_par' dir='ltr' id='par_1_70' title="bbox 504 3706 2097 3780">
     <span class='ocr_line' id='line_1_70' title="bbox 504 3706 2097 3780; baseline -0.001 -18"><span class='ocrx_word' id='word_1_535' title='bbox 504 3709 600 3776; x_wconf 92' lang='lat' dir='ltr'><strong>lio,</strong></span> <span class='ocrx_word' id='word_1_536' title='bbox 632 3708 952 3765; x_wconf 87' lang='lat' dir='ltr'><strong>Theodorus</strong></span> <span class='ocrx_word' id='word_1_537' title='bbox 988 3709 1333 3780; x_wconf 80' lang='lat' dir='ltr'><strong>expugnavit,</strong></span> <span class='ocrx_word' id='word_1_538' title='bbox 1358 3719 1411 3763; x_wconf 89' lang='lat' dir='ltr'><strong>et</strong></span> <span class='ocrx_word' id='word_1_539' title='bbox 1457 3723 1615 3779; x_wconf 89' lang='lat' dir='ltr'><strong>quam</strong></span> <span class='ocrx_word' id='word_1_540' title='bbox 1655 3707 1949 3762; x_wconf 90' lang='lat' dir='ltr'><strong>secundum</strong></span> <span class='ocrx_word' id='word_1_541' title='bbox 1993 3706 2097 3777; x_wconf 88' lang='lat' dir='ltr'><strong>Cy-</strong></span> 
     </span>
    </p>
   </div>
   <div class='ocr_carea' id='block_1_71' title="bbox 511 3800 2097 3873">
    <p class='ocr_par' dir='ltr' id='par_1_71' title="bbox 511 3800 2097 3873">
     <span class='ocr_line' id='line_1_71' title="bbox 511 3800 2097 3873; baseline -0.002 -15"><span class='ocrx_word' id='word_1_542' title='bbox 511 3804 712 3870; x_wconf 91' lang='lat' dir='ltr'><strong>rillum,</strong></span> <span class='ocrx_word' id='word_1_543' title='bbox 763 3811 822 3857; x_wconf 87' lang='lat' dir='ltr'><strong>ut</strong></span> <span class='ocrx_word' id='word_1_544' title='bbox 874 3803 1088 3857; x_wconf 91' lang='lat' dir='ltr'><strong>interim</strong></span> <span class='ocrx_word' id='word_1_545' title='bbox 1135 3801 1446 3873; x_wconf 89' lang='lat' dir='ltr'><strong>perhibent,</strong></span> <span class='ocrx_word' id='word_1_546' title='bbox 1485 3800 1765 3871; x_wconf 86' lang='lat' dir='ltr'><strong>magniﬁce</strong></span> <span class='ocrx_word' id='word_1_547' title='bbox 1838 3801 2097 3857; x_wconf 87' lang='lat' dir='ltr'><strong>adversus</strong></span> 
     </span>
    </p>
   </div>
   <div class='ocr_carea' id='block_1_72' title="bbox 504 3894 2098 3959">
    <p class='ocr_par' dir='ltr' id='par_1_72' title="bbox 504 3894 2098 3959">
     <span class='ocr_line' id='line_1_72' title="bbox 504 3894 2098 3959; baseline 0 -10"><span class='ocrx_word' id='word_1_548' title='bbox 504 3895 736 3949; x_wconf 85' lang='lat' dir='ltr'><strong>Arianos</strong></span> <span class='ocrx_word' id='word_1_549' title='bbox 789 3903 842 3950; x_wconf 91' lang='lat' dir='ltr'><strong>et</strong></span> <span class='ocrx_word' id='word_1_550' title='bbox 917 3896 1281 3950; x_wconf 87' lang='lat' dir='ltr'><strong>Eunomianos</strong></span> <span class='ocrx_word' id='word_1_551' title='bbox 1332 3895 1585 3959; x_wconf 90' lang='lat' dir='ltr'><strong>asseruit,</strong></span> <span class='ocrx_word' id='word_1_552' title='bbox 1643 3894 2098 3949; x_wconf 84' lang='lat' dir='ltr'><strong>anathematizare</strong></span> 
     </span>
    </p>
   </div>
   <div class='ocr_carea' id='block_1_73' title="bbox 509 3983 2097 4055">
    <p class='ocr_par' dir='ltr' id='par_1_73' title="bbox 509 3983 2097 4055">
     <span class='ocr_line' id='line_1_73' title="bbox 509 3983 2097 4055; baseline 0.001 -16"><span class='ocrx_word' id='word_1_553' title='bbox 509 3987 695 4055; x_wconf 88' lang='lat' dir='ltr'><strong>procul</strong></span> <span class='ocrx_word' id='word_1_554' title='bbox 722 3986 886 4040; x_wconf 90' lang='lat' dir='ltr'><strong>dubio</strong></span> <span class='ocrx_word' id='word_1_555' title='bbox 915 3987 1323 4042; x_wconf 89' lang='lat' dir='ltr'><strong>convincuntur.</strong></span> <span class='ocrx_word' id='word_1_556' title='bbox 1360 3987 1617 4053; x_wconf 87' lang='lat' dir='ltr'><strong>Quartum</strong></span> <span class='ocrx_word' id='word_1_557' title='bbox 1661 3995 1768 4055; x_wconf 91' lang='lat' dir='ltr'><strong>est,</strong></span> <span class='ocrx_word' id='word_1_558' title='bbox 1800 3983 1944 4055; x_wconf 92' lang='lat' dir='ltr'><strong>quod</strong></span> <span class='ocrx_word' id='word_1_559' title='bbox 1964 4001 2097 4041; x_wconf 91' lang='lat' dir='ltr'><strong>con-</strong></span> 
     </span>
    </p>
   </div>
   <div class='ocr_carea' id='block_1_74' title="bbox 511 4076 2098 4148">
    <p class='ocr_par' dir='ltr' id='par_1_74' title="bbox 511 4076 2098 4148">
     <span class='ocr_line' id='line_1_74' title="bbox 511 4076 2098 4148; baseline 0.001 -18"><span class='ocrx_word' id='word_1_560' title='bbox 511 4076 644 4132; x_wconf 91' lang='lat' dir='ltr'><strong>tenti</strong></span> <span class='ocrx_word' id='word_1_561' title='bbox 698 4090 805 4131; x_wconf 90' lang='lat' dir='ltr'><strong>non</strong></span> <span class='ocrx_word' id='word_1_562' title='bbox 858 4077 1057 4134; x_wconf 76' lang='lat' dir='ltr'><strong>iuerint</strong></span> <span class='ocrx_word' id='word_1_563' title='bbox 1104 4079 1226 4135; x_wconf 91' lang='lat' dir='ltr'><strong>illos</strong></span> <span class='ocrx_word' id='word_1_564' title='bbox 1270 4086 1475 4134; x_wconf 91' lang='lat' dir='ltr'><strong>tantum</strong></span> <span class='ocrx_word' id='word_1_565' title='bbox 1520 4078 1974 4135; x_wconf 82' lang='lat' dir='ltr'><strong>anathematizare</strong></span> <span class='ocrx_word' id='word_1_566' title='bbox 2008 4078 2098 4148; x_wconf 92' lang='lat' dir='ltr'><strong>qui</strong></span> 
     </span>
    </p>
   </div>
   <div class='ocr_carea' id='block_1_75' title="bbox 507 4169 2099 4241">
    <p class='ocr_par' dir='ltr' id='par_1_75' title="bbox 507 4169 2099 4241">
     <span class='ocr_line' id='line_1_75' title="bbox 507 4169 2099 4241; baseline 0.001 -18"><span class='ocrx_word' id='word_1_567' title='bbox 507 4169 703 4225; x_wconf 82' lang='lat' dir='ltr'><strong>similia</strong></span> <span class='ocrx_word' id='word_1_568' title='bbox 733 4170 969 4241; x_wconf 84' lang='lat' dir='ltr'><strong>sapiunt,</strong></span> <span class='ocrx_word' id='word_1_569' title='bbox 998 4172 1094 4226; x_wconf 87' lang='lat' dir='ltr'><strong>sed</strong></span> <span class='ocrx_word' id='word_1_570' title='bbox 1147 4172 1340 4226; x_wconf 90' lang='lat' dir='ltr'><strong>iterum</strong></span> <span class='ocrx_word' id='word_1_571' title='bbox 1382 4182 1571 4226; x_wconf 90' lang='lat' dir='ltr'><strong>contra</strong></span> <span class='ocrx_word' id='word_1_572' title='bbox 1618 4170 1880 4241; x_wconf 85' lang='lat' dir='ltr'><strong>justitiam</strong></span> <span class='ocrx_word' id='word_1_573' title='bbox 1910 4170 2099 4225; x_wconf 87' lang='lat' dir='ltr'><strong>Eccle-</strong></span> 
     </span>
    </p>
   </div>
   <div class='ocr_carea' id='block_1_76' title="bbox 504 4262 2100 4332">
    <p class='ocr_par' dir='ltr' id='par_1_76' title="bbox 504 4262 2100 4332">
     <span class='ocr_line' id='line_1_76' title="bbox 504 4262 2100 4332; baseline 0 -15"><span class='ocrx_word' id='word_1_574' title='bbox 504 4262 713 4331; x_wconf 81' lang='lat' dir='ltr'><strong>siacque</strong></span> <span class='ocrx_word' id='word_1_575' title='bbox 740 4264 980 4332; x_wconf 88' lang='lat' dir='ltr'><strong>regulam</strong></span> <span class='ocrx_word' id='word_1_576' title='bbox 1013 4262 1353 4327; x_wconf 90' lang='lat' dir='ltr'><strong>addiderunt,</strong></span> <span class='ocrx_word' id='word_1_577' title='bbox 1385 4271 1439 4318; x_wconf 91' lang='lat' dir='ltr'><strong>et</strong></span> <span class='ocrx_word' id='word_1_578' title='bbox 1470 4263 1588 4317; x_wconf 93' lang='lat' dir='ltr'><strong>illos</strong></span> <span class='ocrx_word' id='word_1_579' title='bbox 1612 4263 1701 4332; x_wconf 90' lang='lat' dir='ltr'><strong>qui</strong></span> <span class='ocrx_word' id='word_1_580' title='bbox 1724 4262 1919 4317; x_wconf 89' lang='lat' dir='ltr'><strong>similia</strong></span> <span class='ocrx_word' id='word_1_581' title='bbox 1948 4265 1967 4293; x_wconf 83' lang='grc'>²</span> <span class='ocrx_word' id='word_1_582' title='bbox 2011 4276 2100 4317; x_wconf 89' lang='lat' dir='ltr'><strong>sa-</strong></span> 
     </span>
    </p>
   </div>
   <div class='ocr_carea' id='block_1_77' title="bbox 508 4353 2099 4424">
    <p class='ocr_par' dir='ltr' id='par_1_77' title="bbox 508 4353 2099 4424">
     <span class='ocr_line' id='line_1_77' title="bbox 508 4353 2099 4424; baseline 0.001 -18"><span class='ocrx_word' id='word_1_583' title='bbox 508 4362 763 4421; x_wconf 90' lang='lat' dir='ltr'><strong>puerunt.</strong></span> <span class='ocrx_word' id='word_1_584' title='bbox 811 4353 879 4407; x_wconf 86' lang='lat' dir='ltr'><strong>Et</strong></span> <span class='ocrx_word' id='word_1_585' title='bbox 927 4369 1233 4424; x_wconf 88' lang='lat' dir='ltr'><strong>quanquam</strong></span> <span class='ocrx_word' id='word_1_586' title='bbox 1283 4354 1627 4410; x_wconf 87' lang='lat' dir='ltr'><strong>Theodorum</strong></span> <span class='ocrx_word' id='word_1_587' title='bbox 1658 4355 1790 4409; x_wconf 90' lang='lat' dir='ltr'><strong>nihil</strong></span> <span class='ocrx_word' id='word_1_588' title='bbox 1836 4355 1978 4409; x_wconf 89' lang='lat' dir='ltr'><strong>male</strong></span> <span class='ocrx_word' id='word_1_589' title='bbox 2013 4369 2099 4408; x_wconf 84' lang='lat' dir='ltr'><strong>sa-</strong></span> 
     </span>
    </p>
   </div>
   <div class='ocr_carea' id='block_1_78' title="bbox 2197 3166 3792 3238">
    <p class='ocr_par' dir='ltr' id='par_1_78' title="bbox 2197 3166 3792 3238">
     <span class='ocr_line' id='line_1_78' title="bbox 2197 3166 3792 3238; baseline -0.003 -16"><span class='ocrx_word' id='word_1_590' title='bbox 2197 3167 2439 3237; x_wconf 89' lang='lat' dir='ltr'><strong>ceperint</strong></span> <span class='ocrx_word' id='word_1_591' title='bbox 2464 3177 2785 3238; x_wconf 89' lang='lat' dir='ltr'><strong>potestatem</strong></span> <span class='ocrx_word' id='word_1_592' title='bbox 2811 3167 3006 3236; x_wconf 82' lang='lat' dir='ltr'><strong>ligandi</strong></span> <span class='ocrx_word' id='word_1_593' title='bbox 3035 3181 3127 3221; x_wconf 91' lang='lat' dir='ltr'><strong>eos</strong></span> <span class='ocrx_word' id='word_1_594' title='bbox 3150 3166 3237 3235; x_wconf 91' lang='lat' dir='ltr'><strong>qui</strong></span> <span class='ocrx_word' id='word_1_595' title='bbox 3264 3180 3426 3235; x_wconf 88' lang='lat' dir='ltr'><strong>super</strong></span> <span class='ocrx_word' id='word_1_596' title='bbox 3454 3173 3659 3219; x_wconf 89' lang='lat' dir='ltr'><strong>terram</strong></span> <span class='ocrx_word' id='word_1_597' title='bbox 3687 3179 3792 3218; x_wconf 89' lang='lat' dir='ltr'><strong>non</strong></span> 
     </span>
    </p>
   </div>
   <div class='ocr_carea' id='block_1_79' title="bbox 2200 3256 3792 3328">
    <p class='ocr_par' dir='ltr' id='par_1_79' title="bbox 2200 3256 3792 3328">
     <span class='ocr_line' id='line_1_79' title="bbox 2200 3256 3792 3328; baseline -0.002 -18"><span class='ocrx_word' id='word_1_598' title='bbox 2200 3267 2347 3323; x_wconf 91' lang='lat' dir='ltr'><strong>sunt,</strong></span> <span class='ocrx_word' id='word_1_599' title='bbox 2377 3273 2538 3327; x_wconf 88' lang='lat' dir='ltr'><strong>quam</strong></span> <span class='ocrx_word' id='word_1_600' title='bbox 2590 3272 2689 3312; x_wconf 89' lang='lat' dir='ltr'><strong>nec</strong></span> <span class='ocrx_word' id='word_1_601' title='bbox 2733 3258 2963 3328; x_wconf 89' lang='lat' dir='ltr'><strong>apostoli</strong></span> <span class='ocrx_word' id='word_1_602' title='bbox 2993 3265 3333 3326; x_wconf 88' lang='lat' dir='ltr'><strong>acceperunt.</strong></span> <span class='ocrx_word' id='word_1_603' title='bbox 3382 3256 3524 3310; x_wconf 87' lang='lat' dir='ltr'><strong>Ecce</strong></span> <span class='ocrx_word' id='word_1_604' title='bbox 3565 3265 3792 3324; x_wconf 90' lang='lat' dir='ltr'><strong>quatuor</strong></span> 
     </span>
    </p>
   </div>
   <div class='ocr_carea' id='block_1_80' title="bbox 2198 3346 3793 3418">
    <p class='ocr_par' dir='ltr' id='par_1_80' title="bbox 2198 3346 3793 3418">
     <span class='ocr_line' id='line_1_80' title="bbox 2198 3346 3793 3418; baseline -0.003 -15"><span class='ocrx_word' id='word_1_605' title='bbox 2198 3364 2386 3418; x_wconf 89' lang='lat' dir='ltr'><strong>magna</strong></span> <span class='ocrx_word' id='word_1_606' title='bbox 2418 3350 2567 3417; x_wconf 85' lang='lat' dir='ltr'><strong>vitia,</strong></span> <span class='ocrx_word' id='word_1_607' title='bbox 2600 3366 2709 3405; x_wconf 88' lang='lat' dir='ltr'><strong>non</strong></span> <span class='ocrx_word' id='word_1_608' title='bbox 2738 3350 2992 3414; x_wconf 84' lang='lat' dir='ltr'><strong>obscura,</strong></span> <span class='ocrx_word' id='word_1_609' title='bbox 3025 3363 3126 3402; x_wconf 89' lang='lat' dir='ltr'><strong>nec</strong></span> <span class='ocrx_word' id='word_1_610' title='bbox 3169 3348 3237 3403; x_wconf 90' lang='lat' dir='ltr'><strong>de</strong></span> <span class='ocrx_word' id='word_1_611' title='bbox 3265 3346 3535 3416; x_wconf 88' lang='lat' dir='ltr'><strong>aliquibus</strong></span> <span class='ocrx_word' id='word_1_612' title='bbox 3566 3346 3793 3401; x_wconf 89' lang='lat' dir='ltr'><strong>secretis</strong></span> 
     </span>
    </p>
   </div>
   <div class='ocr_carea' id='block_1_81' title="bbox 2196 3439 3793 3506">
    <p class='ocr_par' dir='ltr' id='par_1_81' title="bbox 2196 3439 3793 3506">
     <span class='ocr_line' id='line_1_81' title="bbox 2196 3439 3793 3506; baseline -0.002 -12"><span class='ocrx_word' id='word_1_613' title='bbox 2196 3440 2414 3506; x_wconf 87' lang='lat' dir='ltr'><strong>educta,</strong></span> <span class='ocrx_word' id='word_1_614' title='bbox 2445 3442 2539 3496; x_wconf 87' lang='lat' dir='ltr'><strong>sed</strong></span> <span class='ocrx_word' id='word_1_615' title='bbox 2591 3442 2737 3495; x_wconf 88' lang='lat' dir='ltr'><strong>clara</strong></span> <span class='ocrx_word' id='word_1_616' title='bbox 2766 3450 2819 3496; x_wconf 89' lang='lat' dir='ltr'><strong>et</strong></span> <span class='ocrx_word' id='word_1_617' title='bbox 2849 3441 3150 3503; x_wconf 80' lang='lat' dir='ltr'><strong>manifesta,</strong></span> <span class='ocrx_word' id='word_1_618' title='bbox 3184 3454 3277 3495; x_wconf 89' lang='lat' dir='ltr'><strong>eos</strong></span> <span class='ocrx_word' id='word_1_619' title='bbox 3304 3440 3587 3494; x_wconf 88' lang='lat' dir='ltr'><strong>docuimus</strong></span> <span class='ocrx_word' id='word_1_620' title='bbox 3618 3439 3793 3493; x_wconf 90' lang='lat' dir='ltr'><strong>incur-</strong></span> 
     </span>
    </p>
   </div>
   <div class='ocr_carea' id='block_1_82' title="bbox 2198 3531 3794 3603">
    <p class='ocr_par' dir='ltr' id='par_1_82' title="bbox 2198 3531 3794 3603">
     <span class='ocr_line' id='line_1_82' title="bbox 2198 3531 3794 3603; baseline 0 -18"><span class='ocrx_word' id='word_1_621' title='bbox 2198 3532 2356 3586; x_wconf 88' lang='lat' dir='ltr'><strong>risse.</strong></span> <span class='ocrx_word' id='word_1_622' title='bbox 2380 3532 2656 3599; x_wconf 85' lang='lat' dir='ltr'><strong>Quomodo</strong></span> <span class='ocrx_word' id='word_1_623' title='bbox 2686 3535 2849 3603; x_wconf 81' lang='lat' dir='ltr'><strong>igitur</strong></span> <span class='ocrx_word' id='word_1_624' title='bbox 2871 3534 2957 3587; x_wconf 90' lang='lat' dir='ltr'><strong>ille</strong></span> <span class='ocrx_word' id='word_1_625' title='bbox 2978 3533 3187 3587; x_wconf 90' lang='lat' dir='ltr'><strong>subtilis</strong></span> <span class='ocrx_word' id='word_1_626' title='bbox 3226 3548 3415 3587; x_wconf 89' lang='lat' dir='ltr'><strong>eorum</strong></span> <span class='ocrx_word' id='word_1_627' title='bbox 3489 3531 3794 3587; x_wconf 87' lang='lat' dir='ltr'><strong>intellectus</strong></span> 
     </span>
    </p>
   </div>
   <div class='ocr_carea' id='block_1_83' title="bbox 2200 3622 3823 3694">
    <p class='ocr_par' dir='ltr' id='par_1_83' title="bbox 2200 3622 3823 3694">
     <span class='ocr_line' id='line_1_83' title="bbox 2200 3622 3823 3694; baseline -0.001 -17"><span class='ocrx_word' id='word_1_628' title='bbox 2200 3623 2255 3677; x_wconf 86' lang='lat' dir='ltr'><strong>in</strong></span> <span class='ocrx_word' id='word_1_629' title='bbox 2291 3634 2448 3679; x_wconf 92' lang='lat' dir='ltr'><strong>nocte</strong></span> <span class='ocrx_word' id='word_1_630' title='bbox 2495 3624 2845 3680; x_wconf 90' lang='lat' dir='ltr'><strong>obscurarum</strong></span> <span class='ocrx_word' id='word_1_631' title='bbox 2889 3626 3244 3694; x_wconf 82' lang='lat' dir='ltr'><strong>quaestionum</strong></span> <span class='ocrx_word' id='word_1_632' title='bbox 3275 3622 3604 3678; x_wconf 86' lang='lat' dir='ltr'><strong>elucubratis</strong></span> <span class='ocrx_word' id='word_1_633' title='bbox 3635 3637 3823 3677; x_wconf 57' lang='grc' dir='ltr'><strong>αλσο-ρ</strong></span> 
     </span>
    </p>
   </div>
   <div class='ocr_carea' id='block_1_84' title="bbox 2202 3718 3796 3790">
    <p class='ocr_par' dir='ltr' id='par_1_84' title="bbox 2202 3718 3796 3790">
     <span class='ocr_line' id='line_1_84' title="bbox 2202 3718 3796 3790; baseline -0.002 -16"><span class='ocrx_word' id='word_1_634' title='bbox 2202 3720 2551 3790; x_wconf 86' lang='lat' dir='ltr'><strong>gitationibus</strong></span> <span class='ocrx_word' id='word_1_635' title='bbox 2601 3720 2859 3776; x_wconf 89' lang='lat' dir='ltr'><strong>adversus</strong></span> <span class='ocrx_word' id='word_1_636' title='bbox 2902 3721 3077 3775; x_wconf 90' lang='lat' dir='ltr'><strong>aliena</strong></span> <span class='ocrx_word' id='word_1_637' title='bbox 3124 3720 3266 3775; x_wconf 91' lang='lat' dir='ltr'><strong>dicta</strong></span> <span class='ocrx_word' id='word_1_638' title='bbox 3313 3719 3561 3788; x_wconf 81' lang='lat' dir='ltr'><strong>pervigil,</strong></span> <span class='ocrx_word' id='word_1_639' title='bbox 3600 3718 3655 3772; x_wconf 94' lang='lat' dir='ltr'><strong>in</strong></span> <span class='ocrx_word' id='word_1_640' title='bbox 3686 3718 3796 3772; x_wconf 85' lang='lat' dir='ltr'><strong>suis</strong></span> 
     </span>
    </p>
   </div>
   <div class='ocr_carea' id='block_1_85' title="bbox 2202 3808 3795 3879">
    <p class='ocr_par' dir='ltr' id='par_1_85' title="bbox 2202 3808 3795 3879">
     <span class='ocr_line' id='line_1_85' title="bbox 2202 3808 3795 3879; baseline -0.001 -16"><span class='ocrx_word' id='word_1_641' title='bbox 2202 3809 2427 3866; x_wconf 90' lang='lat' dir='ltr'><strong>obtusus</strong></span> <span class='ocrx_word' id='word_1_642' title='bbox 2473 3811 2723 3866; x_wconf 89' lang='lat' dir='ltr'><strong>inventus</strong></span> <span class='ocrx_word' id='word_1_643' title='bbox 2770 3820 2852 3865; x_wconf 91' lang='lat' dir='ltr'><strong>est</strong></span> <span class='ocrx_word' id='word_1_644' title='bbox 2899 3820 2953 3866; x_wconf 91' lang='lat' dir='ltr'><strong>et</strong></span> <span class='ocrx_word' id='word_1_645' title='bbox 2984 3811 3164 3865; x_wconf 84' lang='lat' dir='ltr'><strong>medio</strong></span> <span class='ocrx_word' id='word_1_646' title='bbox 3208 3809 3295 3863; x_wconf 91' lang='lat' dir='ltr'><strong>die</strong></span> <span class='ocrx_word' id='word_1_647' title='bbox 3338 3809 3708 3879; x_wconf 78' lang='lat' dir='ltr'><strong>lethargicus?</strong></span> <span class='ocrx_word' id='word_1_648' title='bbox 3738 3808 3795 3862; x_wconf 86' lang='lat' dir='ltr'><strong>in</strong></span> 
     </span>
    </p>
   </div>
   <div class='ocr_carea' id='block_1_86' title="bbox 2202 3899 3795 3973">
    <p class='ocr_par' dir='ltr' id='par_1_86' title="bbox 2202 3899 3795 3973">
     <span class='ocr_line' id='line_1_86' title="bbox 2202 3899 3795 3973; baseline -0.002 -17"><span class='ocrx_word' id='word_1_649' title='bbox 2202 3903 2414 3973; x_wconf 90' lang='lat' dir='ltr'><strong>quantis</strong></span> <span class='ocrx_word' id='word_1_650' title='bbox 2466 3912 2649 3961; x_wconf 90' lang='lat' dir='ltr'><strong>autem</strong></span> <span class='ocrx_word' id='word_1_651' title='bbox 2704 3903 2965 3958; x_wconf 90' lang='lat' dir='ltr'><strong>librorum</strong></span> <span class='ocrx_word' id='word_1_652' title='bbox 3018 3900 3379 3957; x_wconf 88' lang='lat' dir='ltr'><strong>voluminibus</strong></span> <span class='ocrx_word' id='word_1_653' title='bbox 3425 3901 3509 3955; x_wconf 90' lang='lat' dir='ltr'><strong>isti</strong></span> <span class='ocrx_word' id='word_1_654' title='bbox 3562 3899 3795 3955; x_wconf 87' lang='lat' dir='ltr'><strong>censorii</strong></span> 
     </span>
    </p>
   </div>
   <div class='ocr_carea' id='block_1_87' title="bbox 2202 3990 3795 4064">
    <p class='ocr_par' dir='ltr' id='par_1_87' title="bbox 2202 3990 3795 4064">
     <span class='ocr_line' id='line_1_87' title="bbox 2202 3990 3795 4064; baseline -0.004 -16"><span class='ocrx_word' id='word_1_655' title='bbox 2202 4006 2535 4050; x_wconf 89' lang='lat' dir='ltr'><strong>mortuorum</strong></span> <span class='ocrx_word' id='word_1_656' title='bbox 2558 3995 2772 4064; x_wconf 87' lang='lat' dir='ltr'><strong>judices</strong></span> <span class='ocrx_word' id='word_1_657' title='bbox 2806 4004 2984 4049; x_wconf 90' lang='lat' dir='ltr'><strong>tantos</strong></span> <span class='ocrx_word' id='word_1_658' title='bbox 3010 4003 3065 4048; x_wconf 89' lang='lat' dir='ltr'><strong>et</strong></span> <span class='ocrx_word' id='word_1_659' title='bbox 3088 4007 3315 4049; x_wconf 88' lang='lat' dir='ltr'><strong>numero</strong></span> <span class='ocrx_word' id='word_1_660' title='bbox 3347 4000 3402 4047; x_wconf 91' lang='lat' dir='ltr'><strong>et</strong></span> <span class='ocrx_word' id='word_1_661' title='bbox 3424 3990 3795 4060; x_wconf 76' lang='lat' dir='ltr'><strong>magnitudine</strong></span> 
     </span>
    </p>
   </div>
   <div class='ocr_carea' id='block_1_88' title="bbox 2203 4080 3793 4155">
    <p class='ocr_par' dir='ltr' id='par_1_88' title="bbox 2203 4080 3793 4155">
     <span class='ocr_line' id='line_1_88' title="bbox 2203 4080 3793 4155; baseline -0.003 -17"><span class='ocrx_word' id='word_1_662' title='bbox 2203 4084 2401 4140; x_wconf 83' lang='lat' dir='ltr'><strong>fecisse</strong></span> <span class='ocrx_word' id='word_1_663' title='bbox 2443 4085 2925 4155; x_wconf 89' lang='lat' dir='ltr'><strong>deprehenduntur</strong></span> <span class='ocrx_word' id='word_1_664' title='bbox 2956 4084 3204 4139; x_wconf 86' lang='lat' dir='ltr'><strong>errores?</strong></span> <span class='ocrx_word' id='word_1_665' title='bbox 3225 4083 3415 4139; x_wconf 86' lang='lat' dir='ltr'><strong>Nonne</strong></span> <span class='ocrx_word' id='word_1_666' title='bbox 3446 4096 3550 4137; x_wconf 84' lang='lat' dir='ltr'><strong>una</strong></span> <span class='ocrx_word' id='word_1_667' title='bbox 3591 4080 3793 4135; x_wconf 83' lang='lat' dir='ltr'><strong>brevis-</strong></span> 
     </span>
    </p>
   </div>
   <div class='ocr_carea' id='block_1_89' title="bbox 2205 4170 3793 4246">
    <p class='ocr_par' dir='ltr' id='par_1_89' title="bbox 2205 4170 3793 4246">
     <span class='ocr_line' id='line_1_89' title="bbox 2205 4170 3793 4246; baseline -0.003 -17"><span class='ocrx_word' id='word_1_668' title='bbox 2205 4190 2313 4243; x_wconf 87' lang='lat' dir='ltr'><strong>que</strong></span> <span class='ocrx_word' id='word_1_669' title='bbox 2343 4176 2616 4231; x_wconf 88' lang='lat' dir='ltr'><strong>sententia</strong></span> <span class='ocrx_word' id='word_1_670' title='bbox 2646 4185 2749 4239; x_wconf 86' lang='lat' dir='ltr'><strong>est.</strong></span> <span class='ocrx_word' id='word_1_671' title='bbox 2780 4191 2901 4246; x_wconf 72' lang='lat' dir='ltr'><strong>qure</strong></span> <span class='ocrx_word' id='word_1_672' title='bbox 2946 4176 3115 4231; x_wconf 88' lang='lat' dir='ltr'><strong>semel</strong></span> <span class='ocrx_word' id='word_1_673' title='bbox 3164 4174 3331 4229; x_wconf 91' lang='lat' dir='ltr'><strong>tincto</strong></span> <span class='ocrx_word' id='word_1_674' title='bbox 3372 4175 3582 4231; x_wconf 87' lang='lat' dir='ltr'><strong>calamo</strong></span> <span class='ocrx_word' id='word_1_675' title='bbox 3631 4170 3793 4225; x_wconf 90' lang='lat' dir='ltr'><strong>scribi</strong></span> 
     </span>
    </p>
   </div>
   <div class='ocr_carea' id='block_1_90' title="bbox 2204 4265 3793 4339">
    <p class='ocr_par' dir='ltr' id='par_1_90' title="bbox 2204 4265 3793 4339">
     <span class='ocr_line' id='line_1_90' title="bbox 2204 4265 3793 4339; baseline -0.004 -14"><span class='ocrx_word' id='word_1_676' title='bbox 2204 4278 2380 4338; x_wconf 90' lang='lat' dir='ltr'><strong>potest</strong></span> <span class='ocrx_word' id='word_1_677' title='bbox 2422 4289 2435 4324; x_wconf 87' lang='lat'><strong>:</strong></span> <span class='ocrx_word' id='word_1_678' title='bbox 2484 4286 2502 4321; x_wconf 73' lang='grc' dir='ltr'>ι</span> <span class='ocrx_word' id='word_1_679' title='bbox 2535 4270 2591 4325; x_wconf 89' lang='lat' dir='ltr'><strong>Si</strong></span> <span class='ocrx_word' id='word_1_680' title='bbox 2649 4270 2770 4339; x_wconf 90' lang='lat' dir='ltr'><strong>quis</strong></span> <span class='ocrx_word' id='word_1_681' title='bbox 2823 4284 2930 4324; x_wconf 81' lang='lat' dir='ltr'><strong>non</strong></span> <span class='ocrx_word' id='word_1_682' title='bbox 2985 4268 3407 4323; x_wconf 75' lang='lat' dir='ltr'><strong>anathematizat</strong></span> <span class='ocrx_word' id='word_1_683' title='bbox 3456 4265 3793 4322; x_wconf 87' lang='lat' dir='ltr'><strong>Theodorum</strong></span> 
     </span>
    </p>
   </div>
   <div class='ocr_carea' id='block_1_91' title="bbox 2206 4358 3792 4432">
    <p class='ocr_par' dir='ltr' id='par_1_91' title="bbox 2206 4358 3792 4432">
     <span class='ocr_line' id='line_1_91' title="bbox 2206 4358 3792 4432; baseline -0.003 -17"><span class='ocrx_word' id='word_1_684' title='bbox 2206 4361 2570 4432; x_wconf 77' lang='lat' dir='ltr'><strong>Mopsuestiae,</strong></span> <span class='ocrx_word' id='word_1_685' title='bbox 2603 4374 2657 4418; x_wconf 91' lang='lat' dir='ltr'><strong>et</strong></span> <span class='ocrx_word' id='word_1_686' title='bbox 2686 4362 2802 4431; x_wconf 87' lang='lat' dir='ltr'><strong>ejus</strong></span> <span class='ocrx_word' id='word_1_687' title='bbox 2833 4362 3101 4431; x_wconf 78' lang='lat' dir='ltr'><strong>dogmata,</strong></span> <span class='ocrx_word' id='word_1_688' title='bbox 3132 4375 3334 4431; x_wconf 86' lang='lat' dir='ltr'><strong>eosque</strong></span> <span class='ocrx_word' id='word_1_689' title='bbox 3362 4361 3451 4431; x_wconf 88' lang='lat' dir='ltr'><strong>qui</strong></span> <span class='ocrx_word' id='word_1_690' title='bbox 3482 4371 3574 4415; x_wconf 91' lang='lat' dir='ltr'><strong>aut</strong></span> <span class='ocrx_word' id='word_1_691' title='bbox 3601 4358 3792 4415; x_wconf 85' lang='lat' dir='ltr'><strong>similia</strong></span> 
     </span>
    </p>
   </div>
   <div class='ocr_carea' id='block_1_92' title="bbox 509 4443 2088 4531">
    <p class='ocr_par' dir='ltr' id='par_1_92' title="bbox 509 4443 2088 4514">
     <span class='ocr_line' id='line_1_92' title="bbox 509 4443 2088 4514; baseline 0.003 -19"><span class='ocrx_word' id='word_1_692' title='bbox 509 4445 689 4510; x_wconf 83' lang='lat' dir='ltr'><strong>puisse</strong></span> <span class='ocrx_word' id='word_1_693' title='bbox 720 4443 1090 4512; x_wconf 90' lang='lat' dir='ltr'><strong>prohaverint,</strong></span> <span class='ocrx_word' id='word_1_694' title='bbox 1116 4454 1371 4514; x_wconf 88' lang='lat' dir='ltr'><strong>quantum</strong></span> <span class='ocrx_word' id='word_1_695' title='bbox 1423 4455 1602 4499; x_wconf 89' lang='lat' dir='ltr'><strong>tamen</strong></span> <span class='ocrx_word' id='word_1_696' title='bbox 1652 4445 1718 4499; x_wconf 93' lang='lat' dir='ltr'><strong>ad</strong></span> <span class='ocrx_word' id='word_1_697' title='bbox 1769 4459 1862 4500; x_wconf 90' lang='lat' dir='ltr'><strong>eos</strong></span> <span class='ocrx_word' id='word_1_698' title='bbox 1886 4447 2088 4510; x_wconf 69' lang='lat' dir='ltr'><strong>attinet1</strong></span> 
     </span>
    </p>
   </div>
   <div class='ocr_carea' id='block_1_93' title="bbox 2191 4443 3793 4531">
    <p class='ocr_par' dir='ltr' id='par_1_93' title="bbox 2207 4451 3793 4525">
     <span class='ocr_line' id='line_1_93' title="bbox 2207 4451 3793 4525; baseline -0.003 -16"><span class='ocrx_word' id='word_1_699' title='bbox 2207 4455 2257 4509; x_wconf 92' lang='lat' dir='ltr'><strong>ei</strong></span> <span class='ocrx_word' id='word_1_700' title='bbox 2302 4466 2591 4525; x_wconf 86' lang='lat' dir='ltr'><strong>sapuerunt</strong></span> <span class='ocrx_word' id='word_1_701' title='bbox 2619 4464 2711 4509; x_wconf 90' lang='lat' dir='ltr'><strong>aut</strong></span> <span class='ocrx_word' id='word_1_702' title='bbox 2739 4455 2975 4524; x_wconf 90' lang='lat' dir='ltr'><strong>sapiunt,</strong></span> <span class='ocrx_word' id='word_1_703' title='bbox 3003 4455 3289 4509; x_wconf 88' lang='lat' dir='ltr'><strong>anathema</strong></span> <span class='ocrx_word' id='word_1_704' title='bbox 3331 4453 3480 4507; x_wconf 65' lang='lat' dir='ltr'><strong>sit?»</strong></span> <span class='ocrx_word' id='word_1_705' title='bbox 3516 4452 3584 4506; x_wconf 86' lang='lat' dir='ltr'><strong>Et</strong></span> <span class='ocrx_word' id='word_1_706' title='bbox 3613 4452 3665 4506; x_wconf 93' lang='lat' dir='ltr'><strong>in</strong></span> <span class='ocrx_word' id='word_1_707' title='bbox 3710 4451 3793 4507; x_wconf 89' lang='lat' dir='ltr'><strong>his</strong></span> 
     </span>
    </p>
   </div>
   <div class='ocr_carea' id='block_1_94' title="bbox 509 4535 2100 4605">
    <p class='ocr_par' dir='ltr' id='par_1_94' title="bbox 509 4535 2100 4605">
     <span class='ocr_line' id='line_1_94' title="bbox 509 4535 2100 4605; baseline 0.003 -19"><span class='ocrx_word' id='word_1_708' title='bbox 509 4535 1012 4589; x_wconf 81' lang='lat' dir='ltr'><strong>eondemnaverunt</strong></span> <span class='ocrx_word' id='word_1_709' title='bbox 1035 4550 1228 4590; x_wconf 90' lang='lat' dir='ltr'><strong>omnes</strong></span> <span class='ocrx_word' id='word_1_710' title='bbox 1254 4536 1321 4589; x_wconf 91' lang='lat' dir='ltr'><strong>ab</strong></span> <span class='ocrx_word' id='word_1_711' title='bbox 1346 4535 1484 4605; x_wconf 91' lang='lat' dir='ltr'><strong>ipso,</strong></span> <span class='ocrx_word' id='word_1_712' title='bbox 1520 4537 1574 4589; x_wconf 90' lang='lat' dir='ltr'><strong>in</strong></span> <span class='ocrx_word' id='word_1_713' title='bbox 1601 4551 1759 4603; x_wconf 89' lang='lat' dir='ltr'><strong>quem</strong></span> <span class='ocrx_word' id='word_1_714' title='bbox 1787 4536 1939 4590; x_wconf 90' lang='lat' dir='ltr'><strong>illum</strong></span> <span class='ocrx_word' id='word_1_715' title='bbox 1970 4536 2100 4591; x_wconf 83' lang='lat' dir='ltr'><strong>inci-</strong></span> 
     </span>
    </p>
   </div>
   <div class='ocr_carea' id='block_1_95' title="bbox 510 4626 2100 4695">
    <p class='ocr_par' dir='ltr' id='par_1_95' title="bbox 510 4626 2100 4695">
     <span class='ocr_line' id='line_1_95' title="bbox 510 4626 2100 4695; baseline 0.004 -18"><span class='ocrx_word' id='word_1_716' title='bbox 510 4626 656 4679; x_wconf 86' lang='lat' dir='ltr'><strong>disse</strong></span> <span class='ocrx_word' id='word_1_717' title='bbox 677 4632 890 4694; x_wconf 89' lang='lat' dir='ltr'><strong>putant,</strong></span> <span class='ocrx_word' id='word_1_718' title='bbox 912 4640 1098 4681; x_wconf 89' lang='lat' dir='ltr'><strong>errore</strong></span> <span class='ocrx_word' id='word_1_719' title='bbox 1120 4640 1413 4682; x_wconf 90' lang='lat' dir='ltr'><strong>conversos</strong></span> <span class='ocrx_word' id='word_1_720' title='bbox 1438 4642 1452 4691; x_wconf 93' lang='lat'><strong>;</strong></span> <span class='ocrx_word' id='word_1_721' title='bbox 1494 4626 1733 4695; x_wconf 89' lang='lat' dir='ltr'><strong>nihilque</strong></span> <span class='ocrx_word' id='word_1_722' title='bbox 1764 4626 1871 4680; x_wconf 90' lang='lat' dir='ltr'><strong>illis</strong></span> <span class='ocrx_word' id='word_1_723' title='bbox 1896 4628 2100 4694; x_wconf 84' lang='lat' dir='ltr'><strong>praesti-</strong></span> 
     </span>
    </p>
   </div>
   <div class='ocr_carea' id='block_1_96' title="bbox 513 4718 2103 4792">
    <p class='ocr_par' dir='ltr' id='par_1_96' title="bbox 513 4718 2103 4792">
     <span class='ocr_line' id='line_1_96' title="bbox 513 4718 2103 4792; baseline 0.004 -22"><span class='ocrx_word' id='word_1_724' title='bbox 513 4718 575 4771; x_wconf 89' lang='lat' dir='ltr'><strong>tit</strong></span> <span class='ocrx_word' id='word_1_725' title='bbox 608 4733 703 4772; x_wconf 89' lang='lat' dir='ltr'><strong>sua</strong></span> <span class='ocrx_word' id='word_1_726' title='bbox 732 4719 1035 4789; x_wconf 89' lang='lat' dir='ltr'><strong>conversio,</strong></span> <span class='ocrx_word' id='word_1_727' title='bbox 1065 4719 1209 4789; x_wconf 89' lang='lat' dir='ltr'><strong>quod</strong></span> <span class='ocrx_word' id='word_1_728' title='bbox 1234 4719 1345 4789; x_wconf 88' lang='lat' dir='ltr'><strong>jam</strong></span> <span class='ocrx_word' id='word_1_729' title='bbox 1370 4720 1493 4774; x_wconf 90' lang='lat' dir='ltr'><strong>talia</strong></span> <span class='ocrx_word' id='word_1_730' title='bbox 1521 4734 1626 4774; x_wconf 93' lang='lat' dir='ltr'><strong>non</strong></span> <span class='ocrx_word' id='word_1_731' title='bbox 1669 4720 1905 4789; x_wconf 87' lang='lat' dir='ltr'><strong>sapiunt,</strong></span> <span class='ocrx_word' id='word_1_732' title='bbox 1934 4737 2103 4792; x_wconf 91' lang='lat' dir='ltr'><strong>quan-</strong></span> 
     </span>
    </p>
   </div>
   <div class='ocr_carea' id='block_1_97' title="bbox 511 4811 2098 4882">
    <p class='ocr_par' dir='ltr' id='par_1_97' title="bbox 511 4811 2098 4882">
     <span class='ocr_line' id='line_1_97' title="bbox 511 4811 2098 4882; baseline 0.004 -20"><span class='ocrx_word' id='word_1_733' title='bbox 511 4811 580 4862; x_wconf 88' lang='lat' dir='ltr'><strong>do</strong></span> <span class='ocrx_word' id='word_1_734' title='bbox 608 4818 661 4864; x_wconf 91' lang='lat' dir='ltr'><strong>et</strong></span> <span class='ocrx_word' id='word_1_735' title='bbox 680 4820 901 4880; x_wconf 89' lang='lat' dir='ltr'><strong>propter</strong></span> <span class='ocrx_word' id='word_1_736' title='bbox 920 4811 1020 4866; x_wconf 91' lang='lat' dir='ltr'><strong>hoc</strong></span> <span class='ocrx_word' id='word_1_737' title='bbox 1051 4812 1400 4879; x_wconf 90' lang='lat' dir='ltr'><strong>damnantur,</strong></span> <span class='ocrx_word' id='word_1_738' title='bbox 1452 4812 1593 4881; x_wconf 90' lang='lat' dir='ltr'><strong>quod</strong></span> <span class='ocrx_word' id='word_1_739' title='bbox 1640 4812 1926 4882; x_wconf 89' lang='lat' dir='ltr'><strong>aliquando</strong></span> <span class='ocrx_word' id='word_1_740' title='bbox 1976 4815 2098 4868; x_wconf 88' lang='lat' dir='ltr'><strong>talia</strong></span> 
     </span>
    </p>
   </div>
   <div class='ocr_carea' id='block_1_98' title="bbox 472 4902 2096 4974">
    <p class='ocr_par' dir='ltr' id='par_1_98' title="bbox 472 4902 2096 4974">
     <span class='ocr_line' id='line_1_98' title="bbox 472 4902 2096 4974; baseline 0.002 -18"><span class='ocrx_word' id='word_1_741' title='bbox 472 4922 473 4925; x_wconf 46' lang='grc' dir='ltr'><strong>η</strong></span> <span class='ocrx_word' id='word_1_742' title='bbox 511 4912 824 4971; x_wconf 89' lang='lat' dir='ltr'><strong>sapuerunt.</strong></span> <span class='ocrx_word' id='word_1_743' title='bbox 858 4902 957 4959; x_wconf 89' lang='lat' dir='ltr'><strong>Ubi</strong></span> <span class='ocrx_word' id='word_1_744' title='bbox 989 4903 1115 4974; x_wconf 85' lang='lat' dir='ltr'><strong>quid</strong></span> <span class='ocrx_word' id='word_1_745' title='bbox 1159 4912 1317 4974; x_wconf 84' lang='lat' dir='ltr'><strong>agent</strong></span> <span class='ocrx_word' id='word_1_746' title='bbox 1341 4904 1408 4959; x_wconf 89' lang='lat' dir='ltr'><strong>de</strong></span> <span class='ocrx_word' id='word_1_747' title='bbox 1439 4903 1645 4958; x_wconf 83' lang='lat' dir='ltr'><strong>Martha</strong></span> <span class='ocrx_word' id='word_1_748' title='bbox 1674 4912 1730 4958; x_wconf 90' lang='lat' dir='ltr'><strong>et</strong></span> <span class='ocrx_word' id='word_1_749' title='bbox 1751 4905 1914 4959; x_wconf 86' lang='lat' dir='ltr'><strong>Maria</strong></span> <span class='ocrx_word' id='word_1_750' title='bbox 1941 4919 2096 4960; x_wconf 89' lang='lat' dir='ltr'><strong>soro-</strong></span> 
     </span>
    </p>
   </div>
   <div class='ocr_carea' id='block_1_99' title="bbox 512 4992 2098 5068">
    <p class='ocr_par' dir='ltr' id='par_1_99' title="bbox 512 4992 2098 5068">
     <span class='ocr_line' id='line_1_99' title="bbox 512 4992 2098 5068; baseline 0.006 -23"><span class='ocrx_word' id='word_1_751' title='bbox 512 4992 663 5047; x_wconf 85' lang='lat' dir='ltr'><strong>ribus</strong></span> <span class='ocrx_word' id='word_1_752' title='bbox 686 4993 895 5060; x_wconf 85' lang='lat' dir='ltr'><strong>Lazari,</strong></span> <span class='ocrx_word' id='word_1_753' title='bbox 932 5010 1051 5065; x_wconf 63' lang='lat' dir='ltr'><strong>qua:</strong></span> <span class='ocrx_word' id='word_1_754' title='bbox 1094 4995 1339 5050; x_wconf 81' lang='lat' dir='ltr'><strong>familiari</strong></span> <span class='ocrx_word' id='word_1_755' title='bbox 1363 4997 1648 5054; x_wconf 90' lang='lat' dir='ltr'><strong>devotione</strong></span> <span class='ocrx_word' id='word_1_756' title='bbox 1703 4997 1803 5068; x_wconf 89' lang='lat' dir='ltr'><strong>ipsi</strong></span> <span class='ocrx_word' id='word_1_757' title='bbox 1850 4999 2098 5064; x_wconf 88' lang='lat' dir='ltr'><strong>Domino,</strong></span> 
     </span>
    </p>
   </div>
   <div class='ocr_carea' id='block_1_100' title="bbox 513 5085 2101 5160">
    <p class='ocr_par' dir='ltr' id='par_1_100' title="bbox 513 5085 2101 5160">
     <span class='ocr_line' id='line_1_100' title="bbox 513 5085 2101 5160; baseline 0.004 -22"><span class='ocrx_word' id='word_1_758' title='bbox 513 5085 639 5139; x_wconf 90' lang='lat' dir='ltr'><strong>dum</strong></span> <span class='ocrx_word' id='word_1_759' title='bbox 671 5087 758 5141; x_wconf 89' lang='lat' dir='ltr'><strong>hic</strong></span> <span class='ocrx_word' id='word_1_760' title='bbox 800 5088 856 5143; x_wconf 91' lang='lat' dir='ltr'><strong>in</strong></span> <span class='ocrx_word' id='word_1_761' title='bbox 897 5103 1058 5145; x_wconf 90' lang='lat' dir='ltr'><strong>carne</strong></span> <span class='ocrx_word' id='word_1_762' title='bbox 1097 5090 1336 5160; x_wconf 82' lang='lat' dir='ltr'><strong>degeret,</strong></span> <span class='ocrx_word' id='word_1_763' title='bbox 1370 5091 1755 5146; x_wconf 67' lang='lat' dir='ltr'><strong>adhaeserunt?</strong></span> <span class='ocrx_word' id='word_1_764' title='bbox 1803 5090 1873 5144; x_wconf 87' lang='lat' dir='ltr'><strong>Et</strong></span> <span class='ocrx_word' id='word_1_765' title='bbox 1920 5102 2101 5147; x_wconf 89' lang='lat' dir='ltr'><strong>tamen</strong></span> 
     </span>
    </p>
   </div>
   <div class='ocr_carea' id='block_1_101' title="bbox 514 5180 2102 5254">
    <p class='ocr_par' dir='ltr' id='par_1_101' title="bbox 514 5180 2102 5254">
     <span class='ocr_line' id='line_1_101' title="bbox 514 5180 2102 5254; baseline 0.004 -21"><span class='ocrx_word' id='word_1_766' title='bbox 514 5187 762 5250; x_wconf 89' lang='lat' dir='ltr'><strong>utraque,</strong></span> <span class='ocrx_word' id='word_1_767' title='bbox 786 5180 839 5237; x_wconf 93' lang='lat' dir='ltr'><strong>id</strong></span> <span class='ocrx_word' id='word_1_768' title='bbox 860 5190 945 5237; x_wconf 86' lang='lat' dir='ltr'><strong>est</strong></span> <span class='ocrx_word' id='word_1_769' title='bbox 965 5183 1111 5253; x_wconf 90' lang='lat' dir='ltr'><strong>prius</strong></span> <span class='ocrx_word' id='word_1_770' title='bbox 1135 5182 1341 5239; x_wconf 83' lang='lat' dir='ltr'><strong>Martha</strong></span> <span class='ocrx_word' id='word_1_771' title='bbox 1368 5199 1431 5238; x_wconf 92' lang='lat' dir='ltr'><strong>ac</strong></span> <span class='ocrx_word' id='word_1_772' title='bbox 1460 5184 1654 5239; x_wconf 89' lang='lat' dir='ltr'><strong>deinde</strong></span> <span class='ocrx_word' id='word_1_773' title='bbox 1690 5184 1875 5249; x_wconf 84' lang='lat' dir='ltr'><strong>Maria,</strong></span> <span class='ocrx_word' id='word_1_774' title='bbox 1908 5185 2102 5254; x_wconf 88' lang='lat' dir='ltr'><strong>legitur</strong></span> 
     </span>
    </p>
   </div>
   <div class='ocr_carea' id='block_1_102' title="bbox 588 5313 2102 5388">
    <p class='ocr_par' dir='ltr' id='par_1_102' title="bbox 588 5313 2102 5388">
     <span class='ocr_line' id='line_1_102' title="bbox 588 5313 2102 5388; baseline 0.004 -19"><span class='ocrx_word' id='word_1_775' title='bbox 588 5322 616 5351; x_wconf 76' lang='grc' dir='ltr'>ι</span> <span class='ocrx_word' id='word_1_776' title='bbox 640 5313 719 5388; x_wconf 78' lang='lat' dir='ltr'><strong>_Ut</strong></span> <span class='ocrx_word' id='word_1_777' title='bbox 760 5329 918 5388; x_wconf 79' lang='lat' dir='ltr'><strong>supra</strong></span> <span class='ocrx_word' id='word_1_778' title='bbox 963 5314 1116 5388; x_wconf 86' lang='lat' dir='ltr'><strong>initio</strong></span> <span class='ocrx_word' id='word_1_779' title='bbox 1146 5318 1236 5375; x_wconf 83' lang='lat' dir='ltr'><strong>lib.</strong></span> <span class='ocrx_word' id='word_1_780' title='bbox 1258 5334 1334 5373; x_wconf 86' lang='lat' dir='ltr'><strong>ut.</strong></span> <span class='ocrx_word' id='word_1_781' title='bbox 1371 5320 1564 5375; x_wconf 85' lang='lat' dir='ltr'><strong>Iisdem</strong></span> <span class='ocrx_word' id='word_1_782' title='bbox 1596 5335 1807 5388; x_wconf 83' lang='lat' dir='ltr'><strong>quoque</strong></span> <span class='ocrx_word' id='word_1_783' title='bbox 1838 5321 2019 5376; x_wconf 89' lang='lat' dir='ltr'><strong>verbis</strong></span> <span class='ocrx_word' id='word_1_784' title='bbox 2046 5329 2102 5375; x_wconf 88' lang='lat' dir='ltr'><strong>et</strong></span> 
     </span>
    </p>
   </div>
   <div class='ocr_carea' id='block_1_103' title="bbox 518 5383 2106 5450">
    <p class='ocr_par' dir='ltr' id='par_1_103' title="bbox 518 5383 2106 5450">
     <span class='ocr_line' id='line_1_103' title="bbox 518 5383 2106 5450; baseline 0.004 -11"><span class='ocrx_word' id='word_1_785' title='bbox 518 5383 849 5439; x_wconf 81' lang='lat' dir='ltr'><strong>Justinianus</strong></span> <span class='ocrx_word' id='word_1_786' title='bbox 873 5386 925 5439; x_wconf 93' lang='lat' dir='ltr'><strong>in</strong></span> <span class='ocrx_word' id='word_1_787' title='bbox 952 5387 1161 5441; x_wconf 84' lang='lat' dir='ltr'><strong>Edicto.</strong></span> <span class='ocrx_word' id='word_1_788' title='bbox 1178 5389 1240 5442; x_wconf 79' lang='grc' dir='ltr'><strong>Εἴ</strong></span> <span class='ocrx_word' id='word_1_789' title='bbox 1255 5413 1333 5450; x_wconf 83' lang='grc' dir='ltr'><strong>τις·</strong></span> <span class='ocrx_word' id='word_1_790' title='bbox 1364 5396 1532 5445; x_wconf 79' lang='grc' dir='ltr'>τοίνυν</span> <span class='ocrx_word' id='word_1_791' title='bbox 1555 5383 1881 5447; x_wconf 49' lang='lat' dir='ltr'><strong>amandas:ch</strong></span> <span class='ocrx_word' id='word_1_792' title='bbox 1911 5392 2106 5447; x_wconf 83' lang='grc' dir='ltr'><strong>Θεοδώ-</strong></span> 
     </span>
    </p>
   </div>
   <div class='ocr_carea' id='block_1_104' title="bbox 516 5455 2108 5537">
    <p class='ocr_par' dir='ltr' id='par_1_104' title="bbox 516 5455 2108 5537">
     <span class='ocr_line' id='line_1_104' title="bbox 516 5455 2108 5537; baseline 0.008 -31"><span class='ocrx_word' id='word_1_793' title='bbox 516 5474 631 5530; x_wconf 79' lang='grc' dir='ltr'><strong>ρου,</strong></span> <span class='ocrx_word' id='word_1_794' title='bbox 665 5455 789 5510; x_wconf 64' lang='grc' dir='ltr'><strong>ἀλὶὲ</strong></span> <span class='ocrx_word' id='word_1_795' title='bbox 819 5461 883 5514; x_wconf 65' lang='lat' dir='ltr'><strong>cui</strong></span> <span class='ocrx_word' id='word_1_796' title='bbox 906 5458 1256 5527; x_wconf 73' lang='grc' dir='ltr'><strong>ἁναθεματὲζει</strong></span> <span class='ocrx_word' id='word_1_797' title='bbox 1276 5464 1446 5527; x_wconf 77' lang='grc' dir='ltr'><strong>αὐτὸν,</strong></span> <span class='ocrx_word' id='word_1_798' title='bbox 1471 5466 1627 5517; x_wconf 73' lang='grc' dir='ltr'><strong><em>καὶτὰ</em></strong></span> <span class='ocrx_word' id='word_1_799' title='bbox 1658 5466 1819 5517; x_wconf 71' lang='grc' dir='ltr'><strong>αὐτοῦ</strong></span> <span class='ocrx_word' id='word_1_800' title='bbox 1842 5466 2108 5537; x_wconf 73' lang='grc' dir='ltr'><strong>συγγράμ-</strong></span> 
     </span>
    </p>
   </div>
   <div class='ocr_carea' id='block_1_105' title="bbox 592 5587 2107 5669">
    <p class='ocr_par' dir='ltr' id='par_1_105' title="bbox 592 5587 2107 5669">
     <span class='ocr_line' id='line_1_105' title="bbox 592 5587 2107 5669; baseline 0.011 -30"><span class='ocrx_word' id='word_1_801' title='bbox 592 5587 610 5619; x_wconf 86' lang='grc'>¹</span> <span class='ocrx_word' id='word_1_802' title='bbox 641 5587 1091 5669; x_wconf 61' lang='lat' dir='ltr'><strong>Qod.Yeron.,_At</strong></span> <span class='ocrx_word' id='word_1_803' title='bbox 1111 5598 1403 5669; x_wconf 71' lang='lat' dir='ltr'><strong>egominus</strong></span> <span class='ocrx_word' id='word_1_804' title='bbox 1432 5598 1650 5650; x_wconf 80' lang='lat' dir='ltr'><strong>arbitror</strong></span> <span class='ocrx_word' id='word_1_805' title='bbox 1673 5614 2107 5669; x_wconf 80' lang='lat' dir='ltr'><strong>apparere,qunm</strong></span> 
     </span>
    </p>
   </div>
   <div class='ocr_carea' id='block_1_106' title="bbox 522 5664 1674 5738">
    <p class='ocr_par' dir='ltr' id='par_1_106' title="bbox 522 5664 1674 5738">
     <span class='ocr_line' id='line_1_106' title="bbox 522 5664 1674 5738; baseline 0.011 -30"><span class='ocrx_word' id='word_1_806' title='bbox 522 5664 689 5738; x_wconf 55' lang='lat' dir='ltr'><strong>nescii</strong></span> <span class='ocrx_word' id='word_1_807' title='bbox 704 5664 807 5711; x_wconf 83' lang='lat' dir='ltr'><strong>sint</strong></span> <span class='ocrx_word' id='word_1_808' title='bbox 833 5669 983 5738; x_wconf 59' lang='lat' dir='ltr'><strong>atque</strong></span> <span class='ocrx_word' id='word_1_809' title='bbox 1011 5664 1179 5738; x_wconf 71' lang='lat' dir='ltr'><strong>ignari</strong></span> <span class='ocrx_word' id='word_1_810' title='bbox 1200 5667 1294 5738; x_wconf 77' lang='lat' dir='ltr'><strong>isti</strong></span> <span class='ocrx_word' id='word_1_811' title='bbox 1316 5668 1537 5738; x_wconf 81' lang='lat' dir='ltr'><strong>judices,</strong></span> <span class='ocrx_word' id='word_1_812' title='bbox 1572 5678 1674 5722; x_wconf 84' lang='lat' dir='ltr'><strong>etc.</strong></span> 
     </span>
    </p>
   </div>
   <div class='ocr_carea' id='block_1_107' title="bbox 592 5728 1257 5799">
    <p class='ocr_par' dir='ltr' id='par_1_107' title="bbox 592 5728 1257 5799">
     <span class='ocr_line' id='line_1_107' title="bbox 592 5728 1257 5799; baseline 0.011 -17"><span class='ocrx_word' id='word_1_813' title='bbox 592 5730 611 5758; x_wconf 87' lang='grc'>²</span> <span class='ocrx_word' id='word_1_814' title='bbox 636 5728 778 5785; x_wconf 87' lang='lat' dir='ltr'><strong>Idem</strong></span> <span class='ocrx_word' id='word_1_815' title='bbox 801 5728 946 5799; x_wconf 91' lang='lat' dir='ltr'><strong>cod.,</strong></span> <span class='ocrx_word' id='word_1_816' title='bbox 978 5728 1257 5789; x_wconf 42' lang='lat' dir='ltr'><strong>ei&#39;similia.</strong></span> 
     </span>
    </p>
   </div>
   <div class='ocr_carea' id='block_1_108' title="bbox 2209 4546 3791 4618">
    <p class='ocr_par' dir='ltr' id='par_1_108' title="bbox 2209 4546 3791 4618">
     <span class='ocr_line' id='line_1_108' title="bbox 2209 4546 3791 4618; baseline -0.003 -16"><span class='ocrx_word' id='word_1_817' title='bbox 2209 4548 2545 4617; x_wconf 87' lang='lat' dir='ltr'><strong>paucissimis</strong></span> <span class='ocrx_word' id='word_1_818' title='bbox 2591 4548 2813 4618; x_wconf 87' lang='lat' dir='ltr'><strong>syllabis</strong></span> <span class='ocrx_word' id='word_1_819' title='bbox 2855 4548 3014 4618; x_wconf 84' lang='lat' dir='ltr'><strong>longo</strong></span> <span class='ocrx_word' id='word_1_820' title='bbox 3060 4557 3301 4618; x_wconf 89' lang='lat' dir='ltr'><strong>tempore</strong></span> <span class='ocrx_word' id='word_1_821' title='bbox 3343 4546 3637 4613; x_wconf 88' lang='lat' dir='ltr'><strong>meditatis,</strong></span> <span class='ocrx_word' id='word_1_822' title='bbox 3685 4552 3791 4598; x_wconf 87' lang='lat' dir='ltr'><strong>tam</strong></span> 
     </span>
    </p>
   </div>
   <div class='ocr_carea' id='block_1_109' title="bbox 2207 4637 3791 4710">
    <p class='ocr_par' dir='ltr' id='par_1_109' title="bbox 2207 4637 3791 4710">
     <span class='ocr_line' id='line_1_109' title="bbox 2207 4637 3791 4710; baseline -0.004 -15"><span class='ocrx_word' id='word_1_823' title='bbox 2207 4640 2357 4695; x_wconf 92' lang='lat' dir='ltr'><strong>multi</strong></span> <span class='ocrx_word' id='word_1_824' title='bbox 2384 4641 2674 4709; x_wconf 87' lang='lat' dir='ltr'><strong>sapientes,</strong></span> <span class='ocrx_word' id='word_1_825' title='bbox 2704 4650 2780 4709; x_wconf 89' lang='lat' dir='ltr'><strong>et,</strong></span> <span class='ocrx_word' id='word_1_826' title='bbox 2812 4642 2952 4710; x_wconf 91' lang='lat' dir='ltr'><strong>quod</strong></span> <span class='ocrx_word' id='word_1_827' title='bbox 2981 4650 3064 4696; x_wconf 90' lang='lat' dir='ltr'><strong>est</strong></span> <span class='ocrx_word' id='word_1_828' title='bbox 3094 4640 3346 4710; x_wconf 90' lang='lat' dir='ltr'><strong>amplius,</strong></span> <span class='ocrx_word' id='word_1_829' title='bbox 3379 4638 3676 4694; x_wconf 88' lang='lat' dir='ltr'><strong>alienorum</strong></span> <span class='ocrx_word' id='word_1_830' title='bbox 3714 4637 3791 4690; x_wconf 88' lang='lat' dir='ltr'><strong>di-</strong></span> 
     </span>
    </p>
   </div>
   <div class='ocr_carea' id='block_1_110' title="bbox 2208 4730 3785 4803">
    <p class='ocr_par' dir='ltr' id='par_1_110' title="bbox 2208 4730 3785 4803">
     <span class='ocr_line' id='line_1_110' title="bbox 2208 4730 3785 4803; baseline -0.004 -16"><span class='ocrx_word' id='word_1_831' title='bbox 2208 4742 2413 4787; x_wconf 88' lang='lat' dir='ltr'><strong>ctorum</strong></span> <span class='ocrx_word' id='word_1_832' title='bbox 2442 4734 2893 4803; x_wconf 89' lang='lat' dir='ltr'><strong>scrupulosissimi</strong></span> <span class='ocrx_word' id='word_1_833' title='bbox 2923 4742 2977 4789; x_wconf 89' lang='lat' dir='ltr'><strong>et</strong></span> <span class='ocrx_word' id='word_1_834' title='bbox 3001 4732 3474 4789; x_wconf 82' lang='lat' dir='ltr'><strong>calumniosissimi</strong></span> <span class='ocrx_word' id='word_1_835' title='bbox 3516 4730 3785 4785; x_wconf 84' lang='lat' dir='ltr'><strong>discusso-</strong></span> 
     </span>
    </p>
   </div>
   <div class='ocr_carea' id='block_1_111' title="bbox 2207 4824 3791 4897">
    <p class='ocr_par' dir='ltr' id='par_1_111' title="bbox 2207 4824 3791 4897">
     <span class='ocr_line' id='line_1_111' title="bbox 2207 4824 3791 4897; baseline -0.011 -5"><span class='ocrx_word' id='word_1_836' title='bbox 2207 4841 2314 4891; x_wconf 71' lang='lat' dir='ltr'><strong>l&#39;eS.</strong></span> <span class='ocrx_word' id='word_1_837' title='bbox 2371 4827 2424 4880; x_wconf 80' lang='lat' dir='ltr'><strong>in</strong></span> <span class='ocrx_word' id='word_1_838' title='bbox 2468 4842 2529 4883; x_wconf 89' lang='lat' dir='ltr'><strong>ea</strong></span> <span class='ocrx_word' id='word_1_839' title='bbox 2576 4827 2689 4897; x_wconf 88' lang='lat' dir='ltr'><strong>ipsa</strong></span> <span class='ocrx_word' id='word_1_840' title='bbox 2733 4828 3017 4884; x_wconf 66' lang='lat' dir='ltr'><strong>calumnia:</strong></span> <span class='ocrx_word' id='word_1_841' title='bbox 3067 4842 3178 4882; x_wconf 77' lang='lat' dir='ltr'><strong>sua:</strong></span> <span class='ocrx_word' id='word_1_842' title='bbox 3236 4826 3503 4881; x_wconf 84' lang='lat' dir='ltr'><strong>sententia</strong></span> <span class='ocrx_word' id='word_1_843' title='bbox 3588 4824 3667 4878; x_wconf 89' lang='lat' dir='ltr'><strong>sic</strong></span> <span class='ocrx_word' id='word_1_844' title='bbox 3710 4837 3791 4875; x_wconf 84' lang='lat' dir='ltr'><strong>er-</strong></span> 
     </span>
    </p>
   </div>
   <div class='ocr_carea' id='block_1_112' title="bbox 2204 4916 3786 4986">
    <p class='ocr_par' dir='ltr' id='par_1_112' title="bbox 2204 4916 3786 4986">
     <span class='ocr_line' id='line_1_112' title="bbox 2204 4916 3786 4986; baseline -0.001 -16"><span class='ocrx_word' id='word_1_845' title='bbox 2204 4927 2476 4985; x_wconf 88' lang='lat' dir='ltr'><strong>raverunt,</strong></span> <span class='ocrx_word' id='word_1_846' title='bbox 2529 4927 2587 4973; x_wconf 88' lang='lat' dir='ltr'><strong>ut</strong></span> <span class='ocrx_word' id='word_1_847' title='bbox 2638 4920 2846 4975; x_wconf 87' lang='lat' dir='ltr'><strong>etiamsi</strong></span> <span class='ocrx_word' id='word_1_848' title='bbox 2903 4935 3027 4974; x_wconf 81' lang='lat' dir='ltr'><strong>vera</strong></span> <span class='ocrx_word' id='word_1_849' title='bbox 3101 4919 3274 4974; x_wconf 81' lang='lat' dir='ltr'><strong>forent</strong></span> <span class='ocrx_word' id='word_1_850' title='bbox 3332 4933 3453 4986; x_wconf 81' lang='lat' dir='ltr'><strong>quae</strong></span> <span class='ocrx_word' id='word_1_851' title='bbox 3513 4917 3568 4971; x_wconf 88' lang='lat' dir='ltr'><strong>in</strong></span> <span class='ocrx_word' id='word_1_852' title='bbox 3624 4916 3786 4971; x_wconf 47' lang='lat' dir='ltr'><strong>deno.</strong></span> 
     </span>
    </p>
   </div>
   <div class='ocr_carea' id='block_1_113' title="bbox 2206 5009 3775 5083">
    <p class='ocr_par' dir='ltr' id='par_1_113' title="bbox 2206 5009 3775 5083">
     <span class='ocr_line' id='line_1_113' title="bbox 2206 5009 3775 5083; baseline -0.001 -21"><span class='ocrx_word' id='word_1_853' title='bbox 2206 5009 2462 5065; x_wconf 88' lang='lat' dir='ltr'><strong>tationem</strong></span> <span class='ocrx_word' id='word_1_854' title='bbox 2502 5018 2703 5067; x_wconf 82' lang='lat' dir='ltr'><strong>sanctae</strong></span> <span class='ocrx_word' id='word_1_855' title='bbox 2743 5011 2934 5083; x_wconf 88' lang='lat' dir='ltr'><strong>synodi</strong></span> <span class='ocrx_word' id='word_1_856' title='bbox 2983 5011 3050 5066; x_wconf 90' lang='lat' dir='ltr'><strong>de</strong></span> <span class='ocrx_word' id='word_1_857' title='bbox 3084 5010 3368 5067; x_wconf 85' lang='lat' dir='ltr'><strong>Theodoro</strong></span> <span class='ocrx_word' id='word_1_858' title='bbox 3404 5009 3632 5079; x_wconf 72' lang='lat' dir='ltr'><strong>iactant,</strong></span> <span class='ocrx_word' id='word_1_859' title='bbox 3673 5023 3775 5061; x_wconf 86' lang='lat' dir='ltr'><strong>non</strong></span> 
     </span>
    </p>
   </div>
   <div class='ocr_carea' id='block_1_114' title="bbox 2206 5100 3790 5171">
    <p class='ocr_par' dir='ltr' id='par_1_114' title="bbox 2206 5100 3790 5171">
     <span class='ocr_line' id='line_1_114' title="bbox 2206 5100 3790 5171; baseline -0.001 -16"><span class='ocrx_word' id='word_1_860' title='bbox 2206 5110 2427 5169; x_wconf 87' lang='lat' dir='ltr'><strong>possent</strong></span> <span class='ocrx_word' id='word_1_861' title='bbox 2489 5116 2677 5157; x_wconf 91' lang='lat' dir='ltr'><strong>eorum</strong></span> <span class='ocrx_word' id='word_1_862' title='bbox 2738 5102 3397 5171; x_wconf 17' lang='lat' dir='ltr'><strong>erroribusrcomparari.</strong></span> <span class='ocrx_word' id='word_1_863' title='bbox 3464 5100 3533 5154; x_wconf 86' lang='lat' dir='ltr'><strong>Et</strong></span> <span class='ocrx_word' id='word_1_864' title='bbox 3594 5100 3790 5155; x_wconf 88' lang='lat' dir='ltr'><strong>audent</strong></span> 
     </span>
    </p>
   </div>
   <div class='ocr_carea' id='block_1_115' title="bbox 2206 5190 3789 5265">
    <p class='ocr_par' dir='ltr' id='par_1_115' title="bbox 2206 5190 3789 5265">
     <span class='ocr_line' id='line_1_115' title="bbox 2206 5190 3789 5265; baseline -0.004 -17"><span class='ocrx_word' id='word_1_865' title='bbox 2206 5194 2292 5248; x_wconf 90' lang='lat' dir='ltr'><strong>isti</strong></span> <span class='ocrx_word' id='word_1_866' title='bbox 2368 5194 2638 5251; x_wconf 90' lang='lat' dir='ltr'><strong>discutere</strong></span> <span class='ocrx_word' id='word_1_867' title='bbox 2708 5211 2771 5251; x_wconf 90' lang='lat' dir='ltr'><strong>ac</strong></span> <span class='ocrx_word' id='word_1_868' title='bbox 2852 5194 3248 5265; x_wconf 89' lang='lat' dir='ltr'><strong>reprehendere</strong></span> <span class='ocrx_word' id='word_1_869' title='bbox 3312 5192 3533 5247; x_wconf 84' lang='lat' dir='ltr'><strong>illustris</strong></span> <span class='ocrx_word' id='word_1_870' title='bbox 3602 5190 3789 5245; x_wconf 83' lang='lat' dir='ltr'><strong>doctri-</strong></span> 
     </span>
    </p>
   </div>
   <div class='ocr_carea' id='block_1_116' title="bbox 2210 5329 3787 5407">
    <p class='ocr_par' dir='ltr' id='par_1_116' title="bbox 2210 5329 3787 5407">
     <span class='ocr_line' id='line_1_116' title="bbox 2210 5329 3787 5407; baseline -0.002 -19"><span class='ocrx_word' id='word_1_871' title='bbox 2210 5356 2365 5407; x_wconf 72' lang='lat' dir='ltr'><strong>ptarroi,</strong></span> <span class='ocrx_word' id='word_1_872' title='bbox 2387 5335 2611 5407; x_wconf 61' lang='lat' dir='ltr'><strong>ratirati;</strong></span> <span class='ocrx_word' id='word_1_873' title='bbox 2639 5334 2705 5389; x_wconf 78' lang='grc' dir='ltr'><strong>τὰ</strong></span> <span class='ocrx_word' id='word_1_874' title='bbox 2733 5330 2881 5403; x_wconf 78' lang='grc' dir='ltr'><strong>ὅμοιοι</strong></span> <span class='ocrx_word' id='word_1_875' title='bbox 2899 5334 3038 5402; x_wconf 75' lang='grc' dir='ltr'><strong>αὐτῷ</strong></span> <span class='ocrx_word' id='word_1_876' title='bbox 3063 5329 3407 5407; x_wconf 79' lang='grc' dir='ltr'><strong>φρονοῦνταςῆ</strong></span> <span class='ocrx_word' id='word_1_877' title='bbox 3428 5332 3787 5405; x_wconf 54' lang='lat' dir='ltr'><strong>cymaeam/rats.</strong></span> 
     </span>
    </p>
   </div>
   <div class='ocr_carea' id='block_1_117' title="bbox 2164 5402 2621 5475">
    <p class='ocr_par' dir='ltr' id='par_1_117' title="bbox 2164 5402 2621 5475">
     <span class='ocr_line' id='line_1_117' title="bbox 2164 5402 2621 5475; baseline -0.002 -17"><span class='ocrx_word' id='word_1_878' title='bbox 2164 5452 2167 5453; x_wconf 39' lang='grc' dir='ltr'><em>ν</em></span> <span class='ocrx_word' id='word_1_879' title='bbox 2210 5402 2432 5475; x_wconf 70' lang='grc' dir='ltr'><strong>ἀνάθεμα</strong></span> <span class='ocrx_word' id='word_1_880' title='bbox 2459 5402 2621 5459; x_wconf 75' lang='grc' dir='ltr'><strong>ἔστω.</strong></span> 
     </span>
    </p>
   </div>
   <div class='ocr_carea' id='block_1_118' title="bbox 2285 5603 3233 5672">
    <p class='ocr_par' dir='ltr' id='par_1_118' title="bbox 2285 5603 3233 5672">
     <span class='ocr_line' id='line_1_118' title="bbox 2285 5603 3233 5672; baseline -0.002 -12"><span class='ocrx_word' id='word_1_881' title='bbox 2285 5606 2469 5661; x_wconf 75' lang='grc' dir='ltr'><strong>³1ἀθῐη</strong></span> <span class='ocrx_word' id='word_1_882' title='bbox 2500 5605 2645 5672; x_wconf 84' lang='lat' dir='ltr'><strong>co.d.,</strong></span> <span class='ocrx_word' id='word_1_883' title='bbox 2672 5605 2903 5659; x_wconf 78' lang='lat' dir='ltr'><strong>Christus</strong></span> <span class='ocrx_word' id='word_1_884' title='bbox 2926 5603 3093 5661; x_wconf 79' lang='lat' dir='ltr'><strong>Filius</strong></span> <span class='ocrx_word' id='word_1_885' title='bbox 3120 5603 3233 5659; x_wconf 83' lang='lat' dir='ltr'><strong>Dei.</strong></span> 
     </span>
    </p>
   </div>
   <div class='ocr_carea' id='block_1_119' title="bbox 2284 5676 2979 5743">
    <p class='ocr_par' dir='ltr' id='par_1_119' title="bbox 2284 5676 2979 5743">
     <span class='ocr_line' id='line_1_119' title="bbox 2284 5676 2979 5743; baseline 0 -12"><span class='ocrx_word' id='word_1_886' title='bbox 2284 5677 2306 5709; x_wconf 71' lang='grc'><strong><em>⁵</em></strong></span> <span class='ocrx_word' id='word_1_887' title='bbox 2337 5678 2478 5733; x_wconf 89' lang='lat' dir='ltr'><strong>Idem</strong></span> <span class='ocrx_word' id='word_1_888' title='bbox 2505 5676 2649 5743; x_wconf 87' lang='lat' dir='ltr'><strong>cod.,</strong></span> <span class='ocrx_word' id='word_1_889' title='bbox 2674 5694 2726 5731; x_wconf 88' lang='lat' dir='ltr'><strong>se</strong></span> <span class='ocrx_word' id='word_1_890' title='bbox 2748 5678 2979 5732; x_wconf 81' lang='lat' dir='ltr'><strong>vinculis.</strong></span> 
     </span>
    </p>
   </div>
  </div>
