4104 6360
291 328 404 386 793

1193 326 1328 384 PRO
1364 326 1796 386 DEFENSIONE
1838 325 2058 384 TRIUM
2101 327 2417 390 CAPITUL.
2460 335 2588 393 LIB.
2630 338 2721 395 XI.

3476 350 3579 410 794

294 460 401 505 nae'
436 448 614 514 viros,
656 462 888 517 quorum
940 453 1066 503 sunt
1116 445 1384 503 innumeri
1445 447 1596 515 libri,
1641 448 1732 519 qui
1770 461 1874 503 non
1902 450 1955 509 Δ
1981 450 2243 518 creditur,
2273 455 2360 521 qui
2393 470 2497 510 non
2527 458 2782 526 probatur
2808 463 3123 521 correctioni
3158 468 3420 527 restitisse
3448 471 3579 528 dum

295 545 417 598 sine
440 541 647 612 magnis
681 550 737 597 et
780 542 964 597 multis
995 541 1268 597 erroribus
1293 542 1458 597 semel
1490 542 1771 597 intinctum
1795 556 1886 597 ca-

294 634 500 691 lamum
531 636 815 692 scribendo
838 635 1059 690 fundere
1086 637 1548 706 potuerunt?lllud
1568 637 1729 692 etiam
1756 652 1886 692 con-

296 727 645 782 siderandum
677 736 779 792 est,
812 726 952 797 quod
984 727 1315 793 Theodorus,
1349 728 1579 783 necdum
1610 728 1887 784 Nestoria-

296 819 387 874 nis
404 818 802 888 apparentibus,
827 820 880 873 in
903 819 1037 874 alios
1063 819 1369 883 intendens,
1389 828 1443 875 et
1456 820 1886 891 oppugnantibus

296 909 631 981 Synusiastis
652 910 857 976 obvius,
881 910 1108 981 aliquam
1142 912 1157 941 ¹
1190 920 1215 947 ι
1245 911 1595 968 offensionem
1640 914 1705 968 ad
1744 914 1888 969 aliud

297 1001 579 1071 pergentis
604 1002 833 1056 transitu
872 1003 1404 1058 sermonisineurrit.
1441 1004 1531 1059 Isti
1554 1019 1702 1070 vero,
1746 1005 1888 1075 quod

298 1106 409 1145 non
434 1093 701 1148 immerito
730 1095 884 1148 venia
909 1104 1078 1163 caret,
1111 1096 1270 1165 longo
1292 1096 1437 1165 pacis
1486 1096 1610 1152 odio
1638 1098 1810 1152 seduli
1836 1108 1892 1154 et

298 1184 487 1253 quieti,
538 1186 582 1240 si
613 1195 790 1243 tamen
813 1188 998 1257 quieti,
1050 1204 1154 1244 non
1203 1190 1375 1245 solum
1422 1190 1791 1260 multipliciter
1837 1200 1891 1246 et

298 1277 539 1343 graviter
576 1288 917 1343 erraverunt,
941 1280 1035 1333 sed
1066 1280 1206 1334 inter
1226 1295 1285 1335 se
1306 1295 1367 1334 ac
1397 1288 1571 1335 tantos
1608 1280 1813 1348 Patres,
1838 1291 1893 1336 et

299 1365 613 1422 universam
641 1383 761 1437 qua:
793 1368 1085 1424 'Theodoro
1115 1371 1525 1426 communicavit
1572 1372 1887 1442 Ecclesiam,

301 1460 453 1525 ipsos
494 1475 703 1531 quoque
755 1463 1049 1531 apostolos,
1099 1464 1532 1533 interposuerunt
1582 1467 1887 1524 anathema.

301 1550 456 1616 Quod
488 1550 575 1605 ille
603 1551 654 1605 in
681 1552 869 1620 quibus
897 1553 963 1605 ab
980 1554 1057 1608 eis
1074 1554 1486 1621 reprehenditur
1503 1572 1607 1611 non
1632 1557 1778 1623 fecit,
1800 1561 1894 1628 qui

302 1659 445 1701 nunc
474 1659 571 1712 pro
598 1643 714 1699 solo
740 1644 1051 1713 praejudicio
1074 1647 1263 1717 synodi
1287 1647 1387 1702 sub
1403 1648 1743 1705 anathemate
1765 1665 1895 1706 con-

301 1733 606 1788 demnatur.
642 1733 792 1789 Unde
828 1734 874 1788 si
916 1747 1039 1790 ante
1067 1745 1283 1792 centum
1321 1752 1491 1793 annos
1524 1739 1697 1794 audax
1729 1750 1784 1797 et
1811 1755 1897 1795 as-

1992 546 2235 611 viveret;
2270 546 2317 599 si
2365 546 2681 605 Theodorus
2719 556 3128 624 condemnatur,
3171 562 3262 630 qui
3307 564 3583 621 neminem

1989 638 2373 693 condemnavit
2404 638 2459 694 in
2489 640 2744 698 Ecclesia:
2787 661 2917 715 pace
2944 648 3291 718 defunctum;
3324 656 3370 709 si
3399 655 3581 711 Theo-

1995 729 2161 785 dorus
2190 730 2619 804 excluditur,qui
2650 751 2754 790 non
2787 738 3058 796 invenitur
3087 743 3140 797 in
3169 744 3420 801 Ecclesiae
3445 762 3582 817 pra:-

1985 818 2244 888 judicium
2276 822 2556 893 scripsisse
2587 825 2806 894 aliquid,
2848 829 2916 885 de
2944 846 3051 901 quo
3074 832 3189 902 ipsa
3223 837 3579 894 conturbare-

1990 916 2078 962 tur
2110 910 2347 967 Ecclesia
2375 929 2392 969 :
2418 914 2543 983 quid
2576 914 2643 969 de
2668 915 2825 972 nobis
2868 921 3065 989 agitur,
3093 925 3139 978 si
3170 927 3354 981 multis
3384 929 3580 983 tumul—

1992 1009 2160 1056 tuosae
2218 1015 2417 1060 nostra:
2460 1009 2862 1077 praesumptioni
2910 1014 3423 1087 contradicentibus,
3471 1035 3577 1077 non

1992 1095 2301 1163 exemplum
2334 1100 2723 1163 tantummodo,
2766 1116 2954 1157 verum
2998 1104 3160 1160 etiam
3190 1122 3404 1164 causam
3453 1126 3579 1181 pos-

1995 1184 2124 1239 teris
2150 1185 2341 1241 demus
2369 1188 2626 1245 adversus
2646 1205 2742 1261 nos
2762 1192 2882 1247 talia
2908 1198 3266 1263 praesumendi
3287 1199 3309 1251 ?
3331 1201 3375 1254 si
3401 1210 3578 1258 tamen

1993 1275 2217 1331 dicenda
2270 1278 2514 1335 videatur
2570 1282 2660 1337 illa
2711 1288 3080 1355 praesumptio,
3129 1299 3183 1342 et
3232 1305 3341 1345 non
3408 1292 3581 1362 magis

1995 1370 2431 1439 praesumptionis
2460 1371 2619 1441 digna
2646 1376 3023 1443 reprehensio.
3065 1382 3148 1434 An
3177 1379 3314 1436 forte
3343 1383 3581 1451 cuipiam

1996 1460 2263 1515 videbitur
2293 1461 2589 1531 indignum,
2634 1472 2692 1519 ut
2731 1467 2818 1536 qui
2850 1467 2903 1522 in
2958 1469 3225 1526 Theodori
3254 1474 3582 1531 condemna-

1999 1551 2167 1619 tione,
2195 1561 2271 1608 tot
2295 1564 2509 1610 sanctos
2540 1556 2749 1624 Patres,
2784 1568 2863 1614 tot
2893 1552 3331 1629 innocentes,'tot
3355 1566 3579 1635 placitas

1998 1654 2051 1698 et
2080 1643 2369 1701 familiares
2398 1646 2613 1703 Christo
2655 1664 2933 1717 personas,
2962 1661 3118 1723 atque
3160 1656 3305 1723 ipsos
3352 1659 3579 1715 anathe-

2001 1738 2390 1793 matizaverunt
2428 1742 2720 1809 apostolos,
2759 1759 2828 1798 ne
2856 1751 3061 1800 tantum
3105 1746 3312 1805 facinus
3342 1760 3577 1819 maneat,

304 1838 488 1891 perum
520 1824 718 1878 sanctis
748 1824 994 1880 Patribus
1026 1828 1336 1897 apparebat,
1376 1839 1431 1883 ut
1455 1830 1737 1886 anathema
1784 1832 1885 1885 im-
1913 1825 1961 1884 B
1992 1832 2164 1899 ipsum
2208 1833 2383 1900 potius
2434 1848 2555 1888 cum
2602 1837 2711 1891 suis
2761 1838 3149 1894 condemnetur
3178 1844 3487 1899 auctoribus
3509 1848 3525 1869 ‘
3555 1844 3580 1897 τ

304 1924 563 1983 ponerent
582 1916 604 1948 ²
627 1916 783 1973 dictis
811 1918 864 1970 in
888 1932 1019 1985 pace
1043 1919 1299 1975 Ecclesia:
1316 1930 1668 1987 mortuorum,
1687 1934 1886 1993 quanto

304 2021 446 2060 nunc
457 2007 711 2062 audacius
730 2020 808 2064 est
832 2019 993 2079 atque
1010 2011 1272 2079 asperius,
1297 2020 1357 2067 ut
1381 2028 1487 2067 non
1506 2017 1680 2069 solum
1699 2031 1884 2071 eorum

302 2096 467 2165 dicta,
508 2101 650 2168 quod
680 2110 890 2156 constat
926 2103 1055 2157 olim
1104 2104 1455 2172 prohibitum,
1496 2108 1591 2162 sed
1643 2125 1885 2177 personae

304 2204 514 2259 quoque
537 2189 904 2247 damnentur?
948 2193 1015 2247 Et
1040 2194 1060 2225 ³
1091 2194 1280 2252 Patres
1302 2197 1376 2251 illi
1397 2198 1486 2266 qui
1526 2200 1885 2258 condemnare

304 2279 654 2346 prohibebant
685 2282 953 2337 Theodori
977 2293 1031 2339 et
1058 2286 1284 2342 aliorum
1313 2288 1887 2356 dicta,consultissime

303 2368 591 2423 dicebant:
634 2371 762 2438 Quis
805 2374 947 2428 enim
986 2387 1229 2430 nostrum
1260 2388 1440 2447 speret
1482 2396 1586 2435 non
1619 2383 1888 2453 defungi?

305 2467 394 2545 aut
421 2473 448 2510 a
487 2474 591 2527 quo
621 2475 724 2515 non
757 2463 955 2518 dictum
984 2475 1066 2519 est
1092 2467 1314 2536 aliquid,
1348 2472 1489 2540 quod
1527 2474 1689 2529 alium
1718 2478 1887 2545 possit

303 2538 563 2605 m’overe?
596 2562 847 2608 caventes
879 2556 1082 2626 utique,
1125 2574 1193 2614 ne
1239 2561 1331 2614 tali
1356 2567 1603 2634 exemplo
1646 2568 1884 2633 ipsorum

304 2655 514 2710 quoque
554 2642 711 2698 dictis
743 2657 862 2715 post
905 2658 1131 2705 mortem
1163 2652 1531 2721 imponeretur
1555 2659 1838 2714 anathema
1865 2679 1879 2716 :

304 2742 557 2799 quantum
588 2750 683 2790 nos
714 2747 953 2794 metuere
1003 2740 1261 2797 debemus
1300 2748 1602 2815 exemplum
1653 2754 1885 2817 posteris

301 2818 450 2885 dare,
481 2838 587 2892 quo
624 2841 727 2879 non
759 2827 931 2896 solum
974 2830 1116 2885 dicta
1145 2843 1266 2899 post
1295 2846 1524 2891 mortem
1571 2839 1882 2911 dicentium,

301 2910 394 2964 sed
424 2927 680 2981 personas
710 2933 922 2990 quoque
950 2922 1312 2979 condemnent
1332 2925 1355 2978 ?
1378 2927 1510 2982 Nam
1550 2932 1597 2985 si
1630 2931 1883 2990 Theodo-

302 3017 390 3058 rus
416 3014 536 3074 post
568 3018 739 3065 tantos
761 3026 873 3067 sua:
916 3014 1272 3073 defunctionis
1318 3035 1488 3078 annos
1531 3023 1882 3086 detestandus

376 3126 400 3153 ι
430 3118 486 3172 In
517 3136 642 3186 ms.,
675 3124 949 3193 obliquam.

374 3210 397 3291 ξ
423 3212 560 3291 god.
595 3216 820 3291 Veron.,
854 3220 1110 3287 obliquam
1132 3224 1481 3291 offensionem.

377 3280 400 3357 ξ
422 3282 569 3357 idem
593 3286 737 3357 cod.,
771 3280 1132 3357 imponeretur.

380 3348 402 3379 ³
418 3352 559 3407 ldetn
583 3348 731 3423 cod.,
752 3357 819 3411 Et
843 3348 893 3414 'si
916 3360 1119 3419 Patres.

1905 3242 1953 3304 C

1992 1920 2277 1992 Corrigant
2325 1940 2452 1996 ergo
2498 1927 2658 1982 nimis
2697 1928 2970 1997 profanam
3016 1932 3368 1989 temeritatem
3401 1949 3573 2003 suam,

1992 2024 2104 2082 aut,
2135 2017 2179 2071 si
2207 2016 2339 2071 nihil
2370 2034 2430 2073 se
2459 2028 2644 2087 putant
2686 2020 3059 2090 corrigendum
3097 2021 3310 2085 fecisse,
3342 2023 3464 2079 facti
3492 2039 3578 2079 ra-

1995 2104 2195 2159 tionem
2226 2106 2475 2173 reddant,
2509 2116 2563 2161 et
2592 2122 2698 2162 non
2743 2109 2797 2161 in
2829 2110 3126 2165 alienorum
3156 2114 3578 2182 reprehensione

1993 2198 2284 2266 dictorum,
2308 2199 2400 2253 sed
2428 2201 2603 2268 potius
2630 2201 2685 2254 in
2706 2215 2927 2256 suorum
2950 2203 3262 2260 defensione
3312 2207 3579 2265 subtilita-

1996 2298 2100 2344 tein
2145 2290 2364 2359 ingenii,
2398 2290 2465 2345 de
2510 2307 2612 2360 qua
2643 2295 2870 2347 multum
2922 2294 3238 2364 gloriantur,
3268 2298 3575 2354 ostendant.

1992 2380 2104 2435 Hoc
2132 2380 2199 2435 de
2225 2382 2624 2450 vestrajustitia
2654 2383 2904 2451 petimus,
2937 2396 2993 2440 ut
3028 2387 3074 2440 si
3098 2388 3427 2456 respondere
3459 2400 3578 2445 ten-

1994 2474 2241 2541 laverint,
2268 2474 2404 2528 ultra
2432 2475 2510 2529 eis
2540 2490 2646 2529 non
2677 2476 2836 2532 liceat
2855 2477 2954 2531 sub
2979 2479 3131 2533 titulo
3153 2481 3317 2534 vestri
3342 2482 3576 2537 nominis

1990 2578 2082 2620 sua
2112 2566 2132 2596 ⁸
2158 2576 2213 2620 et
2240 2566 2459 2635 profana
2492 2570 2834 2624 conscribere
2866 2587 2877 2621 :
2914 2572 3039 2640 quia
3089 2572 3215 2627 licet
3259 2573 3575 2629 docentibus

1989 2660 2247 2729 apostolis
2273 2659 2624 2715 didicerimus
2655 2663 2795 2730 quod
2820 2663 2929 2719 Deo
2961 2665 3129 2733 magis
3159 2680 3315 2734 quam
3339 2664 3573 2719 immini-

1994 2756 2093 2809 bus
2117 2758 2383 2824 oporteat'
2407 2756 2648 2821 obedire,
2673 2768 2931 2827 quantum
2965 2767 3141 2813 tamen
3181 2760 3233 2812 in
3287 2757 3442 2813 nobis
3492 2764 3577 2811 est

1992 2856 2238 2919 optamus
2257 2847 2339 2901 set
2364 2847 2475 2902 Deo
2494 2849 2718 2904 obedire
2734 2858 2791 2905 et
2807 2849 3132 2915 hominibus,
3156 2849 3280 2905 dum
3300 2864 3364 2905 ea
3391 2849 3577 2903 volunt

1992 2949 2048 2995 et
2078 2941 2344 3007 imperant
2396 2940 2641 2995 homines
2682 2957 2802 3011 qua:
2830 2941 3107 2998 Contraria
3137 2956 3243 2997 non
3290 2941 3401 2997 sint
3442 2940 3576 2995 obe-

1989 3033 2206 3089 dientiae
2233 3048 2392 3103 quam
2426 3032 2536 3087 Deo
2562 3033 2843 3089 debemus.

2058 3238 2083 3271 ⁴
2114 3240 2258 3296 Idem
2289 3240 2435 3307 cod.,
2469 3256 2599 3294 vana
2625 3251 2672 3295 et
2703 3241 2944 3311 profana.

2062 3311 2083 3341 ⁸
2110 3312 2252 3382 Ideni
2279 3312 2426 3379 cod.,
2462 3314 2624 3381 magis
2650 3323 2905 3382 aptemus.

2062 3382 2091 3412 δ*
2116 3381 2287 3437 Locus
2318 3385 2372 3436 in
2402 3387 2599 3439 mendo
2625 3381 2823 3439 cubare
2852 3384 3084 3439 videtur.

313 3456 2688 3507 “umm—
2744 3493 2755 3505 '
2970 3466 2993 3478 ο

1338 3539 1689 3626 LIBER
1766 3545 1935 3630 UN
1940 3548 2508 3636 DECIMUS.

824 3674 1048 3731 CAPUT
1090 3676 1375 3735 PRIMUM.

307 3756 455 3837 Quod
484 3762 628 3837 multi
674 3761 854 3819 Patres
884 3769 1081 3837 antiqui
1109 3769 1300 3823 similia
1345 3773 1564 3828 dixerint
1593 3778 1657 3832 iis
1688 3780 1803 3837 quae
1830 3783 1885 3836 in

376 3827 1137 3916 Ilteodoro.reprehenduntur,
1190 3852 1339 3909 atque
1387 3827 1653 3916 imprimis.
1689 3827 1886 3904 Edita:

378 3898 514 3955 thius
540 3898 907 3961 Antiochcnus.

373 3992 530 4050 Multa
562 4006 685 4052 sunt
713 4000 961 4069 equidem
990 4002 1130 4056 dicta
1164 4005 1353 4072 quibus
1384 4008 1680 4065 calumnias
1711 4011 1879 4083 Euty-

303 4089 615 4143 chianorttm
645 4106 887 4162 magnam
913 4094 1177 4164 synodum
1203 4096 1695 4155 Cbalcedonensem
1714 4103 1878 4159 etiam

301 4182 368 4237 de
388 4183 655 4239 Theodori
687 4199 843 4239 causa
868 4187 1262 4241 criminantium
1303 4205 1367 4244 ex
1391 4191 1538 4244 omni
1568 4192 1884 4251 discidimus

301 4282 468 4344 parte.
489 4276 625 4343 Quid
649 4277 790 4331 enim
813 4278 922 4347 jam
949 4289 1195 4347 superest
1222 4282 1361 4337 unde
1404 4284 1613 4338 causari
1657 4289 1883 4355 possint,

299 4367 509 4436 quando
533 4382 639 4421 non
665 4369 837 4424 solum
863 4385 924 4425 ea
956 4372 1303 4429 concidentes
1323 4376 1338 4406 ¹
1362 4392 1483 4446 qum
1506 4377 1730 4434 finxisse
1763 4380 1884 4436 illos

300 4472 651 4517 monstratum
682 4474 783 4529 est,
814 4480 1001 4521 verum
1031 4468 1193 4523 etiam
1218 4468 1448 4539 plurima
1476 4486 1595 4540 quae
1624 4488 1725 4529 nec
1752 4489 1884 4529 con-
1910 4508 1965 4570 Β

299 4552 418 4609 ﬁcta
446 4563 590 4621 sunt,
617 4565 797 4611 nostra
819 4568 1011 4627 sponte
1057 4568 1111 4613 ut
1155 4560 1235 4615 eis
1278 4562 1625 4620 illuderemus
1668 4565 1878 4634 dantes,

297 4647 374 4701 sic
400 4663 611 4717 quoque
660 4649 942 4705 docuimus
995 4651 1235 4708 eamdem
1282 4656 1544 4724 synodum
1596 4658 1796 4714 invicta
1831 4668 1886 4713 et

296 4737 529 4790 evidenti
580 4738 787 4794 ratione
837 4740 1053 4795 defendi
1086 4742 1108 4794 ?
1156 4743 1429 4811 Attamen,
1462 4746 1585 4814 quia
1619 4748 1883 4804 voluimus

298 4830 379 4882 eis
409 4828 638 4895 amplius
659 4844 815 4897 quam
859 4834 909 4885 in
945 4835 1315 4899 superioribus
1358 4836 1583 4892 fecimus
1628 4855 1880 4910 compro-

296 4920 445 4982 bare,
494 4918 763 4986 quomodo
801 4922 1092 4975 multorum
1138 4925 1353 4980 Patrum
1398 4929 1696 4983 doctrinam
1744 4947 1878 5000 quos

297 5020 353 5065 et
383 5008 483 5078 ipsi
509 5009 781 5063 nobiscum
815 5011 1086 5067 honorare
1116 5030 1174 5069 se
1218 5017 1434 5081 dicunt,
1467 5021 1519 5071 in
1549 5021 1877 5076 condemna-

300 5103 444 5156 tione
478 5101 785 5169 dogmatum
818 5102 1087 5158 Theodori
1119 5108 1507 5173 criminentur;
1536 5120 1587 5163 et
1616 5110 1738 5178 quia
1771 5125 1876 5165 non

300 5205 403 5248 tam
432 5209 529 5264 pro
546 5206 841 5251 memorata
870 5197 1098 5266 synodo,
1121 5215 1240 5269 quae
1265 5200 1376 5269 jam
1402 5201 1532 5257 satis
1563 5202 1880 5273 abundeque

298 5296 516 5356 purgata
544 5296 648 5351 est,
682 5303 841 5357 quam
871 5303 967 5357 pro
993 5289 1192 5344 eisdem
1216 5290 1463 5347 Patribus
1508 5293 1875 5363 decertamus;

298 5380 582 5433 statuimus
608 5379 661 5432 in
693 5378 794 5434 hoc
824 5379 1097 5435 volumine
1122 5396 1435 5452 magnorum
1471 5384 1709 5440 virorum
1732 5386 1875 5441 dicta

300 5470 537 5538 proferre
559 5471 751 5526 similia
776 5514 791 5537 ,
837 5472 900 5526 ad
934 5473 1306 5528 excusandum
1335 5474 1635 5529 difficiliora
1665 5477 1744 5530 his
1780 5493 1876 5545 pro

297 5560 486 5629 quibus
507 5576 626 5615 eum
652 5572 988 5630 putaverunt,
1010 5572 1260 5635 tanquam
1284 5565 1595 5635 magistrum
1617 5566 1867 5633 Nestorii,

301 5650 640 5709 anathemate
681 5655 1077 5723 percellendum
1110 5675 1120 5709 :
1153 5665 1209 5711 ut
1241 5658 1291 5711 in
1326 5656 1570 5726 plurimis
1610 5660 1875 5730 exemplis

368 5773 394 5845 ξ
423 5765 662 5845 Ῑοε-ιιουν
694 5785 912 5837 operum
944 5773 1151 5841 Cyrilli,
1198 5783 1332 5843 part.
1366 5788 1421 5840 tt,
1453 5789 1572 5845 pag.
1608 5774 1730 5830 195.

370 5837 383 5867 ¹
417 5836 550 5891 Cod.
585 5836 803 5908 Veron.,
832 5836 1177 5899 concedentes.

1624 3660 2253 3701 -ξ--ῇ

1992 3718 2207 3773 videant
2260 3719 2404 3789 quod
2453 3723 2881 3791 sapientissimus
2931 3721 3167 3778 Joannes
3206 3722 3572 3778 Antiochenus

1992 3821 2111 3861 cum
2141 3809 2385 3863 orientali
2408 3812 2635 3866 concilio
2666 3814 2908 3868 scribens
2941 3814 3099 3867 beato
3127 3813 3328 3881 Cyrillo
3362 3813 3429 3868 de
3458 3814 3574 3882 qui-

1990 3898 2215 3952 busdam
2240 3900 2490 3967 capitulis
2533 3902 2823 3969 supradicti
2848 3901 3119 3957 Theodori
3147 3901 3278 3957 dixit
3305 3911 3331 3941 ι
3368 3919 3381 3956 :
3420 3921 3438 3953 ‹
3469 3903 3575 3958 Sed

1990 3987 2098 4044 illis
2126 4004 2247 4057 quae
2277 3997 2535 4058 putantur
2575 3991 2821 4054 obscura,
2857 3991 3052 4046 similia
3079 3993 3246 4047 multa
3269 4003 3324 4049 et
3353 4009 3382 4048 a
3412 3994 3575 4063 pluri-

1990 4082 2095 4135 mis
2125 4082 2488 4137 anterioribus
2516 4083 2654 4152 ejus,
2689 4096 2741 4139 et
2764 4085 3011 4153 gloriosis
3039 4086 3287 4142 Patribus
3316 4089 3457 4143 dicta
3491 4090 3576 4141 in-

1992 4171 2269 4237 venimus;
2303 4181 2359 4226 et
2405 4174 2703 4241 periculum
2750 4175 3025 4242 impendet
3056 4191 3161 4230 non
3191 4176 3328 4243 leve,
3362 4193 3430 4233 ne
3461 4174 3576 4233 istis

1990 4263 2152 4319 etiam
2183 4263 2301 4318 illos
2330 4265 2626 4332 solvamus,
2661 4267 2776 4335 ejus
2800 4267 2905 4321 viri
2930 4266 3283 4337 reprobantes
3302 4266 3462 4336 dicta,
3488 4269 3576 4337 qui

1992 4356 2045 4409 in
2078 4355 2389 4425 episcopatu
2411 4356 2703 4412 defunctus
2735 4360 2776 4426 ³,
2809 4358 3071 4427 agonibus
3102 4364 3279 4413 autem
3322 4357 3576 4413 adversus

1988 4451 2219 4507 Arianos
2269 4463 2324 4507 et
2378 4454 2741 4509 Eunomianos
2782 4462 2838 4507 et
2875 4453 3008 4507 alios
3053 4453 3339 4508 haereticos
3388 4451 3574 4506 decem

1992 4544 2233 4599 millibus
2274 4559 2369 4613 per
2412 4560 2630 4601 omnem
2671 4560 2822 4601 suam
2852 4546 3016 4601 vitam
3048 4543 3245 4614 ubique
3294 4543 3576 4599 decoratus

1996 4646 2079 4693 est
2111 4656 2122 4690 :
2150 4638 2291 4708 quod
2328 4639 2373 4693 si
2405 4638 2515 4705 fiat,
2547 4638 2707 4693 multa
2741 4638 2901 4694 etiam
2930 4636 3000 4691 ab
3029 4636 3146 4691 aliis
3175 4637 3375 4691 sanctis
3402 4632 3576 4689 Patri-

1995 4729 2094 4786 bus
2120 4738 2243 4799 apte
2274 4730 2411 4786 dicta
2446 4731 2787 4787 retractaturi
2813 4728 3043 4784 sumus’.
3069 4749 3092 4778 ν
3119 4727 3187 4782 Ει
3206 4736 3328 4799 post
3349 4723 3526 4797 aliqua
3553 4742 3567 4780 :

1999 4825 2169 4892 iQnis
2190 4826 2353 4893 enim,
2375 4826 2569 4895 inquit,
2591 4836 2833 4880 nostrum
2861 4830 3042 4895 speret
3068 4837 3176 4878 non
3207 4820 3463 4890 defungi?
3483 4826 3575 4872 aut

1992 4934 2023 4972 a
2060 4935 2167 4987 quo
2213 4934 2320 4973 non
2373 4919 2575 4987 dictum
2625 4927 2708 4973 est
2746 4917 2969 4987 aliquid,
3018 4915 3161 4986 quod
3210 4914 3371 4967 alium
3404 4910 3574 4979 possit

1991 5011 2241 5063 movere?
2280 5027 2297 5061 ι
2336 5008 2700 5064 Etsnfl'ecerat
2718 5008 2933 5077 quidem
2963 5007 3080 5061 hate
3103 5003 3414 5073 protestatio
3440 4999 3573 5055 tanti

1989 5099 2201 5155 concilii
2231 5100 2295 5153 ad
2327 5100 2769 5169 compescendam
2817 5097 3222 5153 temerariorum
3268 5092 3567 5155 audaciam,

1954 5186 1959 5189 ’
1991 5193 2133 5264 quod
2168 5192 2329 5248 multa
2357 5193 2553 5248 similia
2584 5194 2851 5264 capitulis,
2877 5204 2997 5261 quae
3043 5190 3097 5243 in
3140 5188 3423 5242 Theodoro
3459 5184 3571 5239 cnl-

1986 5295 2119 5357 pant
2139 5287 2228 5356 qui
2245 5289 2582 5344 occasionem
2607 5288 2871 5343 faciebant
2892 5283 3160 5340 contrario
3181 5280 3414 5351 dogmati
3464 5291 3571 5345 quo

1992 5379 2331 5445 tenebantur,
2355 5380 2515 5434 etiam
2544 5394 2574 5433 a
2597 5378 2840 5447 plurimis
2862 5372 3217 5430 anterioribus
3243 5380 3297 5427 et
3316 5366 3565 5441 gloriosis

1982 5472 2229 5527 Patribus
2273 5472 2414 5527 dicta
2444 5471 2733 5525 invenient.
2760 5468 2868 5525 Sed
2894 5464 3143 5538 quoniam
3174 5463 3333 5520 modo
3360 5462 3408 5517 ei
3461 5475 3568 5514 non

1985 5565 2243 5634 creditur,
2283 5565 2370 5619 cui
2402 5564 2661 5618 hactenus
2707 5563 2844 5616 bene
2890 5558 3152 5615 creditum
3188 5556 3307 5621 fuit,
3340 5563 3408 5655 et.
3430 5550 3567 5607 ratio

1988 5658 2105 5727 ejus
2123 5672 2251 5712 sana
2282 5654 2648 5711 contemnitur
2667 5668 2772 5723 qua
2802 5667 2991 5709 rursus
3008 5652 3080 5707 ait
3107 5670 3119 5705 :
3150 5653 3254 5707 Aut
3279 5664 3308 5704 a
3332 5652 3437 5718 quo
3459 5656 3567 5699 non

2063 5782 2083 5810 ¹
2121 5777 2259 5830 Idem
2290 5773 2434 5838 cod.,
2471 5772 2676 5835 quidem
2706 5773 2990 5843 defunctus.

2058 5850 2079 5879 ³
2105 5848 2248 5903 Idem
2262 5844 2407 5912 cod.,
2423 5835 2745 5901 retractaturi
2759 5835 2933 5901 iunius
2952 5854 2995 5902 et
3012 5835 3417 5914 reprobaturi.Et
3426 5840 3562 5905 post.
