4104 6360
574 251 681 307 79ῖὶ

1645 252 1940 309 FACUNDI
1971 249 2186 307 EPISC.
2217 248 2730 305 HERMIANENSIS

3734 248 3838 304 7S6

570 362 765 421 dictum
796 376 878 422 est
898 352 1118 436 aliquid,
1144 364 1286 434 quod
1314 364 1472 418 alium
1500 362 1929 432 possitmovere,
1960 378 2144 418 neces-
2175 357 2226 422 Α
2249 359 2505 425 stachius,
2548 359 2794 415 homines
2834 355 3053 414 Christo
3093 360 3297 415 similes
3325 374 3443 416 esse
3480 375 3696 431 genere,
3737 360 3835 414 Eu-

572 461 727 516 sitate
746 461 1191 531 compellimurex
1218 460 1421 517 eisdem
1436 461 1617 517 multis
1647 462 1907 517 similibus
1931 461 2148 515 Palmm

571 552 733 608 dictis
756 552 933 621 aliqua
976 552 1234 620 proferre,
1263 562 1315 608 et
1356 553 1406 607 in
1431 569 1537 624 quo
1566 566 1781 609 movere
1821 556 2025 623 possint
2063 568 2147 608 os-

571 643 812 709 tendere,
836 651 894 699 ut
922 643 1238 713 Eutycbiani
1277 657 1572 715 eorumque
1600 645 1859 701 satellites
1898 646 2151 702 dissimu-

572 737 685 791 lare
717 750 820 791 non
844 735 1073 805 possint,
1105 735 1246 805 quod
1272 736 1327 791 in
1354 736 1802 793 condemnatione
1840 737 2147 809 dogmatum

572 826 837 882 Theodori
870 827 1173 882 necessario
1200 827 1361 882 etiam
1394 828 1628 896 ipsorum
1652 828 1867 883 Patrum
1907 829 2149 884 doctrina

572 918 624 972 in
648 933 747 987 qua
770 919 1115 973 inveniuntur
1136 918 1351 983 similia,
1378 921 1784 974 condemnetur.
1801 919 1932 975 Nam
1962 925 2148 978 beatus

573 1009 895 1065 Eustachius
940 1011 1302 1065 Antiochenus
1346 1010 1627 1079 episcopus
1651 1010 1811 1080 taqui
1866 1015 2066 1078 primus
2094 1015 2147 1068 in

572 1102 789 1155 Nicteuo
826 1101 1054 1155 concilio
1082 1099 1199 1165 fuit,
1244 1108 1396 1155 sexto
1425 1099 1679 1154 adversus
1726 1100 1952 1155 Arianos
1986 1100 2143 1168 libro,

572 1194 640 1249 de
660 1208 723 1249 eo
741 1193 880 1262 quod
899 1193 975 1247 ait
998 1192 1279 1247 Dominus:
1304 1191 1468 1247 Nemo
1490 1194 1582 1245 scit
1612 1192 1744 1246 diem
1765 1192 1909 1246 illum
1930 1194 1947 1261 (
1959 1191 2141 1248 Matth.

567 1296 717 1354 xxiv,
746 1284 838 1354 56)
867 1298 884 1338 :
921 1303 938 1335 ι
979 1284 1249 1352 Dicamus,
1282 1285 1469 1354 inquit,
1510 1285 1660 1351 cujus
1684 1285 1758 1340 rei
1783 1287 1947 1354 gratia
1978 1285 2146 1340 Filius

573 1375 974 1431 bominisdiem
1008 1377 1211 1446 proprii
1252 1377 1511 1431 adventus
1541 1378 1765 1445 ignorat.
1800 1375 1981 1445 Neque
2006 1377 2145 1431 enim

568 1469 786 1522 dubium
811 1478 910 1535 est,
933 1469 1055 1538 quia
1080 1479 1131 1523 et
1151 1469 1249 1524 hoc
1272 1483 1430 1523 causa
1457 1469 1702 1523 utilitatis
1720 1468 1995 1523 hominum
2017 1484 2143 1538 pro-

568 1562 752 1617 videns
779 1562 1053 1618 adinvenit
1092 1563 1328 1617 omnium
1377 1571 1585 1618 creator
1613 1572 1668 1618 et
1708 1562 1919 1633 generis
1964 1561 2144 1629 opifex

568 1653 724 1709 Deus.
756 1652 904 1709 Sicut
954 1655 1097 1709 enim
1146 1652 1417 1709 hominem
1467 1668 1628 1710 causa
1657 1654 1843 1709 salutis
1871 1654 2141 1709 hominum

2254 452 2491 521 tychiani
2530 451 2723 507 leviter
2762 452 2817 506 in
2860 446 3146 506 Theodoro
3175 452 3546 519 praeterirent;
3586 451 3683 506 sed
3716 468 3838 520 pto-

2252 544 2394 599 feeto
2422 544 2898 611 calumniarentur,
2949 543 3091 613 quod
3132 542 3407 599 hominem
3465 553 3700 610 tantum,
3733 560 3840 600 non

2252 636 2413 691 etiam
2457 636 2623 690 Deum
2664 636 2956 691 crediderit
3007 634 3317 701 Christum,
3370 636 3457 692 cui
3506 649 3708 706 genere
3763 638 3838 692 sic

2252 727 2408 782 miles
2454 740 2645 782 omnes
2670 724 2915 782 homines
2964 726 3329 797 praedicasset.
3373 726 3617 796 Itemque
3659 728 3715 782 in
3748 740 3840 782 eo-

2252 819 2371 873 dem
2421 819 2599 875 libro:
2652 837 2673 871 ι
2711 819 2847 872 Dum
2898 819 3103 885 sederit,
3162 819 3259 885 ait,
3305 818 3475 875 Filius
3504 819 3738 875 hominis
3786 821 3841 874 in

2250 912 2365 965 sede
2395 912 2675 975 maiestatis
2693 926 2799 966 ικω
2826 910 3039 981 (Matth.
3075 927 3187 979 xix,
3209 910 3325 981 28),
3349 913 3455 967 alia
3492 912 3717 982 quidem
3764 913 3841 968 vi-

2251 999 2407 1055 detur
2436 1002 2580 1071 loqui
2612 1016 2863 1072 persona,
2889 1003 2958 1057 de
2985 1003 3149 1059 altera
3178 1013 3354 1058 autem
3393 1002 3521 1058 facit
3546 1004 3841 1060 manifeste

2250 1107 2574 1148 sermonem.
2604 1092 2744 1162 Ergo
2765 1094 2977 1149 divinus
2995 1094 3225 1164 Spiritus
3241 1094 3310 1149 de
3336 1095 3557 1150 homine
3584 1097 3737 1150 clare
3759 1096 3839 1149 di-

2250 1202 2377 1244 cens
2402 1199 2621 1260 apparet
2656 1209 2666 1243 :
2702 1190 2835 1245 Dum
2854 1193 3041 1247 sederit
3070 1191 3239 1247 Filius
3265 1194 3481 1248 hminis
3504 1196 3559 1247 in
3581 1196 3707 1248 sede
3726 1210 3837 1246 nra-

2240 1281 2447 1350 jestatt's
2499 1298 2650 1350 sure,
2694 1284 2810 1339 sine
2860 1285 3285 1341 contradictione
3336 1286 3663 1341 denuntians
3712 1286 3835 1353 quia

2249 1375 2681 1440 supervenientes
2712 1378 2911 1445 glorias
2940 1378 3101 1433 homo
3128 1380 3363 1447 suscepit
3395 1378 3602 1448 iustitia
3642 1388 3701 1434 et
3729 1379 3835 1433 vir-

2252 1473 2362 1519 tute
2390 1473 2631 1531 ornatus,
2673 1475 2729 1520 et
2756 1468 3026 1521 excelsum
3062 1468 3208 1535 regni
3264 1469 3456 1522 solium
3508 1470 3612 1522 rite
3665 1468 3835 1536 perci-

2249 1559 2419 1628 piens.
2453 1578 2470 1609 ι
2503 1559 2640 1626 Quid
2671 1560 2827 1613 etiam
2880 1560 2967 1614 hic
3013 1559 3278 1614 dicimus?
3318 1557 3554 1628 nunquid
3586 1558 3835 1613 Theodo-

2249 1666 2338 1704 rus
2383 1652 2571 1705 alicubi
2614 1652 2777 1707 verba
2816 1650 3015 1706 Christi
3042 1652 3111 1707 de
3152 1655 3438 1721 semetipso
3466 1652 3739 1722 loquentis
3760 1652 3835 1706 sic

569 1744 744 1799 Verbo
774 1746 1042 1815 coaptavit
1070 1756 1120 1799 et
1141 1744 1247 1800 Deo
1278 1762 1289 1799 :
1318 1746 1395 1800 sic
1425 1756 1477 1801 et
1500 1747 1760 1815 insignem
1787 1744 1969 1813 judicii
2000 1745 2141 1799 diem
2174 1738 2222 1798 Β
2248 1744 2512 1807 tractavit,
2553 1751 2612 1797 ut
2662 1742 2865 1799 diceret
2892 1744 3050 1798 aliam
3080 1745 3150 1799 de
3197 1745 3301 1798 alia
3330 1745 3474 1815 loqui
3521 1757 3828 1814 personata,

567 1851 726 1891 causa
750 1837 914 1892 divini
942 1837 1184 1892 beneficii
1211 1838 1413 1891 homini
1441 1845 1806 1905 competenter
1830 1836 2135 1902 abscondit;

568 1943 635 1983 ne
665 1929 801 1984 forte
824 1928 1109 1985 ineﬂ’abilia
1153 1932 1403 2000 mysteria
1434 1929 1628 1984 similis
1654 1931 1863 1999 generis
1913 1927 2141 1983 homini-

572 2020 672 2074 bus
702 2020 859 2075 homo
890 2021 1149 2084 indicans,
1176 2029 1231 2076 et
1254 2021 1391 2076 diem
1432 2022 1649 2075 secundi
1680 2022 1938 2076 adventus
1959 2031 2142 2076 osten-

569 2112 739 2165 deret.
779 2131 795 2163 ι
824 2111 959 2179 Quid
990 2113 1111 2178 tale,
1158 2127 1358 2181 quaeso,
1389 2114 1441 2166 in
1474 2113 1628 2169 dictis
1659 2112 1925 2168 Theodori
1954 2123 2138 2167 contra

564 2203 827 2273 synodum
845 2202 1334 2258 Cltalccdoneusem
1366 2203 1682 2273 Eutychiani
1710 2206 1966 2260 hactenus
1989 2205 2138 2259 inve-

563 2302 775 2361 nerunt,
811 2302 901 2349 aut
930 2310 988 2349 sc
1011 2295 1247 2349 invenire
1272 2294 1542 2349 ﬁnxerunt
1574 2295 1595 2347 ?
1622 2294 1689 2350 Ut
1720 2295 1861 2349 enim
1895 2297 2139 2349 omittam

568 2386 707 2455 quod
732 2384 819 2440 hic
847 2385 939 2452 ait,
972 2384 1137 2440 Filius
1182 2384 1412 2439 hominis
1464 2386 1602 2444 diem
1633 2385 1834 2454 proprii
1884 2385 2139 2440 adventus

562 2476 788 2547 ignorat,
825 2490 922 2531 nec
974 2476 1163 2531 saltem
1207 2476 1363 2541 dixit,
1394 2476 1678 2547 ignoravit,
1706 2486 1763 2530 ut
1809 2486 1932 2531 ante
1961 2491 2141 2532 resur-

560 2571 849 2624 rectionem
895 2578 1121 2635 tantum,
1166 2585 1270 2624 non
1310 2572 1468 2625 etiam
1505 2578 1623 2639 post
1667 2570 2137 2636 resurrectionem,

559 2658 892 2727 ignorantem
920 2676 1042 2716 eum
1069 2661 1269 2717 dixisse
1299 2659 1595 2727 videretur,
1629 2661 1845 2731 quando
1873 2676 2046 2730 neque
2087 2662 2139 2715 in

560 2755 675 2820 ejus
704 2751 947 2808 fidelibus
976 2753 1082 2808 ulla
1106 2754 1369 2823 ignoratio
1395 2754 1716 2809 remanebit.
1753 2752 1821 2808 Ut
1856 2766 1987 2821 ergo
2016 2753 2137 2820 hoc,

558 2850 690 2901 sicut
735 2847 862 2914 dixi,
929 2856 1269 2917 praeteream,
1316 2848 1565 2917 quoniam
1614 2847 1768 2901 facile
1809 2846 1914 2901 dici
1965 2855 2142 2915 potest

557 2936 847 2991 secundum
882 2937 1009 2992 illud
1062 2947 1270 3006 tempus
1333 2938 1473 3008 quod
1513 2947 1639 2992 ante
1685 2938 2139 2993 resurrectionem

557 3029 801 3085 Christus
827 3031 910 3085 hic
939 3033 1068 3101 egit,
1095 3033 1302 3086 locutus
1332 3031 1518 3086 beatus
1551 3030 1890 3086 Eustachius.
1921 3031 1988 3087 Ut
2012 3031 2140 3085 illud

2244 1835 2691 1902 quemadmodum
2748 1836 2932 1891 beatus
2988 1835 3350 1901 Eustachius,
3405 1850 3525 1889 cum
3578 1844 3833 1890 tractaret

2243 1926 2359 1994 ejus
2388 1925 2550 1980 verba
2581 1926 2805 1981 dicentis
2840 1941 2854 1979 :
2886 1926 3025 1979 Dum
3054 1926 3242 1980 sederit
3291 1922 3461 1979 Filias
3510 1924 3740 1979 hominis
3780 1928 3832 1979 in

2242 2018 2361 2071 sede
2396 2020 2680 2087 majestatis
2711 2033 2834 2073 tute.
2877 2018 3065 2074 Nonne
3094 2019 3163 2073 de
3207 2018 3457 2073 omnibus
3490 2031 3594 2087 pro
3638 2018 3831 2087 quibus

2242 2108 2581 2163 Theodorum
2603 2109 2841 2177 culpant,
2864 2108 2918 2163 id
2936 2118 3204 2163 conantur
3223 2106 3517 2176 suspiciose
3536 2108 3620 2162 vel
3637 2106 3831 2160 calant-

2242 2205 2394 2259 niose
2419 2205 2693 2275 colligere,
2726 2207 2863 2275 quod
2894 2206 2949 2260 in
2976 2203 3190 2259 Christo
3214 2203 3438 2259 alteram
3464 2203 3582 2270 Dei,
3606 2204 3829 2259 altera:

2244 2298 2477 2352 hominis
2501 2298 2721 2366 intelligi
2744 2312 3025 2368 personam
3046 2296 3312 2351 voluerit?
3332 2297 3473 2367 quod
3500 2297 3590 2351 ille
3614 2294 3827 2363 quidem

2242 2391 2474 2461 graviter
2484 2398 2810 2456 exsecratur;
2825 2401 2878 2446 at
2896 2390 3213 2445 Eustachius
3229 2401 3412 2459 aperte
3423 2390 3631 2453 dicit,in
3648 2404 3737 2442 vei
3753 2390 3825 2441 bis

2244 2481 2607 2537 uniusChristi
2626 2482 2693 2538 de
2706 2485 2995 2552 semetipso
3019 2482 3302 2552 loquentis,
3319 2481 3460 2552 quod
3480 2482 3586 2536 alia
3603 2495 3825 2549 persona

2242 2573 2309 2628 de
2320 2576 2485 2629 altera
2502 2574 2782 2630 manifeste
2808 2588 3109 2630 sermonem
3126 2574 3304 2639 faciat,
3324 2582 3377 2628 et
3392 2587 3496 2627 non
3511 2571 3576 2625 de
3596 2572 3727 2636 Deo,
3740 2572 3825 2623 sed

2243 2664 2310 2719 de
2330 2665 2546 2721 homine
2576 2665 2721 2722 clare
2749 2665 2932 2721 dicens
2962 2672 3218 2735 appareat
3242 2680 3256 2716 :
3288 2661 3425 2717 Dum
3445 2662 3633 2716 sederit
3657 2659 3824 2713 Filius

2242 2754 2461 2809 hominis
2482 2758 2537 2810 in
2564 2757 2681 2811 sede
2708 2755 2987 2826 majestatt's
3007 2770 3135 2810 sua.
3170 2754 3364 2809 Verum
3409 2766 3507 2807 nec
3530 2749 3664 2804 illud
3687 2751 3823 2819 quod

2242 2849 2336 2912 ait,
2372 2848 2820 2917 Supervenientes
2848 2848 3043 2917 glorias
3066 2848 3227 2900 homo
3264 2846 3499 2914 suscepit
3528 2844 3739 2912 iustitia
3776 2852 3826 2896 et

2244 2941 2442 2997 virtute
2458 2950 2697 3008 ornatus,
2717 2940 3024 3011 Eutychiani
3056 2938 3107 2992 in
3124 2937 3405 2992 Theodoro
3424 2936 3563 2991 ferre
3587 2940 3822 3005 possent,

2244 3031 2337 3086 sed
2365 3043 2675 3087 accusarent
2701 3047 2823 3087 eum
2851 3032 2968 3087 sine
2995 3030 3179 3098 dubio,
3207 3030 3356 3100 quasi
3387 3030 3655 3085 dicentem
3686 3028 3825 3099 quod

559 3137 767 3190 quoque
792 3123 1105 3192 relinquam,
1131 3124 1273 3193 quod
1319 3126 1412 3188 ait,
1446 3123 1724 3178 Hominem
1756 3137 1919 3177 causa
1950 3123 2139 3177 salutis
2165 3121 2212 3183 Ο
2245 3124 2485 3180 Christus
2511 3125 2670 3179 homo
2712 3132 2913 3178 tantum
2966 3122 3157 3188 fuerit,
3188 3138 3292 3176 non
3338 3123 3499 3176 etiam
3547 3121 3711 3183 Deus,
3744 3122 3823 3175 cui

558 3213 830 3267 hominum
857 3214 1036 3269 Verbo
1063 3221 1335 3285 coaptavit
1376 3226 1430 3270 et
1459 3215 1590 3280 Deo,
1617 3215 1763 3284 quod
1816 3214 2139 3284 Eutychiani

559 3305 744 3373 procul
771 3306 937 3360 dubio
968 3307 1023 3359 in
1074 3306 1381 3372 Theodoro,
1423 3307 1470 3360 si
1521 3309 1633 3375 ipse
1675 3307 1778 3361 hoc
1806 3306 2031 3372 diceret,
2054 3319 2140 3360 ac-

558 3404 828 3463 cusarent,
863 3404 1109 3466 tanquam
1143 3394 1285 3463 prius
1326 3396 1591 3450 exstiterit
1619 3395 1802 3460 homo,
1843 3394 1931 3465 qui
1961 3391 2142 3449 Verbo

560 3498 898 3555 coaptaretur
925 3498 979 3543 et
1014 3490 1123 3542 Deo
1156 3490 1321 3543 :illud
1351 3497 1497 3545 certe
1526 3488 1666 3557 quod
1708 3490 1802 3553 ait,
1850 3488 2142 3557 Propterea

560 3579 772 3634 Christo
818 3579 959 3633 diem
1003 3580 1187 3649 judicii
1229 3589 1598 3649 competenter
1638 3580 2032 3648 absconditum,
2075 3596 2144 3636 ne

557 3672 756 3727 similis
783 3673 995 3742 generis
1021 3672 1329 3727 hominibus
1354 3673 1514 3726 homo
1538 3671 1679 3727 diem
1700 3668 1921 3728 secundi
1944 3671 2143 3729 adven-

561 3777 644 3821 tus
691 3767 1021 3829 ostenderet,
1054 3767 1325 3823 nescimus
1370 3766 1627 3821 hactenus
1673 3765 2038 3837 Eutychianos
2088 3766 2143 3821 in

558 3858 843 3913 Theodoro
886 3858 1230 3922 criminatos,
1285 3856 1379 3912 sed
1421 3871 1520 3913 nec
1572 3855 1774 3925 aliquid
1825 3857 1951 3923 tale,
1996 3856 2141 3925 quod

559 3951 690 4005 huic
714 3951 996 4007 sententia:
1021 3957 1382 4018 comparetur.
1416 3948 1545 4004 Nam
1570 3963 1689 4003 cum
1722 3949 2009 4017 Apostolus
2058 3964 2143 4004 ra-

560 4050 682 4111 ptus
718 4042 768 4095 in
795 4039 1095 4109 paradisum
1122 4038 1329 4094 audiret
1354 4052 1547 4092 arcana
1570 4039 1730 4093 verba
1758 4052 1875 4108 quas
1898 4052 2003 4092 non
2020 4038 2143 4093 licet

565 4131 770 4186 homini
795 4130 965 4200 loqui,
995 4145 1094 4185 nec
1132 4129 1378 4198 cuiquam
1412 4128 1725 4197 prodiderit,
1751 4128 1845 4183 sed
1870 4112 2144 4185 divini'se-

558 4224 689 4278 creti
739 4232 923 4279 custos
956 4222 1129 4279 tidelis
1183 4222 1431 4277 inventus
1470 4229 1573 4287 est,
1622 4223 1892 4291 quomodo
1948 4219 2144 4275 dicitur

556 4314 695 4384 quod
717 4314 857 4373 Deus
873 4313 1110 4382 Christo,
1126 4329 1232 4370 non
1253 4313 1425 4368 dicam
1444 4320 1501 4368 ut
1516 4312 1625 4369 Deo
1648 4312 1789 4383 quod
1803 4320 1905 4379 est,
1919 4311 2015 4368 sed
2029 4321 2144 4368 tan-

559 4417 672 4462 tum
716 4416 777 4461 ut
824 4408 1048 4473 homini,
1090 4406 1178 4477 qui
1237 4415 1413 4460 tamen
1444 4404 1662 4459 inferior
1702 4403 1869 4459 Paulo
1909 4418 2015 4458 non
2056 4418 2140 4459 es-

2244 3217 2410 3286 gloria
2441 3215 2729 3272 accesserit
2755 3230 2912 3284 quam
2945 3223 3067 3269 ante
3108 3227 3212 3267 non
3238 3212 3505 3276 habuerit,
3529 3220 3583 3266 et
3606 3210 3825 3278 iustitiae

2247 3310 2562 3378 virtutisque
2586 3308 2824 3378 profectu
2851 3321 2969 3361 eam
2994 3305 3155 3360 fuerit
3184 3310 3528 3365 consecutus,
3554 3302 3607 3356 in
3636 3303 3652 3332 ¹
3681 3308 3826 3355 tanto

2244 3404 2436 3460 merito
2457 3403 2615 3457 etiam
2642 3401 2791 3470 regni
2814 3399 3006 3453 solium
3039 3397 3136 3451 rite
3164 3396 3481 3464 perceperit.
3507 3391 3711 3447 Rursus
3733 3408 3825 3446 au-

2246 3507 2351 3553 tem
2376 3496 2562 3551 eodem
2610 3495 2744 3549 libro
2778 3491 2845 3546 de
2892 3490 3068 3546 verbis
3092 3487 3292 3543 Christi
3344 3488 3624 3557 disputans
3653 3486 3824 3551 dicit:

2250 3607 2270 3641 t
2303 3587 2486 3642 Omnia
2510 3585 2634 3639 mihi
2654 3582 2845 3637 tradita
2862 3592 3027 3636 mnta
3051 3580 3207 3634 Patre
3231 3596 3339 3633 meo
3366 3579 3581 3652 (Matth.
3612 3594 3688 3640 ιι,
3707 3578 3823 3645 27),

2245 3678 2525 3734 manifeste
2551 3692 2614 3730 ex
2646 3688 2875 3745 persona
2927 3670 3158 3725 hominis
3198 3669 3522 3738 prophetare
3551 3672 3826 3738 cognosci.

2244 3780 2353 3837 tur,
2375 3771 2511 3825 sicut
2541 3780 2595 3823 et
2618 3776 2742 3823 ante
2784 3766 3151 3838 probavimus.
3185 3762 3292 3819 Iste
3318 3763 3459 3817 enim
3488 3764 3753 3816 maximas
3778 3769 3827 3816 et

2245 3862 2550 3919 accidentes
2577 3860 2800 3915 virtutes
2823 3858 3047 3929 percipit
3075 3856 3139 3911 ad
3168 3854 3389 3910 meliora
3420 3853 3677 3924 dignitate
3698 3868 3823 3923 pro-

2245 3955 2460 4011 cedens.
2492 3973 2513 4008 ι
2544 3955 2681 4009 Ecce
2705 3959 2759 4007 et
2784 3950 2869 4006 hic
2896 3966 3016 4005 cum
3047 3951 3354 4019 loquentem
3392 3945 3663 4001 Christum
3697 3961 3825 4015 per-

2247 4047 2391 4104 hibet
2430 4063 2496 4103 ex
2550 4059 2775 4115 persona
2826 4042 3056 4098 hominis
3108 4041 3463 4111 pr0phetare,
3510 4036 3827 4092 subauditur

2245 4141 2383 4211 quod
2411 4140 2633 4194 alteram
2664 4136 2805 4192 dicat
2836 4150 2955 4191 esse
2997 4134 3087 4188 Dei
3126 4144 3430 4203 personam.
3461 4127 3592 4185 Nam
3625 4143 3747 4184 cum
3776 4136 3828 4184 et

2245 4234 2311 4292 de
2338 4232 2553 4288 homine
2584 4231 2806 4300 loquens
2852 4227 3055 4281 diceret
3085 4243 3095 4278 :
3128 4224 3232 4278 Iste
3285 4223 3427 4276 enim
3472 4221 3735 4275 maximas
3774 4227 3828 4273 et

2246 4324 2548 4383 accidentes
2582 4321 2803 4377 virtutes
2834 4315 3076 4387 percipit,
3121 4312 3454 4368 tantumdem
3502 4309 3646 4364 valet
3689 4322 3753 4362 ac
3782 4308 3825 4361 si

2246 4419 2450 4475 diceret
2483 4437 2496 4473 :
2527 4415 2617 4471 Ille
2663 4428 2797 4469 vero
2830 4427 2933 4466 non
2984 4409 3207 4480 percipit
3256 4416 3504 4475 tanquam
3531 4402 3694 4459 Deus.
3739 4400 3826 4455 Di-

559 4508 665 4563 set,
713 4508 996 4567 propterea
1046 4498 1187 4554 diem
1231 4497 1415 4568 judicii
1457 4497 1820 4563 absconderit,
1841 4512 1908 4554 ne
1945 4497 2142 4552 similis

2247 4509 2417 4566 cendo
2441 4510 2599 4563 etiam
2625 4504 2766 4577 quod
2788 4501 3030 4558 Christus
3056 4498 3410 4555 accidentium
3434 4495 3690 4550 virtutum
3716 4505 3822 4561 per

559 4593 775 4662 generis
814 4590 1120 4648 hominibus
1160 4592 1449 4662 proderet:
1480 4600 1737 4662 tanquam
1777 4604 1885 4645 non
1932 4598 2140 4659 posset,

561 4686 703 4754 quod
739 4685 1029 4754 Apostolus
1069 4685 1186 4756 ejus
1217 4686 1471 4751 servavit,
1514 4683 1860 4741 commissum
1894 4682 1997 4739 sibi
2031 4698 2145 4738 scr-

563 4793 690 4833 vare
728 4787 1018 4836 secretum.
1064 4779 1377 4849 Quanquam
1422 4791 1523 4833 nec
1587 4776 1721 4832 illud
1749 4776 1889 4846 quod
1929 4776 2004 4832 ait
2038 4775 2145 4831 Eu-

634 4947 659 4975 α
697 4934 1049 4994 Scribendum
1102 4932 1450 4999 Eustathius,
1514 4934 1829 4993 Εὐστάθιοςε
1875 4932 1952 4987 sic
1994 4932 2137 4987 enim

561 5024 749 5064 omnes
782 5017 996 5064 vocant.
1046 5005 1369 5062 Eustachius
1402 5004 1562 5057 etiam
1610 5004 1769 5058 simili
1811 5003 2139 5059 crrorealibi

561 5081 762 5145 dictus,
791 5079 881 5150 qui
914 5079 1018 5133 lbae
1035 5075 1204 5150 jude_x_
1232 5074 1334 5150 fuit
1358 5073 1721 5150 cumAPhotio,
1742 5088 1864 5150 cum
1893 5074 1981 5150 alii
2034 5074 2141 5150 Eu-

556 5146 821 5207 anthium'
839 5150 1138 5205 nominent.
1159 5147 1332 5218 Hujus
1355 5151 1445 5201 τοῦ
1475 5146 1622 5218 ἁγίαν
1646 5146 1922 5218 Ερσταθὶου
1942 5146 2146 5218 ἐρσκό·

557 5246 660 5279 που
680 5217 1475 5291 ἈντιοχείαςηκαὶΑὸμολοιγητοῦ,
1500 5213 1645 5291 varia
1668 5216 1900 5291 citantur
1920 5230 1948 5268 a
1966 5213 2145 5291 Theo-

558 5246 660 5279 που
684 5244 841 5281 ’Δντιο
888 5244 1021 5287 ειας,
1044 5244 1126 5275 και
1148 5244 1475 5291 ομοΛογητου,
1503 5244 1581 5269 val
1598 5244 1645 5269 lu
1668 5244 1897 5270 ιῖιιάιιιιιη
1920 5244 1948 5268 a
1976 5244 1999 5269 ι
2018 5244 2140 5269 ncu-

558 5292 748 5350 doreto
768 5295 820 5347 in
843 5244 1075 5362 Dialogis
1100 5306 1113 5344 :
1136 5287 1402 5361 Ἐρμηνείσ
1424 5288 1477 5362 in
1504 5286 1771 5362 Psalmos;
1797 5284 1955 5355 Λόγπς
1973 5288 2140 5362 εἰς-τὸ,

559 5368 739 5440 Κύριος
760 5364 929 5420 ἴκτισᾶ
963 5357 1057 5440 pit;
1089 5357 1246 5440 A4375;
1272 5364 1394 5440 mpl
1411 5359 1616 5440 ψτέχῆς.
1649 5357 2018 5440 Ξιεξηι-εἰςιςςάς
2040 5357 2148 5440 ἐπι-

560 5426 759 5509 γρᾶφὰς
781 5426 1284 5509 τῆςλστῇμὲιραςξίαςη
1311 5426 1397 5486 zeal
1421 5426 1864 5509 λςῶίᾲναξῗαθμῶν.
1892 5426 2149 5509 )i'isuntur

562 5495 825 5574 praeterea
852 5495 926 5560 Vin
978 5495 1318 5562 ὺὶὶὲῐιοίιιθοὶε
1348 5495 1852 5574 antiquisejus‘dem
1886 5495 2145 5574 sariam

564 5567 957 5645 i‘lexaemerou,
981 5579 1054 5636 εἰς
1080 5576 1138 5633 τό
1167 5567 1696 5656 τῆς-ἐῃαστὸιμύθου
1715 5567 1973 5647 Orbonae,
1994 5567 2146 5625 cuius

640 5718 655 5749 ¹
687 5714 823 5775 Cod.
855 5714 1090 5779 Veram,
1122 5722 1175 5769 ut
1199 5721 1357 5770 tanto.

2247 4601 2494 4673 ceptione
2538 4598 2602 4655 ad
2652 4596 2874 4653 meliora
2921 4589 3262 4664 processerit,
3289 4597 3342 4645 et
3385 4587 3660 4656 accepisse
3705 4598 3824 4639 eum

2247 4691 2389 4766 quod
2431 4690 2715 4761 aliquando
2744 4702 2851 4744 non
2901 4685 3118 4752 habuit,
3151 4692 3207 4739 et
3253 4680 3549 4752 profecisse
3580 4684 3820 4733 testatur.

2247 4785 2346 4853 Qui
2375 4792 2562 4840 octavo
2592 4794 2805 4853 quoque
2852 4777 2989 4834 libro
3039 4778 3117 4831 sic
3154 4775 3266 4829 ait:
3303 4766 3819 4839 «Contemplandum

2244 4939 2366 4996 libri
2396 4935 2637 4994 meminit
2655 4940 2871 4989 sanctus
2892 4931 3247 5006 Hieronymus
3265 4926 3320 5006 in
3341 4923 3485 4979 Viris
3499 4920 3823 5006 illustribus.

2248 5011 2328 5066 Ex
2364 5010 2467 5065 hoc
2494 5017 2675 5064 autem
2707 5018 2869 5073 opere
2896 4996 3157 5076 adversus
3186 4998 3438 5076 Arianos,
3464 4996 3629 5076 alium
3661 4996 3821 5076 etiam

2246 5062 2459 5137 l—ocum"
2486 5062 2689 5150 profert
2737 5062 3064 5150 Anastasius
3106 5072 3158 5126 in
3206 5068 3418 5150 ﬁcio-ge
3465 5064 3566 5150 his‘
3590 5062 3826 5150 verbis:

2248 5136 2525 5208 Eeoraeio'u
2546 5148 2865 5220 ’Δντιοχξίας
2896 5145 2948 5198 ἐκ
2977 5148 3071 5220 troia
3096 5141 3224 5220 κατᾲ
3238 5138 3523 5220 ῥριανῶξ
3546 5136 3702 5220 les/ou
3721 5136 3824 5220 ’.Εἴ

2246 5228 2345 5298 γὰρ
2373 5223 2597 5298 κτιστὸς,
2618 5207 3126 5298 ὀύέζᾶξροξίογεννητὸς·
3161 5214 3203 5298 si
3234 5207 3827 5298 δᾶ.ἡξννηςτὸς,τὸῦιξὶᾷρῗ

2250 5277 2471 5354 arinen
2491 5277 2631 5347 ’E‘a'ei
2653 5277 2898 5359 μηδέὀῖὸῦ
2920 5307 2973 5340 τε
2989 5287 3109 5367 περὶ
3128 5287 3221 5343 τὴν
3242 5277 3565 5367 «matiam
3587 5277 3828 5359 Erat-epeia

2254 5368 2554 5441 στρέφεσθαι
2587 5354 2661 5416 τό’
2687 5361 2848 5431 γένος’
2882 5354 3088 5426 σημεῐόἶν
3128 5374 3181 5441 τε
3202 5393 3237 5438 ,ο
3269 5354 3347 5437 ὅτι
3388 5354 3633 5436 additurum:
3676 5354 3826 5431 εξπξῐι

2252 5427 2479 5511 minus
2519 5435 2675 5491 αὐτὴν
2695 5427 2854 5502 ’φύσιν
2894 5429 2951 5482 τὸ
2981 5427 3183 5511 κ’·ειστὸν
3213 5427 3633 5511 ὐέτοξρέιεινῖἳκαί
3660 5427 3715 5469 τὸ
3741 5427 3825 5467 ακ-

2253 5492 2452 5574 τιᾶτονέ
2484 5492 2732 5560 καθολικὸῦ
2752 5502 2849 5573 ’γὰρ
2882 5497 3168 5579 παρᾲλοεγον
3198 5500 3271 5565 τῷ
3298 5492 3594 5558 διδασκάλῳ.
