4104 6360
302 256 410 316 797

1160 257 1295 315 PRO
1335 258 1771 317 DEFENSIONE
1812 258 2027 319 TRIUM
2067 261 2379 318 CAPITUL.
2421 262 2551 317 LIB.
2595 261 2686 317 XI.

3465 267 3569 323 798

300 380 482 427 autem
513 370 781 441 quomodo
805 371 1028 440 loquens
1064 370 1174 425 Deo
1202 380 1256 426 et
1285 372 1470 427 dicens
1501 388 1513 424 :
1549 368 1617 425 Et
1655 374 1879 429 civitates
1912 384 1956 444 Α
1984 376 2264 444 ipsumque
2292 376 2581 440 Christum,
2613 375 2763 446 cujus
2808 374 3011 431 homini
3056 389 3401 448 praeparatam
3446 398 3566 450 per-

302 465 597 521 destruzisti
644 465 818 537 (Psal.
867 481 943 531 Ix,
978 464 1051 533 7),
1085 479 1269 518 rursus
1313 465 1540 519 alterum
1591 466 1880 522 introducit

302 557 562 613 Dominus
582 556 839 623 inferens,
866 556 931 610 Et
956 555 1202 609 Dominus
1230 558 1539 609 iittztermtm
1560 567 1745 612 manet.
1775 556 1883 610 Prt-

299 652 430 704 ravit
458 651 511 703 in
529 650 730 719 judicio
768 652 937 703 sedem
978 665 1123 702 suam
1154 647 1341 719 (Ibid.,
1366 650 1418 713 8,
1450 650 1529 719 9).
1564 651 1882 706 Manifestis-

298 744 438 800 sime
464 742 664 799 etenim
695 741 788 795 alii
810 740 882 795 de
919 741 1024 795 alio
1055 741 1279 810 loquens
1304 752 1529 810 apparet
1564 758 1580 796 :
1613 742 1881 810 signiﬁca-

301 834 381 889 vit
410 833 532 903 quia
557 832 721 901 judex
750 841 832 886 est
855 831 946 900 qui
990 833 1310 901 praeparavit
1332 834 1383 887 ei
1415 832 1600 888 sedem
1628 842 1880 902 tanquam

296 912 451 993 prius
476 938 585 978 non
627 923 840 977 habenti
870 924 1011 976 hunc
1044 922 1341 987 honorem;
1373 923 1453 978 sic
1495 923 1777 978 videbatur
1804 926 1879 979 Io-

298 1014 391 1084 qui
415 1055 431 1082 ,
478 1015 632 1084 quasi
672 1028 767 1084 per
796 1016 993 1083 ﬁguras
1023 1014 1166 1068 enim
1200 1015 1473 1070 indicabat
1516 1016 1876 1084 propheticus,

300 1110 555 1179 quoniam
582 1111 747 1195 homo
775 1126 841 1165 ex
873 1110 1129 1165 membris
1146 1111 1367 1181 justitiae
1392 1113 1646 1181 templum
1686 1113 1884 1167 decen-

301 1210 384 1256 ter
424 1202 618 1269 factus,
646 1211 701 1257 et
726 1202 1089 1257 saeratissimo
1116 1202 1363 1258 habitans
1394 1203 1586 1269 Verbo,
1623 1203 1838 1259 virtutis
1864 1203 1880 1236 ¹

298 1293 531 1363 adeptus
578 1304 659 1347 est
684 1303 999 1362 perpetuum
1045 1293 1265 1348 solium.
1316 1293 1605 1362 Loquens,
1668 1293 1880 1361 inquit,

298 1383 416 1439 Deo
456 1399 643 1439 rursus
673 1385 902 1438 alterum
935 1384 1225 1438 introducit
1276 1384 1580 1438 Dominum.
1624 1404 1641 1435 ι
1696 1383 1807 1437 Hoc
1836 1383 1883 1437 si

298 1473 622 1544 Eutychiani
670 1475 722 1529 in
778 1475 1066 1529 Theodoro
1122 1476 1464 1540 invenirent,
1528 1474 1767 1544 profecto
1829 1476 1883 1529 in

298 1569 781 1637 reprehensionem
812 1569 1003 1638 synodi
1055 1567 1516 1623 Chalcedonensis
1547 1583 1665 1637 quae
1698 1566 1882 1622 laudes

295 1664 417 1732 ejus
459 1664 820 1718 continentem
870 1662 1152 1731 epistolam
1200 1660 1456 1730 judicavit
1503 1660 1881 1724 orthodoxam,

1986 464 2132 519 hibet
2159 465 2361 531 sedem,
2386 466 2544 519 simul
2573 480 2695 521 cum
2726 465 2834 521 Deo
2852 466 3007 522 Patre
3027 476 3079 523 et
3106 467 3223 537 ejus
3250 467 3427 525 Verbo
3448 486 3563 525 om-

1984 562 2129 616 nium
2173 572 2535 617 creaturarum
2564 560 2825 615 dominari
2870 560 3080 616 asserit.
3112 561 3221 617 Nec
3249 570 3426 620 tamen
3470 578 3570 633 pro

1984 652 2065 705 his
2088 666 2322 721 quoque.
2343 666 2460 719 quae
2489 652 2719 706 necdum
2741 660 2929 707 exorto
2953 650 3206 707 Nestorio
3230 666 3420 710 secura
3439 654 3569 708 sim-

1984 741 2191 811 plicitas
2202 740 2536 810 loquebatur,
2554 740 2670 809 ejus
2682 741 3273 797 estanathematizanda
3289 742 3531 799 doctrina
3550 758 3564 797 :

1948 840 2123 908 ‘quod
2168 847 2291 893 tunc
2338 838 2493 892 nobis
2537 847 2783 892 constare
2834 837 3048 905 poterit,
3089 838 3135 892 si
3184 836 3381 892 nullius
3429 838 3607 892 anti-,

1983 948 2211 1001 quorum
2264 930 2519 986 Ecclesiae
2576 930 2981 998 prtedicatorum
3036 945 3134 998 pro
3181 930 3374 984 talibus
3423 929 3567 983 dicta

1983 1025 2325 1079 damnentur.
2356 1022 2603 1089 Alioquin
2644 1020 2926 1089 cujuslibet
2959 1035 3144 1074 eorum
3174 1019 3388 1087 scriptis
3436 1033 3566 1091 ana-

1984 1116 2358 1180 thematizatis,
2382 1113 2518 1168 sicut
2539 1112 2773 1167 Joannes
2791 1111 3216 1181 sapientissimus
3236 1119 3291 1164 et
3306 1108 3569 1165 orientale

1984 1207 2268 1262 concilium
2297 1205 2448 1271 dixit,
2478 1218 2700 1259 necesse
2726 1211 2809 1258 est
2838 1211 2891 1256 et
2920 1217 2981 1258 ea
3011 1217 3131 1268 quat
3155 1201 3221 1256 ab
3248 1200 3365 1257 aliis
3397 1199 3568 1253 Patri-

1983 1298 2084 1353 bus
2104 1306 2228 1352 sunt
2252 1296 2391 1351 dicta
2409 1295 2715 1363 complecti.
2742 1293 2982 1349 Sufﬁciat
3013 1307 3143 1363 ergo
3170 1288 3397 1361 posteris
3425 1289 3570 1359 quod

1986 1399 2286 1455 temporum
2345 1402 2564 1441 suorum
2617 1384 2883 1441 limreticis
2939 1389 3301 1454 repugnantes
3347 1380 3568 1435 illmsam

1986 1480 2351 1535 custodierunt
2388 1478 2699 1533 Eeclesiam.
2726 1475 2967 1533 Sufﬁciat
2995 1474 3140 1545 quod
3170 1473 3333 1528 nobis
3362 1484 3574 1542 quoque

1986 1572 2242 1626 adversus
2288 1584 2383 1626 eos
2427 1584 2573 1625 arma
2613 1569 3006 1639 quamplurima
3040 1567 3224 1623 labore
3271 1578 3370 1621 suo
3413 1574 3574 1634 atque

1989 1662 2249 1716 industria
2279 1669 2664 1731 praeparantes,
2694 1674 2815 1715 cum
2844 1674 3036 1731 magna
3063 1657 3220 1714 laude
3248 1656 3318 1713 de
3345 1655 3447 1711 hoc
3473 1669 3575 1711 sa:-

294 1754 499 1823 bicipiti
526 1770 625 1808 nos
646 1755 1103 1823 argumentatione
1125 1754 1574 1823 eonstringerent,
1606 1754 1675 1805 ita
1704 1752 1882 1805 dicen-
1916 1753 1966 1813 Β
1990 1755 2111 1810 culo
2151 1753 2495 1808 transierunt.
2538 1752 2654 1807 Non
2705 1750 2956 1820 iniuriam
3008 1762 3354 1805 successores
3406 1742 3577 1801 labori

297 1854 383 1901 tes
415 1863 428 1898 :
458 1846 514 1900 Si
545 1846 669 1900 baro
687 1846 754 1899 de
788 1847 941 1899 Patre
969 1855 1024 1899 et
1053 1844 1183 1897 Filio
1215 1842 1369 1911 dixit,
1404 1843 1671 1910 quomodo
1722 1840 1888 1895 Filius

295 1938 435 1991 alter
464 1944 544 1991 est
574 1935 847 2001 Dominus,
866 1950 988 1989 cum
1009 1935 1267 2003 scriptum
1292 1934 1362 1988 sit
1387 1950 1399 1986 :
1429 1933 1681 1998 Quoniam
1710 1932 1891 1985 Domi-

295 2043 397 2080 nus
424 2026 561 2081 Deus
588 2034 776 2091 noster,
805 2023 1056 2079 Dominus
1097 2042 1232 2078 unus
1261 2033 1335 2078 est
1364 2024 1543 2094 (Deut.
1575 2039 1649 2092 vt,
1682 2023 1765 2091 1)?
1790 2022 1893 2077 Ne-

295 2136 407 2190 que
434 2120 573 2176 enim
604 2122 681 2176 sic
711 2120 905 2173 dicitur
948 2119 1105 2174 Pater
1132 2117 1408 2183 Dominus,
1437 2125 1492 2171 et
1522 2115 1685 2171 Filius
1714 2114 1893 2171 Domi-

296 2224 425 2279 nus,
446 2224 500 2265 et
530 2211 760 2280 Spiritus
785 2219 1005 2265 sanctus
1042 2209 1324 2273 Dominus,
1356 2218 1413 2262 ut
1440 2217 1548 2264 tres
1580 2206 1811 2271 Domini,
1838 2214 1893 2261 et

294 2319 409 2358 non
457 2303 632 2371 potius
664 2318 796 2355 unus
825 2301 1036 2355 dicatur
1080 2300 1334 2354 Dominus
1370 2316 1384 2351 :
1414 2298 1552 2352 sicut
1605 2311 1778 2365 neque
1818 2296 1891 2350 ita

296 2393 495 2449 dicitur
520 2394 678 2448 Pater
700 2394 863 2458 Deus,
885 2400 942 2447 et
966 2390 1135 2447 Filius
1155 2391 1320 2455 Deus,
1348 2396 1410 2445 et*
1430 2390 1657 2459 Spiritus
1673 2397 1892 2443 sanctus

294 2486 466 2552 Deus,
498 2494 552 2539 ut
586 2494 692 2539 tres
735 2484 839 2551 Dii,
872 2494 925 2540 et
972 2498 1079 2538 non
1109 2483 1287 2552 petius
1327 2496 1463 2536 unus
1488 2480 1698 2535 dicatur
1726 2481 1886 2535 Deus.

294 2578 361 2634 Si
380 2588 557 2633 autem
579 2577 649 2633 de
676 2576 783 2631 Deo
810 2575 987 2631 Verbo
1014 2584 1068 2631 et
1095 2582 1371 2643 assumpto
1396 2574 1612 2627 homine
1640 2573 1887 2641 loquens,

296 2670 472 2725 eidem
502 2675 832 2736 assumptum
866 2668 1137 2722 hominem
1166 2668 1395 2721 alterum
1424 2665 1706 2720 Dominum
1735 2664 1888 2730 dixit,

296 2761 541 2830 arguitur
568 2776 733 2816 unum
762 2759 1033 2815 Christum
1078 2762 1131 2814 in
1161 2760 1299 2814 duos
1339 2758 1592 2813 Dominos
1620 2756 1887 2811 divisisse.

297 2854 478 2920 Atque
508 2852 607 2907 hoc
640 2852 819 2908 verbis
844 2852 1010 2907 etiam
1054 2849 1506 2919 subsequentibus
1534 2847 1886 2912 afﬁrmarent,

297 2943 493 3011 quibus
521 2944 721 2999 dictum
750 2951 832 2998 est
862 2960 873 2994 :
905 2942 1010 2997 Alii
1039 2943 1107 2997 de
1144 2942 1251 2996 alio
1278 2941 1504 3011 loquens
1548 2946 1806 3009 apparet;
1835 2949 1891 2994 et

297 3036 495 3091 iterum
528 3054 541 3089 :
573 3036 708 3103 Quia
738 3035 880 3091 Deus
916 3034 1085 3104 judex
1126 3034 1445 3103 pr.rparavit
1486 3041 1761 3102 assumpto
1792 3031 1890 3087 ho-

1988 1843 2363 1900 decedentium
2407 1842 2627 1909 debent,
2673 1857 2779 1896 non
2829 1840 3069 1897 convicia
3112 1837 3386 1894 referenda
3430 1844 3575 1893 sunt.

1990 1937 2118 1991 Post
2175 1945 2445 1990 certamen
2485 1934 2625 1990 bene
2674 1932 2940 1989 defunctis
2982 1931 3273 1988 victoribus
3323 1925 3577 1997 triumphi

1990 2031 2214 2100 gloriam
2248 2043 2471 2099 negasse
2498 2027 2692 2097 aliquis
2731 2027 3034 2082 inveniatur
3078 2026 3317 2094 ingratus
3348 2040 3365 2077 :
3396 2021 3579 2077 nescio

1991 2126 2037 2178 si
2068 2125 2348 2193 quisquam
2378 2131 2575 2190 praeter
2596 2136 2697 2175 nos
2723 2120 3099 2175 contumeliam
3121 2116 3322 2173 retulit.
3352 2112 3577 2182 Quidam

1994 2214 2311 2284 praedicator
2340 2211 2593 2267 Ecclesia:
2622 2212 2698 2266 sic
2727 2218 3021 2279 praesentes
3053 2208 3377 2279 espugnavit
3406 2204 3578 2259 hmre-

1994 2304 2152 2368 ticos,
2186 2310 2242 2355 ut
2289 2303 2343 2356 in
2375 2300 2540 2365 nullo,
2573 2310 2663 2354 aut
2692 2309 2842 2355 certe
2891 2304 2947 2355 in
2980 2312 3167 2368 parvo,
3196 2296 3389 2352 futuris
3419 2308 3577 2349 occa-

1991 2393 2199 2447 sionem
2232 2392 2385 2445 daret
2412 2406 2429 2447 :
2460 2389 2546 2445 hic
2574 2390 2766 2460 dignus
2805 2389 2959 2445 lauds
2990 2388 3257 2458 praecipua
3286 2385 3575 2456 iudicetur.

1993 2486 2218 2551 Quidam
2263 2498 2393 2539 vero
2441 2483 2496 2537 in
2546 2484 2727 2538 hostes
2771 2482 2957 2537 obvios
3006 2483 3264 2546 intentus,
3313 2479 3432 2533 aliis
3471 2493 3577 2532 non

1992 2578 2145 2647 quasi
2188 2575 2523 2629 latitantibus
2552 2574 2609 2630 in
2657 2572 2887 2639 insidiis,
2928 2574 3020 2643 qui
3070 2572 3307 2629 nondum
3350 2571 3577 2636 fuerant,

1993 2668 2088 2723 sed
2144 2666 2411 2722 exorturis
2460 2664 2776 2735 quandoque
2832 2664 3053 2734 provide
3110 2666 3129 2696 '
3190 2679 3253 2720 ac
3304 2664 3578 2733 vigilanter

1992 2759 2274 2814 occurrit:
2311 2757 2398 2812 hic
2446 2757 2687 2823 minima,
2732 2766 2823 2812 aut
2866 2758 3023 2811 etiam
3066 2755 3232 2822 nulla,
3257 2756 3303 2812 si
3347 2755 3577 2819 videtur,

1993 2850 2189 2919 dignus
2245 2848 2405 2903 laude
2444 2846 2693 2913 ducatur,
2724 2862 2829 2901 non
2874 2856 3050 2902 tamen
3085 2846 3167 2901 vel
3215 2846 3457 2900 incautus
3491 2858 3581 2913 pa-

1996 2941 2114 2995 tria:
2166 2949 2489 3009 propugator
2527 2937 2666 2994 inter
2718 2937 2901 2992 hostes
2952 2935 3232 2993 habendus
3280 2943 3380 2990 est.
3430 2934 3581 2989 Unde
3651 2947 3661 2957 ’

1993 3034 2184 3090 beatus
2214 3030 2550 3097 Eustachius,
2580 3046 2883 3100 quanquam
2928 3032 3126 3085 multos
3178 3030 3345 3097 possit
3390 3028 3581 3082 talibus

297 3129 435 3184 mini
462 3128 670 3197 sedem,
702 3138 952 3196 tanquam
984 3128 1130 3196 prius
1159 3141 1265 3181 non
1299 3126 1517 3182 habenti
1548 3124 1689 3180 hunc
1718 3125 1887 3179 hono-
1912 3124 1961 3187 C
1990 3126 2152 3181 dictis
2208 3121 2483 3179 otfendere
2503 3162 2520 3189 ,
2574 3136 2681 3177 non
2736 3130 2912 3177 tamen
2965 3120 3348 3176 condemnatur
3370 3158 3389 3185 ,
3437 3118 3581 3173 velut

295 3232 437 3274 rem.
462 3218 596 3274 Cum
620 3232 749 3273 vero
779 3227 923 3274 tanta
953 3217 1149 3272 invidia
1175 3215 1524 3273 criminentur
1566 3218 1621 3272 in
1660 3215 1886 3285 epistola

298 3309 629 3367 venerabilis
660 3310 783 3374 lbae,
812 3309 955 3379 quod
996 3310 1069 3365 ait
1118 3310 1373 3378 templum
1413 3319 1467 3365 et
1499 3309 1887 3365 inhabitantem

297 3402 358 3459 in
386 3414 482 3466 eo;
517 3415 635 3469 qua:
665 3400 771 3455 illis
802 3400 867 3455 ad
908 3400 1337 3470 exaggerandum
1369 3402 1527 3457 verba
1556 3401 1885 3467 sufﬁcerent,

296 3491 349 3551 si
379 3493 481 3550 hoc
521 3493 747 3549 dixisset
785 3495 923 3563 quod
968 3494 1285 3550 Eustachius
1312 3496 1407 3562 ait,
1436 3492 1698 3562 Quoniam
1728 3496 1891 3551 homo

302 3602 371 3644 ex
400 3586 658 3643 membris
679 3587 898 3655 iustitia
930 3589 1187 3659 templum
1215 3589 1471 3646 decenter
1501 3591 1670 3646 factus
1697 3600 1802 3660 est,
1832 3602 1891 3647 ut

301 3679 667 3737 sacratissimo
709 3680 1020 3737 eohabitans
1055 3681 1267 3736 Verbo?
1295 3681 1430 3737 Nam
1475 3683 1521 3737 si
1565 3682 1885 3748 inhabitare,

305 3772 445 3842 quod
478 3772 595 3827 lbas
623 3773 719 3838 ait,
750 3773 887 3829 duas
916 3774 1096 3828 dicant
1122 3774 1426 3844 signiﬁcare
1461 3788 1737 3845 personas,
1768 3788 1890 3829 cum

309 3865 484 3919 anima
526 3879 678 3921 suum
705 3880 902 3934 corpus
948 3865 1255 3923 inhabitans
1284 3884 1389 3923 una
1419 3883 1541 3922 cum
1570 3882 1636 3923 eo
1665 3882 1892 3935 persona

309 3958 398 4021 sit,
419 3965 621 4027 quanto
648 3959 819 4027 magis
838 3958 1172 4025 cohabitare,
1193 3968 1251 4014 et
1280 3959 1451 4029 ipsius
1480 3960 1893 4015 cohabitationis

309 4052 508 4107 virtute
536 4053 786 4122 adeptum
816 4066 936 4107 esse
978 4052 1248 4108 hominem
1295 4062 1610 4124 perpetuum
1656 4055 1893 4110 solium?

309 4143 507 4199 ltemin
523 4143 713 4199 eodem
734 4144 869 4199 libro
897 4161 909 4195 :
939 4162 957 4194 ‹
983 4143 1096 4199 Non
1121 4146 1268 4200 enim
1296 4145 1391 4211 ait,
1410 4146 1501 4215 qui
1526 4146 1677 4214 regni
1707 4145 1892 4201 sedem

312 4235 493 4311 habet,
510 4235 733 4291 alteram
753 4234 851 4291 sibi
877 4244 1098 4305 apparat
1124 4245 1356 4303 sortem;
1388 4237 1483 4290 sed
1504 4237 1717 4291 cuinon
1746 4236 1897 4290 adest

312 4327 456 4381 sedis
481 4328 738 4396 potentia.
774 4327 912 4397 Ergo
941 4330 1055 4382 haec
1087 4327 1154 4382 ad
1193 4327 1464 4382 hominem
1491 4326 1692 4382 Christi
1726 4327 1893 4381 mani-

312 4419 447 4475 feste
475 4422 785 4489 respiciunt.
820 4420 1002 4491 Neque
1044 4430 1219 4477 autem
1252 4420 1619 4490 Omnipotenti
1653 4421 1766 4475 hate
1813 4435 1895 4475 re-

312 4512 558 4580 ponenda
607 4524 731 4567 sunt
785 4512 1057 4583 proprium
1108 4514 1325 4568 habenti
1372 4521 1675 4582 sceptrum;
1726 4527 1888 4582 neque

2074 4498 2372 4583 non‘niiuus
2400 4495 2626 4565 difﬁcilia
2667 4495 2746 4548 Itis
2776 4509 2890 4564 quat
2916 4496 2970 4548 in

315 4606 490 4660 Verbo
516 4608 685 4675 ipsum
703 4623 923 4677 regnum
953 4608 1165 4664 habenti
1186 4609 1326 4677 quod
1345 4610 1505 4664 etiam
1526 4608 1683 4663 Pater
1708 4608 1896 4674 habet;

312 4699 409 4755 sed
440 4697 494 4751 in
514 4698 725 4754 Christo
749 4699 1035 4755 dicendum
1053 4743 1066 4767 ,
1087 4701 1337 4756 Dominus
1366 4702 1417 4754 in
1472 4702 1599 4754 coelo
1637 4716 1895 4771 prwpara-

312 4789 384 4840 uit
436 4788 604 4841 sedem
653 4805 819 4843 suam.
849 4790 980 4844 Nam
1028 4794 1265 4846 omnium
1318 4792 1477 4848 simul
1529 4802 1894 4847 creaturarum

319 4874 621 4931 dominator
668 4887 883 4947 propter
932 4878 1103 4935 divini
1166 4881 1326 4937 Verbi
1384 4882 1837 4938 commixtionem.
1865 4900 1886 4934 ι

317 4968 609 5025 Attendant
648 4985 776 5039 ergo
816 4973 970 5039 quale
1015 4973 1086 5025 sit
1130 4975 1289 5028 etiam
1330 4974 1430 5029 hoc
1466 4974 1611 5042 quod
1652 4976 1745 5040 ait,
1778 4975 1891 5028 Non

319 5062 431 5119 Deo
452 5059 630 5119 Verbo
674 5077 895 5132 regnum
925 5063 1141 5119 habenti
1184 5066 1403 5120 alteram
1444 5076 1641 5120 sortem
1674 5080 1896 5135 appara-

1991 3216 2294 3275 Nestoriaui
2338 3226 2521 3272 auctor
2550 3216 2788 3279 erroris;
2821 3215 2913 3270 sed
2944 3215 3239 3269 honoratur
3290 3226 3409 3267 eum
3441 3210 3581 3265 mul-

1994 3312 2061 3366 tis
2090 3318 2148 3366 et
2181 3323 2293 3379 prae
2321 3308 2502 3362 multis
2544 3307 2809 3372 Patribus,
2845 3315 3094 3375 tanquam
3132 3303 3335 3359 Nicmni
3364 3301 3578 3359 concilii

1991 3405 2196 3474 primus
2240 3402 2479 3457 existens
2505 3419 2520 3467 ;
2551 3410 2607 3456 et
2658 3401 3005 3473 Eutychianis
3035 3399 3234 3455 nullam
3281 3397 3405 3454 hinc
3450 3398 3583 3452 invi-

1990 3496 2133 3552 diam
2162 3495 2650 3561 commoventibus,
2672 3494 2987 3549 soleniniter
3013 3493 3148 3547 inter
3177 3505 3305 3546 suos
3330 3490 3580 3546 decesso-

1993 3605 2083 3647 res
2106 3603 2168 3644 ac
2184 3596 2527 3644 successores
2544 3588 2611 3643 ad
2636 3587 2896 3643 sacriﬁcia
2920 3586 3243 3641 nominatur.
3269 3584 3334 3640 Et
3356 3583 3583 3637 fortasse
3604 3603 3611 3610 ε

1993 3692 2280 3753 propterea
2310 3682 2444 3737 nihil
2474 3681 2599 3736 inde
2629 3688 2903 3742 accusant,
2936 3680 3058 3748 quia
3086 3677 3140 3732 in
3171 3678 3292 3744 hoc,
3326 3675 3471 3745 quod
3499 3676 3579 3728 ul-

1996 3777 2186 3833 timum
2234 3776 2530 3845 posuimus,
2586 3773 2891 3828 testimonio
2936 3771 3087 3834 dixit,
3137 3769 3365 3837 Propter
3416 3766 3583 3821 divini

1996 3868 2159 3923 Verbi
2182 3868 2645 3922 commixtionem.
2674 3864 2775 3921 Ubi
2799 3864 2941 3919 enim
2965 3860 3244 3917 memorati
3270 3856 3581 3929 Eutychiani

1996 3956 2065 4011 ab
2089 3956 2273 4025 aliquo
2307 3954 2719 4024 praedicatorum
2755 3954 3012 4009 Ecclesia:
3038 3951 3241 4007 dictum
3284 3949 3582 4005 invenerint

1998 4048 2171 4105 Deum
2214 4047 2444 4103 Verbum
2486 4045 2689 4100 homini
2729 4058 2849 4100 esse
2877 4044 3254 4113 commixtum,
3287 4041 3580 4101 secundum

1998 4154 2154 4196 suum
2184 4139 2375 4210 dogma
2407 4138 2612 4193 dictum
2651 4137 2978 4193 existimant.

2629 4288 2855 4345 CAPUT
2878 4288 2942 4345 ll.

2003 4427 2153 4494 Quod
2195 4426 2333 4494 apud
2362 4425 2570 4487 beatum
2612 4423 2955 4476 Athanasium
2998 4418 3236 4547 gatde
3262 4419 3580 4491 reperiantur

2074 4512 2179 4547 non
2205 4498 2372 4547 niinus
2400 4495 2626 4547 diﬂicilia
2667 4495 2746 4547 liis
2776 4509 2890 4547 aute
2916 4496 2970 4547 in
3045 4492 3267 4547 Iteodoro
3304 4491 3575 4547 reprelien-

3045 4492 3267 4547 Iteodoro
3304 4491 3575 4561 reprelien-

2074 4570 2289 4625 duntur.

2072 4707 2229 4762 Multa
2262 4719 2390 4761 vero
2416 4704 2782 4774 superioribus
2824 4702 3019 4758 similia
3048 4714 3117 4757 ex
3158 4700 3313 4756 dictis
3338 4699 3577 4771 ejusdem

1998 4800 2141 4865 beati
2173 4798 2447 4853 Eustachii
2478 4796 2717 4866 proferre
2766 4807 3078 4865 possemus,
3106 4808 3225 4863 quae
3274 4800 3494 4863 possent
3524 4791 3577 4845 in

1996 4907 2105 4948 uno
2128 4891 2148 4921 ³
2180 4891 2395 4947 tractari
2444 4890 2750 4955 volumine;
2803 4887 2897 4944 sed
2925 4889 3027 4943 ista
3056 4884 3253 4956 legenti
3290 4883 3576 4947 sufﬁciant,

1992 4982 2248 5052 quoniam
2323 4981 2566 5034 volumus
2629 4980 2696 5034 ad
2767 4981 2993 5047 aliorum
3077 4976 3274 5045 scripta
3330 4974 3578 5039 transire,

1997 5074 2065 5128 de
2093 5072 2283 5137 quibus
2310 5084 2462 5140 aeque
2492 5084 2597 5125 non
2623 5070 2800 5135 omnia
2828 5083 2946 5139 quae
2976 5067 3059 5121 bis
3083 5064 3281 5121 similia
3306 5062 3574 5127 dixerunt,

320 5163 450 5222 tam,
480 5154 575 5211 sed
602 5155 802 5228 potius,
830 5156 916 5211 cui
951 5171 1055 5210 non
1085 5158 1235 5213 adest
1263 5157 1406 5213 sedis
1453 5158 1709 5227 potentia,
1736 5157 1789 5213 id
1820 5167 1902 5213 est
1997 5162 2095 5221 sed
2122 5162 2297 5233 aliqua
2326 5164 2694 5220 tantummodo
2724 5160 3064 5232 proferimus.
3095 5156 3235 5227 Quid
3262 5169 3389 5226 ergo
3420 5153 3578 5211 etiam

319 5246 521 5303 homini
550 5246 769 5303 Christi.
799 5246 907 5302 Nec
934 5247 1124 5303 saltem
1166 5248 1315 5315 dixit.
1348 5248 1547 5303 homini
1582 5248 1677 5303 Dei
1724 5248 1900 5314 Verbi.
2000 5265 2218 5311 sanctus
2237 5256 2558 5311 Athanasius
2584 5256 2726 5312 dicat
2750 5254 2804 5310 in
2824 5251 3053 5323 epistola
3070 5249 3141 5307 ad
3160 5248 3530 5305 Antiochenos
3556 5254 3581 5282 ι

391 5390 419 5420 ⁸
448 5382 739 5453 ,Synodicaa
760 5382 1036 5440 Athanasii
1058 5382 1124 5436 ad
1148 5383 1508 5441 Antiochenos
1533 5386 1734 5440 mentio
1763 5386 1898 5440 facta

2007 5404 2207 5463 autem,
2259 5394 2512 5465 quidquid
2539 5394 2606 5449 ad
2647 5390 2966 5465 refellendos
2991 5387 3381 5465 Apolinaristas
3424 5387 3481 5465 in
3517 5399 3583 5443 ea

317 5460 403 5535 est
446 5452 539 5535 lib.
586 5468 665 5535 vi,
693 5468 812 5535 cum
847 5454 915 5535 de
940 5454 1217 5535 bypOstasi
1255 5469 1556 5535 ageremus.
1601 5456 1709 5535 Sed
1741 5457 1897 5512 aliam
2006 5452 2290 5534 scripserit.
2319 5508 2336 5533 ,
2385 5452 2652 5535 nunquam
2701 5452 3057 5535 Athanasium
3101 5462 3156 5535 in
3198 5459 3412 5516 Christo
3448 5458 3582 5514 duas

320 5530 531 5579 constat
573 5526 850 5594 epistolam
879 5523 1067 5591 fuisse,
1097 5524 1166 5580 de
1188 5523 1306 5595 qua
1321 5524 1409 5581 hic
1436 5540 1637 5583 sermo.
1663 5526 1901 5598 Apparet

394 5638 415 5669 ⁸
443 5635 577 5695 Cod.
608 5640 833 5707 Veron.,
859 5642 1061 5695 uirtute.

406 5710 434 5746 ⁸
465 5709 611 5769 Idem
631 5712 775 5781 cod.,
790 5714 958 5769 minus
984 5714 1207 5785 provide.

2008 5532 2263 5606 personas
2302 5532 2634 5602 distinxisse,
2664 5535 2758 5590 sed
2802 5533 2854 5589 in
2883 5547 2990 5590 una
3028 5532 3323 5604 eademque
3356 5542 3581 5602 persons

2080 5655 2101 5686 ³
2138 5655 2281 5711 Idem
2312 5654 2457 5725 cod.,
2485 5670 2587 5708 non
2612 5667 2735 5708 uno.
