4104 6360
594 344 688 399 799

1664 346 1957 405 FACUNDI
1994 346 2203 404 EPISC.
2246 349 2741 411 HERMIANENSIS

3738 358 3861 415 80.

591 468 846 522 debemus
874 467 1137 535 inspicere
1171 484 1184 520 :
1222 487 1239 520 ι
1279 467 1359 522 Ex
1398 468 1667 524 veteribus
1695 470 1837 524 enim
1868 468 2110 523 eruditus
2140 470 2157 498 ¹
2185 472 2237 531 Α
2263 471 2575 529 Theodorus
2594 474 2694 528 hoc
2710 474 3051 538 diceret,non
3072 472 3204 529 duos
3226 480 3449 546 tantum,
3468 488 3657 532 verum
3677 476 3855 532 etiam

590 568 643 613 et
671 560 799 628 legis
825 560 1012 613 doctor
1040 560 1296 626 existens,
1330 562 1616 616 Proverbia
1649 560 1951 616 Salomonis
1976 560 2162 629 legens

591 661 641 705 et
680 651 813 706 duas
850 665 1106 720 personas
1148 654 1215 707 de
1248 654 1467 708 Domino
1521 654 1827 717 inveniens,
1859 668 2017 707 unam
2047 653 2164 721 qui-

589 744 709 801 dem
739 748 879 802 circa
906 747 1175 802 hominem
1204 764 1358 818 quem
1387 765 1452 803 ex
1477 749 1639 803 Maria
1668 764 1764 817 pro
1788 747 1939 801 nobis
1957 748 2161 801 futurus

588 852 705 897 erat
750 836 1044 908 assumere,
1093 843 1313 897 alteram
1354 853 1531 898 autem
1574 843 1715 896 circa
1750 841 1977 895 Verbum
2019 839 2163 909 quod

588 942 711 989 ante
737 933 914 988 omnia
943 932 1135 987 saecula
1159 941 1361 987 :eterne
1390 949 1456 988 ex
1486 934 1641 987 Patre
1664 941 1844 986 natum
1874 940 1987 995 est;
2015 940 2069 985 et
2095 930 2163 985 de
2210 976 2217 980 .

588 1025 711 1079 Iesu
743 1025 955 1093 quidem
984 1041 1049 1080 ex
1076 1025 1237 1079 Maria
1268 1025 1450 1079 scribit
1474 1024 1758 1079 Timotheo
1792 1042 1803 1076 :
1840 1023 2039 1078 Memor
2057 1031 2164 1075 esto

585 1115 843 1171 Christum
863 1116 1040 1171 Iesum
1062 1118 1395 1170 resurrexisse
1430 1134 1460 1169 a
1505 1118 1714 1170 mortuis
1742 1133 1803 1169 ea:
1827 1117 2013 1169 semine
2061 1115 2165 1168 Da-

589 1209 689 1272 uid,
724 1208 1000 1261 secundum
1043 1208 1381 1279 Evangelium
1402 1226 1563 1262 meum
1594 1208 1677 1279 (ΙΙ
1710 1209 1845 1262 Tim.
1873 1224 1931 1274 ιι,
1964 1208 2018 1277 8)
2052 1226 2066 1273 ;
2099 1210 2165 1263 de

589 1307 698 1362 Deo
718 1309 897 1363 Verbo
921 1316 1120 1375 autem,
1144 1309 1285 1377 quod
1308 1325 1426 1363 cum
1454 1310 1611 1363 Patre
1634 1325 1844 1377 semper
1869 1318 1971 1373 est,
2000 1310 2157 1373 dixit,

590 1400 837 1468 quoniam
866 1408 947 1453 est
973 1398 1150 1453 omnia
1192 1402 1235 1453 ².
1274 1419 1291 1451 ι
1329 1399 1473 1452 lianc
1504 1409 1679 1452 autem
1722 1400 1891 1452 sancti
1925 1398 2162 1452 Athana-

592 1493 654 1546 sii
705 1494 768 1547 ad
807 1493 1168 1548 Antiochenos
1208 1492 1508 1560 epistolam,
1542 1491 1591 1543 in
1645 1505 1745 1559 qua
1797 1491 2055 1569 scriptum
2084 1498 2165 1543 est

588 1578 718 1637 duas
747 1600 865 1639 esse
893 1599 1171 1653 personas,
1204 1583 1435 1636 hominis
1476 1582 1755 1649 assumpti,
1792 1593 1845 1635 et
1878 1581 1970 1634 Dei
2002 1581 2161 1635 Verbi

586 1676 926 1739 assumentis,
958 1683 1013 1729 et
1039 1674 1139 1727 alia
1167 1674 1458 1741 Scriptum
1481 1673 1640 1727 verba
1673 1674 1895 1726 Domino
1919 1674 2043 1728 Iesu
2072 1674 2163 1742 qui

586 1780 649 1819 ex
682 1765 869 1831 Maria,
902 1764 1007 1818 alia
1052 1779 1182 1819 vero
1219 1764 1327 1817 Deo
1355 1763 1529 1817 Verbo
1559 1777 1876 1830 congruere,
1910 1762 1962 1815 in
2016 1770 2162 1815 tanta

2264 571 2371 617 tres
2409 562 2563 618 Iesus
2606 564 2850 619 Cbristos
2878 564 3215 635 Eutychiani,
3240 566 3532 622 secundum
3578 582 3711 623 suas
3756 583 3860 623 ca-

2264 654 2512 721 lumnias,
2557 656 2609 710 in
2649 656 2733 711 his
2764 658 2941 713 verbis
2983 659 3306 728 signiticatos
3350 663 3545 717 vellent
3584 662 3855 731 intelligi.

2263 747 2377 801 Non
2405 750 2544 803 enim
2576 749 2676 804 hoc
2712 750 2899 805 saltem
2927 752 3122 807 dictum
3151 763 3250 817 est,
3280 753 3432 810 Iesus
3473 754 3719 809 Christus
3751 769 3859 808 an-

2265 852 2393 906 tem,
2423 841 2512 911 qui
2538 842 2685 910 juxta
2726 844 3044 900 salvatorem
3081 845 3405 915 intelligitur,
3436 845 3529 902 sed
3556 846 3706 915 juxta
3748 845 3858 899 hoc

2264 936 2460 989 minem
2490 938 2767 992 salvatoris
2798 956 2809 991 :
2843 947 2900 993 ut
2940 938 3100 993 alium
3130 938 3477 1009 signiﬁcatum
3522 954 3645 995 esse
3690 939 3857 993 dice-

2264 1038 2382 1084 rent
2425 1029 2606 1085 Iesum
2651 1031 2957 1097 Christum,
2993 1032 3153 1087 alium
3202 1047 3330 1087 vero
3376 1032 3646 1086 hominem
3694 1030 3857 1099 juxta

2266 1137 2421 1189 quem
2453 1134 2596 1177 esset
2628 1124 2741 1193 ipse
2766 1125 2921 1180 Iesus
2952 1125 3216 1191 Christus,
3248 1134 3302 1180 et
3330 1140 3527 1189 rursu.
3544 1125 3710 1178 alium
3738 1124 3857 1177 δεμ

2265 1222 2522 1277 vatorem,
2548 1215 2698 1283 cujus
2728 1230 2848 1271 esse
2885 1217 3151 1271 diceretur
3194 1216 3333 1271 idem
3366 1217 3549 1270 homo.
3575 1215 3769 1269 Denuo
3800 1216 3853 1267 in

2266 1305 2450 1357 eadem
2469 1306 2693 1373 epistola
2717 1307 2885 1374 :cEst,
2901 1309 3090 1377 inquit,
3114 1309 3339 1377 Spiritus
3360 1309 3854 1362 vitassanctuscnm

2270 1394 2423 1450 Patre
2451 1406 2503 1448 ct
2526 1397 2662 1453 Filio
2688 1400 2737 1452 in
2765 1400 2988 1469 singulis
3014 1404 3387 1469 prophetarum
3415 1417 3507 1470 per
3542 1400 3854 1470 generatio-

2268 1505 2360 1543 nes
2393 1492 2679 1559 transiens,
2712 1493 2798 1563 qui
2826 1494 3023 1549 indicat
3052 1511 3170 1562 quae
3197 1504 3354 1551 erunt
3384 1503 3435 1550 et
3456 1510 3573 1563 quae
3603 1495 3850 1559 fuerunt,

2268 1581 2467 1637 habens
2507 1585 2689 1638 oculos
2720 1594 2841 1640 ante
2870 1596 2923 1640 et
2967 1596 3108 1654 post,
3137 1587 3235 1641 hoc
3276 1594 3378 1653 est,
3409 1588 3547 1642 sicut
3588 1587 3849 1649 diximus,

2266 1672 2538 1727 scientiam
2563 1675 2856 1730 futurorum
2875 1686 3031 1746 atque
3050 1678 3464 1746 praeteritorum,
3485 1691 3605 1746 quae
3626 1677 3684 1730 in
3707 1677 3849 1731 Salo-

2266 1778 2422 1817 mone
2454 1774 2634 1818 narrat
2674 1782 2742 1820 ex
2790 1780 3015 1833 persona
3062 1767 3155 1821 ﬁlii
3189 1767 3418 1821 hominis
3465 1782 3529 1821 ex
3576 1766 3765 1830 Maria,
3795 1773 3848 1817 et

586 1856 897 1909 auctoritate
918 1855 1174 1908 adversus
1209 1854 1590 1931 Apolinaristas
1620 1852 1849 1920 suscepit
1894 1851 2158 1916 Ecclesia,
2196 1839 2236 1896 Β
2267 1853 2383 1906 Filii
2420 1854 2509 1907 Dei
2539 1855 2715 1919 Verbi,
2743 1857 2882 1925 quod
2913 1858 2978 1911 ab
3008 1857 3160 1911 initio
3189 1865 3304 1911 erat
3332 1856 3469 1926 aput!
3504 1856 3719 1910 Patrem
3755 1873 3768 1907 :
3796 1864 3846 1909 et

589 1954 646 1998 ut
694 1961 757 1999 ex
790 1945 877 1998 illa
914 1944 1103 1998 hzeresi
1135 1944 1384 1997 conversi
1432 1958 1525 1995 sua
1574 1942 1964 2005 subscriptione
2004 1942 2073 1995 ita
2104 1957 2164 1996 se

586 2049 775 2101 sapere
806 2034 1115 2087 faterentur.
1148 2033 1300 2087 Unde
1336 2047 1617 2088 successor
1647 2032 1885 2101 ejusdem
1930 2032 2164 2086 Athana-

588 2126 652 2180 sii
684 2126 894 2187 Petrus,
922 2126 1161 2180 scribens
1194 2125 1257 2178 ad
1302 2126 1601 2194 episcopos,
1636 2126 1977 2195 presbyteros
2004 2134 2163 2193 atque

591 2218 847 2273 diaconos
890 2220 978 2288 qui
1008 2220 1105 2272 sub
1138 2219 1360 2273 Valente
1409 2208 1733 2298 imperatore
1778 2220 2162 2274 Diocmsaream

588 2307 796 2363 fuerant
834 2312 1046 2365 exsules
1077 2296 1246 2375 missi,
1282 2330 1299 2362 ‹
1335 2296 1597 2365 εἰηὰῡθο
1625 2313 1819 2380 quippe
1844 2322 1943 2375 est,
1973 2313 2162 2381 inquit,

587 2410 640 2456 et
661 2403 711 2456 in
742 2404 988 2457 omnibus
1015 2404 1299 2471 reprobus,
1332 2404 1419 2471 qui
1449 2418 1555 2456 non
1586 2404 1871 2458 confitetur
1899 2406 2161 2474 integrum

585 2491 856 2547 hominem
884 2489 1117 2548 saivasse
1147 2494 1376 2548 adventu
1406 2509 1503 2547 suo
1529 2493 1882 2548 Salvatorem.
1918 2495 1985 2549 Et
2006 2497 2048 2549 si
2078 2507 2162 2551 to-

585 2590 693 2636 tum
719 2584 903 2645 salvat,
930 2593 1095 2638 totum
1130 2585 1441 2652 assumpsit,
1477 2600 1580 2638 non
1614 2584 1666 2637 in
1706 2584 2032 2653 adjutorium
2060 2589 2164 2642 sal-

583 2672 829 2737 vationis,
860 2674 949 2728 sed
993 2674 1058 2729 ad
1090 2674 1250 2729 totius
1273 2676 1638 2730 salvationem.
1673 2676 1857 2731 Nullus
1900 2692 2027 2747 ergo
2077 2681 2163 2748 pie

584 2781 642 2818 se
671 2780 858 2833 sapere
884 2767 1198 2820 existimans
1247 2767 1476 2821 infidelis
1505 2769 1671 2832 magis
1699 2770 1909 2823 existat.
1946 2770 2001 2822 Si
2033 2786 2162 2825 vero

581 2868 820 2921 quaerere
860 2855 1057 2919 studet,
1086 2856 1254 2910 discat
1304 2872 1367 2911 ex
1409 2857 1633 2925 epistola
1672 2874 1827 2926 quam
1874 2861 1939 2913 ad
1971 2861 2159 2914 Antio-

578 2945 775 2998 ehenos
803 2946 970 2999 beatae
998 2948 1268 3000 memoria:
1296 2948 1578 3017 cpiscOpus
1608 2950 1930 3005 Athanasius
1952 2953 2159 3021 scribit,

579 3038 666 3092 ubi
697 3038 874 3092 omnia
913 3038 1195 3108 diligenter
1222 3040 1462 3108 exponit,
1493 3054 1649 3109 quam
1697 3040 1875 3110 legere
1905 3042 2163 3112 incipien-

577 3135 658 3183 tes
686 3127 988 3193 orthodoxi,
1018 3137 1070 3183 et
1098 3129 1168 3182 ita
1199 3144 1389 3198 sapere
1435 3139 1490 3186 et
1537 3130 1919 3201 subscripsisse
1965 3135 2162 3189 confir-

2267 1942 2397 1995 duas
2423 1960 2679 2011 personas
2701 1946 3023 2014 signiﬁcans,
3056 1949 3123 2003 de
3152 1948 3365 2002 homine
3394 1946 3607 2015 quidem
3633 1962 3707 2000 ex
3736 1945 3843 1999 Ma-

2267 2036 2342 2087 ria
2372 2045 2551 2089 creato
2578 2045 2632 2090 et
2675 2038 2953 2104 plasmate,
2983 2039 3051 2094 de
3080 2039 3173 2093 illo
3216 2054 3343 2093 vero
3368 2039 3455 2107 qui
3494 2046 3619 2091 ante
3648 2036 3843 2091 smcula

2268 2134 2345 2178 est
2394 2126 2509 2179 sine
2544 2127 2823 2196 principio,
2865 2138 2921 2183 et
2972 2139 3184 2185 αξιοι-πω
3240 2130 3547 2183 nativitatis.
3579 2128 3841 2193 Quoniam

2266 2232 2393 2283 ergo
2420 2219 2704 2272 verborum
2736 2222 3065 2289 seductores,
3094 2232 3148 2277 et
3175 2239 3279 2277 non
3313 2223 3503 2277 eruditi
3530 2223 3725 2291 spiritu
3754 2222 3843 2273 oh-

2266 2317 2540 2363 servantes
2588 2325 2772 2366 errare
2807 2313 2997 2367 iaciant
3046 2313 3306 2375 indoctos,
3332 2313 3590 2375 dicentes,
3635 2327 3663 2365 a
3714 2326 3841 2378 qua-

2266 2399 2563 2469 dringentis
2590 2402 2745 2457 annis
2765 2412 2845 2457 est
2869 2404 3108 2471 operatio
3129 2404 3368 2472 corporis
3392 2404 3627 2467 Domini,
3645 2412 3702 2457 et
3723 2419 3841 2472 quo-

2266 2494 2425 2545 modo
2459 2492 2510 2545 in
2538 2508 2658 2547 eum
2689 2494 2902 2563 quidam
2928 2493 3169 2548 referunt
3191 2493 3331 2562 quod
3354 2493 3553 2547 dictum
3586 2502 3669 2547 est
3696 2513 3710 2545 :
3742 2493 3841 2547 Do-

2265 2583 2432 2635 minus
2453 2585 2638 2636 creavit
2681 2600 2760 2637 me
2786 2585 3087 2653 principium
3116 2586 3308 2637 viarum
3337 2601 3545 2637 suarum
3592 2585 3645 2637 in
3695 2601 3841 2649 opera

2263 2677 2375 2743 ejus
2402 2672 2582 2741 (Prov.
2614 2688 2727 2739 vtu,
2749 2673 2865 2743 22),
2888 2690 3007 2729 cum
3030 2676 3168 2729 dicat
3189 2676 3459 2743 Scriptura
3482 2684 3608 2729 ante
3636 2686 3840 2731 montes

2263 2772 2317 2816 et
2355 2763 2540 2827 colles,
2572 2772 2695 2817 ante
2734 2762 2910 2818 fontes
2936 2773 2990 2819 et
3017 2774 3141 2819 ante
3170 2766 3420 2820 sacculum
3450 2775 3760 2835 generatum
3791 2775 3840 2821 et

2262 2854 2533 2906 creatum?
2557 2854 2681 2908 Haec
2696 2854 2933 2909 dicentes
2954 2871 2982 2908 a
3004 2856 3318 2926 quihusdam
3344 2857 3542 2911 laudari
3567 2867 3837 2927 putantur,

2263 2960 2367 2998 non
2397 2944 2693 2999 dividentes
2704 2960 2821 3015 qua:
2846 2960 3068 3014 persona
3094 2948 3403 3016 prophetico
3425 2949 3614 3017 spiritu
3637 2948 3704 3003 de
3725 2963 3838 3002 cor-

2222 3084 2231 3091 .
2262 3050 2389 3104 pore
2434 3036 2641 3090 Domini
2672 3036 2891 3103 clamat,
2918 3047 2972 3093 et
2998 3053 3116 3107 quae
3149 3038 3219 3093 de
3247 3048 3443 3094 aeterna
3471 3041 3589 3106 ejus
3625 3054 3654 3092 a
3685 3040 3837 3095 Patre

2260 3129 2603 3196 generatione
2628 3128 2804 3183 docet.
2844 3147 2864 3182 ι
2899 3129 3036 3184 Sunt
3063 3130 3227 3184 multa
3258 3130 3453 3187 similia
3501 3133 3555 3185 in
3602 3132 3703 3186 hac
3731 3133 3836 3202 epi-

575 3229 737 3276 tuant.
792 3240 808 3272 ι
853 3221 910 3274 in
939 3221 1124 3276 eadem
1156 3236 1281 3289 ergo
1331 3222 1394 3276 ad
1436 3223 1796 3277 Antiochenos
1828 3225 2075 3292 epistola,
2104 3229 2155 3281 in
2188 3222 2230 3283 C
2262 3224 2396 3274 Slola
2440 3235 2557 3290 (illa!
2606 3221 2859 3276 adversus
2908 3222 3294 3291 Apoliuaristas
3342 3223 3480 3278 dicta
3538 3224 3834 3279 NeSIOriani

575 3326 676 3378 qua
716 3313 889 3367 beatae
917 3313 1190 3366 memoria:
1230 3314 1537 3381 episcopum
1570 3315 1915 3369 Athanasium
1945 3331 2159 3371 succes-

576 3418 665 3457 sor
685 3404 801 3472 ejus
823 3404 1012 3458 Petrus
1039 3405 1215 3459 omnia
1234 3404 1514 3474 diligenter
1533 3423 1594 3461 ex
1605 3410 1845 3475 posmsse
1864 3409 2152 3475 perhibuit,

576 3493 677 3545 hoc
714 3507 925 3561 quoque
948 3493 1252 3547 continetur
1283 3511 1294 3546 :
1326 3493 1479 3549 Iesus
1507 3495 1739 3550 Christus
1770 3500 1879 3551 lteri
1906 3508 1953 3553 et
1983 3488 2155 3568 hodie,

575 3585 682 3649 ipse
710 3586 833 3637 etin
858 3586 1041 3637 alecula
1071 3585 1255 3656 (Hebr.
1295 3602 1409 3654 xm,
1443 3585 1519 3655 8).
1558 3606 1577 3639 ι
1610 3588 1736 3643 ileri
1769 3591 1980 3659 quidem
2031 3602 2155 3648 ante

574 3675 770 3728 saecula
801 3675 1278 3745 sempiternitatem
1319 3678 1618 3747 signiﬁcat;
1653 3680 1809 3735 hodie
1839 3691 2013 3737 autem
2043 3693 2152 3739 ter-

572 3780 756 3819 renum
780 3768 1065 3835 szeeulum;
1092 3769 1144 3824 in
1170 3771 1361 3825 sarcula
1378 3785 1526 3836 vero,
1552 3782 1669 3840 post
1693 3774 1969 3828 transitum
1995 3775 2151 3844 hujus

572 3856 712 3911 vitae.
741 3857 899 3914 Iesus
927 3860 1174 3916 Christus
1214 3870 1415 3930 autem,
1441 3863 1530 3931 qui
1557 3861 1705 3931 juxta
1738 3865 2006 3920 hominem
2044 3866 2153 3921 sal-

568 3949 766 4003 vatoris
794 3951 1130 4020 intelligitur,
1158 3966 1262 4006 non
1283 3961 1366 4007 est
1392 3952 1503 4020 ipse
1528 3972 1540 4006 :
1566 3954 1652 4022 qui
1673 3956 1811 4008 enim
1839 3967 2147 4023 provectum

568 4040 741 4091 :ctatis
758 4042 1010 4110 suscepit,
1029 4042 1312 4112 aliquando
1330 4042 1501 4096 infans
1522 4044 1776 4105 existens.
1793 4047 2146 4114 etaliquando

568 4130 651 4183 vir
678 4130 937 4200 incipiens
962 4132 1111 4201 quasi
1141 4147 1401 4186 annorum
1432 4133 1524 4197 30,
1556 4135 1691 4187 sicut
1715 4134 1787 4188 ait
1816 4134 2008 4202 Lucas,
2039 4152 2144 4191 non

568 4229 743 4288 potest
785 4223 899 4292 ipse
942 4238 1083 4279 esse.
1140 4243 1160 4276 ι
1203 4223 1478 4290 Quomodo
1508 4223 1684 4293 itaque
1710 4224 1994 4281 Theodoro
2018 4243 2147 4283 con-

564 4314 815 4371 demnato
838 4332 943 4373 non
963 4319 1122 4373 etiam
1148 4318 1470 4373 Athanasius
1500 4328 1800 4383 accusetur,
1825 4319 1975 4388 quasi
2006 4320 2141 4376 duos

562 4407 738 4473 Iesus,
771 4419 826 4463 et
866 4410 999 4464 duos
1027 4411 1269 4465 Christos
1307 4411 1586 4482 docuerit;
1634 4411 1758 4479 quia
1796 4412 2024 4479 primum
2058 4414 2135 4467 lo-

562 4513 733 4565 quens
762 4499 827 4553 de
857 4499 978 4553 Iesu
1017 4500 1249 4565 Christo,
1277 4496 1371 4569 qui
1411 4509 1493 4555 est
1532 4500 1644 4555 heri
1675 4510 1730 4556 et
1760 4501 1918 4558 hodie
1959 4504 2010 4557 in
2040 4518 2143 4557 saa-

2258 3324 2469 3378 quoque
2499 3311 2549 3364 in
2576 3311 2922 3366 assertionem
2950 3313 3030 3366 sui
3053 3313 3252 3368 erroris
3278 3322 3572 3369 assumant.
3598 3314 3707 3369 Sed
3734 3331 3832 3370 non

2258 3400 2379 3455 ideo
2399 3401 2720 3457 Athanasius
2740 3414 2831 3459 aut
2859 3405 2974 3474 ejus
3004 3405 3242 3460 doctrina
3272 3406 3573 3461 damnanda
3604 3418 3710 3463 est.
3742 3408 3831 3478 lgi-

2257 3501 2343 3547 tur
2372 3509 2471 3548 nec
2500 3494 2815 3551 Theodorus
2856 3510 2948 3552 aut
2984 3499 3102 3567 ejus
3141 3500 3381 3554 doctrina
3421 3500 3544 3554 ideo
3569 3501 3779 3556 dicatur
3804 3519 3828 3556 a

2254 3583 2460 3654 synodo
2483 3584 2732 3641 debuisse
2761 3586 3021 3642 damnari.
3060 3587 3163 3643 Sed
3200 3588 3267 3643 ad
3297 3589 3398 3642 alia
3434 3587 3554 3657 ejus
3582 3592 3829 3658 opuscula

2254 3674 2484 3729 transire
2513 3674 2829 3745 delegimus.
2854 3678 2989 3733 Dicit
3018 3678 3196 3749 itaque
3221 3679 3361 3734 idem
3382 3679 3571 3736 beatus
3602 3681 3828 3736 Athana-

2253 3769 2363 3824 sius
2404 3771 2455 3825 in
2486 3772 2819 3840 expositione
2846 3771 3073 3843 symboli
3115 3782 3139 3811 ⁸
3185 3790 3200 3825 :
3245 3792 3265 3825 ί
3310 3773 3410 3840 Qui
3441 3774 3493 3827 in
3528 3774 3639 3828 ﬁne
3663 3789 3827 3829 saecu-

2251 3861 2424 3917 lorum
2469 3862 2801 3919 descendens
2842 3879 2907 3917 ex
2935 3865 3055 3918 sinu
3095 3863 3267 3919 Patris
3297 3868 3316 3888 ⁶
3337 3905 3351 3929 ,
3382 3881 3447 3919 ex
3493 3866 3827 3920 immaculata

2250 3950 2467 4021 Virgine
2495 3952 2653 4006 Maria
2702 3961 2942 4008 nostrum
2990 3954 3278 4022 assumpsit
3326 3954 3599 4009 hominem
3649 3955 3825 4010 Iesum

2250 4041 2538 4106 Christum,
2559 4058 2715 4112 quem
2752 4058 2844 4111 pro
2866 4044 3019 4098 nobis
3047 4045 3275 4113 passioni
3296 4044 3546 4110 tradidit;
3576 4065 3595 4098 ι
3628 4056 3684 4100 et
3714 4054 3826 4116 post

2249 4145 2435 4199 pauca,
2452 4149 2471 4181 ι
2498 4131 2817 4199 Principium
2842 4133 3045 4187 viarum
3067 4132 3313 4188 conditus
3335 4133 3487 4188 nobis
3501 4136 3649 4189 estin
3665 4144 3822 4200 terra,

2246 4234 2376 4288 quas
2414 4220 2458 4242 “
2496 4220 2651 4275 nobis
2690 4220 3007 4276 ostenditde
3031 4222 3262 4277 tenebris
3284 4223 3735 4287 lumen,salutem
3759 4240 3822 4281 ex

2246 4326 2449 4378 errore,
2477 4310 2637 4365 vitam
2668 4326 2732 4366 ex
2757 4313 2999 4380 mortuis,
3026 4314 3300 4368 introitum
3330 4314 3396 4369 ad
3426 4315 3733 4383 paradisum
3759 4315 3821 4370 de

2242 4416 2349 4470 quo
2365 4400 2615 4456 exclusus
2640 4410 2722 4456 est
2748 4401 2915 4455 Adam
2942 4420 2955 4467 ;
3000 4402 3053 4457 in
3074 4418 3233 4473 quem
3263 4404 3453 4460 iterum
3479 4406 3705 4459 intravit
3732 4421 3823 4474 per

2244 4494 2525 4560 latronem,
2541 4494 2672 4547 sicut
2692 4493 2824 4547 dixit
2839 4493 3119 4549 Dominus:
3140 4493 3312 4550 Hodie
3324 4512 3521 4549 mecum
3549 4497 3651 4549 eris
3672 4498 3725 4550 in
3740 4514 3821 4565 pa'

562 4588 702 4653 cuia,
731 4600 910 4657 postea
941 4591 1071 4644 dixit
1106 4591 1225 4659 quia
1253 4589 1407 4646 Iesus
1441 4591 1705 4657 Christus,
1733 4592 1821 4659 qui
1862 4592 2010 4661 juxta
2044 4594 2140 4649 ho-

2256 4585 2418 4637 rediso
2436 4584 2584 4655 (Luc.
2606 4598 2755 4649 χχιιι,
2778 4583 2867 4653 45)
2888 4602 2901 4650 ;
2924 4600 3032 4653 quo
3057 4594 3111 4640 et
3144 4585 3339 4641 Paulus
3359 4587 3604 4653 intravit,
3638 4602 3822 4641 ascen.

564 4680 764 4739 minem
794 4681 1074 4736 salvatoris
1116 4680 1444 4751 intelligitur,
1479 4697 1585 4736 non
1614 4691 1694 4737 est
1720 4682 1855 4751 ipse,
1887 4693 1942 4738 et
1969 4685 2135 4738 ratio-

566 4785 688 4826 nem
717 4770 933 4840 subiicit
972 4786 1068 4826 cur
1094 4773 1207 4841 ipse
1236 4786 1353 4827 esse
1382 4788 1488 4827 non
1516 4775 1720 4841 possit?
1748 4778 2061 4844 Quanquam
2093 4776 2137 4830 si

563 4904 693 4982 duas
711 4913 923 4982 naturas
943 4904 1318 4982 perfc_ct_as,iva
1340 4905 1407 4982 εἷς
1476 4910 1538 4982 τᾴ
1559 4908 1788 4982 ἑκάτερα.)
1804 4911 2134 4982 τέλειος-κᾳτά

560 4975 752 5041 πάντα,
783 4980 906 5037 Θεὸς
947 4975 1023 5031 uati
1069 4975 1325 5045 ἄνθρωπος
1355 4978 1550 5038 ὁαύτός
1584 4995 1597 5030 :
1630 4975 1746 5043 qua:
1777 4980 1939 5045 ipsius
1970 4980 2136 5033 Atha-

561 5046 895 5122 nasiiverha
943 5058 1064 5100 sunt
1113 5046 1569 5103 libroradversus
1621 5048 1983 5117 Apolinarium
2014 5053 2132 5122 περὶ

562 5120 867 5191 σαρκῲσεῳς
895 5127 1140 5191 Χριστοῦ.

633 5184 659 5223 λι
695 5184 1184 5249 Ἐκθεσις’πίστεως
1229 5189 1534 5242 inscribitur
1579 5187 1716 5255 apud
1760 5187 2128 5242 Athanasium.

560 5255 614 5309 in
639 5257 758 5327 hac,
784 5268 841 5311 ut
864 5260 913 5310 in
939 5258 1057 5327 aliis
1078 5274 1240 5327 saepe.
1258 5258 1448 5311 vitioso
1472 5272 1599 5311 usus
1621 5267 1702 5311 est
1730 5260 2019 5325 interprete
2038 5258 2136 5311 Fa-

558 5326 782 5400 cundus,
809 5328 898 5400 qui
934 5326 1000 5382 ὧν
1049 5326 1169 5396 pro,
1197 5330 1261 5383 ὥν
1316 5328 1596 5400 legerat_in
1648 5328 1752 5400 illis
1783 5328 1958 5400 verbis
1985 5331 2131 5400 ᾀρχή

554 5392 680 5447 ὁδῶν
707 5392 923 5473 ιςςιᾳθεξς
942 5392 1087 5473 nuit},
1123 5401 1171 5451 ἐν
1277 5406 1340 5469 γῇ
1370 5392 1455 5473 δ’)γῖ
1488 5397 1669 5459 ἔδειξεν
1694 5399 1807 5466 ἡμῖν
1835 5398 1895 5473 ἐκ⁸
1915 5392 2129 5473 naida);

556 5472 677 5534 φῶς.
720 5464 1038 5535 Principium
1084 5464 1478 5521 viaru'm'uobis
1509 5472 1695 5536 factus,
1726 5464 1839 5518 cum
1878 5467 1931 5519 in
1982 5468 2129 5521 terris

625 5595 639 5627 ¹
683 5594 818 5650 Cod.
846 5598 1071 5667 Veron.,
1100 5601 1327 5653 eruditus
1354 5600 1634 5669 apostolus,
1668 5609 1711 5651 et
1729 5597 1876 5667 legis.

2244 4692 2361 4729 sum
2389 4676 2441 4730 in
2477 4676 2693 4742 caelum,
2723 4692 2825 4741 quo
2870 4691 3165 4745 praecursor
3213 4692 3311 4747 pro
3338 4678 3494 4733 nobis
3548 4680 3819 4747 ingressus

2243 4775 2325 4821 est
2364 4766 2661 4821 dominicus
2691 4766 2852 4821 homo
2880 4764 3012 4835 1t,eiu
3044 4782 3150 4837 quo
3184 4766 3517 4837 judicaturus
3547 4779 3633 4826 est
3670 4771 3816 4826 vivos

2242 4914 2540 4970 versaretur,
2560 4902 2717 4955 lucem
2757 4904 2899 4958 nobis
2926 4905 2989 4959 de
3018 4903 3229 4957 tenebris
3256 4904 3501 4957 exhibuit.

2312 4972 2336 5011 ι’
2379 4976 2620 5049 nupturam:
2656 4971 2938 5049 ἆχβρῳπος.
2992 4973 3297 5049 Hominem
3327 4974 3656 5049 dominicum
3711 4975 3815 5049 dici

2242 5044 2416 5108 aliqua
2448 5042 2649 5097 iatione
2677 5042 2945 5097 Christum
2972 5058 3126 5111 posse
3148 5058 3252 5097 non
3284 5044 3545 5097 iuticiatur
3571 5044 3812 5111 Augusti-

2242 5130 2360 5178 nus,
2390 5114 2499 5177 ipse
2526 5122 2699 5166 tamen
2725 5114 3003 5181 aliquando
3031 5128 3059 5165 a
3081 5128 3140 5167 se
3161 5113 3355 5167 dictum
3380 5123 3633 5168 retractat
3660 5113 3751 5166 lib.
3771 5130 3809 5177 ι,

2239 5184 2451 5247 cap.19,
2467 5198 2585 5236 cum
2601 5184 2667 5236 sit
2681 5184 2856 5251 utique
2876 5184 3147 5237 Dominus.
3162 5184 3329 5247 Quam
3343 5185 3503 5236 etiam
3521 5184 3808 5237 obfcausam

2241 5253 2645 5318 Apoliuaristas,
2702 5254 2839 5320 quod
2872 5255 2940 5307 ita
2975 5254 3117 5321 loqui
3147 5255 3401 5315 siderent,
3432 5254 3653 5319 castigat
3677 5253 3808 5307 Gre-

2237 5323 2413 5387 gorius
2444 5321 2808 5377 Nazianzenus
2838 5324 2992 5390 epist.
3025 5324 3049 5375 1
3085 5322 3151 5375 ad
3182 5321 3494 5377 Cledonium
3530 5342 3543 5374 :
3570 5332 3646 5382 uti
3677 5326 3805 5377 ἁπαο

2237 5394 2488 5466 socratam,
2518 5393 2706 5466 inquit,
2749 5394 2794 5446 oi
2821 5391 3094 5466 ἅνθρωποι,
3137 5392 3263 5466 μηδέ
3291 5395 3693 5466 ἀπατάσθωᾳαν,
3727 5390 3807 5445 ἆν-

2236 5464 2432 5537 θρωπον
2456 5461 2599 5517 ἄνουν
2635 5461 3011 5535 δεχόμενοίτὸν
3035 5461 3284 5539 nupturis,
3313 5466 3381 5524 ὡς
3416 5466 3559 5519 αὐτοὶ
3584 5464 3801 5536 λέγουσι’

2302 5596 2321 5624 ²
2362 5591 2501 5648 idem
2540 5594 2687 5659 cod.,
2717 5604 2831 5647 aute
2860 5594 3050 5647 omnia.

624 5710 641 5778 ξ
679 5705 805 5778 lirec
842 5716 1057 5763 exstant
1085 5710 1221 5778 apud
1252 5710 1599 5765 Athanasium
1638 5720 1766 5763 tom.
1803 5708 1841 5773 1,
1876 5722 1993 5777 pag.
2027 5707 2118 5774 99,
2225 5706 2409 5759 conius
2427 5705 2711 5778 legendum
2736 5705 3020 5773 conjicitiu
3045 5714 3195 5767 terra,
3221 5721 3272 5759 IN
3288 5721 3413 5778 om.
3440 5705 3621 5778 Graeca
3646 5714 3795 5758 sunt:

710 5776 815 5864 PB.
837 5847 851 5864 ι
885 5848 903 5864 Α
925 5847 960 5864 Α
1270 5853 1305 5864 η
1327 5852 1339 5864 _
1360 5850 1376 5864 _
1580 5850 1672 5864 ΜΛ
1762 5848 1778 5864 ⁸
1802 5850 1813 5861 υ
1848 5774 1892 5864 ’ἐ
1948 5774 2021 5864 Ἀ
2072 5862 2080 5864 ᾇ
2222 5778 2365 5864 ἀρχή
2396 5775 2542 5843 ¹ὁδῶν
2585 5778 2804 5840 κτισοείς
2834 5778 2992 5847 ἡμῶν,
3022 5778 3072 5832 ἐν
3094 5784 3156 5850 τῇ
3176 5786 3239 5853 γῇ
3270 5776 3356 5847 ὢν,
3382 5780 3497 5850 ἡμῖν
3526 5776 3725 5844 ἔδειξεν,
3747 5796 3795 5831 κ.

616 5846 665 5929 ς·
698 5846 852 5920 Apud
872 5847 1240 5921 Athanasium,
1269 5850 1696 5924 ibid.,pag.100,
1728 5848 1819 5907 ubi
1847 5847 2161 5937 Montiau-H
2220 5846 2273 5903 τι
2294 5846 2342 5901 λ.
