4104 6360
141 900 193 1107 l

220 229 336 289 80!

223 355 288 405 et
331 349 596 401 mortuos.
635 360 656 396 ι
699 341 769 399 Et
804 347 928 412 post
974 338 1243 410 aliquanta
1291 357 1305 392 :

225 440 316 496 lus
360 454 480 509 qua:
511 436 668 492 nobis
697 435 913 491 condita
942 444 1024 490 est
1052 433 1118 489 ad
1151 433 1533 504 plantationem
1564 440 1827 496 nostram,

225 548 376 592 nova
406 542 490 589 est
515 539 570 587 et
596 546 703 586 non
734 540 907 595 vetus,
938 528 1095 584 nobis
1124 536 1178 583 et
1202 542 1309 582 non
1335 527 1413 582 eis
1437 526 1527 596 qui
1559 533 1684 580 ante
1712 540 1831 590 nos,

224 627 391 683 Jesus
416 625 508 694 qui
560 624 579 656 ⁸
627 624 783 694 juxta
830 622 1151 677 salvatorem
1201 619 1373 675 factus
1403 628 1486 674 est
1536 619 1716 684 homo,
1747 617 1836 687 qui

228 721 621 788 interpretatur
653 722 838 785 pastor
866 723 913 781 ιι,
946 713 1110 781 salus,
1139 711 1407 767 interdum
1453 710 1613 766 etiam
1653 708 1835 764 salva-

233 818 344 865 tor.
388 827 407 862 ι
450 806 856 864 Calumnientur
895 804 1057 875 igitur
1088 813 1142 859 et
1183 803 1327 868 huic,
1357 809 1610 871 tanquam
1640 813 1834 854 secun-

234 903 365 958 dum
396 900 699 957 Nestorium
744 898 970 952 alterum
1001 895 1199 951 dicenti
1226 893 1423 949 Filium
1452 892 1568 958 Dei,
1606 890 1835 945 alterum

231 1007 367 1047 vero
415 1000 659 1047 nostrum
692 989 966 1043 hominem
998 986 1182 1041 Jesum
1213 984 1486 1040 Christum
1520 1000 1532 1035 :
1567 982 1689 1051 quia
1722 994 1830 1036 non

233 1083 311 1139 ait
352 1083 544 1139 Filium
578 1081 673 1136 Dei
700 1079 1046 1149 semetipsum
1076 1077 1361 1132 tradidisse
1390 1091 1486 1145 pro
1517 1072 1694 1139 nobis,
1726 1073 1834 1127 sic-

235 1182 295 1227 ut
338 1172 625 1244 Apostolus
675 1170 865 1237 dixit;l
894 1168 988 1223 sed
1019 1169 1194 1237 potius
1243 1168 1367 1237 quia
1416 1165 1582 1220 Filius
1610 1166 1835 1220 descen-

186 1274 199 1296 ‘
237 1266 373 1321 dens
401 1281 468 1318 ex
492 1263 610 1317 sinu
646 1262 820 1316 Patris
847 1259 1140 1327 assumpsit
1166 1267 1410 1313 nostrum
1440 1255 1711 1311 hominem
1741 1256 1832 1311 Je-

186 1342 204 1396 ί
236 1371 360 1411 sum
411 1353 731 1409 Christum:
766 1354 962 1423 quem?
1013 1352 1115 1407 hoc
1162 1351 1305 1422 quod
1352 1350 1426 1404 ait
1468 1353 1488 1382 ³
1531 1348 1837 1407 dominicus

236 1450 424 1515 homo,
451 1450 503 1503 in
527 1462 632 1518 quo
655 1445 989 1516 iudicaturus
1016 1454 1099 1500 cst
1123 1444 1279 1499 vivos
1301 1453 1355 1498 et
1381 1450 1620 1497 mortuos
1638 1482 1652 1506 ,
1683 1442 1835 1511 quasi

236 1543 399 1598 devio
430 1556 590 1596 sensu
617 1541 845 1595 alterum
877 1537 1143 1609 putaverit
1173 1536 1461 1592 Dominum
1492 1535 1708 1601 Filium,
1741 1537 1833 1605 qui

234 1634 571 1703 jndicaturus
594 1632 837 1686 estvivos
855 1638 1195 1693 etmortuos;
1226 1627 1453 1682 alterum
1484 1641 1613 1681 vero
1653 1625 1830 1680 domi-

1090 222 1228 281 PRO
1263 220 1696 281 DEFENSIONE
1740 221 1959 281 TRIUM
1996 222 2311 283 CAPITUL.
2356 223 2488 282 LIB.
2530 224 2627 283 XI.

3416 231 3525 291 802

1353 357 1375 391 α
1420 340 1440 360 '
1472 338 1547 393 Ea
1577 353 1705 394 vero
1734 353 1819 394 sa-
1846 342 1901 402 Α
1927 358 2030 417 qna
2077 343 2284 400 ratione
2327 343 2431 399 sub
2468 342 2814 401 anathemate
2840 346 3204 404 condemnato
3232 346 3524 410 Theodoro

1938 436 2160 506 ejusque
2206 435 2571 505 dogmatibus,
2610 436 2893 494 Athanasii
2936 440 3107 510 possit
3135 440 3378 498 doctrina
3423 444 3523 501 de-

1939 527 2105 595 fendi,
2137 527 2183 581 si
2220 526 2514 581 secundum
2553 527 2842 584 verborum
2885 544 3072 599 sonos,
3105 540 3159 587 et
3186 548 3295 589 non
3334 549 3526 591 secun-

1939 619 2066 674 dum
2092 618 2285 673 mentis
2316 616 2668 674 intentionem
2706 619 2997 689 iudicanda
3035 632 3159 679 sunt
3187 624 3327 679 dicta
3354 626 3525 695 majo-

1938 712 2093 768 rum?
2128 721 2181 767 et
2212 710 2442 766 doceant
2472 725 2591 780 quae
2631 712 2855 769 mutatio
2896 716 2950 769 in
2978 714 3194 771 homine
3223 716 3353 772 Jesu
3387 714 3526 772 facta

1940 814 2044 875 est,
2070 820 2176 860 non
2206 804 2425 859 mutatis
2451 805 2734 872 essentiis;
2758 807 2842 861 vel
2867 820 2988 876 qua:
3009 808 3063 863 in
3088 808 3178 863 illo
3199 809 3373 864 studia
3396 809 3526 879 ipsis

1939 898 2285 954 manentibus
2326 896 2578 953 essentiis
2622 912 2731 953 non
2775 911 3107 956 manserunt.
3156 902 3283 957 Haec
3310 903 3451 957 enim
3482 901 3527 956 si

1940 989 2255 1045 Theodorus
2298 988 2631 1045 inveniretur
2670 989 2895 1057 dixisse,
2924 992 3001 1046 sic
3030 1008 3151 1047 eum
3194 993 3527 1049 detestaren-

1939 1087 2047 1147 tur,
2077 1079 2230 1150 quasi
2274 1078 2549 1133 Christum
2578 1094 2607 1133 a
2640 1079 2901 1148 pravitate
2931 1081 3055 1134 vitaz
3080 1090 3137 1136 et
3166 1096 3196 1135 a
3225 1082 3383 1136 malis
3410 1092 3527 1137 stu-

1943 1173 2050 1229 diis
2080 1175 2146 1228 ad
2178 1173 2405 1228 meliora
2434 1172 2609 1228 studia
2640 1173 2988 1243 praedicasset
3016 1190 3138 1231 esse
3165 1190 3487 1231 conversum
3513 1194 3524 1229 :

1939 1265 2083 1336 quod
2106 1265 2432 1321 Athanasius
2464 1265 2708 1336 profecto
2732 1281 2840 1321 non
2866 1267 3056 1334 sensit,
3074 1277 3130 1323 et
3154 1267 3295 1322 absit
3319 1283 3347 1321 a
3372 1268 3528 1322 nobis

1940 1369 2000 1415 ut
2042 1360 2144 1415 hoc
2186 1361 2335 1415 illum
2383 1360 2620 1415 sensisse
2669 1360 2974 1426 credamus,
3019 1360 3162 1431 quod
3209 1375 3315 1414 non
3356 1359 3530 1415 solum

1940 1450 2209 1522 personali
2231 1450 2518 1519 divisione,
2544 1450 2685 1505 sicut
2710 1449 3009 1517 Nestorius,
3047 1450 3317 1505 hominem
3349 1448 3531 1505 Jesum

1940 1557 1970 1597 a
2012 1542 2125 1598 Deo
2166 1541 2363 1607 Verbo,
2406 1556 2590 1596 verum
2642 1541 2805 1597 etiam
2850 1542 3039 1597 studiis
3080 1557 3187 1597 non
3235 1540 3393 1597 bouis
3430 1542 3529 1596 ali-

1940 1635 2155 1705 quando
2200 1640 2415 1703 putaret
2455 1632 2624 1688 fuisse
2668 1633 2941 1688 divisum!
2976 1634 3141 1689 Porro
3185 1642 3241 1688 et
3271 1633 3373 1688 hoc
3402 1633 3528 1687 ulti-

236 1723 417 1776 nicum
446 1722 738 1783 hominem,
766 1720 819 1772 in
842 1734 948 1787 quo
974 1718 1315 1788 judicaturus
1342 1727 1444 1772 est.
1478 1715 1827 1772 Calumnien-
1860 1728 1909 1789 Β
1937 1741 2106 1793 mum,
2151 1734 2206 1781 et,
2255 1726 2359 1780 alia
2389 1724 2547 1794 θείης
2594 1726 2875 1795 superiora
2919 1740 3041 1795 quae
3087 1726 3528 1790 memoravimus,

158 1876 167 1883 Α
236 1825 327 1868 tur
352 1814 511 1868 etiam
534 1814 677 1882 quod
708 1811 954 1867 similiter
982 1811 1077 1875 ait,
1105 1810 1263 1866 Jesus
1291 1819 1397 1875 est,
1425 1810 1515 1880 qui
1552 1808 1704 1879 juxta
1731 1809 1837 1862 sal-

236 1914 479 1962 vatorem
508 1905 678 1960 factus
708 1913 790 1960 est
820 1904 1002 1969 homo,
1033 1903 1278 1958 dicentes
1300 1902 1442 1972 quod
1469 1916 1533 1957 ex
1560 1916 1625 1957 eo
1652 1900 1838 1957 Jesum

239 2014 273 2053 a
315 1999 584 2055 salvatore
608 2004 615 2059 Ϊ
624 1999 890 2065 diviserit,
914 1997 1166 2068 quoniam
1192 2010 1315 2051 eum
1334 1995 1485 2064 juxta
1509 1994 1837 2049 salvatorem

239 2094 419 2163 potius
440 2108 601 2164 quam
639 2093 960 2148 salvatorem
987 2090 1142 2147 dixit.
1172 2087 1401 2158 Scripsit
1437 2087 1600 2143 etiam
1640 2086 1837 2141 librum

238 2192 427 2239 contra
472 2183 791 2240 Manichaeos
828 2181 880 2248 δ,
924 2183 1077 2251 cujus
1112 2180 1434 2253 principium
1478 2184 1607 2233 est:
1637 2174 1841 2231 Dissol-

240 2275 310 2328 vit
341 2290 563 2328 errorem
608 2275 812 2338 veritas,
858 2271 913 2326 iu
960 2286 1067 2341 quo
1114 2272 1193 2326 sic
1235 2270 1353 2325 ait:
1385 2288 1404 2321 ι
1430 2267 1656 2335 Quando
1694 2268 1838 2323 enim

241 2363 521 2420 hominem
567 2365 752 2419 Jesum
786 2363 966 2427 video,
999 2363 1242 2433 intelligo
1270 2360 1447 2431 qualis
1481 2367 1594 2425 est;
1626 2358 1839 2429 quando

242 2467 427 2513 autem
459 2457 681 2512 modum
712 2455 1082 2524 contemplor,
1110 2453 1351 2509 admiror
1378 2466 1554 2522 neque
1584 2465 1839 2521 agnosco,

243 2550 468 2604 mutatio
513 2549 711 2618 quippe
749 2545 1163 2601 admirationem
1194 2552 1433 2615 praestat.
1476 2541 1543 2596 Et
1583 2541 1839 2595 essentiae

244 2642 463 2713 quidem
511 2649 732 2695 mutata:
780 2654 886 2694 non
936 2645 1086 2705 sunt,
1118 2646 1304 2691 manet
1332 2635 1474 2690 enim
1505 2647 1704 2703 corpus
1732 2648 1837 2689 non

244 2733 473 2788 alterum
495 2731 743 2788 effectum
773 2750 785 2784 :
813 2745 985 2800 neque
1008 2729 1152 2784 enim
1170 2741 1365 2797 corpus
1385 2726 1438 2780 in
1467 2727 1839 2793 incorporeum

244 2839 463 2879 versum
489 2834 593 2891 est,
627 2838 802 2893 neque
828 2823 1009 2877 anima
1039 2822 1207 2875 altera
1239 2834 1337 2890 per
1363 2819 1653 2874 essentiam
1679 2818 1843 2873 exsti-

245 2917 329 2970 tit.
357 2916 462 2971 Sed
492 2915 833 2970 manentibus
874 2912 1129 2968 essentiis
1157 2911 1333 2966 studia
1364 2925 1470 2964 non
1502 2916 1838 2965 manserunt.

246 3004 594 3076 Nequaquam
637 3004 781 3059 enim
823 3002 1133 3059 essentialia
1177 3007 1301 3055 sunt
1330 2999 1686 3054 studia:nam
1726 3013 1839 3051 ma-

1945 1819 2335 1874 intellectorem
2376 1826 2645 1886 quaerunt.
2675 1816 2808 1870 Nam
2836 1832 2961 1871 cum
3003 1818 3097 1873 Dei
3127 1817 3396 1886 adjutorio
3440 1818 3531 1871 tle-

1944 1908 2236 1963 fenduntttr
2256 1906 2424 1961 multo
2450 1906 2656 1961 facilius
2676 1922 2837 1977 quam
2860 1908 2977 1975 ipse
3000 1908 3185 1962 beatus
3207 1907 3532 1962 Athanasius

1944 1998 2184 2071 Dionysii
2215 1999 2298 2053 sui
2326 1999 2626 2054 decessoris
2657 1998 2802 2053 dicta
2842 1997 3105 2052 defendit.
3141 1997 3210 2051 Et
3252 2012 3532 2067 possemus

1942 2093 2160 2175 quidem
2188 2092 2302 2146 hsce
2332 2092 2468 2162 ipsa,
2500 2092 2598 2160 'pro
2642 2089 2892 2144 facultate
2921 2103 3079 2159 quam
3108 2087 3366 2142 Dominus
3396 2101 3530 2157 prtea

1942 2194 2068 2254 stat,
2092 2182 2363 2253 quomodo
2390 2190 2537 2236 recte
2566 2180 2933 2250 intelligantur
2961 2178 3267 2244 ostendere,
3300 2185 3358 2232 et
3384 2176 3532 2231 beui~

1942 2292 2048 2348 gno
2097 2290 2162 2330 ac
2206 2274 2294 2344 pio
2341 2273 2486 2327 Patri
2537 2273 2674 2327 hanc
2716 2272 2771 2325 in
2809 2271 2922 2325 suis
2960 2270 3117 2325 dictis
3157 2268 3318 2324 ofﬁcii
3362 2268 3531 2322 vicem

1943 2367 2246 2434 redhibere,
2281 2366 2425 2436 quod
2456 2366 2572 2434 ipse
2598 2365 2745 2434 prius
2772 2364 2827 2417 in
2864 2363 3021 2418 dietis
3055 2361 3291 2433 Dionysii
3325 2361 3408 2416 sui
3440 2360 3535 2414 de~

1942 2460 2173 2515 cessoris
2201 2457 2473 2522 exhibuit;
2519 2456 2623 2511 nisi
2670 2455 2793 2526 quia
2840 2455 3058 2525 longum
3100 2462 3204 2520 est,
3246 2461 3302 2507 et
3344 2453 3396 2505 in
3428 2451 3530 2505 hoc

1942 2563 2106 2617 opere
2130 2563 2239 2603 non
2263 2546 2463 2616 scripta
2494 2544 2878 2601 venerabilium
2910 2543 3127 2598 Patrum
3157 2541 3526 2611 interpretari,

1942 2642 2038 2697 sed
2087 2641 2550 2711 Eutychianorum
2592 2639 2889 2694 calumnias
2938 2652 3039 2707 pro
3083 2651 3278 2707 magna
3323 2636 3529 2705 synodo

1941 2733 2222 2789 confutare
2254 2732 2619 2801 suscepimus;
2649 2744 2877 2800 quarum
2907 2727 3201 2799 repulsioni
3227 2726 3447 2791 sufﬁcit,
3484 2727 3528 2780 si

1944 2828 2068 2881 talia
2094 2827 2176 2882 vel
2204 2824 2511 2880 difliciliora
2537 2825 2620 2879 his
2641 2838 2740 2893 pro
2757 2821 2951 2892 quibus
2972 2820 3040 2875 ab
3062 2834 3127 2875 ea
3147 2819 3333 2873 dicunt
3351 2818 3530 2873 Theo-

1941 2916 2134 2971 dorum
2162 2924 2216 2971 et
2254 2915 2372 2985 ejus
2400 2914 2747 2969 laudatricem
2778 2911 3061 2981 epistolam
3091 2909 3345 2965 debuisse
3375 2908 3527 2964 dam-

1947 3010 2083 3077 nari,
2120 3008 2470 3063 ostendantur
2505 3006 2585 3061 illi
2635 3005 2825 3060 Patres
2869 3002 3089 3067 dixisse,
3131 3014 3266 3072 quos
3310 2999 3530 3070 culpare

246 3107 440 3154 nerent
460 3114 582 3154 cum
611 3099 889 3164 essentiis,
920 3105 976 3151 et
1005 3111 1110 3150 non
1142 3092 1503 3150 auferrentur.
1526 3112 1545 3145 ι
1576 3092 1633 3150 Si
1659 3092 1839 3147 omnia
1866 3093 1915 3158 (ι
1945 3119 2051 3160 non
2084 3104 2302 3160 andem,

248 3204 367 3260 qua:
395 3204 494 3258 pro
522 3204 618 3244 sua
648 3187 939 3243 stoliditate
965 3186 1135 3240 nostri
1167 3192 1581 3254 praesumptores
1610 3198 1711 3238 nec
1748 3182 1843 3238 de-

248 3278 473 3334 fendere
499 3293 599 3334 nec
629 3278 933 3347 intelligere
965 3276 1100 3331 bene
1130 3274 1424 3345 potuerint,
1470 3289 1570 3344 pro
1607 3275 1843 3343 ipsorum

251 3370 531 3425 voluntate
559 3367 861 3423 damnanda
892 3375 1017 3422 sunt
1045 3384 1057 3418 :
1082 3366 1353 3435 quomodo
1383 3378 1489 3419 non
1536 3364 1697 3419 etiam
1744 3365 1844 3418 ista

250 3461 555 3519 damnanda
586 3460 772 3515 sunt”?
799 3468 892 3515 aut
917 3460 962 3514 si
992 3460 1106 3513 haec
1133 3459 1273 3513 bene
1300 3457 1599 3526 intelligere
1626 3465 1848 3523 possunt

249 3566 410 3624 atque
437 3553 748 3619 defendere,
787 3568 885 3608 cur
914 3567 1021 3608 non
1062 3553 1224 3607 etiam
1269 3551 1360 3606 illa
1402 3549 1693 3617 Theodori,
1726 3564 1845 3619 quae

250 3646 303 3701 in
352 3646 543 3717 synodi
586 3645 1044 3700 Chalcedonensis
1091 3643 1457 3713 prmjudicium
1496 3640 1843 3711 culpantur‘,

252 3737 389 3794 bene
434 3738 741 3807 intelligunt
772 3749 934 3806 atque
964 3735 1297 3791 defendunt?
1337 3735 1475 3789 Ecce
1518 3734 1846 3789 Athanasius

254 3831 356 3885 hoc
387 3830 548 3884 etiam
595 3829 750 3893 dicit,
781 3828 907 3897 quia
936 3841 1055 3880 cum
1106 3825 1325 3880 modum
1368 3824 1765 3892 contemplatur
1794 3824 1846 3876 in

253 3920 473 3975 homine
499 3918 650 3988 JeSu,
683 3918 1002 3982 admiratur,
1034 3930 1211 3983 neque
1236 3914 1499 3983 agnoscit,
1527 3927 1595 3966 eo
1624 3913 1768 3981 quod
1797 3914 1847 3967 ei

250 4011 474 4066 mutatio
519 4007 931 4065 admirationem
979 4014 1220 4074 praestat.
1268 4003 1459 4056 Dicant
1504 4014 1635 4068 ergo
1690 4001 1848 4055 nobis

252 4170 438 4242 pana»
462 4168 516 4242 δέ
535 4171 619 4242 τῲ)
642 4168 820 4242 κύριον
838 4167 978 4242 nper
1001 4164 1086 4242 atati
1115 4158 1284 4242 ΘεόνΙε
1320 4156 1403 4239 life
1432 4156 1564 4242 alios
1588 4155 1849 4237 decipiant

253 4226 483 4292 'Itomines
503 4240 610 4301 isti,
633 4226 724 4290 nec
750 4236 848 4307 ipsi
859 4226 1201 4307 decipiantur,
1233 4228 1485 4281 hominem
1515 4226 1843 4307 dominicum,

253 4319 308 4363 ut
331 4312 428 4380 ipsi
443 4296 742 4379 loquuntur,
760 4296 837 4359 uel
858 4296 1027 4380 potius
1049 4300 1325 4353 Dominum
1347 4304 1636 4351 nostrumet
1661 4296 1845 4363 Deum,

252 4377 434 4433 mentis
461 4377 714 4450 eapertem
744 4377 1061 4444 proﬁtentes.

2548 3209 2773 3267 CAPUT
2812 3209 2897 3265 III.

1950 3330 2101 3398 Quod
2137 3326 2525 3396 Amphilochius
2555 3322 2839 3398 I_coniensis
2883 3321 3073 3398 similia
3109 3319 3264 3398 etiam
3291 3319 3357 3372 iis
3394 3298 3530 3372 'scri-

2146 3391 2304 3469 pserit
2332 3412 2448 3467 qua:
2477 3398 2533 3451 in
2568 3395 2837 3450 Theodoro
2865 3391 3330 3462 reprehenduntur.

2021 3533 2185 3603 Igitur
2222 3538 2279 3584 et
2323 3543 2389 3583 ex
2430 3528 2585 3584 dictis
2626 3527 2771 3583 beati
2812 3522 3169 3596 Amphilochii
3212 3521 3531 3577 lconiensisc

1948 3621 2188 3696 episcopi
2215 3622 2388 3690 aliqua
2420 3619 2774 3689 proferamus,
2803 3631 2964 3687 quem
3012 3623 3068 3672 et
3103 3613 3533 3684 sapientissimus

1948 3720 2182 3776 Joannes
2212 3715 2581 3772 Antiochenus
2610 3726 2731 3765 cum
2773 3707 3025 3764 orientali
3065 3705 3297 3761 concilio
3334 3706 3534 3775 proba-

1949 3817 2217 3872 tissimum
2273 3814 2550 3868 doctorem
2610 3805 3019 3878 pronuntiavit,
3078 3811 3133 3856 et
3186 3800 3536 3867 imperatores

1951 3906 2237 3962 Gratianus
2264 3911 2318 3958 et
2345 3902 2553 3970 major“
2578 3898 2913 3953 Theodosius
2946 3894 3102 3948 talem
3131 3890 3533 3961 judicaverunt,

1950 4011 2010 4057 ut
2059 4000 2432 4069 praeciperent,
2482 3995 2623 4050 sicut
2665 3997 2859 4062 quarto
2904 3988 3041 4042 libro
3081 3982 3534 4045 memoravimus,

1950 4169 2108 4224 quam
2140 4154 2195 4208 in
2227 4151 2442 4205 nomine
2468 4148 2595 4202 .lesu
2623 4144 2765 4215 quod
2792 4145 2878 4197 hic
2907 4153 3188 4267 ξεῖνοι-ειη
3221 4134 3533 4215 verbisjllis

1952 4229 2213 4267 ίιιιρπιιηη
2241 4230 2341 4267 ρει-
2373 4235 2470 4267 nec.
2500 4217 2695 4267 legitur
2733 4214 2871 4267 anud
2950 4209 3280 4267 eranionem,
3337 4221 3430 4267 qut
3469 4204 3533 4258 de

1952 4204 2342 4283 iiit'e—x-tuiniest,
2372 4235 2470 4275 nec
2500 4204 2695 4282 legitur
2715 4214 2883 4289 apud
2908 4204 3280 4289 Serapionem,
3325 4204 3430 4289 .qui
3469 4204 3535 4289 de

2408 4273 2611 4342 tantum
2644 4273 2883 4355 agit'qui
2926 4298 2954 4335 a
2974 4273 3171 4355 pravis
3200 4273 3441 4355 moribus
3470 4273 3533 4354 ad

1956 4344 2180 4420 meliora
2189 4344 2379 4416 studia
2409 4344 2828 4421 convertuntur;
2849 4344 3001 4419 quod
3021 4349 3101 4421 de
3116 4347 3329 4421 Christo
3352 4344 3536 4421 Domi:

326 4414 433 4432 νη...)
461 4414 519 4433 ω
560 4414 713 4434 ειη...
779 4414 834 4428 ,υ
859 4414 1061 4427 "ww...

326 4460 354 4487 ⁸
393 4451 447 4503 In
479 4414 776 4513 G’tfmconr;
797 4414 887 4516 μέν
914 4445 1163 4516 σωτηρία,
1191 4437 1333 4516 πῂ.δέ
1365 4434 1561 4511 σωιὲήρ,
1581 4435 1840 4516 interdum

1954 4414 2284 4505 {{b'éégiaie
2312 4414 2535 4500 impium
2562 4433 2665 4509 est.
2688 4414 3142 4491 Quare-Facundo
3166 4416 3419 4486 imposuit
3444 4414 3535 4483 qui

256 4510 706 4581 salus,interdum
732 4510 970 4572 salvator
995 4529 1009 4568 :
1040 4510 1205 4580 quare
1234 4510 1321 4563 hic
1342 4510 1623 4581 perperam
1648 4515 1843 4575 pastor.

324 4590 352 4629 δ
392 4578 553 4645 Tituli
580 4589 758 4659 hujus,
779 4587 865 4642 vel
889 4578 1114 4650 exordii,
1138 4582 1315 4659 nullus
1339 4580 1496 4659 hodie
1517 4578 1849 4659 liberexstat

252 4661 553 4717 Athanasii.
586 4648 845 4728 congruit
874 4666 1053 4728 autem
1080 4648 1136 4709 et
1161 4652 1368 4728 titulus,
1397 4657 1453 4705 et
1477 4650 1757 4728 exordium
1783 4648 1849 4702 li-

252 4732 353 4785 bro
364 4719 1208 4798 Serapionis'fhmueosepiscopi
1229 4721 1486 4798 adversus
1505 4719 1844 4798 Manichaeos,

254 4802 307 4853 in
336 4789 514 4867 eoque
536 4808 661 4853 sunt
689 4800 849 4852 verba
880 4789 1224 4867 quas-recitat
1247 4791 1549 4867 Facundos,
1581 4799 1636 4844 et
1663 4789 1852 4867 tribuit

256 4859 572 4925 Athanasio.
608 4870 714 4922 Sed
739 4859 911 4922 levior
942 4866 996 4918 in
1025 4863 1259 4918 auctoris
1287 4862 1502 4915 nomine
1524 4860 1668 4913 fraus
1690 4859 1852 4913 fuerit

1954 4509 2094 4563 hunc
2115 4497 2173 4560 ci
2199 4506 2372 4559 locum
2392 4497 2690 4571 suggessit.

2032 4554 2590 4642 Ebibd'étiperiu‘sf‘ae
2619 4565 2911 4642 Athanasio
2938 4563 3137 4642 dictum
3165 4567 3271 4642 est,
3298 4556 3440 4642 idem
3470 4554 3536 4642 de

1954 4627 2331 4716 Αωρῖιῖιὸξιιίᾴ
2379 4643 2431 4697 in
2482 4640 2565 4695 his
2610 4627 3053 4716 ejus__sententiis
3103 4627 3532 4716 intelligendum,

1954 4708 2088 4774 duas
2118 4717 2171 4771 in
2200 4714 2418 4771 Christo
2462 4721 2679 4765 naturas
2708 4708 3035 4774 distinguere
3055 4743 3069 4767 ,
3101 4716 3207 4774 non
3256 4708 3533 4774 personas.

1954 4768 2235 4844 Deﬁciet-tim
2266 4785 2465 4840 diserte
2495 4781 2765 4848 professus
2790 4768 2954 4832 estvin
2995 4771 3218 4844 epistola
3250 4770 3316 4823 ad
3346 4768 3536 4848 Seleu:

2340 4837 2470 4909 citat
2497 4837 2775 4915 Leontius,
2798 4854 2887 4908 τήν
2927 4852 3016 4903 τοῦ
3031 4837 3175 4899 ’Θεοῦ
3202 4844 3425 4914 μορφήν,
3455 4837 3537 4890 καὶ

178 4982 227 5049 ’>
328 5006 346 5036 ¹
387 5003 520 5057 Cod.
542 4996 934 5065 Veron.,.lesus
961 5002 1054 5062 est,
1078 4994 1187 5063 qui.
1207 4991 1409 5047 Textus
1431 4990 1647 5045 Graecus
1668 4988 1849 5054 habet,

211 5091 220 5101 ι
255 5079 454 5101 7l___,‘"_
487 5077 504 5101 2

212 5149 215 5151 “
276 5087 703 5203 “Phlegya”
734 5140 914 5193 Iesum
942 5133 1224 5197 Christum,
1254 5146 1401 5200 quem
1419 5145 1523 5203 pro
1556 5126 1703 5203 nobis
1745 5135 1851 5203 tra-

202 5199 212 5212 ⁸
255 5196 655 5344 gidit-passioni.
688 5196 1079 5266 Calumnientur
1103 5213 1149 5259 et
1172 5196 1540 5269 hocquod‘ait,
1562 5196 1849 5252 dominicus

295 5305 428 5344 omo.
455 5296 559 5344 etc.

166 5353 171 5358 ,
255 5296 428 5356 homo,
455 5296 559 5344 etc.

2029 4995 2050 5025 ³
2069 4994 2208 5047 Idem
2232 4991 2377 5056 cod.,
2407 4990 2739 5043 damnentur.

2027 5062 2209 5116 ‘ldem
2232 5063 2376 5126 cod.,
2404 5059 2631 5127 culpant.

2025 5134 2047 5164 ⁵
2072 5132 2217 5186 ldem
2241 5131 2386 5196 cod.,
2415 5131 2527 5183 illa.

2025 5204 2046 5234 °
2063 5202 2209 5258 Idem
2234 5201 2383 5266 cod.,
2413 5208 2461 5255 et
2486 5200 2876 5255 Valentinianus
2895 5204 2943 5251 et
2965 5197 3149 5266 major.

1949 5395 2080 5434 nova
2103 5386 2148 5434 et
2179 5394 2280 5432 non
2320 5377 2549 5447 antiqua,
2576 5374 2719 5447 nobis
2746 5380 2792 5427 et
2820 5387 2921 5426 non
2944 5377 3063 5447 ante
3091 5382 3201 5432 nos,
3232 5364 3533 5447 Jesnsest,

1948 5432 2035 5520 qui
2075 5432 2321 5520 quatenus
2366 5432 2813 5520 Salvat'orJactus
2849 5450 2922 5496 est
2971 5443 3121 5520 homo
3152 5454 3170 5491 :
3193 5450 3309 5520 aute

1950 5505 2069 5587 uox,
2083 5505 2255 5587 lesus,
2271 5518 2546 5589 aliquando
2566 5505 2727 5589 saltis,
2742 5511 3019 5589 aliquando
3040 5510 3264 5566 salvator
3278 5505 3531 5560 redditur.

1954 5582 2084 5649 llinc
2109 5582 2545 5649 Facundi'versio
2577 5582 2938 5641 reformanda.

329 5428 353 5451 τ·
390 5421 748 5486 Athanasius,
780 5415 935 5482 ibid.,
981 5427 1103 5483 pag.
1131 5408 1340 5487 lous
1364 5404 1846 5487 ddjtjt‘ta’gti'a'anpi'v

161 5486 176 5543 ’-
209 5480 229 5543 «⁷
260 5501 333 5561 εἷς
364 5479 995 5569 καταφύτευμαξτωτηρῖαξ
1024 5479 1183 5568 τιῇιινήι
1202 5485 1282 5535 καὶ
1322 5482 1381 5563 ρύ
1400 5479 1621 5563 τξαλαιάχ
1641 5481 1759 5550 ἡμῖν
1788 5493 1843 5558 ’ἦε

262 5550 345 5625 nail
365 5572 422 5625 οὐ
446 5550 545 5643 «is
564 5550 944 5643 njtciiv,"lnaobg
971 5556 1133 5620 ἐστιν,
1164 5552 1189 5641 ᾇ
1209 5551 1342 5637 κειτά
1378 5550 1460 5600 τὸν
1481 5554 1695 5635 animiet:
1707 5550 1847 5630 ςγενό·

264 5661 412 5711 μενος
432 5621 690 5713 ἆδθρωὲτοξ
712 5632 764 5693 ὃς
790 5634 1088 5707 ἑρμήνευται
1109 5628 1179 5713 πή
1194 5624 1281 5703 re»
1306 5622 1554 5713 ἦωττιριίᾳ,
1578 5621 1649 5672 πή
1667 5621 1719 5669 δὲ
1743 5635 1848 5713 ξω-

264 5687 609 5786 V:
646 5687 825 5759 Creoni
849 5687 1008 5760 porro
1036 5696 1175 5752 nobis
1194 5687 1261 5751 'in
1292 5687 1656 5759 plantationcm
1682 5687 1845 5752 salus,
