4104 6360
270 371 379 430 805

1155 366 1290 425 eno
1329 363 1758 424 narensrouu
1796 357 2011 420 TRIUM
2047 316 2364 416 CAPITUIL.
2398 352 2527 412 me.
2571 354 2662 411 χι.

3444 349 3552 409 806
3575 369 3580 380 ‘

272 485 700 550 domesticorum
729 483 986 542 Ecclesiae
1013 481 1282 549 doctrina,
1311 479 1397 536 vel
1425 479 1469 536 si
1501 478 1556 535 in
1598 476 1863 548 aliquibus
1889 477 1940 536 A
1969 457 2104 526 num
2140 472 2372 540 primum
2410 468 2592 537 lesus,
2639 475 2694 524 et
2735 475 2922 538 postea
2952 463 3220 526 Verbum?
3257 479 3386 524 num
3414 467 3555 524 anti-

275 583 628 643 ostendantur
677 595 913 647 errasse,
945 594 1050 635 non
1091 592 1190 648 pro
1234 577 1314 635 eis
1341 572 1750 632 condemnanda
1779 580 1865 632 eat

278 677 429 736 velut
453 676 726 736 haeretica.

884 825 1109 888 CAPUT
1168 827 1256 884 ιν.

281 964 521 1032 attollit:
547 964 780 1034 Gregorii
819 965 961 1018 libris
1011 963 1257 1018 adt'ersus
1310 961 1623 1034 Eunomium
1677 960 1869 1018 similia

355 1046 550 1093 exstent
578 1033 777 1108 iisquae
805 1036 857 1091 in
882 1034 1136 1091 Theodori
1164 1034 1306 1090 libris
1333 1033 1796 1104 reprehenduntur.

361 1173 557 1228 Verum
582 1171 709 1242 quid
736 1171 895 1225 etiam
926 1177 1144 1225 sanctus
1166 1167 1457 1239 Gregorius
1483 1167 1630 1221 dicat
1650 1165 1702 1220 in
1735 1165 1871 1219 libro

281 1265 548 1322 adversus
579 1264 1131 1351 Eunomium_tert_io__‘_
1154 1261 1507 1332 proferamus.
1547 1278 1566 1312 ι
1586 1258 1768 1329 Neque
1796 1256 1873 1311 vi-

287 1359 493 1427 vificat,
532 1358 722 1426 inquit,
767 1349 1303 1410 Lazarum'humana
1346 1354 1556 1419 natura,
1588 1349 1872 1420 ncqueja-

281 1457 498 1505 centeni
527 1449 790 1519 iacrymat
813 1446 1162 1522 impassibiiis
1180 1454 1452 1515 potestas;
1481 1443 1574 1497 sed
1599 1441 1871 1511 proprium

283 1548 372 1595 est
399 1539 630 1594 hominis
653 1539 868 1608 quidem
895 1539 1214 1610 iaerymare,
1242 1535 1529 1590 vivificzttio
1559 1534 1736 1588 aufem
1759 1533 1876 1603 ejus

283 1645 410 1701 quae
429 1646 616 1687 revera
639 1632 747 1686 vita
770 1642 870 1686 est.
898 1631 1014 1686 Non
1051 1632 1219 1701 pascit
1261 1628 1423 1684 millia
1452 1628 1726 1683 hominum
1755 1641 1876 1697 ege-

286 1733 404 1781 stas
431 1725 699 1790 humana;
729 1739 832 1778 non
869 1725 1040 1779 currit
1063 1724 1127 1778 ad
1174 1727 1326 1777 ficum
1357 1730 1597 1793 potestas
1623 1721 1873 1790 omnipo-

1969 565 2127 636 quior
2156 576 2284 618 caro
2314 577 2474 632 quam
2502 561 2790 620 divinitas?
2824 575 2949 617 num
2992 569 3116 618 ante
3141 559 3323 616 mundi
3350 560 3552 618 consti-

1969 656 2228 714 tutionem
2285 652 2500 710 Gabriel
2540 652 2607 708 ad
2653 652 2872 710 Mariam
2917 651 3332 722 evangeiizavit?
3369 651 3558 708 Nonne

1968 747 2065 808 ille
2095 746 2258 804 homo
2302 746 2393 816 qui
2421 746 2572 815 juxta
2599 743 2872 802 Christum
2911 754 3016 813 est,
3060 747 3161 802 sub
3199 745 3414 802 Caesare
3444 748 3556 832 Au_-

1966 851 2123 914 gusto
2148 839 2468 910 principium
2483 839 2850 908 generationis
2868 839 3108 908 accepit?
3126 838 3361 896 Verbum
3382 847 3554 894 autem

1973 931 2029 988 in
2064 931 2330 1002 principio
2373 939 2488 986 erat
2535 930 2678 986 Deus
2715 938 2771 985 et
2812 945 2910 987 rex
2957 939 3146 988 uoster
3174 939 3300 987 ante
3340 930 3554 998 saecula,

1976 1022 2275 1079 secundum
2301 1021 2444 1092 quod
2490 1031 2542 1078 et
2573 1021 2852 1092 prepltetia
2895 1022 3236 1080 testificatur.
3268 1023 3380 1078 Non
3408 1022 3560 1078 vides

1975 1115 2192 1187 qualem
2233 1115 2600 1173 confusionem
2649 1128 2863 1170 sursum
2909 1125 3069 1182 atque
3115 1114 3386 1181 deorsum,
3414 1115 3562 1185 juxta

1976 1206 2358 1278 proverbium,
2391 1219 2700 1264 commoves
2735 1203 2908 1262 Verbo
2951 1203 3086 1264 Del?
3115 1203 3562 1275 Quiaquagesima

1973 1305 2096 1367 post
2147 1296 2450 1366 passionem
2499 1294 2614 1350 dies
2660 1293 2784 1360 fuit,
2827 1295 3041 1363 quando
3079 1295 3198 1353 haec
3238 1296 3303 1351 ad
3352 1296 3564 1353 iudcos

1974 1384 2396 1444 concinnabatur
2441 1384 2634 1442 Petrus
2675 1384 2902 1443 dicens:
2933 1385 3186 1452 Quoniam
3233 1387 3368 1442 hunc
3413 1404 3564 1454 quem

1974 1491 2061 1532 vos
2091 1475 2442 1544 cruciﬁxistis,
2468 1475 2725 1530 Christum
2752 1483 2797 1530 et
2821 1473 3101 1531 Dominum
3127 1475 3269 1532 Deus
3289 1477 3405 1546 fecit
3426 1477 3561 1548 (Act.

1979 1582 2042 1632 ιι,
2067 1566 2192 1636 56)?
2208 1567 2322 1622 Non
2340 1566 2571 1624 attendis
2585 1564 2827 1622 ordinem
2846 1566 3153 1633 verborum,
3181 1567 3310 1636 quid
3338 1567 3566 1636 primum

1978 1666 2032 1717 et
2052 1659 2179 1726 quid
2201 1658 2493 1717 secundum
2512 1660 2562 1712 in
2581 1658 2660 1714 eis
2672 1673 2791 1727 qua:
2801 1659 3048 1716 dicuntur
3071 1659 3303 1729 positum
3323 1661 3428 1717 siti
3450 1661 3565 1717 Non

1978 1747 2124 1808 enim
2153 1747 2310 1815 dixit,
2337 1761 2495 1816 quem
2529 1745 2672 1804 Deus
2705 1746 2829 1802 fecit
2854 1748 3140 1821 Dominum
3159 1790 3176 1814 ,
3206 1751 3564 1819 crueifixistis;

289 1824 431 1873 ίθηδ·
449 1817 580 1884 Quis
604 1826 694 1923 ei“.
717 1815 966 1923 “1‘8".”
996 1831 1059 1872 ει
1087 1815 1316 1923 "huic:
1341 1823 1394 1869 8‘
1412 1815 1678 1923 .quisfi'fe
1695 1813 1878 1923 ¹³¹ξ⁰Γθ
1908 1864 1957 1923 Β
1979 1841 2078 1902 sed
2135 1813 2303 1911 quem
2330 1813 2450 1910 vos,
2479 1840 2674 1912 inquit,
2707 1818 3068 1907 crucifixistis,
3098 1813 3242 1900 hunc
3268 1843 3408 1901 Deus
3428 1813 3567 1900 Chri-

289 1923 509 1966 omnem
531 1910 789 1964 mundum
817 1909 980 1963 verbo
1003 1907 1314 1962 constituit?
1335 1907 1455 1976 quis
1476 1914 1560 1960 est
1581 1906 1679 1960 iste
1700 1903 1874 1974 spien-

290 2003 396 2058 dor
431 2003 651 2073 gloriae?
682 2009 736 2056 et
781 2002 907 2071 quid
961 2011 1042 2056 est
1072 2001 1216 2070 quod
1261 2001 1425 2055 clavis
1454 1998 1724 2054 confixum
1763 1996 1883 2058 est?

294 2109 416 2165 qua:
444 2093 616 2149 forma
653 2095 707 2148 in
741 2095 990 2162 passione
1025 2093 1192 2164 alapis
1236 2095 1572 2163 percutitur?
1594 2102 1647 2148 et
1672 2107 1790 2164 quae
1816 2107 1882 2148 ex

297 2188 601 2243 aeternitate
626 2186 988 2256 glorificatur?
1013 2185 1290 2242 Manifesta
1321 2188 1465 2241 enim
1486 2195 1610 2240 sunt
1639 2187 1756 2249 ista,
1782 2184 1884 2240 etsi

298 2278 444 2332 nulla
473 2278 901 2348 interpretentur
930 2278 1194 2334 oratione.
1230 2278 1495 2345 Quoniam
1545 2279 1714 2348 plagae
1765 2277 1886 2346 qui-

298 2368 425 2424 dem
472 2371 614 2425 servi
666 2379 809 2437 sunt,
843 2373 893 2425 in
919 2385 1026 2438 quo
1073 2370 1328 2425 Dominus
1372 2371 1600 2437 existat;
1651 2369 1885 2441 honores

301 2471 481 2518 autem
519 2463 753 2528 Domini,
797 2465 938 2518 eirea
978 2475 1136 2533 quem
1167 2478 1354 2519 servus
1382 2463 1714 2533 agnoscitur.
1738 2479 1756 2512 ›
1791 2463 1886 2515 At-

301 2553 481 2609 tendis
525 2553 978 2625 quemadmodum
1021 2564 1241 2611 sanctus
1279 2553 1588 2625 Gregorius,
1616 2569 1721 2608 non
1745 2553 1886 2612 ιιι-δίο

305 2651 456 2700 trans
481 2645 616 2700 duos
646 2644 891 2700 Christus
925 2653 1018 2702 aut
1048 2647 1187 2700 filios
1216 2646 1265 2711 δ,
1291 2647 1480 2700 doceat
1508 2645 1744 2700 hominis
1772 2645 1888 2722 qui-

305 2735 429 2790 dem
453 2735 618 2790 fuisse
641 2736 911 2806 proprium
940 2736 1258 2807 iaerymare,
1283 2735 1554 2790 vivificare
1575 2745 1750 2790 autem
1771 2734 1916 2814 ejus,

305 2841 428 2898 quae
467 2842 653 2884 revera
689 2830 802 2883 vita
842 2837 924 2884 est
949 2846 964 2882 :
989 2837 1044 2884 et
1074 2830 1410 2898 interrogans
1451 2829 1764 2884 hmreticum
1797 2844 1888 2883 or-

311 2918 576 2974 thodoxus
596 2920 757 2987 dicat,
789 2921 907 2994 quis
936 2927 1020 2976 est
1045 2921 1296 2989 fatigatus
1325 2933 1392 2974 ex
1422 2919 1648 2974 itinere?
1690 2927 1746 2974 et
1773 2921 1892 2990 quis

311 3011 430 3066 sine
473 3010 657 3066 labore
701 3026 915 3067 omnem
965 3013 1224 3066 mundum
1275 3011 1440 3066 verbo
1491 3010 1806 3067 constituit?
1839 3019 1895 3066 et

309 3109 525 3157 caetera.
551 3103 629 3156 Ac
663 3102 858 3158 deinde
885 3105 936 3156 in
981 3103 1083 3157 hoc
1113 3105 1437 3158 sententiam
1471 3103 1703 3170 claudat,
1744 3102 1893 3158 affir-

312 3205 466 3247 mans
497 3194 749 3261 quoniam
793 3192 963 3263 plagae
996 3192 1210 3264 quidem
1241 3195 1383 3248 servi
1413 3202 1557 3262 sunt,
1582 3194 1633 3248 in
1657 3207 1765 3263 quo
1786 3193 1894 3248 Do-

315 3284 497 3338 minus
551 3283 782 3349 existat;
814 3283 1048 3338 honores
1077 3295 1256 3339 autem
1285 3285 1514 3349 Domini,
1562 3286 1704 3340 circa
1732 3299 1890 3355 quem

316 3387 509 3428 servus
569 3375 896 3444 agnoscitur.
953 3375 1200 3445 Nunquid
1256 3389 1384 3445 ergo
1434 3373 1552 3432 haec
1600 3375 1894 3433 secundum

315 3478 561 3522 errorem
588 3464 819 3521 Nestorii
846 3466 968 3522 talia
995 3465 1199 3523 dixisse
1237 3466 1530 3536 credimus,
1571 3470 1724 3539 quasi
1761 3469 1899 3524 aite-

316 3558 430 3612 rius
458 3557 823 3614 subsistentia:
844 3560 914 3614 sit
935 3558 1198 3615 Dominus
1218 3561 1316 3632 qui
1347 3561 1591 3616 exstabat
1620 3562 1673 3616 in
1713 3575 1894 3628 servo,

315 3659 373 3706 et
401 3651 622 3705 alterius
648 3663 835 3705 servus
873 3652 925 3706 in
953 3666 1061 3722 quo
1087 3653 1370 3708 exstabat?
1399 3653 1488 3708 vei
1529 3652 1752 3708 alterius
1775 3669 1899 3723 per-

320 3756 468 3798 eunte
494 3743 566 3796 sit
590 3741 844 3798 Dominus
875 3745 960 3798 cui
987 3738 1336 3800 ascrihendus
1361 3755 1447 3800 est
1467 3745 1662 3814 honor,
1687 3754 1741 3800 et
1765 3747 1898 3802 aite-

318 3835 434 3890 rius
479 3847 669 3890 servus
719 3835 808 3906 qui
850 3836 990 3891 circa
1032 3835 1320 3891 Dominum
1365 3839 1692 3908 agnoscitur,
1734 3848 1788 3894 et
1813 3839 1901 3894 cui

321 3924 490 3996 plagae
540 3923 651 3980 sint
700 3925 1064 3995 deputaudte?
1111 3927 1214 4003 Qui
1258 3942 1448 3998 [ursus
1479 3927 1686 4010 [eodem
1738 3942 1902 4004 opere

323 4016 459 4071 libro
505 4024 741 4090 quarto:
780 4015 970 4071 «Sicut
1015 4017 1178 4082 enim,
1223 4017 1314 4081 ait,
1365 4018 1453 4088 qui
1504 4033 1610 4072 non
1654 4020 1903 4088 cognovit

271 4090 931 4179 ίίἶῧῖιῖῦιητῖᾶοεωω
972 4108 1234 4173 efficitur,
1276 4120 1334 4164 ιιι
1372 4109 1580 4165 auferat
1619 4122 1899 4180 peccatum

321 4202 535 4268 mundi;
564 4202 643 4256 sic
671 4201 799 4257 item
830 4216 956 4258 caro
992 4203 1287 4271 suscipiens
1319 4202 1624 4271 Dominum,
1657 4203 1903 4262 Christus

322 4302 378 4349 et
416 4293 678 4348 Dominus
705 4293 955 4348 efficitur.
987 4293 1303 4348 lmmutatur
1331 4294 1474 4349 enim
1516 4303 1734 4365 propter
1767 4297 1902 4351 adu-

321 4386 591 4461 lterionem
637 4385 693 4440 in
727 4385 828 4440 hoc
876 4385 1020 4456 quod
1071 4399 1177 4441 non
1225 4395 1342 4442 erat
1372 4401 1466 4456 per
1495 4397 1757 4443 naturam.
1781 4408 1800 4442 ι
1837 4387 1905 4444 Ει

321 4490 444 4549 post
465 4493 632 4550 pauca
662 4499 673 4532 :
705 4497 725 4534 ι
745 4479 935 4535 Notum
961 4478 1033 4535 sit
1061 4479 1206 4534 omni
1234 4480 1414 4534 domui
1443 4479 1626 4549 lsraei,
1651 4481 1902 4551 quoniam

1987 1941 2128 1992 stum
2162 1941 2215 1990 et
2243 1932 2528 1990 Dominum
2557 1931 2706 1990 fecit.
2744 1949 2766 1986 ι
2817 1933 2913 1990 Hic
2942 1935 3106 1992 etiam
3133 1935 3202 1990 de
3249 1937 3570 1994 incarnatio-

1985 2025 2069 2084 nis
2109 2023 2308 2084 Christi
2343 2024 2599 2094 mysterio
2635 2024 2860 2094 loquens
2886 2025 3021 2082 dicit
3074 2027 3216 2096 quod
3251 2042 3380 2084 caro
3401 2028 3570 2085 susci-

1987 2118 2142 2190 piens
2191 2117 2476 2176 Dominum
2505 2115 2753 2175 Christus
2782 2125 2838 2172 et
2874 2117 3134 2180 Dominus
3172 2118 3424 2178 efficitur.
3462 2117 3570 2176 Nec

1989 2215 2167 2264 tamen
2216 2206 2587 2264 arbitrantium
2638 2215 2724 2262 est
2768 2206 2911 2277 quod
2961 2206 3252 2279 Gregorius
3301 2209 3570 2266 hominem

1989 2309 2218 2368 tantum,
2240 2301 2334 2374 qui
2377 2315 2488 2360 non
2515 2301 2678 2358 etiam
2712 2300 2856 2365 Deus
2895 2310 3072 2368 esset,
3122 2303 3272 2370 prius
3299 2303 3571 2360 exstitisse

1987 2392 2298 2458 Crediderit,
2331 2392 2424 2461 qui
2449 2390 2740 2449 Dominum
2764 2392 3080 2463 susciperet.
3110 2391 3247 2461 Quid
3273 2400 3454 2450 autem
3483 2407 3570 2450 rei

1987 2484 2256 2553 Spondere
2313 2492 2604 2556 potuerunt
2651 2482 3110 2556 Semicutychiani
3132 2523 3150 2550 ,
3198 2485 3282 2540 vel
3329 2485 3569 2541 fautores

1989 2590 2208 2644 eorum,
2243 2575 2290 2634 si
2313 2575 2391 2630 eis
2417 2574 2623 2634 dicatur
2658 2592 2672 2631 :
2705 2574 2807 2640 Qui
2831 2574 3175 2634 Theodorum
3206 2577 3406 2645 putatis
3431 2589 3463 2631 a
3487 2590 3574 2648 sy-

1991 2668 2134 2728 nodo
2163 2667 2591 2728 Chalcedonensi
2632 2667 2798 2728 fuisse
2825 2666 3216 2736 damnandum,
3247 2684 3343 2725 cur
3375 2668 3573 2739 Grego—

1988 2761 2134 2820 rium
2163 2775 2270 2816 non
2299 2760 2606 2820 damnatis?
2647 2758 2887 2830 Namque
2925 2775 3052 2820 eum
3076 2758 3371 2824 Christum,
3411 2760 3461 2813 id
3495 2768 3571 2812 est

1994 2861 2238 2918 unctum,
2271 2867 2378 2911 non
2410 2851 2516 2908 nisi
2545 2849 2716 2910 Deum
2745 2851 3030 2910 credamus
3054 2851 3412 2917 incarnatum,
3441 2850 3571 2918 ipsa

1992 2962 2101 3020 que
2132 2947 2314 3005 unctio
2345 2946 2599 3006 humanae
2641 2945 2814 3015 magis
2843 2953 3055 3004 natum
3087 2946 3406 3013 conveniat,
3436 2946 3576 3002 unde

1993 3049 2047 3098 et
2071 3040 2188 3110 ipse
2215 3040 2295 3097 ait
2327 3053 2434 3110 quo
2457 3053 2586 3097 caro
2613 3039 2919 3109 suscipiens
2941 3038 3204 3098 Dominus
3229 3038 3479 3098 Christus
3502 3038 3576 3095 ef-

1995 3131 2204 3196 ficitur;
2233 3131 2348 3202 ipse
2375 3131 2574 3190 iterum
2597 3129 2728 3188 dicit
2753 3147 2770 3194 ς
2795 3129 2985 3194 Nonne
3003 3131 3099 3190 ille
3126 3131 3293 3192 homo
3309 3131 3404 3201 qui
3426 3131 3578 3201 juxta

1919 3233 1966 3301 α
1999 3223 2276 3284 Christum
2305 3233 2411 3290 est,
2439 3224 2542 3283 sub
2571 3224 2790 3282 Caesare
2816 3223 3059 3294 Augusto
3086 3222 3403 3293 principium
3433 3237 3579 3295 gene-

1999 3315 2226 3374 rationis
2272 3314 2514 3383 aceepit?
2561 3313 2796 3374 Verbum
2840 3323 3018 3374 autem
3061 3313 3118 3370 ia
3160 3311 3427 3383 principio
3469 3320 3582 3368 erat

2001 3405 2164 3464 Deus.
2194 3405 2253 3462 Si
2294 3404 2456 3476 igitur
2485 3419 2636 3470 caro,
2666 3405 2719 3463 id
2751 3413 2836 3462 est
2861 3404 3046 3472 homo,
3067 3403 3370 3473 suscipiens
3400 3403 3583 3461 Demi-

2001 3511 2130 3552 num
2147 3494 2320 3553 factus
2357 3504 2442 3552 est
2459 3495 2727 3562 Christus.
2760 3496 2883 3566 quis
2912 3504 3002 3558 est
3019 3497 3148 3556 item
3178 3496 3268 3555 ille
3307 3495 3469 3552 homo
3492 3497 3584 3566 qui

1995 3587 2152 3659 juxta
2180 3587 2460 3646 Christum
2495 3596 2579 3648 est
2605 3587 2710 3646 sub
2734 3586 2953 3648 (lassare
2989 3589 3229 3658 Augusto
3263 3587 3584 3658 principium

2001 3682 2372 3754 generationis
2403 3682 2712 3752 accipiens?
2739 3692 2833 3738 aut
2861 3697 3030 3753 quare
3069 3683 3442 3741 confusionem
3469 3697 3585 3738 sur—

2002 3787 2120 3828 sum
2151 3782 2314 3845 atque
2354 3773 2632 3842 deorsum,
2673 3774 2832 3843 juxta
2863 3774 3244 3844 proverbium,
3276 3773 3454 3829 Verbo
3493 3773 3584 3829 Dei

2002 3866 2196 3920 asserit
2225 3866 2559 3922 commoveri
2603 3864 2670 3932 de
2696 3878 2766 3928 eo
2787 3866 2931 3934 quod
2956 3864 3159 3922 dictum
3189 3873 3296 3932 est,
3336 3865 3586 3933 quoniam

2006 3952 2148 4010 hunc
2179 3969 2338 4026 quem
2377 3969 2477 4010 vos
2501 3955 2852 4012 erueitixistis
2879 3955 3154 4015 Christum
3199 3965 3255 4011 et
3302 3956 3586 4012 Dominum

2005 4046 2146 4106 Deus
2194 4045 2361 4102 fecit?
2406 4054 2461 4103 et
2494 4046 2840 4110 admonetut
2890 4046 3138 4104 ordinem
3166 4047 3452 4105 verborum
3484 4047 3587 4102 Eu-

2008 4139 2224 4196 nomius
2248 4145 2438 4198 contra
2467 4153 2627 4211 quem
2659 4141 2768 4209 agit
2788 4178 2804 4204 ,
2841 4137 3103 4205 intendat,
3131 4139 3338 4208 etquid
3364 4137 3589 4207 primum

2011 4230 2087 4288 sit
2138 4229 2222 4286 vei
2254 4229 2556 4288 secundum
2584 4228 2636 4284 in
2663 4230 2743 4290 eis
2776 4243 2895 4299 qua:
2922 4227 3172 4286 dicuntur
3192 4227 3486 4297 intelligat;
3511 4236 3590 4286 at-

2010 4332 2114 4389 que
2143 4316 2307 4374 infert
2337 4335 2352 4372 :
2378 4317 2496 4378 Non
2538 4317 2682 4378 enim
2716 4318 2873 4383 dixit,
2903 4330 3064 4386 quem
3090 4317 3233 4376 Deus
3251 4315 3382 4377 fecit
3407 4317 3590 4375 Domi-

2009 4425 2158 4476 num,
2187 4423 2284 4469 vos
2312 4409 2678 4480 crucifixistis,
2721 4407 2818 4470 sed
2850 4421 3013 4476 quem
3041 4420 3161 4478 vos,
3203 4407 3397 4477 inquit,
3423 4405 3590 4464 eruni-

2010 4503 2227 4569 ftxistis,
2276 4503 2419 4560 hunc
2465 4503 2611 4560 Deus
2650 4500 2923 4561 Christum
2975 4511 3030 4560 et
3079 4499 3353 4562 hominem
3386 4503 3406 4526 '
3446 4498 3591 4560 fecit.

325 4572 605 4628 Dominum
635 4588 756 4630 eum
866 4573 1137 4672 Christum
1187 4571 1328 4672 Deus
1369 4571 1496 4629 fecit
1527 4573 1668 4672 hunc
1695 4573 1900 4640 Jesutn,
1933 4613 1983 4672 υ
2007 4596 2160 4666 Quid,
2192 4597 2361 4672 ergo?
2392 4611 2500 4656 non
2530 4606 2586 4655 οι
2630 4604 2754 4656 an”
2786 4596 3093 4668 passionem
3129 4594 3376 4660 minus
3404 4604 3460 4654 ει
3502 4594 3591 4654 Do

323 4676 480 4732 quem
523 4677 618 4719 vos
664 4663 1030 4719 crucifixistis.
1062 4663 1174 4719 Hac
1213 4664 1692 4722 demonstratione
1717 4672 1904 4721 osten-

323 4751 454 4808 dere
493 4767 553 4808 se
594 4760 780 4822 putant
822 4765 1121 4811 creaturam
1158 4770 1276 4813 esse
1303 4757 1562 4828 unigeniti
1595 4757 1686 4813 Dei
1717 4773 1901 4814 essen-

325 4841 477 4896 tiam.
506 4842 641 4910 Quid
685 4859 836 4914 ergo,
880 4845 967 4901 dic
1009 4847 1159 4910 mihi,
1208 4863 1334 4903 num
1367 4859 1494 4905 ante
1523 4850 1776 4906 mundum
1810 4848 1908 4905 fuit

326 4936 495 4990 crux?
524 4949 651 4990 num
691 4945 815 4992 ante
845 4951 1057 4993 onmem
1107 4947 1406 4998 creaturam
1438 4942 1643 4996 exstitit
1671 4941 1908 4998 Pilatus?

398 5107 677 5180 ‘Gregorii
706 5110 926 5181 Nyseeni
969 5113 1230 5166 adversus
1270 5113 1589 5169 Eunomium
1633 5115 1752 5170 libri
1781 5124 1910 5170 sunt

330 5179 416 5246 l3,
445 5182 539 5242 sed
554 5179 670 5236 non
701 5179 810 5238 uno
849 5183 1009 5238 modo
1036 5183 1186 5237 citari
1218 5199 1404 5245 omnes
1431 5188 1624 5241 solent.
1661 5187 1791 5252 Qum
1825 5188 1909 5240 hic

330 5254 466 5327 enim
521 5253 690 5327 primo
733 5253 852 5312 loco
883 5253 1226 5322 proferuntur
1251 5271 1332 5327 ex
1385 5258 1542 5316 tertio
1583 5257 1700 5326 ejus
1726 5259 1908 5327 operis

330 5321 485 5399 libro,
524 5321 722 5399 eadem
769 5321 951 5399 _tertio_
989 5339 1201 5394 quoque
1251 5321 1665 5399 libroassiguat
1716 5321 1910 5399 Eéioge

333 5390 623 5460 Ausetasii;
669 5390 1022 5448 at‘Leontius
1074 5390 1309 5448 secundo
1355 5396 1491 5450 libro
1523 5390 1760 5452 a'ttrihuit.
1787 5416 1799 5452 :
1826 5390 1912 5453 ὦ·

332 5463 440 5532 ipsa
471 5479 648 5520 autem
671 5476 880 5520 exstant
897 5467 951 5519 in
973 5475 1160 5534 quarto
1181 5468 1432 5521 editionis
1449 5469 1903 5532 Gnaeo-Latium;

335 5535 622 5608 audentque
671 5538 830 5590 modo
862 5541 914 5590 in
957 5537 1166 5608 quinti
1189 5549 1398 5591 exstant

1452 5539 1655 5607 [simila
1703 5543 1901 5607 omnia,

335 5556 622 5602 ευιιυιιιιμιϐ
671 5556 830 5590 111000
862 5556 914 5590 ιιι
957 5556 1142 5608 liquit!)
1189 5556 1398 5591 θχδιιιηι
1452 5556 1528 5601 [ω
1594 5557 1655 5591 illi
1703 5556 1901 5607 Uiﬂlilil,

335 5618 458 5682 qua
479 5604 758 5682 Facundus
786 5608 913 5660 citat
941 5623 1003 5661 ex
1038 5598 1227 5674 qua—tito
1253 5627 1263 5660 :
1294 5610 1445 5682 cujus
1465 5556 1904 5668 νει-Ἠδιῖιηππ-

339 5675 769 5744 sasiuvestigare
795 5692 1252 5746 supervacaneum
1276 5675 1379 5736 est.

402 5837 420 5856 ⁶
443 5832 720 5890 Dominum
743 5850 808 5892 ex
835 5836 991 5893 dictis
1021 5839 1266 5908 superius
1295 5840 1575 5910 legendum
1600 5844 1819 5908 videtur.

2015 4689 2189 4746 minus
2213 4687 2334 4750 fuit.
2362 4688 2454 4762 qui
2484 4696 2666 4758 postea
2697 4686 2986 4748 cruciﬁxus
3011 4696 3116 4757 est.
3148 4688 3245 4748 sed
3271 4697 3393 4760 post
3431 4688 3593 4749 cruci-

2012 4779 2268 4838 tixionem
2293 4777 2541 4838 Christus
2565 4787 2620 4836 et
2642 4778 2900 4840 Dominus
2928 4776 3108 4838 factus
3131 4787 3214 4839 est
3242 4779 3438 4840 merito
3467 4791 3592 4846 pas-

2011 4873 2212 4930 sionis?
2260 4871 2326 4928 Et
2357 4872 2629 4941 quomodo
2659 4885 2820 4943 supra
2863 4871 3064 4932 dictum
3103 4880 3226 4937 est,
3269 4884 3400 4926 caro
3427 4869 3592 4926 susci-

2011 4962 2168 5034 piens
2193 4961 2482 5023 Dominum
2527 4960 2776 5024 Christus
2803 4971 2858 5020 et
2883 4961 3146 5022 Dominus
3169 4957 3436 5015 efficitur?
3463 4973 3593 5018 nun-

2086 5136 2428 5216 bEu_n_orpins
2470 5139 2857 5216 BasilioAinter
2895 5149 3107 5216 caetera.
3138 5137 3408 5216 obiecerat
3463 5133 3594 5215 duos

2013 5208 2080 5262 ab
2105 5223 2168 5262 eo
2193 5207 2440 5264 Christos
2469 5219 2522 5264 et
2549 5209 2798 5265 Domino:-
2829 5207 3133 5279 prtedicari.
3167 5207 3476 5279 Gregorius,
3510 5207 3594 5257 cui

2015 5279 2288 5347 preposita
2326 5283 2378 5334 in
2419 5280 2503 5336 his
2546 5281 2697 5336 libris
2725 5275 2844 5335 erat
2879 5280 3056 5333 Basilii
3090 5278 3353 5336 defensio,
3397 5275 3591 5347 calum-

2015 5346 2157 5427 fliam
2180 5351 2286 5427 itb.
2318 5351 2617 5427 itfl‘efellit.
2640 5354 2740 5414 Δύθ
2759 5353 3034 5427 Χρῳτσρς,
3059 5348 3251 5427 inquit,
3281 5349 3366 5400 καὶ
3387 5346 3591 5427 Sualu-

2013 5423 2153 5496 ρίους
2180 5422 2336 5496 λέγειν
2359 5426 2496 5505 ipa-.2:
2513 5417 2916 5505 ﬁnéag‘o‘fog'g
2957 5424 3011 5505 Et:
3042 5428 3145 5505 ξῶν
3185 5423 3438 5505 ngat-spei}
3469 5417 3591 5501 515:7.

2016 5490 2131 5562 χειν
2155 5490 2254 5549 rei
2272 5490 2434 5547 αἰτὶᾴν
2465 5490 2626 5563 ἔχων,
2660 5495 2779 5545 ἀλλὰ
2802 5495 2926 5566 πρὸς
2951 5495 3006 5546 τὸ
3038 5490 3225 5546 δοκοῦνή
3249 5490 3354 5545 κατ’
3374 5491 3592 5566 ἐξνιυσίᾳι

2111 5563 2292 5638 ψεύδῃ
2317 5560 2605 5638 χρώμέὸος.
2648 5560 2855 5617 Nedum
2887 5569 2945 5616 ut
2973 5579 3023 5616 ili
3051 5563 3149 5617 hac
3193 5563 3306 5630 ipse
3341 5560 3592 5632 sententia

2017 5634 2181 5688 fuisse
2211 5634 2382 5689 videri
2411 5645 2587 5688 uueat.
