4104 6360
556 241 659 299 807

1670 236 1964 300 FACUNDI
2004 236 2219 297 EPISC.
2252 235 2762 297 IIERMIANENSIS

559 358 685 431 quid
730 363 852 428 post
899 357 1301 413 cruciﬁxionem
1352 358 1638 413 Dominum
1687 373 1814 414 caro
1866 356 2143 424 suscepit?
2173 356 2226 416 Α
2252 353 2384 408 dans
2409 354 2626 424 quidem
2658 354 2995 422 passionibus
3026 353 3438 424 humanitatem,
3462 352 3881 427 operationem

559 453 797 511 Proinde
825 454 867 507 si
899 452 1016 506 haec
1040 493 1056 517 ,
1096 458 1154 505 ut
1191 451 1299 505 dixi
1336 493 1351 517 ,
1403 452 1754 523 Eutychianis
1797 451 2144 521 objiciuntur,

563 544 877 615 Gregorium
915 559 1125 614 quoque
1162 544 1533 600 damnabunt?
1572 562 1638 600 an
1677 561 1738 600 ea
1769 544 1961 600 melius
1992 544 2151 600 intel-

563 640 727 708 ligere
744 647 795 693 et
814 652 1085 706 exponere
1112 637 1483 693 conabuntur?
1508 638 1640 694 Nam
1669 648 1725 694 et
1746 648 1967 694 sanctus
1984 639 2151 692 Atha-

563 732 747 786 nasius
776 730 830 786 in
862 729 1001 785 libro
1034 746 1196 801 quem
1227 730 1295 787 de
1324 732 1596 788 Trinitate
1625 730 1980 801 conscripsit,
2014 730 2152 785 sicut

564 822 728 877 tertio
770 830 958 877 nostro
990 823 1409 877 memoravimus
1435 864 1451 888 ,
1491 822 1558 877 ad
1598 831 1911 877 naturarum
1960 821 2172 883 distin-.

563 913 802 969 ctionem
832 914 1082 970 similiter
1109 915 1271 970 dixit:
1302 934 1321 966 ί
1344 915 1579 970 Verbum
1605 915 1750 970 enim
1782 924 1835 970 et
1866 915 2032 969 Filius
2059 915 2152 969 Dei

568 1020 786 1075 semper
809 1013 929 1061 erat
970 1006 1230 1061 Dominus
1261 1005 1403 1061 Deus
1429 1047 1444 1071 ,
1490 1017 1545 1062 et
1571 1021 1675 1061 non
1707 1016 1827 1076 post
1857 1004 2154 1060 cruciﬁxin-

564 1112 687 1152 nem
718 1096 889 1151 factus
919 1107 1003 1152 est
1034 1098 1297 1152 Dominus
1326 1097 1604 1162 Christus;
1658 1097 1776 1161 sed,
1809 1104 1867 1149 ut
1906 1094 2151 1164 praedixi,

565 1188 954 1243 humanitatem
1013 1188 1131 1258 ejus
1194 1188 1373 1243 effecit
1434 1188 1688 1243 divinitas
1754 1187 2037 1241 Dominum
2101 1194 2151 1239 et

568 1279 761 1337 Deum.
804 1299 821 1330 ι
872 1279 981 1337 Sed
1007 1282 1071 1335 ad
1102 1282 1440 1351 propositum
1484 1289 1839 1336 revertamur.
1875 1279 2011 1333 Dicit
2056 1278 2156 1331 ita-

568 1390 673 1444 que
722 1390 907 1431 rursus
948 1374 1092 1431 idem
1141 1387 1359 1432 sanctus
1407 1377 1701 1446 Gregorius
1746 1375 1933 1430 eodem
1968 1374 2153 1427 libro:

578 1481 598 1515 r
652 1465 897 1519 Divinam
937 1466 1265 1535 Scripturam
1308 1468 1362 1522 in
1407 1469 1653 1522 manibus
1684 1466 1748 1520 ad
1781 1465 2154 1534 exponendum

573 1555 833 1611 habentes
871 1566 1021 1611 vetat
1068 1573 1295 1631 magnus
1342 1559 1636 1625 Apostolus
1686 1558 1855 1612 aniles
1893 1556 2157 1611 novitates

574 1648 886 1717 suscipere:
910 1666 1123 1707 crucem
1154 1650 1615 1717 animadvertens,
1649 1666 1865 1706 crucem
1891 1649 2157 1719 intelligo,

2254 455 2434 501 autem
2464 445 2877 500 resurrectionis
2906 445 3045 499 illius
3073 448 3161 514 qui
3187 462 3374 516 passus
3398 460 3485 504 est
3506 447 3727 504 divinae
3762 449 3889 506 vir-

2256 539 2383 605 tuti,‘
2416 553 2522 593 non
2561 538 2625 591 ad
2663 537 3126 608 prmjudicandum
3156 538 3587 597 Chalcedonensi
3611 542 3889 597 concilio

2254 632 2527 701 sapientes
2559 630 2658 683 viri
2689 631 2709 660 ¹
2753 630 3040 699 jactarent,
3082 630 3225 699 quod
3267 631 3390 686 ideo
3420 632 3548 687 dicit
3581 634 3753 688 illius
3786 636 3885 702 qui

2258 736 2445 790 passus
2478 730 2581 786 est,
2628 731 2883 791 tanquam
2912 722 3131 777 alterius
3162 739 3409 793 persona:
3434 726 3506 779 sit
3535 726 3692 781 Deus
3730 725 3877 779 Ver-

2256 812 2383 866 bum
2421 813 2509 881 qui
2542 825 2732 881 passus
2767 826 2872 866 non
2906 813 3101 869 fuerit?
3130 824 3221 868 aut
3252 815 3392 883 quod
3426 816 3499 870 ibi
3528 817 3882 871 subsecutus

2258 904 2454 972 adjecit
2481 920 2494 955 :
2525 903 2588 956 Et
2620 904 2698 957 sic
2729 904 2920 957 mortis
2955 905 3288 972 experientia
3318 906 3382 959 ad
3405 907 3553 961 illum
3587 910 3688 977 qui
3720 923 3888 962 com-

2259 994 2553 1047 municavit
2582 994 2827 1062 passibili
2859 1004 3063 1050 natura:
3093 997 3347 1062 refertur,
3390 1014 3497 1053 non
3528 1013 3885 1056 accusarent

2261 1084 2315 1138 in
2343 1084 2628 1139 Theodoro
2654 1125 2670 1151 ,
2716 1087 2853 1140 sicut
2881 1087 3061 1142 solent
3087 1130 3100 1154 ,
3148 1090 3384 1146 dicentes
3412 1094 3537 1161 quia
3567 1110 3687 1149 non
3728 1094 3886 1161 ejus~

2260 1177 2381 1232 dem
2415 1192 2660 1247 persona:
2700 1179 2929 1234 credidit
2958 1181 3125 1235 Deum
3158 1198 3313 1251 quem
3350 1184 3652 1253 hominem,
3688 1198 3761 1242 ut
3794 1188 3880 1243 di-

2260 1280 2429 1336 ceret,
2476 1270 2616 1324 illius
2645 1272 2735 1339 qui
2764 1286 2954 1340 passus
2984 1283 3103 1338 est,
3159 1276 3211 1328 id
3262 1285 3343 1330 cst
3376 1278 3611 1333 hominis
3634 1321 3651 1345 ,
3687 1279 3771 1334 ad
3818 1281 3882 1333 il-

2261 1361 2370 1415 lum
2400 1362 2631 1416 refertur
2663 1362 2704 1428 ³,
2739 1362 2792 1417 id
2821 1374 2906 1419 est
2934 1366 2999 1419 ad
3032 1366 3200 1422 Deum
3234 1368 3505 1435 Verbum;
3536 1380 3590 1425 et
3623 1372 3880 1427 hominis

2262 1455 2565 1522 passionem
2592 1470 2688 1525 per
2720 1457 3038 1512 relationem
3065 1460 3164 1527 ipsi
3192 1459 3303 1515 Deo
3321 1460 3496 1517 Verbo
3512 1464 3748 1528 ascribi,
3774 1465 3881 1518 sic-

2263 1554 2321 1598 ut
2354 1544 2419 1598 ad
2453 1544 2723 1599 hominem
2755 1546 2967 1613 altiora,
3013 1564 3129 1617 qua:
3162 1560 3287 1604 sunt
3339 1551 3434 1606 Dei
3476 1553 3669 1620 Verbi,
3705 1563 3771 1608 et
3793 1555 3879 1608 di-

2263 1637 2387 1691 vina
2420 1638 2634 1691 nomina
2664 1638 2825 1692 simili
2852 1639 3011 1693 modo
3042 1640 3396 1697 descendunt.
3432 1644 3645 1699 Rursus
3674 1646 3877 1701 eodem

567 1751 625 1797 et
674 1742 962 1799 humanum
1009 1759 1206 1799 nomen
1257 1745 1479 1799 edoctus
1504 1784 1520 1811 ,
1569 1745 1846 1813 conSpicio
1874 1758 1993 1798 eam
2039 1758 2159 1812 quae
2188 1742 2237 1803 B
2266 1731 2399 1786 1η)το
2421 1731 2488 1785 de
2513 1732 2614 1786 hoc
2637 1731 2753 1800 ipso
2776 1732 3001 1802 loquens
3031 1751 3044 1785 ε
3080 1752 3098 1785 ί
3134 1734 3191 1789 Si
3223 1736 3367 1790 enim
3392 1736 3639 1803 deceret.
3670 1739 3872 1807 ίηψιὶι,

568 1832 900 1902 significatur
930 1850 997 1889 ex
1043 1834 1264 1893 nomine
1305 1835 1426 1905 ipso
1457 1844 1726 1888 naturam.
1775 1832 1940 1887 istum
1977 1833 2158 1901 itaque

569 1923 769 1980 doceor
800 1941 828 1978 a
876 1926 1036 1981 Petro
1064 1928 1261 1980 factum
1286 1941 1408 1980 esse
1435 1924 1721 1979 Dominum
1767 1932 1821 1978 et
1842 1923 2115 1978 Christum
2141 1938 2155 1987 ;

570 2014 732 2069 istum
764 2017 856 2086 qui
888 2017 942 2070 in
983 2017 1154 2073 oculis
1187 2017 1387 2071 nostris
1418 2016 1590 2071 factus
1616 2025 1700 2071 est
1726 2016 1794 2070 ab
1816 2030 1883 2071 eo
1909 2015 2013 2069 dici
2046 2028 2156 2068 non

570 2103 763 2159 dubito
804 2123 817 2160 :
847 2107 1100 2175 quoniam
1147 2119 1201 2161 et
1229 2108 1523 2162 concinunt
1558 2106 1661 2161 sibi
1702 2107 1933 2161 invicem
1965 2104 2158 2174 sancti,

573 2202 629 2248 et
657 2195 708 2248 in
740 2194 860 2250 aliis
882 2196 1132 2251 omnibus
1154 2198 1337 2265 rebus,
1360 2207 1415 2254 et
1436 2199 1486 2251 in
1521 2197 1621 2251 hac
1644 2206 1815 2266 parte.
1849 2197 1999 2251 Sicut
2019 2197 2161 2250 enim

572 2286 676 2340 iste
699 2301 824 2342 eum
852 2288 944 2358 qui
973 2289 1261 2344 cruciﬁxus
1289 2299 1375 2345 est
1403 2291 1687 2345 Dominum
1714 2290 1911 2343 factum
1937 2303 2056 2343 esse
2082 2287 2159 2343 di-

572 2378 680 2443 cit,
724 2380 802 2435 sic
828 2389 885 2435 et
915 2381 1112 2436 Paulus
1150 2382 1321 2451 inquit
1368 2381 1826 2450 superexaltatum
1876 2388 2001 2448 post
2032 2393 2159 2448 pas-

577 2467 787 2526 sionem
831 2478 1037 2541 etpost
1070 2473 1545 2528 resurrectionem.
1600 2492 1619 2524 )
1671 2472 2078 2526 Animadvertat
2111 2478 2165 2525 et

578 2557 633 2611 in
655 2558 756 2614 hac
776 2562 1044 2616 sententia
1067 2562 1258 2627 lector,
1292 2563 1418 2633 quia
1440 2577 1561 2617 cum
1584 2562 1714 2617 dicit
1746 2578 1761 2615 :
1796 2563 1960 2616 Istum
1986 2562 2165 2630 itaque

576 2652 776 2709 doceor
796 2670 825 2709 a
849 2656 1008 2718 Petro
1033 2656 1227 2712 factum
1252 2673 1372 2713 esse
1399 2658 1685 2713 Dominum
1707 2658 2051 2713 etChristum
2074 2676 2087 2724 ;
2112 2666 2167 2713 et

580 2744 773 2799 iterum
814 2747 1011 2816 repetit
1039 2749 1226 2803 dicens
1259 2766 1272 2803 :
1319 2748 1483 2803 Istum
1517 2750 1605 2818 qui
1646 2749 1700 2803 in
1742 2749 1921 2803 oculis
1964 2750 2166 2804 nostris

524 2896 535 2907 ,
576 2834 748 2892 laetus
776 2846 858 2891 est
884 2838 953 2893 ab
977 2852 1044 2893 eo
1067 2838 1173 2894 dici
1210 2855 1316 2894 non
1338 2840 1549 2906 dubito,
1579 2840 1913 2895 tantumdem
1944 2840 2085 2895 valet
2105 2852 2169 2894 ac

576 2926 624 2981 si
657 2927 862 2985 diceret
889 2946 905 2984 :
933 2930 1121 2997 Istum,
1154 2947 1261 2986 non
1293 2932 1441 2987 illum
1472 2934 1565 3003 qui
1608 2943 1733 2989 ante
1763 2934 1963 2989 saecula
1990 2933 2171 2988 Domi-

575 3034 678 3074 nus
709 3030 859 3086 erat;
887 3036 989 3079 nec
1017 3032 1198 3079 tamen
1228 3025 1364 3081 duos
1392 3024 1531 3081 ﬁlios
1562 3026 1615 3080 in
1650 3027 1755 3082 isto
1781 3036 1835 3082 et
1864 3028 1920 3081 in
1954 3026 2047 3081 illo
2072 3024 2170 3081 do-

575 3119 664 3168 cet
684 3113 933 3185 intelligi.
953 3112 1024 3171 Et
1044 3120 1380 3187 superiorem
1403 3133 1555 3174 suam
1578 3120 1903 3173 sententiam
1927 3120 2167 3185 ﬁrmans,

575 3217 761 3259 rursus
790 3220 914 3261 eum
958 3216 1081 3275 post
1114 3210 1523 3267 cruciﬁxionem
1572 3218 1849 3267 asseverat
1879 3211 2167 3266 Dominum

576 3294 795 3363 factum,
824 3311 945 3352 cum
977 3300 1052 3353 ait
1082 3318 1093 3352 :
1130 3300 1290 3367 Quia,
1322 3303 1465 3357 sicut
1493 3303 1689 3358 Petrus
1716 3317 1840 3358 eum
1869 3304 1961 3373 qui
1992 3303 2168 3359 cruci-

577 3386 715 3440 ﬁxus
744 3394 829 3442 est
855 3388 1142 3445 Dominum
1175 3392 1376 3446 factum
1405 3408 1529 3450 esse
1557 3394 1729 3459 dicit,
1775 3395 1853 3449 sic
1890 3405 1944 3450 et
1971 3395 2169 3450 Paulus

579 3474 750 3545 inquit
772 3482 1228 3547 superexaltatum
1264 3492 1384 3551 post
1420 3486 1729 3554 passionem
1754 3496 1806 3540 et
1832 3495 1956 3555 post
1984 3500 2168 3541 resur-

578 3567 896 3625 rectionem.
915 3570 1178 3636 Quocirca
1190 3574 1327 3629 sicut
1339 3590 1461 3629 eum
1476 3583 1599 3645 post
1610 3576 1914 3646 passionem
1928 3586 1982 3632 et
1993 3593 2171 3632 resur-

582 3659 876 3713 rectionem
907 3662 1104 3716 asserit
1133 3664 1427 3719 exaltatum
1462 3665 1774 3720 testimonio
1810 3666 1960 3721 Pauli
1988 3668 2173 3722 dicen-

584 3747 653 3802 tis
684 3766 697 3801 :
734 3749 1043 3806 Humiliavit
1086 3757 1414 3826 semetipsum
1445 3758 1613 3828 factus
1642 3759 1877 3813 obediens
1914 3777 2072 3830 usque
2107 3764 2175 3815 ad

581 3852 815 3909 mortem,
840 3856 1053 3900 mortem
1078 3857 1251 3902 autem
1280 3851 1443 3905 crucis
1478 3867 1497 3904 :
1530 3862 1738 3919 propter
1779 3854 1918 3922 quod
1960 3862 2007 3907 et
2038 3853 2176 3909 Deus

579 3932 728 3988 illum
755 3936 1029 4005 exultavit,
1067 3947 1115 3994 et
1148 3941 1357 3995 donavit
1390 3940 1471 3995 illi
1513 3958 1696 3997 nomen
1746 3945 1885 4013 quod
1916 3954 1991 3998 est
2022 3961 2176 4016 super

580 4042 726 4081 omne
747 4045 931 4084 nomen
950 4031 1174 4103 (Philip.
1194 4051 1251 4100 ιι,
1270 4035 1324 4101 8,
1360 4037 1453 4105 9):
1482 4040 1551 4090 ita
1577 4052 1699 4092 eum
1724 4047 1847 4106 post
1866 4039 2174 4106 passionem

581 4133 796 4190 quoque
823 4131 880 4178 et
899 4128 1357 4183 resurrectionem
1382 4128 1616 4184 affirmat
1639 4131 1926 4185 Dominum
1952 4132 2173 4203 factum,

579 4212 724 4280 quod
758 4214 774 4243 ί
823 4213 892 4269 de
927 4214 1022 4270 illo
1085 4218 1247 4273 etiam
1292 4218 1482 4275 Petrus
1519 4222 1795 4290 apostolus
1831 4222 1906 4276 ait
1936 4240 1949 4275 :
1983 4222 2177 4277 Notum

579 4305 646 4360 sit
692 4310 832 4362 omni
878 4309 1055 4363 domui
1102 4309 1299 4379 Israel,
1343 4314 1589 4381 quoniam
1646 4312 1925 4367 Dominum
1963 4331 2080 4368 eum
2130 4324 2177 4369 et

580 4399 845 4457 Christum
893 4403 1034 4460 Deus
1081 4408 1237 4477 fecit,
1281 4407 1417 4460 hunc
1462 4407 1639 4460 Jesum
1684 4425 1830 4477 quem
1873 4426 1960 4463 vos
2012 4410 2178 4463 cruci-

2265 1824 2318 1877 in
2368 1823 2458 1877 illa
2510 1822 2795 1878 excellenti
2843 1834 3033 1879 natura
3078 1825 3260 1882 dicere
3307 1827 3511 1897 aliquid
3562 1829 3873 1884 secundm

2266 1914 2564 1983 profectum
2595 1915 2921 1985 contigisse;
2956 1916 3107 1972 verbi
3131 1921 3323 1987 gratia,
3358 1928 3417 1973 ut
3442 1934 3509 1973 ex
3535 1921 3757 1989 privato
3781 1935 3873 1976 rex

2266 2004 2438 2070 ﬁeret,
2472 2022 2539 2060 ex
2571 2007 2759 2061 humili
2791 2008 3060 2078 excelsus,
3108 2025 3174 2065 ex
3203 2026 3363 2067 servo
3396 2012 3687 2078 Dominus,
3717 2014 3870 2069 dece-

2267 2108 2347 2153 ret
2366 2099 2594 2154 fortasse
2624 2109 2680 2155 et
2704 2100 2853 2155 Petri
2876 2116 3063 2157 vocem
3086 2102 3286 2158 divinat
3319 2106 3579 2175 unigeniti
3607 2117 3871 2178 coaptare

2269 2207 2517 2261 persona:
2554 2194 2596 2247 ’⁵.
2630 2195 2894 2261 Quoniam
2926 2205 3105 2251 autem
3137 2197 3413 2264 divinitas,
3444 2200 3714 2268 quidquid
3741 2201 3869 2254 illud

2268 2294 2352 2342 est
2377 2288 2519 2356 quod
2547 2303 2577 2341 a
2610 2288 2765 2342 nobis
2795 2302 2917 2343 esse
2949 2287 3208 2353 creditur,
3240 2303 3455 2358 semper
3480 2288 3675 2344 eodem
3711 2290 3870 2345 modo

2269 2393 2329 2433 se
2364 2377 2561 2445 habet,
2593 2389 2646 2433 et
2677 2379 2823 2433 omni
2852 2378 3218 2434 additamenta
3262 2381 3511 2449 superior
3550 2390 3758 2451 exstat,
3790 2381 3868 2434 di-

2271 2470 2628 2525 minutionem
2657 2484 2994 2541 nequaquam
3022 2470 3359 2540 percipiens;
3393 2486 3619 2527 necesse
3646 2481 3742 2527 est
3760 2487 3870 2527 om«

2271 2561 2428 2615 nibus
2485 2562 2661 2617 modis
2709 2563 2776 2617 ad
2834 2563 3225 2618 humanitatem
3276 2565 3481 2620 referre
3529 2580 3865 2620 sermonem.

2272 2652 2415 2707 Deus
2462 2654 2608 2707 enim
2636 2653 2875 2709 Verbum
2909 2692 2924 2718 ,
2978 2652 3119 2721 quod
3175 2662 3291 2708 erat
3338 2654 3391 2708 in
3423 2655 3720 2724 principio,
3772 2657 3869 2712 hoc

2273 2746 2436 2802 etiam
2470 2761 2611 2801 nunc
2641 2755 2753 2811 est,
2804 2754 2857 2801 et
2882 2760 3098 2815 semper
3142 2757 3462 2816 permanet,
3495 2763 3719 2819 semper
3750 2765 3865 2818 rex,

2273 2852 2489 2907 semper
2520 2838 2800 2903 Dominus,
2838 2851 3054 2906 semper
3080 2838 3397 2904 altissimus,
3431 2853 3648 2910 semper
3670 2840 3821 2895 Deus
3853 2860 3864 2893 :

2274 2931 2411 2985 nihil
2442 2933 2635 2986 horum
2664 2947 2761 3001 per
2786 2930 3086 3000 profectum
3112 2930 3360 3000 sumpsit,
3389 2931 3485 2986 sed
3516 2933 3701 2987 omnia
3728 2946 3866 3003 qua-

2275 3038 2488 3095 cunque
2508 3026 2728 3092 dicitur,
2755 3026 2955 3080 virtute
2980 3040 3091 3081 suae
3118 3036 3327 3081 naturae
3356 3028 3627 3082 consistit.
3660 3028 3761 3082 ille
3780 3043 3868 3081 au-

2200 3125 2245 3188 c
2277 3124 2385 3172 tem
2415 3132 2483 3171 ex
2514 3118 2731 3171 homine
2762 3131 2858 3185 per
2888 3118 3314 3187 assumptionem
3346 3118 3413 3172 ad
3458 3117 3628 3173 Deum
3666 3119 3866 3173 exalta-

2278 3216 2382 3277 tus,
2417 3208 2561 3263 aliud
2609 3208 2935 3275 consistens,
2974 3219 3030 3264 et
3058 3209 3201 3265 aliud
3251 3209 3473 3265 effectus
3500 3250 3516 3277 ,
3566 3211 3791 3279 proprie
3820 3220 3867 3265 et

2274 3314 2400 3357 vere
2449 3299 2698 3355 Christus
2729 3308 2785 3355 et
2825 3301 3086 3356 Dominus
3131 3300 3304 3356 factus
3348 3316 3471 3357 esse
3515 3302 3741 3357 dicitur.
3789 3302 3865 3355 Ex

2274 3407 2433 3449 servo
2462 3392 2605 3447 enim
2637 3400 2692 3446 et
2721 3406 2788 3447 ex
2819 3392 3063 3462 subjecto
3094 3408 3274 3463 regem
3298 3434 3314 3460 ,
3358 3404 3411 3449 et
3441 3394 3719 3450 Christum
3752 3410 3866 3449 eum

2277 3501 2343 3543 ex
2365 3486 2653 3541 obcdiente
2694 3484 2845 3553 fecit,
2878 3495 2933 3541 et
2960 3486 3101 3555 quod
3136 3486 3336 3542 humile
3366 3498 3482 3542 erat
3503 3489 3866 3557 superexalta-

2276 3578 2394 3645 vit,
2447 3584 2503 3630 et
2550 3576 2845 3632 humanum
2894 3577 3111 3633 habenti
3156 3593 3353 3635 nomen
3405 3581 3627 3634 donavit
3678 3595 3866 3634 nomen

2282 3669 2427 3738 quod
2459 3678 2541 3724 est
2571 3683 2732 3738 super
2759 3682 2921 3724 omne
2949 3684 3166 3725 nomen.
3200 3689 3219 3722 ι
3258 3671 3352 3726 His
3382 3685 3598 3741 quoque
3628 3670 3866 3726 conside-

2278 3760 2432 3829 ratis,
2470 3759 2686 3814 videant
2727 3760 2819 3829 qui
2849 3759 3191 3816 Theodorum
3224 3776 3347 3817 cum
3380 3763 3492 3817 suis
3532 3764 3867 3832 dogmatibus

2274 3851 2654 3921 iudicaverunt
2702 3864 2824 3907 esse
2862 3852 3225 3909 damnandum
3251 3894 3266 3921 ,
3320 3863 3573 3924 tanquam
3604 3856 3869 3910 dicentem

2281 3959 2375 4013 per
2402 3943 2706 4015 profectum
2736 3943 2942 4014 aliquid
2987 3946 3283 4002 accessisse
3315 3947 3535 4003 Christo
3554 3934 3867 4002 secundum

2282 4039 2702 4102 humanitatem;
2737 4038 2990 4107 quoniam
3036 4039 3151 4093 sive
3192 4038 3295 4093 hoc
3326 4038 3643 4094 Theodorus
3670 4038 3807 4093 dixit
3831 4040 3867 4104 ',

2280 4131 2395 4185 sive
2423 4144 2530 4183 non
2575 4128 2795 4196 dixerit,
2828 4129 3123 4199 Gregorius
3156 4130 3372 4184 interim
3418 4130 3589 4197 dicit,
3631 4134 3757 4201 quia
3788 4147 3867 4187 se-

2279 4224 2515 4277 cundum
2547 4221 2849 4289 profectum
2881 4237 2945 4277 cx
2980 4222 3191 4291 privato
3236 4238 3351 4291 rex,
3381 4238 3445 4277 ex
3480 4223 3667 4277 humili
3701 4227 3867 4279 excel-

2279 4329 2390 4380 sus,
2422 4330 2489 4370 ex
2514 4329 2673 4369 servo
2700 4312 2959 4368 Dominus
2984 4314 3037 4368 in
3067 4322 3315 4384 suscepta
3342 4313 3679 4369 humanitate
3709 4314 3867 4368 factus

2280 4416 2364 4463 est
2389 4406 2660 4462 Christus.
2693 4406 2825 4461 Nam
2860 4406 3005 4462 Deus
3030 4406 3285 4471 Verbum,
3316 4406 3459 4475 quod
3487 4416 3603 4461 erat
3628 4406 3682 4460 in
3728 4408 3865 4476 prin-

584 4492 771 4559 ﬁxistis
802 4494 939 4564 (Act.
974 4511 1044 4562 ιι,
1075 4496 1194 4567 '56).
1242 4496 1374 4551 Item
1412 4496 1542 4551 dicit
1572 4497 1761 4553 eodem
1798 4500 1934 4553 libro
1968 4516 1982 4552 :
2032 4516 2050 4550 ι
2104 4498 2175 4554 Ut
2200 4495 2252 4555 D
2281 4500 2448 4568 cipio,
2477 4499 2578 4553 hoc
2605 4500 2766 4553 etiam
2798 4512 2940 4552 nunc
2969 4508 3023 4552 et
3050 4512 3267 4567 semper
3288 4508 3393 4563 est,
3418 4511 3519 4551 nec
3547 4498 3752 4566 aliquid
3784 4497 3864 4551 ho-

583 4587 726 4641 circa
758 4596 1046 4659 utrumque
1076 4590 1218 4660 quod
1249 4591 1461 4658 pietatis
1492 4600 1572 4646 est
1596 4601 1925 4657 reservetur,
1956 4608 2019 4648 ea
2047 4607 2165 4661 qua:

581 4680 819 4733 humana
850 4688 973 4734 sunt
1002 4695 1098 4748 per
1134 4680 1555 4749 assumptionem
1603 4683 1899 4753 gloriﬁcata
1941 4683 2169 4738 demon-

595 4778 752 4839 strat,
777 4778 833 4825 et
865 4785 926 4825 ea
968 4787 1091 4841 quae
1121 4773 1419 4830 divinitatis
1452 4790 1547 4845 per
1574 4775 1982 4830 descensionem
2020 4774 2172 4830 nullo

584 4862 747 4917 modo
785 4864 998 4934 polluit.
1033 4866 1140 4921 Sed
1183 4866 1315 4922 dans
1354 4868 1568 4939 quidem
1616 4866 1952 4935 passionibus
1984 4865 2174 4919 huma-

584 4955 830 5023 nitatem,
862 4958 1233 5029 operationem
1260 4969 1439 5016 autem
1478 4958 1887 5016 resurrectionis
1920 4959 2062 5013 illius
2085 4960 2175 5027 qui

582 5063 774 5119 passus
810 5058 893 5106 est
938 5051 1135 5109 divinae
1166 5053 1382 5120 virtuti;
1425 5062 1481 5108 et
1509 5054 1585 5107 sic
1628 5052 1817 5106 mortis
1846 5049 2179 5120 experientia

581 5140 649 5195 ad
675 5142 823 5197 illum
858 5145 947 5213 qui
978 5146 1400 5201 communicavit
1424 5143 1664 5215 passibili
1696 5154 1900 5197 natura:
1924 5142 2177 5207 refertur,

580 5246 802 5306 propter
829 5252 949 5293 eam
978 5253 1097 5307 quae
1125 5239 1191 5294 ad
1221 5254 1342 5294 eum
1372 5247 1455 5295 est
1502 5237 1736 5293 hominis
1763 5236 2175 5303 adunationem;

581 5337 635 5382 et
669 5329 854 5384 altiora
884 5331 1012 5385 item
1047 5341 1101 5386 et
1130 5331 1316 5385 divina
1340 5331 1561 5385 nomina
1592 5330 1657 5384 ad
1701 5328 1975 5383 hominem
2009 5327 2176 5382 simili

580 5420 743 5475 modo
770 5421 1127 5477 descendunt.
1167 5444 1185 5476 ι
1220 5422 1467 5494 Nunquid
1497 5422 1542 5477 si
1587 5422 1909 5480 Theodorus
1937 5421 2165 5489 diceret,

656 5597 673 5674 ξ
700 5596 837 5674 βρά.
872 5599 1095 5674 Veron.,
1127 5607 1409 5658 secundum
1438 5605 1595 5674 quod.

657 5669 676 5745 ξ
700 5668 845 5745 idem
873 5672 1015 5745 cod.,
1046 5676 1201 5727 nostri
1218 5668 1492 5745 jactaren't.

656 5737 676 5769 ³
704 5736 867 5793 Idem.
902 5743 1045 5798 c0d..
1076 5736 1269 5796 referri,

2273 4606 2392 4646 rum
2438 4605 2533 4659 per
2579 4589 2881 4660 profectum
2913 4589 3161 4659 sumpsit.
3207 4589 3299 4644 llle
3333 4596 3513 4643 autem
3545 4603 3615 4643 ex
3659 4589 3865 4645 homine

2277 4700 2373 4755 per
2402 4685 2824 4753 assumptionem
2876 4684 2943 4738 ad
2985 4684 3155 4738 Deum
3206 4684 3478 4738 exaltatus
3504 4724 3519 4748 ,
3572 4697 3699 4737 cum
3732 4680 3864 4737 aliud

2281 4793 2376 4849 per
2422 4786 2669 4831 naturam
2700 4777 3045 4841 consisteret,
3078 4774 3221 4829 aliud
3268 4774 3491 4829 eﬁ‘ectus
3522 4782 3626 4841 est,
3662 4775 3864 4845 proprie

2282 4880 2339 4926 et
2366 4885 2494 4925 vere
2522 4869 2766 4923 Christus
2809 4878 2865 4923 et
2915 4868 3177 4923 Dominus
3209 4866 3382 4921 factus
3410 4875 3493 4921 est
3526 4883 3540 4919 :
3586 4882 3747 4937 quem
3782 4864 3863 4921 Dei

2290 4960 2451 5015 Verbi
2481 4962 2777 5030 assumptio
2804 4975 2868 5015 ex
2904 4974 3063 5015 servo
3087 4967 3143 5013 et
3165 4973 3232 5014 ex
3258 4957 3501 5027 subjecto
3523 4972 3707 5028 regem
3740 4958 3863 5013 fece-

2286 5055 2376 5119 rit,
2409 5063 2461 5108 et
2506 5052 2782 5108 Christum
2826 5067 2891 5106 ex
2938 5050 3246 5107 obediente.
3299 5049 3573 5104 Accusent
3618 5050 3779 5119 igitur
3818 5057 3862 5103 et

2286 5145 2605 5216 Gregorium
2662 5154 2914 5214 tanquam
2963 5144 3101 5198 duos
3153 5143 3494 5198 inducentem
3544 5143 3704 5209 ﬁlios,
3750 5141 3862 5212 quia

2285 5240 2467 5296 dixit:
2514 5239 2658 5293 Deus
2703 5237 2939 5292 Verbum
2982 5237 3112 5292 nihil
3143 5252 3237 5307 per
3280 5236 3576 5306 profectum
3614 5237 3860 5306 sumpsit;

2288 5333 2379 5388 ille
2428 5340 2605 5386 autem
2636 5347 2702 5386 ex
2733 5331 2949 5385 homine
2996 5345 3091 5399 per
3132 5331 3554 5399 assumptionem
3586 5331 3657 5389 ad.
3705 5331 3863 5385 Deum

2278 5427 2542 5483 exaltatus
2586 5433 2688 5480 est.
2747 5425 2813 5478 Et
2859 5424 3010 5494 quasi
3055 5423 3321 5480 dicentem
3409 5422 3554 5493 quod
3584 5422 3863 5494 aliquando

2347 5605 2369 5635 δ
2396 5604 2537 5658 Idem
2564 5602 2710 5667 cod.,
2738 5610 2951 5654 natura.

2350 5676 2371 5707 ⁵
2393 5674 2535 5731 Idem
2562 5673 2709 5741 cod.,
2734 5672 2938 5727 dixerit.
