4104 6360
309 340 409 398 809

1192 336 1328 394 PRO
1364 332 1795 395 DEFE‘NSIONE
1829 331 2048 391 TRIUM
2077 331 2392 391 CAPITUL.
2434 332 2563 392 LIB.
2601 332 2693 389 XI.

3468 333 3568 396 8I0

311 454 559 511 Dominus
584 451 740 509 Iesus
762 450 839 507 sic
868 449 1027 506 fuerit
1058 464 1244 505 servus
1274 464 1337 506 ac
1363 448 1657 520 subjectus,
1683 458 1741 505 ut
1772 463 1876 504 non
1903 454 1954 515 Α
1982 456 2065 500 eat
2092 446 2229 500 calix
2267 447 2390 516 iste,
2424 457 2513 513 et,
2547 447 2669 502 Non
2711 447 2842 500 sicut
2871 460 2963 516 ego
2989 445 3102 500 uolo
3126 486 3142 512 ,
3184 447 3273 502 sed
3309 449 3435 502 sicut
3482 462 3555 514 tu,

309 550 466 605 etiam
500 563 593 602 rex
634 555 778 602 esset
802 554 853 598 et
879 544 1160 611 Dominus,
1188 552 1279 600 aut
1307 544 1453 615 prius
1482 543 1737 599 obediens
1761 552 1878 598 tan-

310 654 414 696 ttnn
449 639 630 706 fuerit,
666 649 718 694 et
745 648 929 707 postea
958 638 1125 707 ipsius
1155 638 1477 692 obedientim
1505 638 1699 692 merito
1729 636 1882 691 Chri-

308 744 420 788 stus
451 731 705 797 effectus;
744 742 833 786 aut
863 731 941 784 sic
974 729 1133 785 fuerit
1172 746 1403 801 unquam
1436 730 1673 795 humilis,
1704 740 1759 784 ut
1790 745 1884 784 ex-

309 826 485 880 CI‘ISIIS
515 838 727 892 quoque
759 838 866 874 non
918 830 1091 888 esset;
1142 829 1235 876 aut
1272 820 1560 891 aliquando
1593 820 1882 875 humanum

307 934 499 971 nomen
534 916 796 979 habuerit,
834 922 891 968 ut
920 932 1026 970 non
1068 915 1291 971 haberet
1332 916 1490 971 etiam
1521 930 1715 970 nomen
1741 914 1883 984 quod

306 1020 385 1062 ost
409 1025 569 1074 super
596 1023 753 1061 omne
778 1021 968 1061 nomen
995 1025 1007 1060 :
1033 1008 1153 1077 quia
1178 1018 1231 1062 et
1263 1007 1363 1063 hoc
1394 1007 1683 1077 Gregorius
1705 1007 1882 1064 dixit:

306 1099 458 1164 Quod
496 1099 693 1152 humile
721 1105 838 1151 erat
868 1098 1288 1165 supercxaltavit
1313 1142 1327 1166 ,
1373 1108 1426 1153 et
1461 1099 1750 1153 humanum
1785 1100 1880 1152 ha-

307 1192 453 1244 Lcuii
508 1204 701 1244 nomen
746 1188 964 1243 donavit
1006 1204 1201 1243 nomen
1232 1189 1374 1259 quod
1404 1200 1488 1244 est
1517 1204 1680 1259 super
1726 1202 1887 1243 omne

307 1298 524 1335 nomen.
553 1282 819 1335 Accusent
844 1283 1006 1335 etiam
1037 1280 1179 1351 quod
1212 1282 1285 1335 ait
1313 1297 1330 1337 :
1365 1280 1458 1336 lIle
1489 1292 1665 1337 autem
1694 1296 1759 1336 ex
1786 1284 1885 1335 ho-

308 1376 453 1429 mine
496 1376 561 1429 ad
609 1374 775 1429 Deum
819 1375 1107 1439 exaltatns,
1149 1374 1361 1446 proprie
1390 1385 1445 1430 et
1482 1390 1608 1431 vere
1642 1374 1887 1429 Christus

307 1474 363 1521 et
392 1465 650 1520 Dominus
672 1466 847 1520 factus
870 1481 990 1521 esse
1013 1467 1226 1534 dicitur,
1257 1466 1410 1537 quasi
1432 1466 1674 1521 Christus
1704 1476 1757 1521 et
1785 1466 1888 1521 Do-

308 1557 485 1611 minus
514 1556 683 1612 factus
711 1557 873 1611 homo
902 1573 1019 1613 esse
1044 1557 1286 1623 desierit,
1320 1567 1377 1612 ut
1401 1559 1671 1613 diceretur
1697 1572 1759 1612 ex
1794 1557 1890 1611 ho-

306 1648 451 1704 mine
492 1649 741 1704 Christus
773 1659 827 1705 et
860 1650 1118 1705 Dominus
1150 1648 1344 1704 factus.
1372 1650 1581 1717 Quanta
1608 1663 1735 1704 vero
1764 1648 1887 1703 talia

308 1742 363 1796 in
412 1743 564 1797 libris
605 1742 765 1811 hujus
797 1746 965 1798 sancti
1009 1742 1255 1814 Gregorii
1287 1743 1491 1812 possint
1535 1742 1783 1807 inveniri,
1816 1756 1885 1796 ex

1985 540 2115 596 nihil
2146 541 2289 597 aliud
2320 544 2578 611 ostendit,
2612 542 2711 598 nisi
2757 543 2877 613 quia
2922 558 3136 599 carnem
3169 558 3298 599 vere
3328 544 3558 600 circau-

1985 635 2211 689 amictus
2253 644 2337 690 est
2386 637 2658 691 timentem
2702 647 2950 692 mortem.
2996 634 3207 692 Timere
3238 638 3381 692 enim
3414 656 3562 692 mot-

1984 738 2117 793 tem,
2173 737 2226 782 et
2272 727 2511 783 subtrahi
2538 769 2554 794 ,
2591 737 2647 784 et
2676 730 2924 800 agoniam
2970 728 3174 784 habere
3206 775 3221 799 ,
3268 729 3411 783 illius
3453 741 3555 783 est.

1984 820 2135 876 Nunc
2170 820 2386 891 quidem
2427 836 2545 877 eam
2586 821 2856 878 desertam
2905 832 2959 879 et
3005 824 3202 879 nudam
3248 822 3460 893 reliquit
3501 824 3567 878 ab

1988 914 2302 983 Operatione
2334 914 2570 983 propria,
2620 923 2678 968 ut
2704 915 2997 969 05tendens
3035 917 3150 984 ejus
3182 916 3570 980 infirmitatem,

1988 1004 2357 1060 manifestaret
2402 1004 2519 1075 ejus
2563 1014 2828 1059 naturam.
2866 1024 2884 1057 ι
2921 1005 3036 1059 lam
3069 1006 3283 1076 quidem
3317 1007 3477 1061 etiam
3513 1006 3573 1059 Ii-

1988 1097 2086 1153 bro
2117 1098 2297 1163 tertio,
2342 1098 2610 1167 quomodo
2644 1097 2783 1153 idem
2817 1097 3007 1152 beatus
3040 1096 3273 1152 Joannes
3305 1097 3571 1152 Chrislllm

1987 1189 2283 1243 secundum
2337 1190 2721 1243 humanitatem
2773 1196 3000 1242 n-orteni
3036 1188 3276 1241 docuerit
3307 1187 3571 1251 timuisse,

1989 1283 2356 1354 probavimus.
2389 1283 2494 1338 Sed
2530 1282 2658 1337 illud
2692 1282 2853 1336 modo
2885 1281 3131 1335 volumus
3162 1280 3387 1344 attendi,
3430 1281 3573 1347 qud

1988 1381 2063 1433 ait
2092 1396 2107 1433 :
2144 1378 2295 1432 Nunc
2326 1377 2541 1447 quidem
2568 1393 2687 1432 eam
2729 1378 2840 1431 dest
2863 1387 2999 1431 rtam
3029 1386 3082 1430 et
3127 1374 3321 1428 nudam
3363 1372 3576 1439 reliquit

1989 1471 2057 1525 ab
2085 1472 2401 1537 operatione
2424 1470 2662 1540 propria,
2697 1486 2816 1523 cum
2854 1469 2928 1524 sic
2962 1484 3079 1523 eam
3114 1466 3217 1521 sibi
3251 1469 3413 1521 Deum
3450 1465 3576 1517 Ver-

1990 1566 2115 1621 bum
2145 1566 2195 1620 in
2222 1581 2379 1618 unam
2410 1564 2813 1619 subsistentiam
2843 1563 3114 1617 adunasse
3144 1560 3432 1615 credamus
3466 1608 3472 1621 ,
3522 1570 3577 1612 ut

1990 1658 2059 1711 ab
2108 1672 2169 1713 ea
2218 1656 2402 1711 divelli
2457 1668 2685 1724 nequeat
2736 1655 2785 1708 in
2836 1662 3145 1708 :eternum:
3195 1666 3353 1721 quam
3401 1658 3574 1704 tamen

1992 1758 2143 1804 recto
2170 1763 2355 1815 sensu,
2382 1764 2539 1817 quem
2572 1748 3028 1817 Eutychianorum
3062 1746 3287 1799 stultitia
3317 1759 3420 1796 non
3456 1759 3579 1811 pos-

307 1831 412 1887 hoc
456 1832 626 1887 IcCiOI‘
656 1833 930 1903 conjiciat,
982 1834 1107 1904 quia
1150 1848 1248 1888 nos
1276 1850 1381 1888 non
1410 1834 1581 1889 solum
1607 1849 1674 1889 ex
1698 1832 1886 1888 eodem
1919 1845 1967 1906 Β
1994 1849 2075 1911 sei
2100 1840 2351 1910 indagare
2381 1856 2481 1896 nec
2522 1841 2769 1909 impietas
2804 1839 3012 1907 placide
3040 1848 3091 1893 et
3134 1845 3447 1891 rewrenler
3486 1850 3575 1889 ac.

306 1924 427 1994 ejus
456 1940 638 1993 Opere,
681 1942 865 1981 verum
896 1926 1056 1981 etiam
1096 1943 1162 1981 ex
1191 1928 1383 1981 eodem
1418 1928 1555 1983 libro
1597 1936 1740 1980 tanta
1772 1941 1895 1995 pro—

313 2018 551 2083 tulimus,
585 2027 781 2088 quanta
816 2020 1122 2074 necessaria
1154 2033 1328 2073 causa:
1366 2019 1742 2088 judicavimus.
1787 2019 1896 2075 Nec

308 2120 489 2165 tamen
540 2125 636 2179 pro
681 2110 880 2165 talibus
929 2111 1144 2181 dignum
1173 2122 1254 2166 est
1299 2111 1415 2181 ejus
1447 2111 1748 2167 doctrinam
1794 2111 1895 2167 sub

308 2202 654 2256 anathemate
681 2202 1047 2258 condemnari.
1085 2203 1321 2257 Primum
1354 2202 1591 2274 quidem,
1631 2203 1757 2273 quia
1787 2219 1894 2260 non

312 2295 535 2349 infamia
568 2295 711 2365 digui
744 2306 889 2361 sunt,
924 2298 1010 2363 qui
1041 2305 1359 2365 praesentem
1391 2297 1551 2349 vitam
1576 2309 1696 2350 cum
1726 2294 1894 2364 gloria

314 2386 593 2441 ﬁnierunt.
645 2386 845 2442 Deinde
894 2388 909 2417 ⁸
945 2386 1129 2441 Patres
1173 2401 1385 2457 quoque
1424 2388 1712 2443 orientales
1751 2387 1898 2442 dice-

308 2477 440 2531 bant
475 2495 488 2531 :
529 2496 546 2529 ι
576 2477 630 2534 Si
660 2488 839 2533 autem
873 2479 1187 2549 quidquam,
1219 2482 1510 2549 imperator
1538 2490 1758 2545 sancte,
1801 2480 1899 2534 ob-

309 2585 528 2627 scurum
570 2573 766 2643 aliquis
814 2572 1042 2627 inveniri
1075 2573 1220 2627 dicat
1251 2574 1303 2627 in
1336 2574 1603 2629 Theodori
1648 2572 1737 2628 vel
1766 2574 1900 2629 alio-

311 2680 435 2720 rum
467 2666 697 2732 litteris,
750 2668 854 2720 hoc
905 2666 1184 2720 retractari
1228 2664 1596 2720 necessarium
1646 2680 1753 2721 non
1791 2673 1894 2720 est.

310 2758 551 2825 Quorum
580 2758 724 2813 enim
754 2759 859 2812 vita
908 2758 963 2813 in
1005 2757 1311 2813 sacerdotio
1342 2766 1396 2813 et
1428 2759 1727 2813 ministerio
1757 2758 1898 2829 opti-

312 2865 459 2906 mum
491 2851 675 2905 habuit
706 2850 907 2918 finem,
958 2849 1043 2904 bis
1090 2850 1367 2919 prazIatain
1410 2849 1636 2921 gloriam
1679 2848 1900 2905 dedica-

314 2965 457 3016 mus,
489 2958 543 3003 et
582 2964 687 3003 non
718 2963 782 3004 ex
816 2948 924 3002 illis
953 2961 1044 3002 eos
1069 2944 1382 3016 judicamus
1412 2946 1479 3000 de
1511 2944 1705 3015 quibus
1734 2943 1898 3014 aliqui

313 3043 577 3098 atroriter
619 3057 715 3098 eos
757 3049 1031 3097 accusant.
1078 3038 1417 3109 Impossibile
1457 3041 1602 3094 enim
1633 3048 1737 3106 est,
1777 3054 1896 3093 cum

317 3132 561 3190 homines
606 3136 714 3189 sint
747 3137 834 3205 qui
865 3131 917 3187 in
960 3131 1197 3187 Ecclesia
1225 3133 1440 3198 docent,
1472 3141 1528 3186 ut
1556 3132 1894 3187 calumnian-

1994 1933 2199 2002 cipere,
2239 1932 2476 1987 Joannes
2504 1932 2571 1986 ab
2602 1932 2694 1985 illo
2726 1931 2974 1999 perbibet
3002 1944 3123 1983 esse
3152 1929 3441 1983 desertam.
3475 1924 3577 1991 Qui

1994 2039 2182 2079 rursus
2222 2023 2276 2078 in
2305 2034 2610 2078 commento
2638 2023 2892 2091 Epistolas
2923 2021 2988 2074 ad
3019 2018 3282 2088 Ephesios
3312 2018 3447 2071 libro
3470 2027 3580 2070 ter-

1996 2120 2071 2175 tio
2109 2120 2239 2175 dicit
2267 2136 2280 2173 :
2319 2139 2337 2171 ι
2374 2118 2669 2174 Considera
2700 2128 2958 2188 quantum
2986 2125 3069 2171 est
3099 2116 3237 2169 inter
3269 2114 3500 2168 hominis
3527 2118 3582 2168 et

1997 2211 2093 2268 Dei
2136 2222 2381 2267 naturam
2427 2211 2661 2266 medium
2688 2251 2705 2278 ,
2755 2220 2806 2266 et
2836 2209 2903 2265 ab
2956 2207 3057 2263 hac
3100 2208 3304 2262 vilitate
3346 2207 3398 2259 iti
3430 2204 3581 2259 illum

1997 2318 2120 2359 eum
2150 2305 2407 2360 honorem
2454 2303 2666 2358 devexit
2700 2321 2712 2355 :
2749 2318 2855 2357 non
2888 2317 2996 2355 uno
3024 2300 3192 2373 gradu
3228 2297 3580 2363 tianscendit,

1997 2406 2053 2453 et
2092 2398 2349 2465 secundo,
2400 2407 2455 2452 et
2487 2396 2645 2452 tertio
2676 2395 2814 2451 habe
2843 2405 2870 2434 ι
2901 2413 2914 2449 :
2949 2411 3054 2449 non
3100 2393 3417 2463 simpliciter
3444 2393 3582 2446 dixit

1997 2505 2236 2557 sursum,
2268 2490 2362 2545 sed
2392 2505 2555 2561 super
2589 2506 2827 2556 sursum,
2866 2505 2987 2544 nam
3020 2488 3307 2542 virtutibus
3336 2486 3583 2556 supernis

1999 2581 2249 2651 superior
2280 2591 2383 2637 est.
2445 2582 2588 2651 Ergo
2631 2582 2757 2635 illuc
2804 2580 2992 2635 evexit
3036 2595 3157 2634 eum
3190 2579 3280 2650 qui
3331 2595 3398 2633 ex
3429 2579 3584 2634 nobis

2001 2681 2117 2739 est;
2160 2672 2228 2727 ab
2258 2673 2441 2727 ultima
2485 2683 2626 2727 meta
2656 2673 2721 2726 ad
2761 2686 3071 2738 supremum
3102 2672 3279 2726 evexit
3320 2670 3584 2739 principa-

2008 2771 2140 2829 tum,
2174 2772 2295 2833 post
2318 2778 2476 2832 quem
2510 2778 2615 2816 non
2648 2772 2731 2817 est
2755 2762 2889 2817 alter
2917 2765 3087 2817 honor
3120 2780 3131 2814 :
3160 2776 3322 2833 super
3342 2776 3580 2830 omnetu,

2004 2853 2212 2924 inquit,
2255 2853 2659 2923 principatum:
2702 2868 2809 2907 non
2843 2853 2942 2908 hoc
2989 2853 3235 2923 quidem,
3279 2853 3381 2908 hoc
3404 2862 3584 2909 autem

2003 2959 2134 3013 non,
2166 2945 2261 3000 sed
2292 2954 2345 3001 et
2375 2961 2537 3016 super
2565 2960 2781 3000 omnem
2813 2953 3134 3017 potestatem
3168 2954 3222 3000 et
3251 2943 3503 2998 virtutem
3531 2952 3585 3001 et

2004 3038 2445 3102 dominationem,
2494 3049 2550 3093 et
2580 3052 2742 3092 omne
2782 3052 2980 3093 nomen
3011 3039 3153 3109 quod
3196 3038 3504 3093 nominatur
3528 3037 3585 3095 in

2002 3131 2143 3187 coelo
2166 3131 2293 3186 etin
2324 3140 2487 3198 terra,
2510 3133 2759 3201 superior
2785 3132 2961 3187 factus
2989 3142 3092 3187 est.
3128 3132 3238 3187 Hoc
3261 3131 3330 3188 de
3350 3147 3415 3188 eu
3443 3132 3585 3203 quia

318 3226 450 3282 tium
480 3228 902 3297 vituperationes
949 3225 1224 3297 effugiant.
1267 3244 1285 3278 ι
1322 3224 1523 3280 Deinde
1569 3225 1692 3293 quia
1726 3226 1893 3281 multa
1926 3236 1975 3301 ο
2006 3224 2233 3278 mortuis
2263 3225 2556 3279 suscitatus
2586 3233 2669 3279 est
2695 3224 2913 3293 dignum
2954 3223 3161 3291 mirari,
3184 3224 3249 3279 de
3283 3223 3377 3280 Dei
3406 3234 3583 3279 autem

318 3318 442 3373 hinc
467 3319 633 3374 etiam
663 3318 812 3373 Izesio
839 3326 997 3388 atque
1027 3316 1274 3372 confusio
1304 3325 1593 3387 generatur
1624 3316 1895 3373 Ecclesiae.

320 3411 474 3468 Unde
505 3414 697 3467 iterum
724 3412 909 3467 Patres
940 3410 1221 3465 memorati
1247 3408 1499 3464 dicebant
1530 3425 1541 3462 :
1578 3427 1597 3460 ι
1628 3408 1762 3475 Quid
1791 3424 1899 3465 non

320 3504 446 3560 hinc
469 3503 705 3559 Itesionis
730 3504 813 3558 vel
844 3500 1210 3571 corruptionis
1241 3509 1295 3556 et
1321 3499 1655 3555 confusionis
1684 3500 1899 3570 plenum

321 3610 631 3670 generetur,
670 3597 716 3652 si
741 3597 1046 3667 aperiamus
1071 3597 1289 3665 januam
1326 3594 1407 3649 his
1439 3593 1529 3663 qui
1553 3593 1739 3649 volunt
1757 3593 1898 3649 dicta

324 3690 705 3746 transeuntium
754 3690 969 3745 Patrum
1011 3689 1295 3746 evertere?
1326 3690 1483 3760 quale
1511 3688 1763 3744 damnum
1793 3704 1899 3745 non

322 3792 561 3852 apertum
593 3786 717 3850 erit,
766 3783 906 3837 dicta
940 3797 1047 3837 non
1080 3783 1252 3837 solum
1296 3782 1555 3851 refutare,
1608 3783 1703 3838 sed
1734 3782 1897 3837 etiam

322 3872 806 3928 anathematizare?
836 3892 854 3926 ι
890 3872 958 3929 Ut
985 3874 1127 3928 enim
1157 3872 1299 3927 aliud
1319 3874 1478 3929 alicui
1505 3874 1730 3942 placeat,
1755 3873 1900 3929 aliud

324 3980 429 4022 non
459 3969 509 4020 in
537 3966 838 4037 aliquorum
880 3968 1059 4034 dictis,
1093 3971 1206 4025 sive
1235 3970 1603 4040 antiquorum,
1660 3971 1771 4025 sive
1803 3984 1900 4039 po-

325 4066 586 4113 Sterorum
613 4103 627 4127 ,
679 4061 794 4114 sive
823 4074 965 4114 nunc
995 4068 1303 4114 nostrorum
1332 4100 1346 4124 ,
1395 4059 1500 4113 alia
1531 4060 1665 4113 ratio
1690 4068 1811 4113 est:
1846 4067 1904 4113 ut

324 4163 501 4210 autem
524 4162 578 4210 et
608 4153 891 4221 antuhema
921 4153 1001 4208 eis
1031 4152 1360 4223 imponatur,
1387 4152 1710 4207 arbitramur
1730 4150 1900 4205 audax

325 4255 379 4301 et
407 4260 652 4315 asperum
684 4260 965 4316 apparere.
1015 4248 1117 4301 etsi
1163 4261 1407 4318 personte
1436 4260 1559 4301 cum
1605 4245 1764 4301 dictis
1797 4259 1900 4299 non

324 4341 863 4395 anathematizentur.

947 4493 1172 4551 CAPUT
1195 4494 1261 4551 ν.

328 4605 476 4671 Quod
504 4607 641 4680 apud
659 4605 907 4663 Joannem
931 4605 1348 4680 Citrysostomum
1369 4607 1603 4676 quadam
1630 4606 1783 4662 etiam
1823 4606 1897 4662 si-

396 4678 545 4732 mitiu’
587 4683 685 4732 sint
733 4681 796 4734 iis
827 4695 942 4750 quis
971 4678 1051 4733 in’
1077 4678 1332 4734 Theodori
1379 4680 1585 4748 scriptis
1627 4680 1901 4750 reprehen-

396 4750 605 4803 duntur.

395 4858 498 4911 Sed
518 4858 629 4925 jam
651 4859 717 4914 ad
732 4859 899 4915 sancti
923 4861 1143 4917 Joannis
1162 4863 1737 4928 Constantiuooolitani
1761 4864 1903 4923 dicta

330 4960 615 5020 pergamus
635 4990 650 5013 ,
702 4963 755 5005 ut
785 4962 879 5005 aut
908 4956 1021 5020 ipse
1048 4967 1257 5023 quoque
1283 4971 1402 5008 cum
1445 4954 1727 5011 Theodoro
1757 4958 1901 5011 anti-

327 5056 433 5110 quo
464 5044 636 5096 amico
663 5053 715 5098 et
758 5059 787 5097 a
816 5044 1079 5112 principio
1122 5048 1514 5115 condiscipulo,
1558 5064 1901 5103 communem

326 5132 395 5186 ab
420 5131 763 5203 Eutychianis
792 5134 928 5188 ferat
957 5135 1231 5201 invidiam,
1276 5146 1367 5189 aut
1394 5147 1445 5191 et
1468 5138 1534 5192 ab
1565 5139 1657 5192 illo
1686 5147 1845 5206 atque
1870 5154 1899 5192 a

327 5224 531 5289 synodo
553 5223 982 5279 Chalcedonensi
1017 5227 1259 5293 repellat.
1285 5226 1382 5291 Qui
1410 5228 1460 5279 in
1494 5241 1743 5284 sermone
1769 5243 1903 5297 quo-

325 5315 470 5383 dam,
502 5316 655 5386 cujus
698 5328 779 5373 e31
815 5316 1135 5386 principium
1157 5360 1170 5384 ,
1212 5318 1405 5371 lterum
1430 5336 1669 5388 equorum
1696 5337 1899 5386 rursus,

324 5408 404 5465 sic
432 5410 505 5467 ait
533 5424 550 5463 :
592 5428 611 5461 ι
643 5408 873 5478 Quando
900 5423 1029 5479 ergo
1049 5408 1179 5464 dicit
1209 5427 1225 5461 ε
1254 5410 1315 5465 Si
1341 5409 1580 5464 uossibile
1604 5421 1702 5477 est,
1731 5421 1902 5466 trans-

395 5579 422 5607 ⁸·
449 5570 503 5625 In
534 5571 745 5641 Gneo,
776 5574 950 5661 Βαϐαῖ,
982 5573 1163 5645 papas!
1179 5590 1279 5628 non
1306 5573 1624 5645 simpliciter,
1655 5581 1761 5630 etc.

397 5726 413 5792 ξ
440 5722 571 5792 Cod.
602 5724 825 5792 Veron.,
859 5725 1027 5781 Unde.

393 5789 418 5822 ⁸
446 5789 586 5844 Idem
590 5796 753 5867 “eod”
807 5789 873 5863 od
903 5812 1214 5866 supremum.
1247 5796 1337 5851 Sic
1359 5797 1515 5867 paulo
1544 5798 1791 5867 superius
1823 5798 1897 5853 ait

326 5862 557 5923 Joannes
583 5858 991 5933 Chrysiostomu's
1022 5881 1037 5917 :
1070 5869 1132 5920 ab
1156 5869 1334 5921 ultima
1360 5858 1494 5923 'meta
1520 5872 1586 5923 ml
1606 5858 1897 5943 supremum

640 5956 909 6025 Panos.
956 5957 1207 6027 LXVII.

2006 3316 2187 3374 Verbo
2231 3333 2590 3387 nequaquam.
2637 3336 2657 3370 ι
2691 3316 2876 3387 Neque
2906 3318 2991 3373 hic
3020 3319 3270 3385 dicendo,
3298 3317 3440 3389 quod
3484 3333 3581 3373 na-

2001 3418 2121 3464 tura
2170 3410 2347 3465 divina
2391 3419 2725 3480 assumptum
2759 3412 2779 3443 ’
2811 3413 2993 3466 evexit
3032 3426 3153 3466 eum
3187 3409 3276 3480 qui
3324 3423 3389 3465 ex
3431 3410 3586 3464 nobis

2002 3511 2108 3569 est,
2162 3502 2296 3558 duos
2327 3503 2498 3557 voluit
2547 3503 2773 3575 intelligi
2815 3503 2971 3557 filios.
3015 3502 3168 3558 Unde
3209 3517 3308 3558 nec
3348 3504 3415 3557 ita
3450 3501 3581 3557 illud

2002 3594 2259 3650 debemus
2305 3596 2547 3665 accipere
2575 3636 2590 3660 ,
2640 3595 2782 3665 quod
2830 3595 2884 3649 in
2935 3595 3040 3650 fine
3086 3594 3243 3664 Imjus
3298 3595 3581 3650 sententiae

2002 3688 2162 3753 dixit,
2200 3688 2310 3743 Iloc
2332 3688 2399 3743 de
2431 3704 2493 3742 eo
2521 3688 2613 3757 qui
2637 3704 2664 3741 a
2697 3688 2919 3743 mortuis
2942 3687 3228 3743 suscitatus
3258 3697 3337 3740 est
3366 3685 3581 3756 dignum

2004 3779 2223 3843 mirari,
2270 3779 2338 3833 de
2378 3778 2472 3833 Dei
2501 3790 2676 3833 autem
2715 3778 2894 3834 Verbo
2939 3793 3292 3847 nequaquam.
3329 3778 3456 3832 Item
3486 3792 3583 3831 eo-

2002 3867 2122 3924 dem
2156 3868 2293 3922 libro
2325 3886 2338 3921 :
2381 3886 2403 3920 r
2445 3870 2556 3924 Duo
2583 3870 2747 3933 enim,
2782 3869 2973 3938 inquit,
3004 3868 3238 3922 maxima
3270 3867 3393 3921 fecit
3423 3884 3437 3921 :
3469 3868 3584 3935 ipse

2005 3959 2059 4013 in
2109 3961 2453 4015 novissimam
2486 3960 2848 4015 humilitatem
2888 3961 3063 4025 venit,
3102 3960 3371 4013 hominem
3410 3959 3461 4012 in
3489 3974 3583 4013 ex-

2004 4048 2308 4105 cellentiam
2342 4066 2587 4120 magnam
2630 4051 2837 4118 evexit,
2890 4050 2944 4104 in
2973 4051 3232 4121 sanguine
3260 4050 3378 4119 ejus
3404 4049 3584 4105 salva-

2006 4143 2101 4196 vit.
2134 4141 2273 4195 Dixit
2301 4142 2429 4197 illud
2476 4144 2644 4213 prius,
2676 4144 2763 4213 qui
2790 4143 3136 4211 semetipsum
3170 4154 3371 4196 tantum
3405 4142 3585 4197 humi-

2006 4234 2189 4299 liavit;
2237 4234 2360 4289 dicit
2406 4235 2508 4289 hoc
2538 4245 2721 4304 postea
2770 4249 3017 4305 magnum
3062 4244 3116 4290 et
3143 4249 3474 4304 supremum.
3522 4236 3587 4291 Et

2006 4327 2129 4382 licet
2157 4327 2305 4382 nullo
2330 4328 2475 4397 digni
2497 4328 2852 4396 efficeremnr,
2878 4328 3210 4395 sulliciebat;
3237 4338 3287 4382 et
3312 4331 3355 4383 si
3391 4339 3585 4398 praeter

2007 4417 2114 4473 hoc
2142 4418 2284 4489 digni
2319 4418 2659 4475 efficeremur
2691 4420 2893 4489 absque
2916 4420 3203 4486 occisione,
3236 4418 3537 4473 sufficiebat
3564 4435 3579 4473 :

2007 4508 2223 4574 quando
2244 4518 2422 4559 autem
2455 4506 2563 4561 duo
2592 4518 2717 4561 sunt
2742 4546 2758 4573 ,
2799 4506 2954 4577 cujus
2979 4508 3242 4563 sermonis
3268 4511 3588 4578 magnitudi—

2007 4611 2130 4653 nem
2176 4612 2280 4651 non
2324 4600 2533 4652 evincat
2575 4608 2734 4667 atque
2763 4598 3143 4653 transcendat?
3176 4617 3195 4652 ι
3228 4600 3343 4655 Non
3384 4601 3587 4670 grande

2010 4699 2094 4743 est
2136 4688 2341 4757 aliquid
2370 4690 2962 4761 resurrectio,.qtiaiido
2994 4691 3092 4745 ista
3136 4692 3422 4748 considero
3465 4710 3479 4747 :
3518 4693 3586 4749 de

2009 4781 2113 4837 isto
2142 4782 2273 4837 dicit
2304 4800 2316 4836 :
2354 4783 2494 4838 Deus
2523 4783 2733 4839 Domini
2767 4786 2933 4841 nostri
2960 4786 3087 4841 Iesu
3124 4786 3341 4853 Christi,
3380 4802 3486 4841 non
3517 4786 3587 4842 de

2008 4872 2119 4927 Deo
2154 4873 2344 4928 Verbo.
2370 4876 2501 4942 Quis
2526 4885 2705 4932 autem
2730 4880 2811 4933 vel
2841 4878 2925 4933 hic
2950 4877 3208 4933 Joannem
3230 4879 3371 4932 dicat
3398 4878 3587 4932 Nesto-

2006 4964 2146 5015 riani
2194 4963 2465 5033 dogmatis
2513 4970 2844 5023 inventorem
2893 4970 3013 5039 quia
3044 4968 3175 5023 dixit
3206 4986 3219 5020 :
3250 4969 3364 5037 Ipse
3394 4969 3445 5022 in
3495 4982 3585 5021 no.

2006 5052 2277 5106 vissimam
2313 5055 2665 5114 humilitatem
2704 5061 2893 5127 venit;
2939 5062 3061 5114 item
3103 5077 3117 5114 :
3162 5060 3303 5114 Deus
3341 5058 3577 5115 Verbum

2011 5140 2134 5195 hom
2162 5158 2282 5199 nem
2323 5145 2374 5199 in
2422 5150 2799 5206 excellentiam
2852 5166 3095 5223 magnam
3147 5151 3351 5216 evexit;
3406 5152 3582 5205 item:

2008 5227 2103 5284 lIIe
2132 5230 2153 5262 ³
2184 5231 2238 5287 itt
2282 5236 2433 5304 cujus
2464 5244 2726 5308 sanguine
2754 5256 2851 5296 nos
2891 5241 3154 5294 salvavit?
3186 5242 3265 5295 vel
3293 5241 3415 5310 quia
3450 5240 3585 5295 infe-

2007 5321 2120 5375 rius
2148 5322 2244 5390 ait,
2273 5326 2341 5380 de
2376 5327 2479 5382 isto
2504 5330 2637 5385 dicit
2666 5331 2808 5386 Deus
2833 5330 3043 5385 Domini
3072 5333 3236 5385 nostri
3273 5331 3399 5387 Iesu
3426 5331 3585 5387 Chri-

2005 5415 2099 5485 sti,
2122 5432 2228 5474 non
2251 5420 2319 5477 de
2341 5421 2657 5492 DeoVerbo,
2681 5433 2928 5494 tanquam
2951 5412 3206 5480 Dominus
3224 5434 3406 5482 noster
3425 5423 3585 5483 Jesus

1999 5730 2158 5785 evexit
2183 5730 2543 5800 principatum.

2124 5801 2264 5857 Idem
2295 5802 2442 5870 cod.,
2467 5803 2517 5871 id
2541 5808 2633 5864 est,
2668 5800 2776 5855 ille.
