4104 6360
604 371 706 436 8H

1646 358 1941 426 “cum
1984 363 2190 421 EPISC.
2235 325 2740 423 llEliillANliNSlS
2975 325 2978 328 ’
3727 341 3812 427 ste

573 492 810 546 Christus
860 503 963 543 non
1001 479 1289 540 secundum
1333 481 1690 538 subsistentia:
1723 481 1978 535 unitatem
2019 477 2134 548 ipse
2167 485 2210 543 Α
2243 488 2384 534 tante
2405 471 3250 551 Nestoriiqdmstiomgluerelieis
3274 458 3403 534 talia
3424 458 3809 553 respondebant,

573 582 642 637 sit
685 579 844 635 elium
884 581 1024 632 Deus
1055 574 1307 630 Verbum.
1350 572 1415 626 in
1447 571 1890 642 interpretatione
1938 583 2150 640 quoque

574 672 820 741 Epistula:
846 669 910 724 ad
942 666 1196 722 Hebrzeos
1220 679 1473 720 sermone
1509 663 1574 716 M
1606 667 1624 686 ⁶
1651 662 1718 717 de
1748 671 1812 716 e'o
1842 658 1986 731 quod
2015 659 2152 715 scri-

573 773 715 835 ptttm
746 773 828 819 est
856 780 868 816 :
900 762 1049 818 Sicut
1076 760 1473 815 consummatio
1502 774 1595 829 per
1637 756 1933 813 Leviticum
1963 771 2150 811 sacer-

571 854 773 909 dotium
811 863 948 920 erat,
981 853 1051 906 ita
1083 849 1290 906 locutus
1318 858 1438 905 est:
1476 868 1493 901 ‹
1526 847 1664 903 Dicit
1697 847 1833 902 alter
1871 846 2146 917 propheta,

573 945 732 1001 Dolus
757 961 859 999 non
895 955 967 998 est
995 945 1227 997 inventus
1257 943 1308 995 in
1340 957 1424 995 ore
1447 942 1558 1013 ejus
1589 954 1610 994 :
1642 943 1742 994 hoc
1765 937 2013 993 estnulla
2045 927 2155 994 cal-

573 1039 772 1093 liditas.
821 1035 931 1092 lloc
962 1035 1186 1091 forsitan
1218 1033 1498 1113 quisquam
1523 1031 1592 1087 de
1622 1032 1730 1087 Deo
1758 1030 1919 1095 dicat,
1960 1039 2013 1085 et
2043 1045 2151 1085 non

572 1129 846 1186 erubescit
874 1129 1083 1199 dicens,
1135 1127 1259 1198 quia
1297 1127 1436 1181 Deus
1462 1139 1566 1180 non
1597 1135 1677 1179 est
1706 1125 1950 1191 callidus,
1981 1138 2156 1192 neque.

574 1224 814 1277 dolosus.
858 1219 936 1275 De
964 1237 1030 1275 eo
1061 1233 1188 1273 vero
1218 1216 1311 1288 qui
1337 1215 1630 1273 secundum
1672 1230 1886 1270 carnem
1915 1225 2018 1280 est,
2061 1213 2156 1267 lia-

574 1313 722 1370 bebit
759 1312 984 1368 forsitan
1035 1311 1316 1367 rationem.
1359 1329 1376 1362 ι
1435 1309 1527 1364 llic
1569 1309 1768 1376 etiam,
1800 1307 2041 1378 quamvis
2073 1305 2154 1360 di-

575 1416 662 1461 cat
689 1422 796 1462 non
824 1405 890 1462 de
928 1404 1038 1461 Deo
1072 1405 1246 1459 Verbo
1275 1404 1531 1473 scriptum
1575 1402 1717 1474 quod
1754 1401 1828 1456 ait
1870 1398 2151 1469 propheta,

577 1498 737 1553 Dolus
766 1511 871 1552 non
900 1503 984 1552 est
1035 1495 1283 1552 inventus
1333 1495 1386 1549 in
1415 1510 1508 1549 ore
1541 1495 1660 1563 ejus
1686 1533 1701 1560 ,
1755 1491 1850 1547 sed
1881 1491 1948 1546 de
1972 1507 2037 1545 eo
2067 1489 2153 1561 qui

576 1589 870 1645 secundum
913 1602 1132 1643 carnem
1184 1596 1307 1657 est,
1362 1601 1466 1640 non
1502 1594 1676 1640 tamen
1708 1585 1843 1639 duos
1875 1581 2041 1640 voluit
2068 1596 2156 1636 ac-

576 1682 678 1752 cipi
708 1680 949 1736 Christos
984 1689 1075 1735 aut
1115 1679 1276 1734 lilios.
1326 1678 1384 1733 In
1423 1693 1672 1733 sermone
1716 1691 1928 1748 quoque
1979 1677 2045 1731 de
2072 1689 2157 1729 as-

576 1772 834 1828 censione
885 1771 1095 1826 Domini
1125 1779 1151 1808 ι
1193 1771 1346 1840 cujus
1394 1778 1477 1824 est
1507 1767 1757 1838 initium,
1801 1767 2177 1842 Festivitatem

2255 581 2424 627 totum
2447 587 2642 642 corpus
2668 569 2924 628 doctrinae
2958 571 3167 627 illorum
3203 571 3449 626 lucidum
3485 572 3620 628 fecit.
3643 576 3694 632 Si
3717 575 3814 647 quis

2252 672 2429 720 autem
2465 680 2603 719 nunc
2648 664 2803 718 oculo
2843 679 3095 731 nequam,
3131 662 3182 718 id
3215 673 3304 717 est
3351 663 3810 724 intentione‘con-

2253 765 2332 810 tra
2365 756 2678 824 Ecclesium,
2714 753 2798 810 his
2845 755 3060 810 Patrum
3091 754 3274 809 verbis
3301 797 3317 822 ,
3354 755 3442 810 vel
3493 758 3645 811 etiam
3675 758 3814 828 ipsius

2254 848 2447 903 divina:
2476 847 2783 918 Scriptura},
2810 847 3056 903 abutatur
3079 848 3133 902 in
3160 847 3525 902 assertionem
3550 847 3812 908 Nestor'aiii

2255 942 2549 1012 dogmatis;
2584 951 2754 996 totum
2784 955 2980 1010 corpus
3005 940 3122 1010 ejus
3179 940 3538 996 tenebrosum
3565 941 3677 995 erit.
3720 941 3812 997 Non

2256 1044 2338 1090 est
2363 1043 2540 1090 autem
2586 1033 2742 1089 nobis
2783 1033 2835 1089 in
2863 1032 2965 1088 hac
3006 1035 3111 1088 vita
3140 1048 3496 1100 concessum,
3532 1042 3585 1088 ut
3613 1037 3814 1104 proposi-

2259 1135 2365 1181 tum
2398 1137 2594 1182 nostra:
2626 1127 2824 1183 mentis
2853 1141 2988 1197 opus
3010 1125 3334 1198 aequiparet,
3370 1136 3428 1182 et
3460 1126 3578 1180 talis
3601 1137 3815 1198 tantaque

2255 1221 2325 1273 sit
2348 1219 2486 1274 actio
2513 1219 2686 1290 qualis
2703 1227 2756 1273 et
2778 1230 2972 1290 quanta
3000 1230 3082 1274 est
3111 1217 3270 1274 nobis
3303 1217 3566 1284 intentio;
3593 1218 3676 1274 sed
3699 1220 3811 1292 quod

2257 1313 2494 1384 perfecte
2526 1313 2667 1369 lucet
2692 1312 2746 1369 in
2775 1313 2914 1369 bona
2947 1313 3272 1380 intentione,
3306 1312 3638 1381 aliquantum
3662 1329 3814 1385 vespe-

2259 1407 2421 1462 rascit
2466 1407 2516 1462 in
2560 1422 2811 1463 sermone
2858 1406 2941 1463 vel
2990 1422 3175 1476 opere.
3209 1405 3370 1473 Quod
3404 1403 3450 1458 si
3482 1403 3590 1475 ipsa
3630 1404 3811 1462 intentio

2258 1499 2621 1576 tem-brescat,
2649 1499 2816 1554 multo
2845 1499 3012 1570 magis
3041 1499 3182 1552 dicta
3215 1495 3305 1552 vel
3337 1495 3498 1560 facta,
3531 1513 3641 1565 qua:
3664 1495 3722 1550 ab
3745 1481 3810 1552 illa

2260 1595 2644 1664 processerint,
2679 1591 2960 1648 tenebrosa
3011 1599 3189 1646 erunt.
3243 1587 3389 1644 llinc
3430 1604 3558 1658 ergo
3602 1588 3808 1646 Dominus

2259 1691 2418 1739 etiam
2449 1684 2548 1738 hoc
2579 1682 2774 1754 adjecit
2800 1701 2811 1736 :
2846 1681 2905 1737 Si
2927 1698 3044 1753 ergo
3071 1681 3242 1735 lumen
3265 1681 3411 1750 quod
3452 1679 3504 1733 in
3535 1690 3581 1733 te
3610 1691 3672 1734 est
3700 1691 3806 1734 tene-

2259 1778 2361 1833 bra:
2389 1789 2527 1844 sunt,
2561 1779 2687 1848 ipsa:
2717 1775 2932 1831 tenebrae
2955 1786 3159 1846 quantm
3184 1774 3384 1828 erunt?
3417 1771 3640 1828 Proinde
3664 1771 3728 1828 sic
3747 1771 3806 1828 lio

577 1864 728 1920 hodie
754 1864 1064 1918 celebramus
1095 1863 1378 1916 mirabilem
1409 1876 1429 1917 :
1456 1880 1474 1914 t
1509 1861 1703 1933 Utique
1735 1859 2036 1932 oportebat,
2071 1861 2153 1913 in-
2189 1881 2232 1939 Β
2261 1888 2398 1937 rum,
2431 1869 2518 1924 vel
2546 1885 2987 1940 quorumcunqne
3023 1868 3207 1922 talium
3261 1865 3487 1921 Patrum
3543 1867 3719 1935 scripta
3750 1866 3805 1920 le-

577 1957 730 2026 quit,
765 1954 1120 2010 differentiam
1153 1957 1233 2009 sic
1261 1953 1461 2009 dicere.
1513 1955 1593 2009 Ad
1621 1957 1839 2023 angelos
1887 1967 2012 2008 suos
2041 1953 2158 2023 qui-

578 2047 701 2101 dem
733 2045 904 2101 dicit:
944 2045 1043 2113 Qui
1072 2047 1193 2118 facit
1223 2046 1429 2116 angelos
1472 2063 1588 2100 suos
1631 2048 1840 2118 spiritus
1887 2045 2075 2118 (Hebr.
2119 2061 2157 2110 t,

580 2139 670 2207 7);
699 2139 766 2195 ad
797 2139 989 2196 Filium
1022 2149 1227 2208 autem,
1264 2140 1513 2196 Dominus
1542 2141 1733 2197 creavit
1764 2158 1841 2195 me
1864 2157 1884 2195 :
1914 2150 2007 2193 aut
2034 2139 2158 2210 quia

582 2229 867 2286 Dominum
899 2245 1021 2286 eum
1053 2241 1107 2287 et
1154 2230 1424 2288 Clit-istum
1474 2234 1613 2288 Deus
1666 2235 1806 2288 fecit.
1855 2233 1957 2288 Sed
1988 2250 2161 2306 neque

581 2322 709 2377 illud
735 2321 804 2380 de
833 2323 973 2378 Filio
999 2323 1202 2380 dictum
1246 2335 1359 2392 est,
1404 2341 1577 2396 neque
1609 2325 1709 2379 hoc
1734 2326 1800 2381 de
1829 2323 1939 2380 Deo
1965 2325 2158 2392 Verbo,

580 2414 672 2468 sed
701 2413 769 2470 de
803 2430 869 2470 eo
897 2415 986 2485 qui
1019 2413 1312 2471 secundum
1347 2431 1564 2471 carnem
1609 2426 1710 2471 cst.
1764 2434 1783 2469 ι
1842 2415 2003 2472 Vides
2033 2435 2162 2487 qun-

581 2510 739 2562 modo
769 2509 1003 2564 Joannes
1055 2509 1106 2564 in
1141 2509 1238 2564 ista
1288 2525 1502 2580 quoque
1542 2510 1810 2564 sententia
1853 2509 1995 2564 dicat
2037 2511 2158 2580 quia

581 2615 685 2654 non
715 2599 781 2655 de
808 2599 947 2656 Filio
988 2599 1190 2656 dictum
1221 2612 1336 2666 est,
1377 2603 1588 2657 Creavit
1621 2617 1726 2670 me,
1757 2602 1850 2657 sed
1887 2604 1953 2658 de
1979 2619 2045 2658 eo
2073 2603 2158 2672 qui

580 2692 876 2748 secundum
922 2707 1141 2750 carnem
1185 2703 1301 2760 est;
1357 2709 1454 2750 nec
1504 2703 1682 2750 tamen
1728 2711 1756 2748 a
1788 2696 1928 2750 veris
1957 2703 2014 2750 et
2058 2695 2160 2764 piis

581 2783 825 2841 ﬁdelibus
855 2801 976 2841 eum
1005 2786 1098 2857 qui
1135 2787 1428 2844 secundum
1467 2801 1685 2846 carnem
1714 2796 1798 2844 est
1835 2787 2028 2844 Filium
2055 2802 2156 2843 ne-

581 2891 739 2951 gasse
763 2878 1032 2934 credatur.

1181 3063 1408 3125 CAPUT
1456 3065 1545 3123 VI.

583 3183 732 3254 Quod
775 3185 830 3240 in
867 3185 1054 3240 sanctis
1090 3184 1350 3248 Putribus,
1384 3186 1428 3239 si
1455 3185 1806 3253 quid-errant,
1854 3185 2156 3244 excusanda

861 3256 925 3309 sit
949 3256 1183 3323 intentio,
1216 3273 1280 3310 ne
1308 3256 1532 3310 haeretici
1558 3255 1855 3313 credantur.

651 3365 759 3424 Cur
783 3376 960 3424 autem
987 3370 1120 3436 haec,
1151 3371 1234 3425 vel
1267 3371 1434 3440 ipsius
1462 3372 1632 3426 sancti
1666 3371 1910 3440 Joannis,
1954 3375 2036 3430 vel
2059 3389 2165 3436 cte-

583 3468 846 3525 terorum,
865 3459 909 3514 si
934 3476 1035 3528 qua
1061 3462 1472 3516 memoravimus
1491 3460 1726 3528 Patrum,
1752 3462 1958 3532 aliaque
1977 3464 2164 3530 multa,

584 3567 706 3621 qua:
737 3550 1057 3619 prolixitatis
1089 3551 1319 3606 vitandae
1361 3554 1527 3620 gratia
1561 3568 1865 3609 memorare
1897 3556 2162 3623 uolumus,

585 3654 692 3694 non
715 3639 1014 3696 creduntur
1041 3641 1312 3710 lmretica,
1345 3642 1445 3696 nisi
1477 3644 1599 3709 quia
1628 3643 1892 3700 dictorum
1915 3645 2166 3702 offensio-

585 3744 710 3785 nem
743 3729 1035 3786 dicentium
1063 3741 1286 3788 excusat
1313 3733 1560 3801 intentio,
1594 3737 1886 3792 secundum
1912 3753 2068 3808 quam
2097 3742 2164 3796 de

584 3822 758 3878 verbis
804 3824 995 3879 melius
1031 3823 1335 3896 iudicatur?
1385 3827 1500 3896 Ipsa
1541 3837 1622 3884 est
1671 3828 1900 3886 intentio
1942 3834 2160 3900 mentis,

583 3931 700 3986 quae
725 3917 872 3972 velut
896 3915 1106 3987 quidam
1131 3919 1337 3987 oculus,
1357 3919 1590 3992 corpori,
1617 3922 1690 3976 ita
1720 3937 1822 3977 non
1852 3925 2024 3980 solum
2051 3925 2164 3981 dic-

584 4007 650 4061 tis
678 4007 874 4060 nostris
895 4051 909 4074 ,
945 4007 1038 4066 sed
1090 4009 1339 4078 operibus
1384 4026 1595 4082 quoque
1640 4013 1891 4082 praasidct
1919 4033 1932 4067 :
1961 4015 2027 4070 de
2057 4030 2162 4085 qua

587 4096 839 4152 Dominus
865 4097 939 4152 ait
970 4115 982 4151 :
1019 4097 1249 4154 Lucerna
1289 4106 1516 4172 corporis
1540 4104 1612 4157 tui
1632 4113 1704 4159 est
1735 4106 1910 4160 oculus
1934 4117 2070 4162 tuus.
2100 4108 2162 4162 Si

584 4189 734 4258 fuerit
765 4191 940 4244 oculus
963 4199 1077 4245 tuus
1103 4191 1340 4264 simplex,
1366 4203 1527 4249 totum
1557 4211 1739 4267 corpus
1762 4206 1904 4253 tuum
1931 4199 2162 4256 lucidum

583 4283 712 4350 erit;
744 4283 788 4336 si
816 4295 985 4338 autem
1009 4288 1186 4341 oculus
1211 4295 1322 4341 tuus
1352 4305 1569 4358 nequam
1598 4291 1772 4361 fuerit,
1795 4301 1954 4348 totum
1975 4309 2162 4364 corpus

585 4382 725 4435 tuum
755 4375 1068 4429 tenebrosum
1095 4377 1210 4432 erit.
1246 4376 1306 4433 Si
1363 4395 1481 4450 ergo
1533 4380 1703 4435 lumen
1741 4383 1877 4452 quod
1919 4383 1973 4436 in
2016 4393 2062 4438 te
2089 4392 2163 4446 est

586 4465 797 4516 tenebrae
844 4474 988 4526 sunt,
1017 4465 1142 4532 ipsa:
1192 4469 1403 4520 teneone
1446 4479 1647 4536 quanta:
1672 4481 1819 4522 erunt
1843 4472 2056 4538 (Manli.
2083 4489 2160 4540 vr,

585 4553 676 4616 22,
706 4549 839 4622 25)?
867 4553 1046 4621 Itaque
1073 4554 1299 4625 simplex
1323 4556 1509 4611 borum
1535 4558 1752 4615 Patrum
1778 4559 1987 4626 oculus,
2012 4559 2063 4614 id
2085 4568 2169 4616 est

2259 1967 2431 2038 genda
2458 1975 2601 2030 sunt,
2632 1975 2685 2021 ut
2724 1967 2890 2021 sicubi
2943 1979 3039 2019 nos
3094 1963 3300 2034 aliquid
3335 1963 3393 2017 in
3441 1963 3521 2017 eis
3551 1961 3803 2026 oflendcrit,

2261 2068 2351 2112 aut
2378 2059 2568 2114 melius
2614 2057 2718 2114 hoc
2762 2059 3209 2126 interpretemur,
3245 2065 3343 2109 aut
3394 2053 3803 2122 interpretandum

2262 2149 2584 2204 melioribus
2608 2150 2990 2220 relinquamus.
3023 2147 3082 2203 Si
3114 2162 3243 2201 vero
3278 2155 3390 2200 tam
3438 2155 3611 2201 certus
3653 2155 3719 2198 εει
3743 2159 3803 2198 e:-

2263 2257 2352 2294 rur
2400 2251 2453 2294 ut
2502 2240 2747 2294 excusari
2801 2251 3030 2309 nequeat
3060 2277 3076 2304 ,
3125 2238 3421 2293 credamus
3484 2236 3617 2305 quod
3661 2245 3802 2304 postea

2262 2330 2548 2385 emendare
2580 2330 2880 2402 potuerint,
2914 2333 2995 2385 vel
3039 2331 3085 2385 si
3114 2346 3220 2384 non
3251 2329 3467 2398 legatur
3490 2327 3574 2383 ubi
3602 2325 3802 2382 emenda

2264 2426 2470 2490 verint;
2502 2440 2697 2482 neuion
2722 2434 2828 2478 tam
2862 2425 3004 2495 ipsos
3032 2425 3100 2480 de
3129 2425 3464 2496 subrepente
3496 2424 3652 2492 lapsu,
3678 2436 3798 2489 quam

2263 2509 2461 2570 (.‘liristi
2495 2513 2790 2570 Ecclesium
2823 2516 2890 2570 de
2938 2515 3122 2570 sedula
3171 2514 3294 2586 ejus
3324 2514 3694 2585 approbatione
3717 2513 3800 2565 cul-

2263 2623 2470 2677 pemus.
2519 2608 2669 2675 Quod
2720 2609 2766 2662 si
2810 2593 2865 2662 et
2914 2609 3115 2679 aliqui,
3151 2625 3249 2677 pro
3300 2610 3639 2678 ambiguitate
3683 2622 3797 2659 novre

2263 2700 2595 2778 (lililfSliOIllS,
2629 2699 2696 2756 de
2723 2716 2821 2771 qua
2855 2702 3078 2755 necdum
3126 2717 3229 2756 una
3273 2703 3598 2771 generaliter
3623 2707 3798 2754 senten-

2266 2793 2332 2847 tia
2369 2793 2672 2860 tenebatur,
2719 2795 2856 2848 sicut
2882 2793 3172 2864 aliquando
3204 2793 3310 2850 fuit
3350 2809 3471 2848 eum
3512 2793 3680 2848 beatus
3714 2790 3795 2860 Cy-

2265 2891 2482 2962 prianus
2503 2891 2523 2921 ²
2545 2905 2732 2944 omnes
2776 2889 3062 2944 luereticos
3088 2889 3336 2944 crederet
3363 2886 3702 2960 baptizandus,
3729 2889 3795 2936 aut

2264 2998 2360 3052 pro
2389 2982 2675 3037 securitate
2697 2981 2838 3038 illius
2865 2981 3147 3052 temporis,
3180 2981 3309 3054 quia
3339 2977 3560 3036 necdum
3589 2979 3705 3032 sicut
3721 2988 3792 3028 nos

2262 3093 2325 3133 ex
2359 3077 2525 3133 altera
2551 3087 2702 3150 parte
2725 3078 3012 3134 contrariis
3039 3073 3431 3149 quaestionibus
3473 3071 3789 3144 pulsabantur,

2265 3180 2352 3228 aut
2380 3174 2502 3243 quia
2535 3173 2832 3229 Ecclesiam
2879 3170 3016 3226 forte
3064 3169 3239 3236 latuit,
3272 3180 3334 3224 ut
3363 3183 3468 3223 non
3495 3165 3791 3220 admoneren-

2187 3256 2234 3321 C
2267 3273 2375 3330 tur,
2402 3264 2457 3320 in
2489 3266 2606 3336 ipso
2654 3264 2900 3320 dicantur
2930 3279 3115 3319 errore
3158 3263 3446 3328 mansisse,
3487 3258 3790 3314 infirmitatem

2270 3358 2564 3416 labentium
2592 3359 2840 3430 religiosa
2872 3367 3091 3414 excuset
3136 3355 3403 3421 intentio;
3435 3363 3489 3410 et
3513 3349 3728 3424 quoniam
3751 3343 3789 3397 ill

2270 3453 2527 3508 Εοιειεεὶιιξ
2573 3455 2835 3509 cliaritate
2878 3460 3212 3519 manserunt,
3249 3451 3531 3507 credamus
3570 3441 3692 3515 quod
3723 3452 3790 3492 co-

2267 3563 2384 3602 rum
2414 3547 2596 3619 culpas
2621 3549 2734 3617 ipsa
2762 3547 2995 3603 cbaritas
3023 3545 3238 3610 texerit,
3275 3545 3413 3602 sicut
3441 3542 3670 3609 scriptum
3696 3540 3786 3586 est:

2268 3641 2500 3696 Charitas
2539 3640 2762 3712 cooperit
2799 3640 3174 3696 multitudinem
3221 3646 3540 3711 peccatorum
3587 3628 3648 3699 (Ι
3675 3625 3785 3679 Patr.

2266 3747 2342 3797 Iv,
2374 3733 2454 3804 8).
2485 3732 2616 3788 Nam
2647 3732 2766 3804 quis
2795 3732 2847 3786 in
2898 3727 3132 3786 Ecclesia
3165 3729 3364 3784 Christi
3411 3727 3485 3781 sic
3527 3723 3787 3777 inhumanus

2265 3835 2426 3897 atque
2472 3823 2693 3879 immitis
2724 3833 2837 3889 est,
2870 3831 2928 3878 ut
2956 3825 3126 3877 virum
3158 3821 3250 3876 Dei
3301 3817 3654 3890 Augustinum,
3677 3815 3785 3863 tanta

2267 3921 2465 3989 pietate
2491 3918 2793 3988 praeditum,
2829 3919 3036 3971 etiamsi
3085 3916 3137 3970 in
3171 3916 3252 3970 his
3282 3927 3500 3986 quorum
3525 3908 3614 3962 fide
3637 3906 3786 3958 inuno-

2265 4025 2446 4066 ramur
2473 4023 2702 4075 errasse,
2729 4018 2783 4065 et
2806 4023 2909 4062 non
2934 4005 3262 4062 admonitmn
3291 4007 3345 4062 in
3386 4016 3560 4061 errore
3584 4008 3786 4071 perinan-

2265 4103 2399 4158 sisse
2453 4112 2819 4172 cognosceret,
2854 4102 3162 4158 hzereticum
3214 4102 3417 4157 diceret
3460 4107 3545 4154 aut
3590 4081 3786 4163 putaret?

2264 4195 2352 4268 qui
2385 4196 2436 4250 in
2468 4193 2690 4250 exordio
2721 4209 2938 4251 suorum
2985 4194 3050 4249 de
3081 4193 3344 4250 Trinitate
3376 4173 3630 4250 libt'orum,
3665 4177 3785 4232 ιΝεο

2264 4287 2464 4358 pigebit
2512 4295 2690 4342 autem
2721 4303 2823 4353 me,
2857 4287 3066 4356 inquit,
3097 4285 3268 4340 sicubi
3319 4285 3521 4346 haesito,
3553 4279 3782 4368 quaerere;

2271 4395 2368 4434 nec
2410 4378 2650 4450 pudebit,
2682 4379 2849 4434 sicubi
2893 4393 3036 4442 erro,
3069 4379 3296 4432 discere.
3349 4371 3564 4430 Proinde
3588 4367 3781 4450 quisquis

2266 4471 2382 4521 haec
2411 4471 2558 4546 legit,
2578 4472 2666 4521 ubl
2688 4478 2887 4536 pariter
2907 4479 3086 4524 certus
3114 4479 3220 4535 est,
3243 4477 3424 4538 pergat
3448 4477 3633 4519 mecum
3651 4475 3661 4522 ;
3676 4455 3695 4491 δ
3716 4449 3781 4505 ubi

2267 4573 2504 4614 errorem
2533 4574 2688 4615 suum
2729 4561 3020 4631 cognoscit,
3051 4561 3230 4616 redeat
3261 4561 3330 4616 ad
3363 4574 3472 4624 me;
3511 4553 3590 4608 ubi
3622 4557 3780 4603 meum.

587 4643 846 4710 intentio,
870 4657 972 4712 qua
1006 4659 1101 4714 pro
1141 4645 1332 4700 Christi
1378 4647 1614 4704 Ecclesia
1637 4690 1654 4717 ,
1683 4650 1912 4708 necdum
1959 4651 2164 4709 sollici-
2193 4641 2246 4704 D
2270 4663 2492 4712 revocet
2528 4669 2636 4711 me.
2668 4654 2744 4712 Ita
2794 4656 3152 4728 ingrediatnur
3174 4657 3337 4714 simul
3383 4648 3634 4711 charitatis
3654 4643 3777 4703 via.

656 4805 683 4833 ι
704 4794 1071 4887 CltrLsostqmi
1095 4799 1166 4887 si;
1195 4799 1431 4887 ἀνέλῃψιν
1463 4801 1700 4887 diversas
1729 4808 2018 4887 sententias
2046 4822 2161 4887 pro-

589 4871 768 4952 ferunt
816 4867 1188 4952 Theodoretus
1228 4867 1368 4952 dial."
1399 4888 1464 4937 ιι,
1505 4875 1837 4952 et_L_eontius
1869 4867 2157 4952 Byzantius

583 4943 669 5025 ib.
728 4955 770 5025 t,
792 4950 1026 5025 uterque
1055 4956 1119 5025 ex
1159 4941 1402 5025 oratione
1433 4982 1447 5008 ,
1489 4945 1689 5025 καὶέτι
1719 4941 1945 5025 araupo'o
1987 4953 2156 5025 μνείαςν

584 5011 943 5094 ξπιτελοῦξιεν..
968 5011 1175 5094 Profert
1219 5021 1273 5094 et
1299 5010 1562 5094 Joannes
1587 5010 1945 5094 Cyparissi'ota
1975 5010 2056 5094 ex;
2075 5021 2156 5076 al-

583 5093 712 5147 tera,
751 5081 900 5150 cujus
932 5082 1134 5136 initium
1162 5091 1247 5138 est
1286 5081 1476 5161 Φαιδρά
1502 5088 1592 5158 μέν
1631 5081 1781 5144 ἆτ’ᾶσα
1825 5090 1993 5167 ἑορτή.
2025 5091 2155 5160 Quae

653 5235 674 5270 ⁸
701 5237 836 5294 Cod.
855 5237 1072 5305 Veron.,
1097 5255 1255 5311 praua
1285 5241 1586 5298 intentione.

654 5399 685 5432 *
713 5397 1134 5477 Mquitfanrotiius
1158 5401 1208 5455 in
1236 5399 1442 5477 praefat.
1469 5402 1535 5477 ad
1561 5411 1689 5477 tom.
1715 5402 1808 5477 Ill
1827 5415 1952 5477 opp.
1983 5402 2157 5477 Chry.

587 5479 739 5545 sum,
775 5465 862 5537 §8
897 5484 910 5520 :
939 5487 968 5545 ,ι
1006 5465 1348 5545 Exploratum
1397 5474 1625 5538 videtur,
1660 5465 1986 5542 inquitfélia
2034 5465 2152 5545 po'st

589 5539 950 5611 gilii-ysnsmmi
971 5540 1176 5611 obitum
1205 5543 1400 5594 emissa
1425 5539 1744 5611 exemplaria
1781 5545 1943 5599 fuisse
1975 5539 2154 5601 Homi-

591 5609 775 5661 liartnu
806 5609 856 5682 in
889 5608 1054 5675 Epist.
1079 5611 1150 5682 ad
1183 5611 1434 5666 Hebraeos
1456 5655 1470 5675 ,
1495 5608 1615 5682 quae
1648 5616 1696 5667 in
1729 5615 1913 5669 multis
1943 5616 2150 5674 diversa

587 5689 733 5732 erant
766 5694 792 5728 a
820 5677 1146 5758 Constantini
1183 5683 1470 5758 presbyteri
1501 5677 1816 5758 exetnplari.
1853 5687 2020 5758 littjus
2071 5689 2150 5744 rei

587 5757 774 5827 testem
802 5748 1037 5814 proferre
1068 5748 1353 5827 possumus
1367 5748 1673 5827 Facundum
1692 5748 2150 5827 lli-riniariensem,

585 5821 671 5900 qui
704 5820 795 5873 lib.
829 5833 902 5882 χι,
931 5821 1131 5902 cap._5_,
1156 5820 1329 5902 locum
1361 5824 1513 5902 aflert
1537 5842 1602 5880 ex
1633 5827 1849 5902 homilia
1884 5831 1966 5898 15,
1995 5820 2150 5902 quam

586 5893 697 5953 ipse
744 5905 1023 5943 sermonem
1054 5890 1121 5948 M
1171 5900 1352 5960 vocat;
1393 5898 1516 5961 quia
1559 5897 1750 5965 nempe
1777 5900 1830 5956 iu
1859 5890 2149 5969 exemplari

2264 4817 2490 4882 utraque
2517 4826 2714 4870 excusa
2735 4823 2820 4870 est
2845 4823 2990 4870 tomo
3009 4813 3053 4869 ν
3082 4813 3332 4878 editionis
3363 4811 3669 4882 Anglicapz._
3685 4797 3778 4882 H113

2263 4875 2465 4954 autem,
2497 4882 2651 4954 cujus
2697 4883 3000 4940 testimonio
3055 4875 3222 4941 utitur
3250 4875 3540 4946 Facundos,
3571 4875 3776 4931 Ιιειειεηιιε

2263 4950 2404 5008 edita
2437 4950 2671 5010 nonest.

2333 5022 2361 5063 ¹³
2385 5025 2545 5083 Deest
2567 5026 2655 5084 hic
2685 5026 2772 5083 ubi
2797 5027 2991 5096 pariter
3010 5029 3232 5099 hasitot,
3259 5035 3450 5101 quam
3475 5030 3663 5079 ntuli!-

2332 5243 2354 5279 ⁸
2378 5247 2524 5304 Idem
2549 5247 2696 5318 cod.,
2724 5261 2920 5321 martyr
2942 5249 3253 5323 Cyprianus.

2262 5422 2358 5483 suo
2381 5408 2533 5483 longa
2558 5409 2646 5465 illa
2677 5410 2988 5479 hypothesis
3010 5427 3103 5468 seu
3132 5420 3494 5483 argumentum
3509 5408 3618 5457 ante
3637 5385 3770 5483 belli];

2261 5478 2361 5534 lias
2395 5473 2622 5548 positum
2670 5473 2767 5550 pro
2790 5498 3042 5538 sermone
3070 5473 3240 5552 primvo
3271 5480 3618 5552 numerahaluf

2259 5539 2597 5608 scribebatur
2615 5568 2632 5606 :
2649 5539 2702 5608 id
2721 5555 2863 5621 Quod
2895 5571 2997 5610 non
3025 5539 3192 5614 semel
3216 5555 3272 5614 in
3289 5555 3409 5613 aliis
3431 5539 3768 5621 coll"'§"l‘5'.'s

2258 5601 2863 5692 iidiin'ti‘si'iii'cEBFFJ
3212 5601 3569 5692 cuiu-“Mutiano
3593 5601 3766 5692 Schol?-

2260 5697 2396 5747 stico
2426 5684 2717 5756 interprete
2748 5710 2854 5750 non
2883 5697 3101 5750 omnino
3125 5697 3406 5758 consentit.
3435 5684 3766 5758 ι-ιιιοοιιε33’

2261 5731 3660 5907 ξὲὶῇἒιξῒῖἑέὲὲἶῶἐίὄέίῖὲῗιῖὲῖιέιῗὶῗιὶᾜάέιιῖῖόᾶὸ
3677 5731 3764 5800 xtl.
