4104 6360
276 381 384 439 815

1150 381 1281 439 PRO
1318 380 1745 439 DEFENSIONE
1785 376 2000 438 TRIUM
2039 375 2353 436 CAPITUL.
2395 379 2523 436 LIB.
2562 379 2655 436 XI.

3429 376 3535 437 8η

232 516 233 519 η
282 499 565 554 tendentes
591 499 658 554 ad
689 488 810 555 eum
842 497 911 553 de
958 512 1064 568 quo
1114 497 1311 553 dictum
1357 506 1436 553 est
1470 514 1481 550 :
1519 498 1740 563 anrite
1768 501 1850 568 fa-
1882 509 1927 566 Α
1962 496 2874 552 lectoresexhortatifuerintuteos
2895 495 2961 552 de
2976 510 3159 554 errore
3179 497 3531 570 corripiant”,

277 592 405 645 cient
432 595 541 662 ejus
561 610 757 663 semper
782 592 953 664 (Psat.
985 607 1089 658 CIV,
1119 592 1198 660 4).
1226 593 1288 646 Et
1312 593 1411 646 hoc
1434 591 1682 661 placitum
1713 590 1854 659 pium

277 693 439 753 atque
471 695 638 739 tutum
669 700 848 738 coram
882 686 1106 740 Domino
1159 686 1265 739 Deo
1309 693 1491 739 nostro
1519 699 1639 739 cum
1679 684 1854 736 omni-

274 772 378 830 bus
407 774 643 844 inierim,
674 779 763 846 qui
788 792 851 831 ea
885 794 1002 845 quae
1027 778 1205 832 scribo
1233 778 1435 847 legunt,
1462 786 1513 831 et
1536 778 1589 830 in
1610 774 1855 829 omnibus

276 868 490 937 scriptis
519 869 675 935 meis,
699 870 1035 937 maximeque
1062 872 1117 923 in
1149 870 1231 924 his
1265 871 1355 924 ubi
1385 870 1641 939 quaeritur
1679 868 1856 922 unitas

278 960 577 1025 Trinitatis,
605 962 777 1017 Patris
808 974 862 1019 et
891 963 1008 1017 Filii
1037 973 1089 1019 et
1120 963 1350 1033 Spiritus
1382 964 1582 1030 sancti;
1613 962 1733 1030 quia
1758 977 1856 1016 nec

278 1053 625 1122 periculosius
654 1056 847 1111 alicubi
892 1065 1101 1112 erratur
1128 1098 1142 1122 ,
1172 1071 1270 1111 nec
1299 1055 1610 1111 laboriosius
1657 1053 1854 1123 aliquid

277 1147 566 1214 quaeritur,
594 1162 691 1201 nec
723 1148 1043 1203 fructuosius
1090 1148 1288 1218 aliquid
1344 1147 1632 1202 invenitur.
1672 1166 1689 1199 ι
1723 1148 1855 1211 Quis

277 1249 457 1308 .laque
482 1241 834 1310 Augustinum
883 1243 958 1295 sic
991 1243 1372 1312 ingredientem
1402 1243 1540 1296 viam
1581 1241 1855 1295 charitatis

271 1338 323 1383 et
377 1330 443 1384 ad
476 1332 641 1386 Deum
690 1334 1031 1402 tendentem,
1059 1344 1117 1389 ut
1148 1337 1488 1404 profiteretur
1517 1334 1654 1403 quod
1686 1332 1855 1386 sicubi

278 1426 504 1489 erraret,
535 1440 656 1478 cum
686 1425 891 1480 discere
935 1442 1040 1480 non
1094 1427 1337 1497 puderet,
1372 1435 1424 1480 et
1472 1426 1769 1479 hortantem
1802 1431 1856 1479 ut

278 1513 345 1565 ab
370 1513 485 1582 ipso
508 1525 854 1569 revocaretur
879 1532 1083 1585 errore,
1121 1516 1428 1571 hwreticum
1460 1516 1680 1582 diceret,
1706 1515 1789 1569 γει
1810 1514 1856 1569 si

277 1602 329 1656 in
383 1606 484 1671 his,
519 1606 657 1660 sicut
680 1606 789 1676 jam
838 1607 1088 1672 diximus,
1135 1608 1385 1677 probaret
1408 1622 1640 1674 errasse,
1669 1615 1723 1661 et
1756 1622 1852 1661 ne-

278 1695 422 1749 mine
451 1696 768 1752 admonente
798 1702 956 1753 etiam
992 1700 1043 1753 in
1074 1714 1257 1753 errore
1282 1700 1558 1766 mansisse,
1590 1715 1710 1754 cum
1742 1702 1853 1771 ipsa

277 1789 598 1856 praeparatio
638 1792 831 1844 mentis
879 1791 946 1844 ad
993 1792 1403 1862 corrigendum,
1448 1804 1501 1847 et
1546 1793 1855 1849 exhortatio

276 1877 393 1948 ejus
423 1890 476 1933 ut
503 1896 530 1933 a
556 1897 655 1936 suo
683 1894 1023 1938 revocaretur
1052 1899 1258 1951 errore,
1293 1885 1410 1954 plus
1440 1899 1599 1955 quam
1644 1901 1857 1941 correc-

277 1971 351 2023 tio
389 1970 577 2027 debeat
607 1974 894 2028 testimari?
922 1974 1053 2029 Nam
1107 1991 1251 2045 saepe
1304 1977 1622 2033 verecundia
1653 1981 1855 2048 pressi,

275 2074 366 2119 aut
390 2069 551 2122 etiam
582 2072 905 2126 necessitate
935 2073 1233 2137 constricti,
1258 2072 1595 2143 corriguntur
1622 2080 1647 2110 ι
1672 2074 1687 2104 ί
1716 2090 1727 2125 :
1760 2074 1858 2129 iste

276 2170 452 2213 autem
483 2160 598 2216 sine
646 2163 756 2217 ulla
802 2164 1119 2219 verecundia
1172 2173 1229 2218 ut
1279 2172 1624 2221 revocaretur
1671 2180 1856 2221 omnes

279 2251 371 2320 qui
422 2267 517 2305 sua
563 2252 799 2323 legerent
846 2256 1024 2310 divina
1073 2257 1442 2312 testificatione
1488 2259 1853 2329 constringit:

279 2358 299 2393 ι
336 2342 403 2396 Et
430 2343 550 2408 hoc,
581 2345 771 2414 inquit,
807 2348 1082 2417 placitum,
1116 2349 1261 2418 pium
1291 2359 1452 2417 atque
1478 2357 1646 2403 tutum
1677 2364 1856 2403 coram

273 2432 502 2490 Domino
529 2436 640 2490 Deo
666 2449 848 2493 nostro
869 2456 988 2494 cum
1023 2443 1266 2496 omnibus
1292 2442 1503 2496 inierim
1533 2444 1621 2512 qui
1648 2459 1711 2497 ea
1738 2458 1857 2514 quae

270 2529 449 2585 scribo
480 2531 679 2600 legunt.
720 2551 741 2585 ι
777 2534 987 2603 Ergone
1046 2536 1165 2590 huic
1201 2544 1389 2602 tutum,
1418 2538 1555 2591 sicut
1600 2537 1853 2603 credidit,

270 2637 376 2675 non
424 2634 565 2678 esset
620 2625 719 2681 hoc
766 2628 1017 2696 placitum
1068 2629 1210 2697 pimn
1260 2644 1439 2683 coram
1488 2630 1715 2684 Domino
1744 2630 1857 2685 Deo

272 2723 457 2768 nostro
486 2730 606 2770 cum
640 2719 883 2773 omnibus
907 2722 994 2789 qui
1023 2736 1115 2773 sua
1150 2720 1386 2790 legerent
1418 2723 1627 2788 initum,
1661 2723 1858 2777 etiam-

270 2803 455 2858 sinon
506 2808 813 2865 admonitus
864 2811 914 2864 in
960 2811 1137 2879 aliquo
1192 2814 1579 2881 permansisset
1633 2815 1857 2868 errore?

269 2893 392 2964 quis
420 2897 519 2951 nisi
549 2900 782 2953 crudelis
813 2911 902 2954 aut
933 2902 1074 2955 dicat
1127 2914 1216 2956 aut
1257 2903 1476 2957 credat?
1510 2904 1668 2959 Tales
1701 2906 1859 2973 igitur

270 2987 601 3043 aestimemus
623 3001 678 3045 et
699 2994 834 3047 alios
862 2993 1108 3047 doctores
1137 2995 1414 3064 Ecclesiae,
1448 2995 1661 3065 qualem
1693 3013 1750 3049 se
1774 3012 1859 3051 no-

270 3078 351 3132 bis
378 3082 705 3151 Augustinus
750 3085 1022 3138 ostendit?
1053 3095 1106 3139 et
1140 3086 1337 3139 nullum
1362 3087 1602 3142 dicemus
1632 3088 1855 3142 haereti-

269 3187 389 3226 cum
424 3174 474 3227 in
508 3175 764 3230 Ecclesiae
794 3192 924 3247 pace
948 3186 1104 3247 atque
1136 3179 1336 3235 honore
1357 3181 1685 3237 defunctum.
1712 3183 1849 3249 Quid

270 3263 415 3318 enim
448 3281 535 3320 me
562 3266 728 3334 laedit,
758 3270 802 3322 si
836 3270 904 3323 de
933 3271 1180 3325 omnibus
1217 3272 1391 3326 taliter
1412 3275 1661 3342 sentiam,
1694 3276 1777 3331 vel
1806 3280 1851 3333 si
1879 3306 1925 3369 ρ

269 3369 379 3409 non
404 3372 593 3412 omnes
624 3359 817 3414 fuerint
862 3362 1036 3417 tales?
1069 3364 1164 3418 llic
1196 3365 1415 3420 forsitan
1448 3368 1638 3437 aliquis
1668 3369 1807 3423 dicat
1839 3391 1851 3426 :

268 3445 375 3502 Sed
418 3448 486 3503 de
513 3453 813 3521 Augustino
858 3466 1002 3510 recte
1050 3459 1126 3511 sic
1174 3458 1329 3512 audis
1360 3461 1379 3491 ’
1402 3500 1417 3524 ,
1441 3462 1591 3529 cujus
1618 3462 1856 3517 animum

270 3540 535 3609 professio
566 3558 658 3599 sua
684 3545 913 3601 declarat
944 3564 957 3600 :
991 3549 1057 3603 de
1078 3549 1195 3605 aliis
1218 3560 1395 3607 autem
1423 3568 1523 3622 qua
1551 3553 1755 3609 ratione
1780 3556 1857 3610 sic

269 3630 494 3687 credas?
522 3636 682 3700 Quasi
712 3636 794 3689 vel
824 3637 937 3706 ipse
966 3640 1053 3708 qui
1084 3642 1409 3709 contradicit,
1435 3658 1640 3698 certum
1666 3645 1859 3700 habeat

269 3726 410 3793 quod
441 3726 541 3780 hoc
586 3727 675 3781 alii
719 3743 930 3798 quoque
960 3746 1067 3784 non
1099 3732 1365 3800 dixerint;
1400 3746 1645 3805 tanquam
1678 3740 1858 3792 omnia

270 3819 507 3875 omnium
559 3822 744 3891 legerit
773 3826 1120 3893 omniumque
1149 3828 1481 3884 meminerit:
1510 3839 1601 3883 aut
1629 3829 1713 3883 vel
1744 3831 1858 3897 ipse

270 3914 485 3969 animus
513 3914 795 3984 Augustini
822 3917 940 3971 ideo
973 3918 1095 3971 talis
1126 3917 1241 3984 fuit,
1274 3921 1525 3988 quoniam
1561 3922 1738 3975 taliter
1777 3928 1861 3975 cst

270 4002 503 4071 locutus,
535 4016 586 4061 et
615 4022 719 4059 non
749 4008 925 4076 potius
955 4010 1206 4077 quoniam
1237 4012 1356 4063 tatis
1384 4011 1502 4078 fuit,
1527 4012 1651 4067 ideo
1680 4013 1861 4068 taliter

270 4106 354 4151 est
384 4097 591 4154 locutus
621 4116 636 4153 :
672 4115 734 4153 ac
776 4115 870 4169 per
900 4101 1021 4165 hoc,
1070 4103 1278 4157 etiamsi
1312 4106 1439 4158 nihil
1481 4108 1585 4160 tale
1614 4106 1857 4175 dixisset,

270 4185 411 4243 idem
461 4198 636 4245 tamen
686 4202 828 4245 esset
881 4191 1093 4248 habitus
1147 4194 1308 4248 animi
1366 4196 1432 4249 ad
1487 4198 1860 4266 corrigendum

271 4280 411 4347 quod
441 4279 580 4348 iuste
626 4282 924 4338 offenderet
954 4287 1258 4354 praeparati.
1291 4287 1366 4342 De
1396 4302 1501 4357 quo
1528 4291 1572 4342 si
1599 4290 1757 4344 etiam
1784 4292 1862 4344 sic

272 4370 412 4425 bene
445 4373 787 4438 sentiremus,
814 4384 867 4429 et
914 4378 1056 4444 pium
1104 4380 1283 4446 pr0eul
1324 4380 1486 4433 dubio
1517 4392 1660 4435 esset
1684 4392 1737 4436 et
1766 4397 1863 4437 ve-

275 4476 419 4528 rum,
453 4479 758 4535 quanquam
794 4468 1063 4522 videretur
1094 4472 1374 4524 incertum.
1402 4472 1513 4527 iloc
1542 4474 1701 4543 igitur
1727 4483 1778 4528 et
1798 4476 1863 4530 de

273 4556 501 4609 aliorum
525 4558 716 4613 animis
741 4560 1057 4627 sentiamus,
1081 4563 1204 4631 quia
1231 4564 1441 4618 interim
1471 4570 1613 4634 pium
1640 4575 1745 4635 est,
1778 4568 1861 4623 vel

272 4648 317 4701 si
347 4648 587 4703 videatur
617 4652 877 4708 incertum
908 4670 923 4707 :
956 4654 1098 4723 quod
1122 4657 1165 4708 si
1195 4667 1249 4709 et
1279 4657 1416 4711 male
1444 4658 1509 4713 de
1538 4658 1640 4713 illis
1663 4658 1863 4714 sentia-
1886 4686 1937 4747 D

275 4759 413 4807 mus,
452 4744 552 4797 hoc
579 4761 793 4815 quoque
827 4758 1033 4801 certum
1067 4763 1172 4804 non
1204 4751 1328 4816 erit,
1357 4751 1450 4806 sed
1481 4761 1627 4807 certa
1672 4754 1859 4822 impie-

279 4846 358 4887 tas
382 4836 484 4887 erit
515 4851 527 4886 :
563 4839 751 4891 melius
775 4854 903 4907 ergo
924 4849 1004 4893 est
1034 4851 1090 4894 ut
1118 4842 1182 4895 de
1210 4842 1416 4898 duobus
1446 4845 1573 4900 illud
1604 4848 1861 4915 eligamus

279 4923 567 4991 incertum,
601 4926 651 4978 in
698 4943 806 4997 quo
835 4941 978 4984 certa
1013 4934 1179 5000 pietas
1205 4937 1547 5004 approbetur,
1579 4956 1734 5006 quam
1760 4941 1863 4994 hoc

281 5016 566 5079 incertum,
594 5016 648 5070 in
679 5033 785 5088 quo
828 5020 1075 5088 impietas
1101 5036 1243 5078 certa
1276 5026 1585 5081 damnetur.
1618 5031 1864 5086 Arbitror

278 5114 463 5159 autem
494 5110 743 5175 quoniam
769 5118 823 5163 et
856 5112 953 5177 ipsi
982 5113 1069 5181 qui
1096 5114 1279 5169 nolunt
1309 5118 1376 5171 de
1402 5121 1612 5173 caeteris
1636 5121 1866 5177 doctori-

279 5201 377 5254 i;us
406 5199 657 5256 Ecclesia:
687 5203 934 5258 similiter
975 5214 1031 5259 ut
1075 5206 1141 5262 de
1169 5208 1464 5280 Augustino
1494 5214 1711 5281 sentire,
1741 5217 1860 5286 quia

277 5308 384 5347 non
414 5292 692 5349 inveniunt
722 5294 811 5351 ubi
861 5296 1107 5353 similiter
1146 5309 1201 5356 et
1245 5302 1318 5356 illi
1347 5303 1609 5360 dictorum
1634 5321 1858 5364 suorum

348 5476 375 5542 ξι
407 5466 463 5542 In
491 5483 588 5542 ms.
624 5472 946 5542 com‘gimur.

1960 588 2178 659 impium
2198 589 2439 660 judicent
2465 591 2683 647 credere
2709 591 2849 662 quod
2878 606 3033 648 nemo
3062 601 3377 649 caeterorum
3420 593 3536 649 fue-

1959 682 2028 736 rit
2057 684 2121 737 ad
2150 686 2523 756 corrigendum
2558 696 2792 755 paratus,
2820 688 2864 741 si
2893 688 3020 759 quid
3045 689 3236 743 merito
3264 687 3532 758 legentem

1958 780 2010 834 in
2038 779 2152 851 ejus
2180 780 2336 835 dictis
2364 779 2675 835 offenderet.
2706 780 2762 837 Si
2785 795 2913 851 ergo
2940 781 3161 852 impium
3203 792 3283 839 est
3313 784 3535 841 credere

1959 872 2101 941 quod
2134 871 2307 927 nullus
2337 871 2477 926 alius
2510 871 2665 926 fuerit
2693 871 2933 942 ejusdem
2965 876 3243 944 propositi,
3271 878 3413 932 unde
3435 876 3537 933 scit

1957 978 2024 1019 ne
2054 963 2144 1018 ille
2166 962 2325 1017 fuerit
2349 963 2471 1017 talis
2495 978 2652 1032 quem
2680 962 2912 1018 aestimat
2939 963 2961 995 ‘
2986 965 3384 1022 damnandum?
3410 968 3537 1023 Om-

1959 1055 2148 1109 nifarie
2175 1070 2300 1124 ergo
2349 1054 2635 1124 colligitur,
2668 1056 2807 1125 quod
2847 1070 3006 1111 nemo
3036 1072 3131 1125 pro
3164 1059 3257 1113 tali
3286 1060 3536 1130 ignorau-

1960 1149 2049 1215 tia,
2084 1148 2135 1203 in
2186 1146 2441 1203 Ecclesiae
2489 1147 2749 1202 duntaxat
2795 1163 2927 1218 pace
2975 1150 3289 1220 defunctus,
3322 1154 3423 1209 nisi
3482 1174 3544 1210 ex

1961 1258 2149 1311 magna
2203 1241 2478 1311 impietate
2531 1256 2593 1297 ac
2643 1245 2941 1298 temeritate
2979 1244 3277 1299 damnetur.
3313 1244 3467 1303 Unde
3502 1253 3544 1302 si

1958 1335 2150 1404 aliquis
2199 1335 2337 1405 apud
2413 1345 2652 1389 sanctam
2720 1337 2983 1407 synodum
3046 1336 3545 1393 (ihalcedonenscni

1958 1426 2300 1481 Theodorum
2349 1436 2647 1497 accusaret,
2681 1436 2733 1482 et
2780 1429 2987 1499 aliquos
3028 1432 3314 1487 ostendere
3362 1445 3545 1502 pOSSc!

1958 1523 2117 1586 atque
2144 1516 2451 1572 ostenderet
2482 1521 2595 1585 ejus
2619 1533 2851 1585 errores,
2878 1520 3122 1575 modeste
3145 1536 3206 1577 ac
3235 1523 3319 1591 pie
3356 1524 3542 1591 procul

1960 1607 2117 1661 dubio
2142 1606 2393 1676 praedicta
2425 1610 2664 1681 synodus
2708 1608 2931 1678 faceret,
2962 1611 3009 1665 si
3054 1613 3211 1668 etiam
3239 1615 3306 1668 de
3336 1616 3541 1670 incerto

1960 1699 2075 1770 ejus
2099 1700 2277 1754 animo
2310 1698 2446 1755 bene
2468 1704 2710 1758 sentiret.
2737 1703 2885 1759 Nunc
2915 1714 3092 1760 autem
3136 1718 3416 1762 accusatus
3459 1718 3542 1762 est

1961 1792 2098 1862 apud
2126 1793 2272 1847 illam
2300 1792 2358 1860 ⁸,
2386 1808 2483 1848 nec
2513 1795 2723 1850 animus
2770 1800 2884 1867 ejus
2930 1808 3044 1853 erat
3094 1798 3353 1867 incertus,
3381 1815 3539 1870 quem

1888 1906 1934 1965 Β
1966 1885 2100 1940 libro
2140 1888 2415 1956 Superiora
2466 1886 2745 1944 docuimus
2774 1891 3149 1960 negligentiam
3179 1908 3327 1947 suam
3378 1897 3537 1948 etiam

1959 1979 2015 2033 in
2063 1994 2225 2048 opere
2274 1980 2325 2034 in
2373 1996 2481 2051 quo
2525 1982 2593 2036 ab
2637 1985 2810 2039 amico
2852 1986 3097 2040 Cerdone
3126 1987 3368 2043 laudatus
3415 1998 3539 2056 est,

1960 2080 2151 2141 sponte
2178 2073 2506 2143 provideque
2528 2075 2853 2145 confessum,
2885 2092 2952 2133 ne
2974 2079 3094 2146 quis
3113 2079 3429 2134 auctoritate
3452 2097 3543 2135 no-

1961 2163 2117 2217 minis
2140 2163 2159 2193 ⁸
2177 2164 2427 2220 inductus
2447 2176 2768 2236 sequeretur
2790 2178 3082 2237 errantem,
3113 2182 3167 2226 et
3190 2175 3539 2231 offensionem

1960 2254 2259 2309 auditorum
2308 2272 2416 2311 non
2470 2260 2892 2330 contempsisse,
2925 2277 3045 2318 cum
3097 2264 3299 2319 diceret
3343 2265 3541 2335 aliquid

1960 2350 2099 2421 quod
2125 2364 2268 2408 recte
2296 2352 2497 2409 dictum
2531 2372 2637 2411 non
2668 2368 2978 2427 putaretur;
3010 2362 3103 2416 sed
3132 2364 3414 2431 perniciosi
3446 2380 3543 2434 pu-

1960 2442 2105 2497 doris
2138 2447 2393 2500 vietorem
2417 2448 2660 2502 eamdem
2690 2451 3040 2507 offensionem
3080 2469 3237 2524 quam
3273 2469 3366 2524 per
3395 2457 3543 2510 incu-

1960 2534 2093 2587 riam
2129 2536 2280 2590 verbi
2326 2547 2665 2595 contraxerat
2693 2541 2999 2599 abstulisse.
3033 2545 3161 2613 Qua:
3191 2548 3455 2603 correctio
3481 2549 3545 2603 il.

1961 2625 2072 2681 ltun
2100 2644 2203 2682 non
2233 2628 2299 2683 ab
2328 2628 2411 2684 liis
2442 2640 2643 2686 tantum
2676 2635 2726 2687 in
2757 2635 2949 2704 quibus
2978 2636 3253 2693 evidenter
3278 2640 3541 2709 apparuit,

1961 2717 2054 2775 sed
2086 2734 2117 2773 a
2160 2720 2425 2777 similibus
2470 2725 2766 2795 quibusque
2820 2730 3079 2798 purgavit.
3126 2731 3233 2786 Cur
3279 2732 3351 2786 ita
3383 2733 3401 2763 ⁷
3436 2748 3543 2787 ηοη

1962 2808 2207 2865 laudetur
2258 2814 2309 2866 iu
2371 2816 2581 2869 caeteris
2625 2817 2743 2887 ejus
2788 2832 2917 2873 sana
2956 2820 3228 2891 doctrina,
3256 2837 3378 2877 cum
3406 2831 3463 2878 et
3490 2824 3542 2877 in

1961 2901 2078 2971 ipso
2108 2917 2296 2959 errore
2323 2904 2590 2961 laudanda
2619 2909 2707 2979 sit,
2754 2926 2847 2979 per
2872 2927 3030 2982 quam
3056 2928 3153 2968 nos
3179 2916 3423 2986 exemplo
3448 2930 3546 2986 po-

1962 2997 2064 3050 tius
2097 3012 2254 3066 quam
2300 3000 2477 3053 verbis
2525 3002 2708 3056 docuit
2736 3015 2789 3058 et
2831 3014 3009 3060 errata
3039 3016 3231 3075 sponte
3279 3008 3457 3077 fateri,
3491 3021 3547 3066 et

1962 3089 2344 3158 reprehensam
2367 3091 2719 3150 offensionem
2743 3096 2861 3152 sine
2890 3100 3095 3168 pudore
3121 3102 3433 3171 corrigere?
3455 3103 3547 3157 Ni-

1963 3183 2037 3237 hil
2068 3184 2228 3254 igitur
2252 3197 2333 3241 est
2364 3189 2503 3258 quod
2534 3190 2600 3245 de
2620 3206 2779 3246 causa
2806 3193 3074 3250 Theodori
3098 3199 3332 3267 synodus
3361 3210 3546 3255 sancta

1961 3278 2223 3348 culpetur.
2261 3280 2444 3351 Neque
2473 3284 2614 3338 enim
2658 3286 2907 3356 cuiquam
2934 3291 3253 3361 auctoritate
3280 3293 3547 3349 dictorum

1961 3372 2078 3443 ejus
2111 3377 2399 3447 imposuit,
2428 3391 2484 3434 ut
2514 3382 2629 3435 sine
2681 3383 2789 3439 ullo
2833 3386 3081 3441 examine
3125 3387 3461 3458 legerentur,
3493 3400 3548 3445 et

1961 3470 2215 3540 quidquid
2238 3475 2456 3544 scripsit
2480 3477 2855 3533 inconcussum
2883 3490 3042 3551 atque
3072 3481 3370 3539 discussum
3401 3494 3547 3541 tene-

1962 3569 2110 3613 retur
2153 3560 2221 3614 ab
2250 3564 2519 3620 omnibus.
2547 3566 2605 3620 In
2638 3567 2720 3622 his
2768 3572 2925 3639 igitur
2956 3571 3219 3628 habeatur
3261 3575 3328 3630 de
3356 3577 3551 3646 quibus

1962 3651 2250 3719 Apostolus
2281 3655 2353 3708 ait
2386 3672 2397 3707 :
2442 3655 2629 3712 Omnia
2682 3662 2928 3731 probate;
2959 3666 3095 3734 quod
3149 3665 3333 3719 bonum
3377 3676 3448 3720 est
3477 3678 3553 3722 te-

1961 3752 2093 3798 nete.
2134 3744 2302 3802 Aliter
2348 3750 2526 3819 itaque
2570 3753 2871 3821 Scripturas
2901 3754 3107 3809 divinas
3158 3759 3381 3827 legimus
3430 3776 3551 3829 qum

1962 3837 2234 3891 canonica:
2271 3850 2548 3909 vocantur,
2574 3843 2733 3898 aliter
2774 3854 2951 3899 autem
2995 3863 3180 3901 eorum
3213 3851 3301 3919 qui
3335 3851 3551 3920 legendi

1963 3939 2122 3997 atque
2168 3932 2436 3987 scribendi
2485 3936 2663 3991 studio
2709 3939 3070 4005 proficientes,
3109 3956 3203 4011 per
3231 3946 3547 4013 acquisitam
3626 4004 3630 4009 ,

1963 4020 2275 4083 quotidiatio
2303 4022 2486 4079 labore
2516 4027 2844 4095 facultatem,
2875 4032 3013 4086 sicut
3042 4044 3348 4102 potuerunt,
3376 4040 3442 4093 de
3468 4040 3550 4093 his

1963 4109 2125 4163 locuti
2159 4122 2282 4165 sunt
2314 4130 2327 4166 :
2358 4130 2425 4169 ex
2451 4117 2644 4185 quibus
2673 4130 2790 4173 erat
2811 4130 2864 4173 et
2892 4122 2985 4177 ille
3015 4125 3096 4177 vir
3122 4125 3552 4196 sapientissimus

1964 4216 2026 4255 ac
2058 4202 2487 4263 modestissimus
2534 4214 2885 4283 Augustinus,
2917 4218 3006 4285 qui
3051 4221 3211 4274 tertio
3243 4237 3455 4292 quoque
3483 4223 3551 4279 de

1966 4293 2223 4351 Trinitate
2255 4298 2391 4354 libro
2417 4303 2495 4357 sic
2524 4304 2596 4357 ait
2626 4323 2637 4357 :
2679 4325 2697 4357 ι
2734 4306 2875 4362 Sane
2904 4324 3025 4364 cum
3058 4313 3111 4365 in
3134 4315 3382 4370 omnibus
3408 4317 3553 4372 litte—

1966 4385 2039 4439 ris
2072 4389 2225 4459 meis,
2260 4407 2366 4445 non
2396 4394 2570 4448 solum
2608 4397 2751 4466 pium
2786 4400 3062 4469 lectorem,
3095 4406 3188 4460 sed
3218 4407 3377 4463 etiam
3419 4410 3555 4466 libe-

1966 4493 2081 4531 rum
2107 4491 2466 4539 correctorem
2491 4486 2813 4557 desiderem,
2842 4492 3010 4548 multo
3033 4499 3264 4553 niaxime
3283 4499 3337 4553 in
3363 4499 3443 4555 his
3462 4502 3553 4557 ubi

1966 4567 2078 4637 ipsa
2111 4574 2421 4642 magnitudo
2445 4581 2758 4646 quaestionis
2786 4585 2988 4640 utinam
3011 4596 3117 4643 tam
3148 4594 3345 4646 multos
3368 4595 3555 4652 inven-

1968 4669 2110 4718 tores
2141 4662 2339 4721 habere
2368 4679 2552 4737 posset
2578 4688 2734 4741 quam
2767 4678 2963 4732 multos
2993 4683 3415 4742 contradictores
3461 4688 3554 4743 ha-

1969 4754 2078 4811 bet.
2119 4758 2500 4818 Verumtamen
2544 4767 2682 4821 sicut
2730 4769 2985 4827 lectorem
3035 4790 3211 4831 nteum
3262 4782 3388 4835 nolo
3435 4797 3557 4837 esse

1969 4847 2098 4901 mihi
2128 4849 2389 4919 deditum,
2418 4856 2485 4909 ita
2511 4871 2871 4917 correctorem
2903 4864 3029 4920 nolo
3055 4867 3177 4923 sibi.
3208 4868 3302 4924 Ille
3328 4886 3416 4926 me
3448 4889 3554 4928 non

1967 4947 2113 4993 amet
2163 4944 2391 5010 amplius
2421 4963 2578 5015 quam
2631 4954 2947 5010 catholicam
3005 4960 3285 5013 veritatem
3316 4959 3385 5027 lt;
3417 4964 3549 5016 sicut

1968 5030 2042 5084 illi
2068 5031 2209 5101 dico,
2237 5034 2355 5090 Noli
2385 5039 2518 5093 meis
2549 5040 2761 5111 litteris,
2795 5049 2947 5117 quasi
2993 5051 3286 5121 Scripturis
3334 5057 3559 5108 canoni-

1969 5124 2047 5178 cis
2074 5125 2352 5194 inservire,
2386 5132 2479 5186 sed
2510 5134 2562 5188 in
2594 5137 2699 5194 illis
2728 5150 2781 5194 et
2827 5143 2968 5211 quod
2998 5159 3104 5199 non
3144 5147 3403 5204 credebas
3431 5166 3553 5204 cum

1972 5219 2264 5288 inveneris,
2302 5224 2670 5286 incunctanter
2703 5235 2894 5303 crede;
2928 5236 2981 5290 in
3030 5238 3148 5293 istis
3196 5248 3375 5295 autem
3410 5247 3553 5313 quod

1970 5321 2177 5370 certum
2207 5333 2313 5375 non
2371 5321 2631 5392 habebas,
2660 5327 2763 5383 nisi
2810 5341 3016 5386 certum
3059 5331 3412 5407 intellexeris,
3445 5342 3555 5398 noli

346 5535 375 5575 ι’
404 5538 557 5607 Apud
597 5532 844 5613 August,
881 5544 1071 5617 ﬁdem,
1108 5532 1203 5603 iste
1229 5564 1283 5605 se
1312 5567 1412 5605 non
1459 5562 1592 5609 amet
1636 5560 1861 5625 amplius
1889 5577 2046 5635 quam
2075 5564 2377 5623 catholicam
2414 5572 2693 5630 veritatem.

349 5695 369 5775 ξ
397 5695 527 5775 fled.
553 5695 775 5775 Ver_on.,
801 5718 1129 5775 corrrgzmur.

350 5765 369 5835 ξ
404 5764 544 5835 Idem
566 5770 708 5835 cod.,
740 5764 925 5829 credis.

349 5831 374 5915 ξ
400 5834 565 5915 fdem.
592 5831 733 5915 cod.,
764 5847 1093 5915 corriperent.

351 5904 374 5937 δ
403 5903 551 5962 Idem
577 5903 724 5977 cod.,
750 5903 1007 5971 eximium
1029 5933 1134 5975 esse
1156 5921 1523 5980 damnandum.

1964 5808 2072 5847 nec.

2041 5721 2065 5820 ξ
2090 5720 2238 5780 Idem
2277 5725 2423 5796 cod.,
2454 5745 2543 5784 nec
2572 5741 2838 5789 accusatus
2874 5736 3015 5809 apud
3044 5737 3192 5799 illam
3224 5740 3544 5820 Theodorus,

2039 5864 2060 5947 ξ
2085 5864 2227 5947 I_d_em
2259 5868 2406 5947 cod.,
2436 5873 2653 5947 nominis
2679 5878 2809 5947 ejus.

2039 5936 2060 5968 ⁷
2093 5936 2235 5993 Idem
2266 5939 2417 6008 cod.,
2447 5944 2638 6007 itaque.
