4104 6360
605 308 718 368 815

603 540 668 580 ex
703 531 788 578 tua
820 521 1072 591 opinione
1101 517 1181 572 vel
1211 512 1575 575 contentione,
1607 510 1700 566 sed
1748 526 1814 564 ex
1859 508 2037 564 divina
2090 507 2196 561 lec-

605 618 771 683 tione,
803 613 888 669 vel
937 613 1248 667 inconcussa
1280 609 1490 664 ratione
1517 605 1808 677 corrigere.
1859 604 1917 660 Si
1964 602 2091 674 quid
2140 601 2194 656 in

603 708 683 764 eis
710 705 823 762 veri
851 701 1326 774 comprehenderis
1375 699 1684 766 existendo,
1718 713 1824 752 non
1871 706 1955 754 est.
1988 710 2195 762 meum,

601 809 658 857 at
687 798 1037 868 intelligendo
1065 804 1121 853 et
1150 792 1382 851 amando
1425 803 1480 849 et
1527 801 1678 848 tuum
1719 791 1792 846 sit
1816 799 1871 844 et
1899 804 2076 844 meum
2105 805 2118 852 ;
2153 790 2199 843 si

603 893 730 966 quid
761 899 940 948 autem
968 887 1089 946 falsi
1119 887 1424 944 conviceris
1449 927 1464 954 ,
1507 885 1741 942 errando
1785 883 1949 938 fuerit
1993 896 2194 946 meum,

606 986 700 1040 sed
721 985 831 1056 jam
862 982 1124 1050 cavendo,
1157 997 1256 1037 nec
1305 974 1452 1035 tuum
1499 981 1568 1034 sit
1600 993 1695 1033 nec
1727 991 1927 1032 meum.
1959 995 1978 1028 ι
2030 975 2200 1030 Aliter

609 1079 808 1149 itaque,
840 1077 981 1133 sicut
1002 1076 1104 1131 iste
1126 1075 1208 1128 vir
1235 1071 1679 1143 prudentissimus
1709 1070 1890 1137 docet,
1913 1069 2201 1124 canonicas

612 1173 822 1227 litteras
853 1169 1105 1240 legimus,
1139 1171 1191 1221 in
1239 1167 1431 1237 quibus
1481 1179 1704 1220 necesse
1734 1171 1818 1218 est
1846 1161 2012 1217 etiam
2057 1158 2200 1230 quod

612 1279 718 1321 non
740 1263 1031 1326 credimus,
1061 1276 1181 1315 cum
1228 1259 1627 1321 invenerimus,
1663 1250 2038 1312 incunctanter
2083 1267 2204 1308 cre-

615 1357 776 1421 dere;
809 1353 964 1408 aliter
1004 1362 1205 1418 autem,
1236 1350 1317 1406 vel
1348 1350 1514 1419 ipsius
1563 1347 1874 1417 Augustini,
1905 1344 1987 1400 vel
2019 1344 2200 1398 talium

613 1459 966 1510 cancrorum;
1003 1447 1056 1500 in
1086 1446 1280 1516 quibus
1307 1443 1448 1514 quod
1483 1443 1744 1497 habemus
1772 1441 2060 1503 incertum,
2098 1439 2200 1493 nisi

615 1551 822 1597 certum
854 1539 1307 1601 intellexerimus,
1342 1551 1446 1590 non
1480 1537 1631 1589 litme
1662 1536 1898 1588 retinere
1919 1531 2201 1588 debemus.

614 1635 712 1703 Qui
760 1633 920 1688 etiam
976 1631 1305 1701 Hieronymo
1359 1629 1604 1683 scribens
1655 1626 1786 1680 dicit
1839 1623 2034 1695 (Epist.
2069 1622 2202 1693 i9):

621 1745 642 1780 ι
680 1727 791 1798 Ego
818 1724 961 1779 enim
1001 1724 1170 1778 fateor
1197 1722 1447 1776 charilati
1479 1732 1602 1785 tunc,
1633 1719 1766 1772 solis
1793 1719 1871 1789 eis
1900 1714 2225 1786 Scriptura?

614 1836 732 1877 rmn
756 1818 907 1875 libris
935 1833 1052 1888 qua:
1076 1815 1186 1886 jam
1214 1814 1488 1870 canonica:
1512 1813 1854 1882 appellantur
1879 1808 2041 1865 didici
2069 1810 2210 1864 hunc
2240 1809 2289 1869 B

616 1916 865 1971 timorem
899 1913 1265 1981 honoremque
1298 1910 1531 1975 deferre,
1558 1918 1614 1963 ut
1644 1908 1850 1963 nullum
1879 1922 2062 1963 eorum
2085 1921 2211 1962 auc-

620 2019 792 2064 torem
815 2005 1104 2062 scribendo
1139 2017 1350 2060 errasse
1381 2002 1581 2070 aliquid
1618 2001 1926 2056 ﬁrmissime
1952 1999 2208 2064 credam;

618 2117 684 2158 ac
713 2103 761 2157 si
788 2099 988 2172 aliquid
1016 2099 1068 2153 in
1101 2099 1178 2153 eis
1209 2095 1486 2151 oil'endcro
1529 2094 1725 2148 litteris
1774 2093 1914 2163 quod
1967 2092 2214 2146 videatur

619 2194 951 2251 contrarium
979 2191 1216 2255 veritati,
1241 2189 1373 2242 nihil
1416 2188 1560 2241 aliud
1593 2201 1750 2255 quam
1783 2187 1867 2240 vel
1897 2184 2212 2238 mendosum

620 2305 743 2353 esse
773 2290 1013 2344 codicem
1040 2327 1054 2353 ,
1086 2285 1172 2340 vel
1220 2286 1565 2353 interpretem
1613 2294 1718 2334 non
1761 2290 2065 2333 assecutum
2094 2291 2216 2332 esse

621 2388 763 2460 quod
794 2387 999 2442 dictum
1031 2393 1147 2449 est,
1192 2381 1276 2435 vel
1329 2394 1413 2434 me
1461 2377 1681 2432 minime
1729 2375 2058 2430 intellexisse
2107 2387 2213 2427 non

622 2479 912 2548 ambigam.
944 2477 1094 2531 Alios
1124 2484 1304 2528 autem
1334 2472 1406 2526 ita
1441 2471 1559 2537 lego
1581 2511 1596 2536 ,
1624 2480 1680 2523 ut
1710 2465 2047 2537 quantalibet
2091 2480 2219 2520 sau-

623 2573 809 2629 ctitate
830 2570 1180 2638 doctrinaque
1208 2565 1582 2636 praepolleant,
1612 2577 1716 2618 non
1755 2561 1875 2617 ideo
1905 2577 2088 2616 verum
2124 2574 2220 2628 pu-

627 2672 757 2729 tem,
780 2663 905 2732 quia
932 2662 1033 2730 ipsi
1065 2661 1134 2713 ita
1165 2665 1471 2722 senserunt,
1506 2655 1600 2711 sed
1649 2655 1773 2724 quia
1815 2654 1943 2707 mihi
1995 2653 2072 2708 vel
2127 2666 2221 2720 per

626 2755 745 2812 illos
773 2764 1021 2810 auctores
1043 2753 1358 2818 canonicos,
1385 2751 1466 2805 vel
1496 2749 1758 2820 probabili
1788 2749 1996 2803 ratione
2023 2745 2164 2817 quod
2189 2760 2220 2800 a

627 2866 755 2908 vero
784 2866 889 2904 non
922 2848 1232 2914 abhorreat,
1268 2845 1594 2916 persuadere
1643 2852 1955 2914 potuerunt.
1987 2841 2096 2897 Nec
2146 2851 2221 2908 te,

626 2945 697 3000 mi
732 2945 918 3011 frater,
952 2944 1154 2998 sentire
1183 2939 1326 2994 aliud
1372 2939 1621 2994 existimo
1647 2953 1661 2993 :
1692 2941 1936 3007 prorsus,
1981 2935 2219 3004 inquam,

631 3055 735 3094 non
781 3047 834 3094 te
864 3037 1097 3091 arbitror
1127 3035 1205 3090 sic
1237 3033 1342 3104 legi
1398 3044 1516 3088 tnos
1569 3032 1732 3087 libros
1778 3031 1939 3095 velle,
1974 3039 2222 3098 tanquam

629 3131 1008 3202 prepltetarum
1049 3128 1134 3183 vel
1183 3126 1570 3196 apostolorum,
1603 3124 1668 3179 de
1719 3137 1948 3193 quorum
2006 3120 2225 3190 scriptis

631 3225 772 3295 quod
825 3222 972 3278 omni
1004 3236 1188 3276 errore
1243 3229 1462 3273 careant
1499 3217 1746 3272 dubitare
1791 3215 2051 3271 nefarium
2114 3220 2216 3268 est.
2251 3205 2296 3268 C

633 3319 783 3374 Absit
813 3317 913 3371 hoc
960 3331 990 3370 a
1041 3315 1124 3384 pia
1167 3312 1468 3367 humilitate
1510 3321 1564 3366 et
1610 3310 1788 3365 veraci
1820 3309 1886 3364 de
1942 3309 2222 3377 temetipso

633 3410 953 3480 cogitatione
981 3426 994 3462 :
1028 3424 1132 3478 qua
1161 3406 1260 3460 nisi
1291 3419 1438 3460 esses
1470 3403 1724 3474 przeditus
1744 3445 1759 3471 ,
1793 3417 1897 3457 non
1927 3400 2111 3472 utique
2137 3401 2223 3457 di-

637 3517 809 3570 ceres,
835 3490 1038 3556 utinam
1068 3513 1399 3554 mereremnr
1446 3496 1760 3565 complexus
1811 3505 1950 3560 tuos,
1974 3504 2027 3550 et
2055 3495 2226 3551 colla-

638 3596 786 3649 tione
814 3603 995 3648 ntulua
1024 3592 1106 3648 vel
1137 3590 1457 3645 duceremus
1484 3588 1678 3658 aliqua,
1713 3587 1794 3642 vel
1825 3588 2172 3644 disceremus.
2201 3607 2219 3640 ι

638 3685 904 3741 Tenentes
927 3699 1056 3754 ergo
1087 3681 1245 3752 hujus
1274 3679 1654 3751 sapientissimi
1685 3679 1784 3734 viri
1813 3680 2153 3745 sententiam,
2174 3691 2228 3737 et

639 3777 872 3834 divinam
899 3777 1271 3832 auctoritatem
1305 3773 1456 3828 libris
1488 3789 1594 3828 non
1625 3773 1896 3827 canonicis
1925 3789 2029 3828 non
2058 3774 2226 3830 ascri-

644 3875 855 3938 bamus,
904 3886 1004 3926 nec
1046 3869 1330 3924 humanam
1369 3866 1818 3936 compassionem,
1843 3865 2012 3922 sicubi
2059 3868 2228 3938 scrip-

641 3976 787 4019 torcs
826 3980 1008 4018 eorum
1053 3963 1202 4033 quasi
1251 3961 1490 4016 homines
1531 3960 1661 4031 lapsi
1704 3969 1849 4030 sunt,
1880 3961 2226 4032 denegemus.

642 4057 776 4125 Quid
805 4055 945 4111 enim
988 4055 1166 4122 faciat,
1201 4056 1350 4123 cujus
1380 4053 1608 4108 animam
1641 4069 1761 4108 cum
1809 4068 1935 4109 caro
1962 4056 2226 4125 corrupti-

643 4153 764 4209 bilis
779 4160 1051 4223 aggravet,
1075 4159 1130 4206 et
1153 4149 1415 4218 deprimat
1444 4156 1655 4203 terrena
1685 4147 1997 4204 iuhabilalio
2011 4163 2228 4204 sensum

644 4249 806 4304 multa
855 4247 1195 4315 cogitantem,
1231 4244 1465 4311 suscepti
1506 4242 1666 4299 ollicii
1692 4244 2009 4299 necessitate
2038 4244 2234 4301 docere

641 4339 1020 4410 compellitur;
1054 4338 1154 4392 nisi
1189 4347 1243 4391 ut
1273 4353 1390 4407 quae
1420 4335 1605 4391 scribit
1630 4345 1721 4390 aut
1749 4335 1898 4401 dicit,
1934 4337 2098 4406 ipsius
2131 4338 2229 4393 ΕΟ·-

645 4432 738 4486 size
768 4446 862 4499 pro
889 4445 990 4500 qua
1020 4439 1073 4483 et
1099 4444 1124 4480 a
1149 4443 1248 4497 qua
1279 4427 1514 4495 suscepit
1544 4427 1766 4479 docendi
1790 4427 2234 4495 periculum,dis-

646 4523 880 4578 citssinni
910 4521 1295 4587 sententiaeque
1323 4518 1627 4588 permittat?
1650 4517 1755 4572 Sed
1784 4517 1830 4571 si
1858 4517 2036 4574 ofticio
2059 4520 2235 4577 alieno

650 4614 911 4683 incubuit,
936 4614 981 4667 si
1005 4613 1143 4682 quod
1177 4613 1223 4666 ei
1259 4627 1363 4664 non
1393 4619 1473 4665 est
1504 4610 1763 4665 creditum
1795 4613 2091 4680 usurpavit,
2125 4629 2238 4671 me-

653 4706 750 4761 rita
781 4704 932 4758 venia
960 4710 1126 4772 caret,
1150 4717 1249 4755 nec
1272 4711 1453 4770 posset
1480 4701 1810 4770 aliquatenus
1844 4703 2110 4772 excusari,
2145 4708 2235 4777 qui

727 4849 752 4876 ⁸
787 4839 925 4892 Edit.
963 4834 1185 4897 Bened,
1217 4851 1354 4889 meas
1386 4832 1600 4887 litteras.

723 4908 752 4948 δ
784 4910 836 4964 ΙιΙ
873 4908 1089 4974 rectius,
1123 4922 1282 4978 quam
1326 4906 1580 4978 singulni
1608 4922 1829 4978 numero
1852 4908 2152 4978 Scholium,
2188 4923 2246 4971 ttt

659 4981 709 5036 in
735 4997 798 5051 vn
826 4982 962 5051 gatis
985 4977 1379 5048 exemplaribus
1411 4977 1596 5051 Cyrilli
1625 4977 1996 5036 Theodoretns
2020 4983 2148 5038 dial.
2181 4986 2217 5039 2

658 5030 892 5132 ιξρρίλλῖν
932 5053 1033 5132 una
1059 5030 1165 5132 τ’ῷεῖ
1213 5030 1475 5132 Ozolis”);
1512 5050 1857 5132 Anastasius

662 5111 859 5195 l‘lélogc
888 5130 988 5178 τῶν
1010 5111 1414 5197 xpﬁa-gst-J'cap.
1449 5123 1503 5185 5,
1561 5122 1646 5197 ubi
1701 5111 2055 5176 δριιοιῖθνιιιιῖ
2086 5111 2244 5183 θκοιέζ

659 5193 826 5258 όὶιιιυζ
880 5195 1020 5262 quod
1047 5193 1259 5249 "Latine
1307 5203 1506 5245 tantum
1558 5193 1757 5262 editum
1803 5202 1906 5258 est,
1940 5198 2132 5251 reeitat
2161 5199 2244 5254 his

658 5268 836 5352 verbis
870 5261 1151 5352 εἰνρίλλου
1188 5266 1235 5317 ἐν
1272 5266 1416 5338 ἀρχῇ
1447 5268 1531 5322 got}
1574 5261 1618 5316 α’
1659 5264 1902 5334 exuli-9w
1934 5269 1999 5319 Τὸ
2025 5273 2247 5338 Χριστὸς

866 5335 888 5352 ν
995 5337 1005 5349 ι
1131 5335 1181 5352 ο,
1373 5335 1394 5350 ..
1588 5331 1613 5351 ,ρ
1756 5342 1761 5352 ,
1865 5341 1872 5349 ,
2115 5342 2126 5352 .
2177 5343 2186 5352 .

662 5334 813 5413 tiqu
834 5335 946 5392 οὔτε
977 5331 1102 5413 ὅρου
1126 5331 1508 5407 assumta“,
1557 5331 1672 5389 οὔτε
1699 5331 1794 5404 μήν
1817 5341 1903 5393 τήν
1926 5358 2053 5398 τινος
2070 5331 2252 5396 sint”

671 5407 698 5485 ῤ’
717 5403 773 5485 έι
793 5412 913 5464 ποτέ
937 5403 1047 5485 ign}
1063 5403 1313 5485 σημαίνξι·
1331 5403 1742 5485 καθάζτεβάμέλὲι
1761 5411 1840 5459 καὶ
1863 5408 1919 5461 τὸ
1940 5403 2253 5485 Ἄνθρωπος,

664 5478 694 5537 ἦ
717 5476 920 5540 Ἵππος,
951 5479 979 5537 ἦ
1002 5467 1145 5556 3033;“
1170 5473 1456 5556 «pair/uarat
1510 5455 1562 5532 δὲ
1584 5455 1771 5547 pallor
1788 5455 2256 5556 ἐνεργούμεεᾶ

667 5571 780 5604 τινα
800 5556 1025 5604 ποιεῖται
1048 5549 1283 5609 δήλωσὶν.
1309 5549 1526 5616 Singula
1554 5562 1683 5617 ergo
1705 5549 1876 5616 capita
1902 5564 2056 5604 suum
2078 5549 2255 5622 quod-

743 5682 757 5711 ί
776 5678 1164 5762 ’ϐοάηνυνοηρ
1193 5680 1268 5734 vel
1300 5679 1441 5734 nullo
1461 5680 1624 5734 modo
1655 5679 1909 5751 particeps
1940 5680 2078 5750 facta
2123 5700 2249 5739 cort-

670 5759 1011 5822 Cupiseetttiw,
1043 5759 1200 5808 exitu.

733 5895 753 5917 ⁸
778 5895 832 5949 ιιι
853 5908 941 5946 ms.
964 5893 1125 5958 regio,
1144 5905 1354 5954 apsum;
1379 5905 1642 5958 ινιργωμτηυ.

1719 295 2015 358 FACUNDI
2053 291 2271 355 EPISC.
2313 288 2822 352 HERMIANENSIS

603 421 831 482 ﬁrmiter
851 419 1088 480 retinere
1116 435 1130 473 :
1164 413 1239 472 ita
1276 413 1351 472 illi
1377 413 1521 483 dico,
1553 411 1673 470 Noli
1700 414 1752 470 in
1788 413 1920 470 meis
1951 411 2147 468 litteris
2171 417 2196 446 η
2227 412 2280 472 Λ
2306 423 2364 464 se
2408 408 2548 463 ultro
2591 421 2656 461 ac
2685 413 2894 460 temere
2939 397 3130 460 alienis
3156 396 3394 469 ingessit
3421 397 3676 468 periculis.
3711 402 3854 460 Dona-

3771 293 3850 353 816

2302 517 2416 558 rem
2450 516 2576 557 vero
2609 497 2864 554 Ecclesia:
2903 503 3123 552 excusat
3168 492 3278 548 loci
3315 493 3628 565 necessitas,
3656 493 3698 550 si
3735 500 3850 555 eain

2302 597 2494 667 quibus
2517 590 2802 648 olfenderit
2832 589 3104 657 corrigere
3131 586 3201 641 sit
3226 595 3474 655 paratus.

2871 679 3101 737 CAPUT
3135 678 3251 736 Vll.

2305 777 2460 845 Quod
2488 776 2673 848 Cyrilli
2713 789 2913 846 quoque
2940 773 3162 848 plurima
3188 771 3296 826 sint
3341 769 3600 848 Theodori
3621 771 3752 828 dictis
3771 791 3854 840 que

2374 843 2835 974 reprelilenduntur'
2857 845 3050 900 similia
3106 859 3125 898 :
3179 857 3410 914 quorum
3485 843 3648 898 decem
3704 848 3853 918 profert

2375 937 2550 992 exemp
2575 937 2628 973 a.

2375 1013 2476 1070 Sed
2489 1013 2600 1085 jam
2619 1029 2684 1069 ex
2705 1012 2862 1068 dictis
2880 1026 3092 1083 quoque
3103 1008 3244 1068 beati
3267 1008 3464 1080 Cyl-illi
3482 1009 3646 1078 aliqua
3667 1009 3851 1080 profera-

2307 1124 2448 1175 mus,
2481 1120 2539 1162 ut
2569 1117 2622 1163 et
2654 1108 2778 1161 hinc
2820 1107 2993 1162 lector
3034 1105 3305 1173 intelligat
3339 1112 3517 1157 utrum
3544 1103 3848 1174 recipiendum

2306 1202 2377 1256 sit
2406 1201 2549 1273 quod
2582 1202 2632 1256 in
2664 1200 3032 1272 prajudieium
3065 1198 3262 1270 synodi
3292 1196 3736 1254 Chalcedonensis
3759 1213 3848 1256 eum

2309 1294 2592 1364 perhibent
2621 1292 2866 1364 quaedam
2895 1290 3162 1346 'l‘heodori
3197 1289 3432 1358 scripta,
3484 1297 3600 1356 post
3627 1291 3728 1358 ejus
3745 1305 3852 1346 mor-

2311 1396 2439 1455 tem,
2492 1386 2644 1456 quasi
2677 1383 2990 1439 Nestoriaua
3037 1386 3312 1454 cu'passe.
3347 1381 3527 1452 Atque
3554 1391 3609 1436 ut
3651 1391 3849 1453 appareat

2308 1480 2433 1550 quia
2488 1478 2735 1547 superius
2792 1487 3212 1532 memoratorum
3251 1475 3474 1529 Patrum
3526 1474 3849 1532 testimonian

2312 1573 2491 1628 multis
2522 1587 2686 1642 pauca
2717 1572 3057 1641 protulimus,
3091 1571 3252 1640 hujus
3296 1569 3391 1639 qui
3436 1578 3491 1624 et
3529 1568 3846 1626 Nestoriicon-

2311 1665 2598 1721 demnator
2639 1663 2754 1731 fuit,
2811 1673 2866 1718 et
2915 1679 3074 1733 quem
3141 1662 3395 1718 fecerunt
3446 1661 3652 1716 Diodori
3699 1662 3846 1728 scripta

2312 1757 2695 1828 Theodorique
2739 1758 3008 1826 culpasse,
3049 1756 3228 1826 dupla,
3263 1756 3317 1811 id
3349 1763 3443 1811 est
3471 1755 3646 1810 decem
3673 1753 3846 1823 protere-

2316 1868 2458 1916 mtts,
2515 1862 2569 1906 et
2610 1852 2722 1920 ipsa
2756 1864 2922 1920 pauca
2956 1851 3022 1903 tle
3047 1848 3311 1919 pluribus.
3349 1847 3482 1902 Nam
3514 1847 3564 1901 in
3594 1847 3843 1914 libroqueu

2315 1946 2533 2004 Scholia
2557 1945 2884 2015 nuncupavit
2908 1942 2958 2008 ι’,
2992 1944 3145 1998 titulo
3165 1944 3428 2012 septimo,
3461 1943 3620 2007 Quam
3643 1957 3732 1994 csse
3753 1941 3843 1992 dici-

2314 2057 2428 2094 mus
2474 2039 2837 2093 adunationem
2867 2054 2886 2092 :
2924 2055 2943 2090 t
2982 2036 3180 2102 anima,
3212 2036 3409 2107 inquit,
3435 2036 3605 2090 omnia
3632 2049 3730 2104 quat
3760 2041 3843 2089 sunt

2315 2131 2560 2201 corporis
2608 2145 2730 2186 esse
2776 2138 2989 2198 reputat
3041 2143 3158 2194 sua,
3217 2128 3349 2183 licet
3404 2142 3498 2196 per
3526 2135 3739 2182 naturam
3757 2140 3842 2194 pro-

2317 2225 2489 2295 priam
2517 2237 2710 2294 expers
2737 2223 2807 2276 sit
2837 2221 3143 2292 passionum
3177 2220 3452 2291 corporis,
3487 2229 3537 2274 et
3567 2220 3838 2280 naturalium,

2319 2325 2374 2372 et
2420 2333 2538 2386 quae
2585 2316 2926 2371 extrinsecus
2971 2314 3246 2369 accidunt.
3285 2314 3531 2368 Movetur
3555 2310 3685 2366 enim
3704 2322 3841 2378 corpus

2321 2409 2375 2463 in
2423 2408 2890 2477 concupiscentias
2921 2405 3215 2472 naturales,
3248 2417 3306 2460 et
3352 2402 3613 2459 consentit
3655 2413 3672 2438 ε
3697 2402 3839 2464 anima,

2322 2501 2475 2556 nullo
2514 2499 2726 2571 quidem
2776 2499 2934 2554 modo
2968 2500 3234 2568 particeps
3265 2500 3407 2554 facta
3454 2493 3841 2564 concupiscentia,

2324 2603 2502 2647 tamen
2547 2590 2692 2646 exitu
2744 2591 3159 2646 delectationem
3210 2589 3487 2662 propriam
3519 2585 3543 2626 ά
3571 2588 3714 2642 ducit.
3740 2581 3841 2638 Etsi

2324 2683 2463 2740 forte
2507 2698 2535 2737 a
2587 2699 2684 2738 suo
2730 2698 2956 2752 corpore
3003 2682 3344 2752 deprimatur
3379 2689 3403 2720 ο
3433 2689 3521 2736 aut
3582 2684 3841 2747 torqueatur.

2325 2776 2577 2832 condolet
2607 2775 2818 2845 quidem
2845 2773 2985 2843 quod
3009 2789 3161 2828 suum
3179 2789 3380 2844 corpus
3413 2773 3618 2843 patitur,
3643 2771 3734 2838 ipsa
3753 2776 3840 2819 vero

2328 2867 2381 2922 in
2435 2881 2530 2921 sua
2573 2876 2759 2920 natura
2811 2865 3013 2919 nullum
3066 2866 3268 2935 patitur
3299 2865 3517 2920 omnino
3554 2868 3839 2924 tormentum,

2332 2971 2510 3016 tamen
2538 2974 2699 3028 super
2729 2959 2842 3014 haec
2872 2975 3088 3030 quoque
3118 2959 3352 3015 dicimus
3383 2973 3500 3015 esse
3520 2956 3839 3016 adunationem,

2330 3069 2450 3124 qua:
2481 3050 2640 3109 estin
2676 3052 2991 3108 Emmanuel
3017 3052 3172 3108 facta.
3206 3053 3496 3109 Eratenim
3535 3063 3724 3106 necesse
3759 3059 3841 3101 cum

2332 3163 2430 3202 suo
2461 3160 2693 3220 corpore
2715 3147 3004 3202 adunatam
3033 3147 3081 3202 ei
3106 3146 3346 3202 animant
3376 3146 3572 3208 dolore,
3602 3136 3842 3197 uttimettdo

2334 3239 2614 3310 passiones
2651 3239 2919 3294 subditam
2941 3240 3207 3296 cervicem
3234 3242 3349 3296 Deo
3371 3241 3698 3296 submitteret.
3725 3233 3844 3287 illac

2329 3333 2374 3386 si
2405 3330 2746 3386 Theodorum
2792 3331 3102 3386 invenirent
3130 3331 3452 3403 Eutychiani
3470 3327 3677 3392 ‘dixisse,
3705 3337 3842 3392 quem-

2328 3422 2615 3478 admodum
2677 3431 2922 3490 putamus
2997 3423 3308 3493 singillatim
3364 3423 3538 3478 omnia
3582 3417 3842 3475 ventilarenl,

2330 3516 2573 3573 dicentes
2606 3518 2890 3590 imprimis,
2925 3521 3195 3593 quomodo
3237 3525 3420 3578 anima
3461 3533 3637 3590 expers
3675 3523 3740 3568 est
3763 3523 3842 3580 1³³³·

2330 3609 2540 3665 εἱοηιιεη
2593 3613 2857 3681 corporis,
2884 3613 2932 3668 si
2980 3615 3257 3669 consentit
3303 3629 3422 3670 cum
3471 3618 3688 3665 movetur
3707 3611 3843 3668 corpus

2334 3700 2390 3755 in
2441 3703 2905 3771 concupiscentias
2955 3706 3256 3761 naturales?
3306 3716 3398 3762 aut
3436 3698 3679 3775 qttomodo
3717 3703 3844 3748 rursus

2332 3796 2676 3850 consentiens
2706 3797 3156 3866 concupiscentiis
3206 3798 3550 3858 naturalibus,
3580 3789 3704 3845 nullo
3728 3781 3842 3838 modo

2333 3885 2393 3940 lit
2440 3887 2705 3957 particeps
2736 3891 3185 3960 concupiscentia:
3223 3892 3265 3958 ',
3301 3891 3450 3948 exitu
3490 3898 3648 3942 tamen
3672 3879 3846 3934 delecta-

2336 3975 2534 4032 tionem
2565 3982 2836 4048 propriam
2867 3982 3050 4038 ducit?
3077 3992 3169 4038 aut
3199 3982 3465 4054 quomodo
3504 3974 3692 4046 corpori
3717 3967 3844 4039 potius

2336 4070 2768 4140 concupiscentia
2801 4073 3075 4142 tribuitur,
3107 4091 3228 4130 eum
3273 4075 3449 4131 anima
3478 4071 3622 4127 etiam
3649 4066 3742 4119 sine
3763 4070 3846 4112 cor-

2338 4179 2469 4236 pore
2513 4169 2897 4237 concupiscere
2931 4169 3120 4238 possit,
3171 4185 3370 4240 corpus
3415 4181 3536 4222 vero
3563 4175 3656 4216 non
3695 4143 3846 4225 possit?

2336 4255 2579 4326 Namque
2623 4273 2743 4313 cum
2771 4259 2988 4327 dicitur,
3017 4259 3147 4316 Caro
3169 4259 3480 4334 concupiscit
3501 4255 3708 4310 adversus
3730 4240 3844 4334 ερίΐί⁸

2341 4358 2475 4415 tum,
2528 4352 2740 4419 spiritus
2790 4363 2961 4408 autem
3012 4355 3258 4410 adversus
3314 4345 3728 4417 caruent(Gal.v,
3757 4333 3844 4400 "li

2342 4453 2448 4493 non
2498 4440 2646 4495 aliud
2701 4444 3036 4515 intelligitur,
3096 4447 3197 4501 nisi
3247 4447 3369 4516 quia
3422 4419 3845 4498 earualisterrena'

2341 4529 2554 4588 affectio
2609 4534 2803 4591 animat
2872 4540 3131 4593 adversus
3189 4539 3382 4594 bonam
3440 4533 3548 4605 ejus
3585 4522 3844 4582 aitet-tionem

2345 4636 2507 4691 quam
2561 4624 2724 4681 habet
2771 4627 2839 4684 de
2893 4629 3074 4685 divino
3111 4630 3339 4700 Spiritu,
3387 4623 3719 4692 concupiscat;
3749 4609 3844 4703 ηιξ*

2355 4715 2446 4772 illa
2473 4717 2633 4773 etiam
2659 4735 2781 4791 quae
2807 4720 2951 4777 dono
2983 4722 3216 4793 Spiritus
3237 4723 3415 4788 datur,
3446 4712 3636 4774 allectin
3659 4710 3844 4765 concupl-

2275 4851 2328 4912 D
2354 4868 2460 4923 que
2481 4852 2755 4926 Sehﬁolium
2771 4858 3149 4926 continebant:
3168 4859 3291 4915 inde
3311 4842 3453 4914 libro
3480 4861 3651 4908 nomen
3671 4834 3844 4896 Scholia:

2428 4936 2449 4998 ε
2483 4926 2537 4978 Ill
2561 4925 2750 4980 Graeco
2775 4933 3188 4998 συναισθάνεται,
3217 4931 3371 4986 simul
3397 4926 3555 4985 sentit.

2422 4994 2446 5033 δ
2477 5000 2544 5076 ’Ξὸ
2574 5007 2664 5058 τῆς
2695 4999 2904 5076 ᾆρέξεως
2933 4994 3284 5076 diuersitas-tm.
3426 5066 3443 5076 Δ
3544 5067 3554 5076 ,
3690 5050 3750 5076 ,_.

2421 5078 2445 5106 υ
2474 5055 2658 5123 Graeca
2709 5055 3282 5140 inige'anii'sssaat
3313 5091 3326 5127 :
3371 5066 3475 5125 sit»
3514 5055 3843 5140 δεκατειξεένέξῗ

2349 5141 2798 5220 “1633.75th,
2829 5146 2914 5198 καί
2945 5143 3137 5220 σιδήρῳ
3165 5147 3521 5220 καταξαίνοιτρ,

2353 5195 2602 5292 ὡςῗὶδίου
2648 5195 2968 5292 ’ττιίςσμέοπινξᾷς⁷
2986 5195 3439 5292 ἕῶἵιᾶέδξξήιζξξὶ
3464 5195 3844 5292 ῙοΙΗςλείξζΡξξιξηᾟ

2355 5235 2421 5270 ως
2452 5235 2602 5292 ,ιοιου
2648 5235 2757 5268 πασ
2808 5235 2945 5276 οντος
2986 5238 3249 5286 σωματος.
3304 5235 3367 5270 ιιι
3397 5235 3437 5266 δι
3464 5235 3584 5279 [uno
3603 5235 3781 5265 μιγητ

2355 5289 2597 5376 εξξξξςαίιξῖ.
2625 5298 2685 5335 σε
2913 5283 3467 5376 (“verecundam
3486 5261 3843 5376 .t"i“.‘.':‘;.l.“’lli

2357 5341 2652 5443 cutujsuum
2663 5333 2867 5435 corpus
3174 5333 3214 5413 ’V
3406 5333 3414 5335 ἡ
3426 5333 3476 5406 in
3485 5333 3748 5443 terprim‘:

2359 5437 2422 5547 tctu
2429 5423 2497 5551 ἓξ
2507 5437 2594 5477 um
2621 5404 2752 5496 eius
2768 5404 3378 5498 rlésliit'i'ig'"ﬁiei-Eniéhi
3427 5404 3737 5478 transversum
3756 5404 3818 5449 ωο

2395 5509 2425 5563 ε
2487 5532 2504 5550 ο
3015 5519 3032 5529 .

2432 5695 2452 5727 ³
2480 5693 2622 5754 Idem
2650 5698 2800 5771 cod.,
2825 5699 2881 5755 id
2907 5706 2982 5757 est
3011 5707 3233 5758 terrena.
