4104 6360
322 320 420 377 81⁸7

1188 326 1319 382 PRO
1357 328 1779 387 DEFENSIONE
1816 327 2028 386 TRIUM
2066 329 2380 387 CAPITUL.
2417 328 2542 386 LIB.
2587 330 2676 387 XI.

3452 327 3554 383 818

316 435 416 491 scit-
436 434 691 493 adversus
719 439 1004 495 carnalem.
1040 440 1240 496 Deinde
1267 457 1370 513 qua
1410 443 1615 499 ratione
1644 443 1840 498 dicitur
1861 445 1879 475 ⁸
1908 444 1957 506 Α
1984 445 2249 512 crederet,
2296 446 2437 515 quod
2475 418 2760 515 aliquando
2806 457 2906 501 nec
2927 443 3025 515 ipsi
3054 443 3278 514 apostoli
3308 440 3552 498 credideo

316 529 433 598 quia
458 543 578 584 cum
616 544 647 583 a
695 544 918 601 corpore
956 548 1054 588 suo
1100 534 1416 603 deprimitur
1458 544 1546 588 aut
1587 542 1877 604 torquetur,
1934 534 1941 537 ”

316 622 562 679 eondolet
613 622 825 692 quidem
872 626 1012 693 quod
1056 641 1208 680 suum
1257 640 1452 696 corpus
1502 625 1716 694 patitur,
1770 626 1883 693 ipsa

316 728 442 769 vero
464 714 517 767 in
551 728 645 769 sua
684 722 870 769 natura
920 715 1121 769 nullum
1153 718 1348 786 patitur
1386 715 1603 770 omnino
1649 723 1884 770 tormen-

316 805 472 859 tum?
499 803 558 861 Si
604 804 745 859 enim
781 806 979 860 nullum
1015 809 1208 873 patitur
1265 807 1482 860 omnino
1538 813 1880 871 tormentum,

314 895 581 965 quomodo
599 912 630 950 a
649 911 870 968 corpore
893 913 987 951 suo
1018 899 1326 967 torquetur?
1351 908 1441 952 aut
1471 898 1739 963 quomodo
1760 898 1878 954 sine

314 1005 411 1044 suo
443 1000 707 1045 tormento
750 990 1016 1058 condolet,
1050 1006 1169 1047 cum
1222 1006 1382 1047 nemo
1430 992 1732 1055 condoleat,
1781 990 1884 1046 nisi

313 1083 403 1151 qui
452 1082 665 1137 doleat?
696 1097 761 1136 an
796 1092 1068 1154 torquetur
1109 1084 1322 1154 quidem
1368 1094 1422 1139 et
1450 1085 1617 1149 dolet,
1646 1084 1739 1139 sed
1776 1100 1882 1139 non

310 1188 405 1227 sua
439 1173 659 1237 natura?
706 1174 772 1228 Et
816 1175 938 1243 quid
970 1175 1234 1231 invenitur
1274 1177 1325 1230 in
1356 1176 1535 1242 rebus,
1566 1177 1705 1245 quod
1735 1186 1885 1231 extra

312 1279 464 1319 suam
495 1275 736 1319 naturam
767 1273 1094 1336 torqueatur,
1127 1278 1182 1323 ut
1208 1269 1424 1324 doleat?
1445 1270 1501 1323 In
1526 1277 1728 1323 tantum
1756 1284 1886 1325 vero

310 1362 507 1411 animas
536 1364 726 1411 natura
754 1371 859 1413 non
883 1368 966 1414 est
1004 1360 1337 1428 passionibus
1363 1362 1383 1384 ⁴
1412 1361 1607 1427 aliena,
1638 1371 1693 1415 ut
1720 1361 1885 1417 multa

296 1448 473 1519 etiam
530 1464 673 1519 saepe
718 1457 1004 1517 tormenta,
1054 1452 1137 1506 vel
1189 1456 1232 1506 si
1268 1467 1362 1520 pro
1390 1466 1487 1506 suo
1511 1466 1754 1520 corpore,
1778 1467 1883 1506 non

312 1548 491 1595 tamen
540 1556 570 1596 a
617 1556 719 1598 suo
748 1557 970 1612 corpore
1007 1542 1252 1612 patiatur,
1304 1543 1355 1597 id
1385 1552 1468 1599 est
1494 1543 1881 1609 sollicitudinis,

294 1644 505 1700 ,metus,
541 1636 789 1702 tristitiae,
823 1637 986 1703 twdii,
1009 1638 1109 1693 zeli
1137 1646 1191 1694 et
1217 1647 1553 1694 cteterorum.
1581 1638 1751 1708 Super
1772 1638 1886 1694 haec

313 1737 490 1781 autem
543 1736 599 1783 et
644 1728 729 1783 ille
771 1728 918 1785 dives
968 1731 1057 1800 qui
1088 1746 1191 1785 non
1223 1739 1306 1785 est
1333 1730 1579 1786 misertus
1605 1731 1879 1798 Eleazaro,

1985 552 2126 607 runt,
2143 556 2297 610 quam
2317 541 2529 595 utilium
2546 557 2697 611 quem
2713 542 3092 610 sempiternum
3114 538 3341 594 credidit
3362 537 3548 602 Deum,

1987 632 2175 687 timore
2202 628 2508 701 passionum
2537 633 2780 687 crederet
2809 633 2875 687 ab
2903 633 3134 688 elatione
3158 643 3546 699 compressum.

1985 720 2188 778 Rursus
2208 732 2381 777 autem
2409 723 2594 778 eodem
2620 724 2774 789 libro,
2805 724 2953 777 titulo
2979 722 3210 787 decimo,
3240 718 3370 789 quid
3395 718 3552 775 dixe—

1985 815 2074 882 rit,
2121 816 2204 871 vel
2260 815 2387 886 quid
2441 814 2608 885 prima
2639 816 2812 871 ircute
2851 816 2997 870 solus
3038 816 3151 881 ipse
3201 813 3386 868 titulus
3413 826 3552 881 pm—

1987 908 2143 975 ferat,
2201 908 2561 963 advertamus.
2604 908 2734 962 Nam
2779 908 2881 963 hoc
2921 909 2973 961 in
3002 906 3091 961 illo
3128 921 3186 961 se
3213 915 3551 961 ostensurum

1986 1016 2107 1057 esse
2151 1002 2392 1071 promisit
2438 1000 2625 1055 dicens
2656 1018 2669 1054 :
2698 999 2846 1065 Quod
2889 1007 2942 1053 et
2986 1000 3217 1055 adunato
3248 998 3353 1052 Deo
3381 996 3555 1051 Verbo

1986 1108 2128 1149 verae
2153 1093 2484 1159 humanitati,
2519 1090 2810 1146 inconfusae
2837 1099 3011 1146 tamen
3044 1088 3400 1144 subsistentiae
3422 1101 3549 1157 per-

1988 1195 2327 1250 manserunt;
2354 1195 2513 1254 utque
2535 1185 2637 1239 hoc
2658 1183 2903 1254 probaret
2928 1181 3155 1251 subjecit
3183 1181 3319 1234 ista:
3350 1198 3368 1231 ι
3398 1180 3555 1233 Erec«

1988 1288 2097 1334 tum
2125 1288 2205 1333 est
2233 1277 2523 1333 secundum
2572 1277 2665 1331 Dei
2689 1276 3013 1331 voluntatem
3041 1281 3279 1327 sanctum
3310 1270 3555 1325 taberna-

1986 1373 2163 1427 culum
2212 1387 2306 1441 per
2331 1371 2624 1436 desertum,
2670 1381 2722 1425 et
2762 1371 2813 1424 in
2840 1384 2906 1425 eo
2932 1368 3110 1424 multis
3157 1358 3557 1420 modisl‘orma-

1986 1465 2142 1521 batur
2166 1463 2497 1519 Emmanuel.
2534 1483 2552 1515 ι
2590 1463 2656 1517 Et
2684 1470 2804 1532 post
2832 1463 2976 1515 alia:
3012 1479 3031 1512 ι
3070 1458 3223 1527 Quod
3248 1464 3422 1511 autem
3465 1469 3558 1508 na-

1987 1564 2119 1612 turae
2150 1556 2262 1612 sive
2297 1556 2650 1612 subsistentia:
2683 1564 2709 1593 ι
2737 1554 3025 1609 inconfuste
3068 1548 3380 1614 manserint,
3434 1545 3558 1599 hinc

1987 1647 2205 1703 scimus.
2249 1648 2452 1702 Aurum
2502 1646 2643 1702 enim
2687 1643 3077 1714 superpositum
3107 1642 3248 1710 ligno
3284 1637 3479 1693 mansit
3506 1634 3581 1689 id

1988 1740 2130 1809 quod
2160 1750 2305 1805 erat;
2336 1750 2391 1795 et
2415 1740 2708 1795 ornabatur
2734 1740 2944 1809 quidem
2972 1738 3167 1807 lignum
3196 1736 3312 1789 auri
3340 1734 3553 1797 decore,

314 1817 603 1875 ininierno
632 1821 746 1875 sine
770 1834 993 1890 corpore
1020 1835 1117 1878 suo
1146 1832 1438 1892 torquetur.
1472 1821 1578 1877 Sed
1606 1822 1685 1876 his
1718 1824 1877 1878 omis-

1990 1845 2167 1888 tamen
2223 1834 2420 1901 lignum
2474 1848 2718 1888 essenon
2766 1832 2944 1886 desiit.
2993 1828 3143 1896 Quod
3172 1840 3302 1882 vero
3350 1840 3471 1879 arca
3502 1823 3553 1877 in

313 1909 408 1975 sis,
443 1910 569 1966 illud
609 1913 777 1981 magis
805 1914 1145 1970 considerare
1172 1915 1313 1980 volo,
1341 1926 1592 1983 quautam
1624 1916 1875 1971 invidiam

317 2003 523 2072 synodo
570 2003 987 2061 Chalcedonensi
1040 2007 1294 2076 Acephali
1350 2016 1790 2073 commoverent,
1837 2010 1883 2064 si

311 2092 622 2150 Theodorus
642 2095 858 2152 dixisset
886 2114 901 2150 :
922 2096 1094 2168 Super
1114 2098 1227 2154 haec
1241 2114 1451 2169 quoque
1490 2100 1712 2153 dicimus
1755 2101 1883 2154 adu-

311 2187 599 2254 nationem,
631 2189 652 2220 ²
673 2204 789 2259 quae
812 2199 895 2245 est
925 2191 977 2245 in
1008 2190 1317 2246 Emmanuel
1358 2192 1489 2246 facta
1525 2209 1539 2244 :
1582 2199 1700 2247 erat
1743 2193 1882 2247 enim

311 2292 531 2334 necesse
552 2295 670 2334 cum
696 2296 789 2334 suo
804 2295 1036 2352 corpore
1055 2282 1335 2337 adunatam
1352 2283 1402 2339 ei
1423 2284 1652 2339 animam
1671 2284 1876 2350 dolere,

311 2380 371 2426 ut
421 2371 655 2428 timendo
708 2376 978 2442 passiones
1031 2375 1292 2431 subditam
1324 2378 1583 2432 cervicem
1618 2377 1726 2431 Deo
1752 2379 1879 2432 sub-

311 2466 579 2519 mitteret?
609 2466 731 2522 Ηωο
759 2482 883 2537 ergo
920 2467 963 2521 si
994 2468 1305 2523 Theodorus
1332 2470 1572 2535 dixisset,
1605 2471 1881 2538 quomodo

310 2559 669 2614 exclamarent
716 2575 835 2613 cum
869 2560 1096 2615 maxima
1119 2561 1314 2616 invidia
1342 2571 1395 2616 et
1413 2562 1770 2616 detestatione
1794 2561 1876 2615 di-

310 2657 491 2721 centes
521 2669 534 2702 :
559 2650 637 2705 En
688 2650 837 2718 cujus
866 2649 1048 2705 laudes
1085 2653 1446 2707 continentem
1476 2654 1753 2722 epistolam
1790 2671 1881 2726 sy-

313 2740 486 2796 nodus
535 2742 983 2813 Chalcedonensis
1011 2746 1371 2813 pronuntiavit
1395 2748 1769 2815 orthodoxam,
1796 2752 1883 2820 qui

313 2832 367 2886 in
402 2840 600 2887 tantum
630 2850 733 2888 non
766 2834 927 2890 Deum
957 2846 1010 2891 et
1036 2837 1129 2891 Dei
1155 2836 1342 2892 Filium
1364 2839 1592 2895 credidit
1613 2839 1883 2898 Christum

314 2932 372 2977 ut
399 2922 727 2981 existimaret
764 2942 867 2981 non
910 2943 1005 2997 pro
1034 2930 1228 2984 nostris
1273 2930 1545 2986 doloribus
1576 2934 1884 2991 aul'erendis

312 3018 466 3087 cujus
517 3022 732 3076 vulnere
787 3023 955 3075 sanati
999 3037 1204 3095 sumus,
1236 3024 1327 3080 sed
1356 3026 1454 3095 ipsi
1495 3027 1668 3096 pctius
1696 3044 1885 3085 neces-

314 3111 511 3165 sarium
541 3112 705 3167 fuisse
745 3115 883 3182 quod
915 3114 1105 3180 doluit,
1138 3125 1195 3170 ut
1226 3117 1416 3172 timore
1448 3121 1747 3188 passionum
1779 3136 1887 3175 non

1984 1924 2179 1979 Christi
2210 1923 2502 1993 accipiatur
2540 1926 2788 1994 imagine,
2834 1922 3067 1991 pluribus
3098 1920 3264 1988 possit
3292 1916 3557 1987 probatio.

1985 2015 2143 2070 nibus
2189 2015 2470 2072 declarari.
2508 2034 2527 2067 ι
2560 2016 2872 2070 Consideret
2912 2027 3037 2082 ergo
3080 2012 3243 2065 lector
3290 2006 3556 2079 quomodo

1984 2116 2255 2160 asseratur
2277 2107 2415 2175 quod
2446 2107 2495 2159 in
2517 2104 2734 2160 Christo
2756 2103 2956 2159 naturis
2986 2100 3263 2156 inconfuse
3290 2100 3554 2152 manenti-

1986 2196 2082 2251 bus
2113 2196 2465 2251 subsistentiae
2492 2211 2704 2266 quoque
2759 2201 3196 2264 permanserunt,
3252 2204 3370 2259 quae
3423 2202 3559 2239 nun-

1984 2303 2142 2355 quam
2192 2288 2404 2343 luerunt
2430 2303 2443 2341 :
2468 2288 2716 2357 quoniam
2739 2300 2949 2353 semper
2982 2284 3047 2338 ad
3079 2283 3169 2337 Dei
3198 2280 3355 2335 Verbi
3383 2279 3559 2333 subsi-

1986 2382 2234 2435 stentiatn
2264 2379 2561 2433 humanitas
2614 2378 2701 2432 illa
2753 2376 3025 2446 pertinuit,
3059 2385 3431 2441 nunquamque
3458 2367 3556 2422 sibi

1986 2472 2129 2529 velut
2155 2473 2207 2527 in
2250 2476 2460 2542 propria
2494 2485 2717 2540 persona
2757 2468 2999 2524 subsistit
3033 2465 3056 2498 ‘
3078 2465 3395 2520 assumeutis
3424 2461 3555 2517 sub-

1986 2565 2284 2621 sistentiam
2315 2574 2485 2629 nacta,
2517 2571 2572 2618 et
2619 2564 2671 2617 in
2702 2561 2842 2616 illam
2875 2557 3137 2614 nascendo
3160 2556 3443 2618 transiens,
3473 2553 3557 2606 vel

1991 2658 2310 2712 transeundo
2350 2670 2594 2720 nascens,
2651 2655 2737 2710 cui
2796 2668 2957 2710 causa
3004 2650 3229 2714 oriendi,
3280 2657 3557 2715 totumque

1988 2749 2128 2817 quod
2142 2759 2251 2802 orta
2268 2757 2369 2815 est,
2389 2748 2500 2819 ipsa
2521 2746 2618 2801 fuit
2636 2746 2944 2813 assumptio.
2965 2743 3200 2809 Itemque
3218 2740 3282 2793 ad
3306 2737 3554 2792 Acacium

1989 2839 2373 2895 Melitinensem
2400 2836 2428 2876 δ
2457 2855 2471 2905 ;
2502 2855 2520 2888 ι
2558 2838 2674 2903 Quo
2698 2844 2872 2890 autem
2904 2832 3081 2897 modo,
3105 2830 3293 2899 inquit,
3318 2829 3557 2881 incarna-

1991 2940 2077 2987 tus
2117 2942 2171 2986 et
2204 2934 2364 2985 homo
2407 2929 2577 2983 factus
2601 2939 2684 2983 eSt
2704 2927 2749 2981 si
2771 2926 2888 2996 quis
2919 2929 3298 2993 perscrutetur,
3329 2927 3557 2972 contem-

1992 3025 2218 3094 plahitur
2237 3039 2302 3079 ex
2330 3023 2440 3077 Deo
2463 3022 2631 3077 Deum
2653 3019 2904 3084 Verbum,
2930 3026 2983 3073 et
3003 3015 3140 3070 servi
3169 3014 3390 3069 formam
3415 3024 3556 3065 sum-

1991 3117 2186 3188 psisse,
2230 3124 2283 3170 et
2304 3116 2358 3169 in
2388 3112 2787 3169 similitudinem
2819 3108 3091 3163 hominum
3124 3105 3338 3169 factum,
3367 3116 3558 3157 secun-

315 3204 654 3272 superbiret,
709 3205 821 3264 sed.
866 3206 1126 3260 subditam
1182 3211 1443 3266 cervicem
1506 3212 1613 3267 Deo
1665 3214 1887 3269 submit-
1914 3220 1961 3285 α
1993 3212 2116 3266 dum
2162 3207 2304 3279 quod
2349 3206 2605 3275 scriptum
2648 3211 2760 3269 est;
2806 3210 2861 3258 et
2902 3199 3193 3256 secundum
3249 3197 3349 3251 hoc
3385 3195 3557 3249 solum

316 3304 473 3350 teret.
531 3297 640 3351 Hoc
691 3313 898 3368 quoque
954 3301 1227 3365 dicerent,
1301 3304 1422 3374 quia
1489 3321 1587 3362 nec
1639 3308 1891 3378 perfecta:

315 3389 505 3440 saltem
558 3388 767 3445 virtutis
813 3390 1080 3446 hominem
1124 3394 1351 3450 credidit
1387 3396 1676 3470 Christum,
1731 3417 1888 3472 quem

316 3475 523 3545 putavit
549 3476 614 3530 ab
657 3477 885 3532 elatione
930 3483 1296 3550 temporalium
1342 3486 1646 3556 passionum
1698 3491 1890 3549 timore

314 3569 607 3638 compesci,
646 3570 837 3640 quibus
872 3572 1039 3627 virtus
1075 3578 1311 3633 exerceri
1341 3578 1495 3635 solet.
1530 3581 1659 3637 Nam
1700 3584 1746 3638 si
1778 3585 1878 3640 im-

314 3662 534 3728 perfecti
583 3672 703 3717 sunt
752 3664 840 3735 qui
867 3675 1012 3721 metu
1040 3680 1352 3726 coercentur
1401 3676 1583 3730 aeterni
1616 3680 1886 3747 supplicii,

314 3754 558 3822 apestolo
609 3755 813 3811 Joanne
861 3757 929 3813 de
967 3758 1158 3815 talibus
1208 3779 1415 3834 quoque
1444 3766 1680 3836 dicente,
1714 3770 1892 3826 Timor

314 3859 416 3898 non
437 3855 507 3899 est
538 3847 591 3900 in
612 3847 873 3915 cltaritate,
901 3852 988 3906 sed
1013 3852 1232 3909 Charitas
1258 3855 1278 3886 ³
1304 3858 1441 3925 {oras
1466 3860 1617 3914 mittit
1637 3864 1885 3931 timorem,

313 3940 552 4006 quoniam
592 3942 743 3996 timor
780 3961 975 4014 poenam
998 3946 1183 4013 habet;
1221 3951 1306 4018 qui
1336 3961 1502 4005 autem
1530 3955 1666 4009 timet
1693 3973 1792 4010 non
1819 3969 1891 4012 est

313 4031 563 4101 perfectus
583 4035 632 4086 in
656 4034 904 4091 charitale
936 4036 989 4108 (Ι
1011 4038 1167 4095 Joan.
1198 4057 1272 4107 tv,
1300 4043 1608 4114 18):nedum
1637 4049 1734 4116 illi,
1758 4067 1891 4119 quos

312 4122 651 4187 pnesentium
704 4125 1063 4181 molestiarum
1118 4129 1277 4185 timor
1307 4133 1543 4189 retrabet
1568 4153 1598 4190 a
1624 4141 1883 4206 peccatis.

316 4212 471 4278 Quod
502 4216 545 4270 si
618 4218 895 4287 quisquam
950 4218 1205 4275 adversus
1261 4224 1393 4278 tales
1433 4225 1889 4297 Eutychianorum

317 4307 588 4375 querelas,
607 4306 711 4361 alia
732 4307 971 4377 ejusdem
995 4309 1259 4367 Tllet-deri
1278 4313 1345 4368 de
1360 4315 1549 4385 quibus
1576 4322 1889 4388 paucissima

312 4400 558 4468 superius
588 4401 1024 4469 memoravimus,
1064 4405 1258 4475 scripta
1308 4407 1575 4477 proferret
1613 4410 1665 4465 in
1696 4418 1888 4482 quibus

311 4492 580 4549 Christum
614 4493 891 4551 confessus
920 4504 1004 4551 est
1048 4506 1171 4554 ante
1198 4500 1389 4557 saecula
1424 4504 1737 4560 naturaliter
1765 4522 1887 4562 esse

1993 3302 2415 3361 considerabitur
2435 3306 2742 3354 naturarum
2778 3310 2871 3351 seu
2918 3290 3380 3349 subsistentiarutn
3408 3286 3557 3341 dific.

1993 3399 2184 3453 rentia.
2244 3394 2341 3449 Hic
2381 3406 2613 3463 quoque,
2651 3388 2788 3445 sicut
2836 3387 3058 3443 duarum
3112 3393 3440 3446 naturarum,
3484 3380 3559 3434 sic

1995 3491 2152 3545 etiam
2209 3484 2671 3541 subsistentiarum
2698 3476 3137 3537 considerandam
3166 3490 3284 3548 esse
3311 3471 3561 3528 diil‘eren-

1996 3583 2121 3638 tiam
2152 3580 2327 3635 docet.
2362 3597 2380 3631 ι
2417 3575 2622 3631 Rursus
2651 3574 3004 3642 interpretans
3034 3568 3323 3638 Epistulam
3357 3564 3425 3618 ad
3456 3564 3557 3617 He.

1992 3675 2165 3735 brreos
2191 3672 2319 3728 dicit
2349 3670 2441 3726 lib.
2465 3685 2502 3724 tt
2532 3668 2554 3700 ⁵
2584 3685 2597 3722 :
2635 3685 2655 3717 ι
2693 3665 2823 3721 Cum
2853 3663 3144 3718 dixerimus
3182 3659 3301 3729 quia
3331 3656 3561 3711 Verbum

1994 3781 2120 3821 caro
2143 3765 2339 3820 factum
2366 3770 2469 3827 est,
2486 3759 2635 3816 carni
2650 3754 3061 3814 communicavit
3077 3750 3367 3807 secundum
3391 3746 3560 3802 Subsi-

1995 3864 2241 3916 stentiam
2266 3856 2619 3927 inetl‘abiliter,
2643 3862 2699 3909 et
2716 3851 2983 3922 quomodo
3005 3865 3102 3904 nec
3125 3845 3344 3913 intelligi
3369 3850 3560 3912 potest.

1996 3952 2147 4008 Tunc
2170 3951 2387 4016 etenim,
2411 3959 2536 4004 tunc
2556 3957 2610 4003 et
2630 3945 3038 4014 uniuscujusque
3060 3937 3561 4005 subsistentiaslper-

1997 4058 2127 4100 sona
2180 4042 2449 4098 intellectu
2493 4046 2740 4106 suscepta
2779 4037 2934 4092 simul
2976 4031 3243 4090 concurrit
3271 4030 3472 4085 naturis
3499 4027 3562 4082 ad

1995 4135 2323 4191 unitatem.»
2379 4133 2509 4200 Quis
2540 4132 2713 4187 sciens
2733 4129 3000 4203 Cyrillum
3049 4124 3370 4197 prazdicasse
3422 4118 3563 4189 quod

1996 4228 2068 4282 ita
2098 4227 2235 4282 Deus
2270 4225 2498 4281 Verbum
2538 4223 2685 4280 carni
2711 4218 3135 4284 communicavit,
3164 4226 3226 4270 ut
3264 4214 3319 4270 in
3357 4227 3422 4268 eo
3446 4227 3562 4280 my-

1995 4318 2161 4375 sterio
2188 4332 2293 4374 non
2321 4317 2490 4372 solum
2534 4317 2653 4370 duae
2679 4322 2882 4367 natum
2913 4311 2977 4364 ad
2999 4310 3251 4364 unitatem
3281 4316 3561 4361 concurre-

1996 4421 2132 4477 rent,
2162 4410 2254 4467 sed
2275 4411 2432 4467 etiam
2461 4410 2581 4465 dum
2609 4404 2962 4463 subsistentia
2990 4414 3144 4472 atque
3171 4414 3431 4470 personae,
3460 4411 3562 4451 non

1994 4504 2214 4558 miretur
2240 4516 2359 4557 cum
2406 4500 2554 4555 audit
2578 4499 2717 4568 quod
2744 4496 2962 4553 Diodori
2990 4510 3051 4551 ac
3077 4491 3344 4548 Theodori
3369 4490 3562 4558 scripta

314 4582 507 4650 Deum,
554 4594 606 4641 et
633 4588 866 4657 gignenti
897 4588 1041 4643 Patri
1068 4604 1279 4660 semper
1300 4593 1586 4662 aqualem;
1621 4595 1694 4650 illi
1721 4599 1889 4667 proti-
1917 4619 1971 4680 D
1995 4598 2148 4669 quasi
2179 4597 2492 4652 Nestoriana
2540 4592 2856 4663 culpaverit,
2904 4598 2958 4645 et
2986 4604 3088 4644 non
3132 4588 3305 4657 potius
3332 4585 3562 4680 inrita—tor

312 4688 413 4729 nus
434 4684 615 4731 contra
634 4678 891 4733 referrent
908 4693 970 4734 ac
982 4679 1223 4736 dicerent
1241 4699 1256 4736 :
1274 4681 1627 4741 Tolerabilius
1643 4686 1812 4743 fuerat
1830 4701 1886 4743 ut

294 4763 586 4843 Christum
610 4776 793 4822 natura
826 4768 991 4825 Deum
1017 4782 1071 4826 et
1094 4772 1240 4828 Patri
1271 4788 1480 4844 semper
1501 4779 1759 4848 aequalem
1781 4797 1887 4838 non

384 4914 411 4941 ει
437 4905 621 4961 Graeca
651 4917 777 4991 sunt
805 4910 1251 4991 :tpud.l.eontium
1278 4914 1369 4991 lib.
1401 4932 1418 4969 ι
1452 4933 1466 4969 :
1491 4914 1608 4991 τοτι
1630 4917 1684 4973 δὲ
1720 4921 1883 4991 ἀσύγ-

310 4996 462 5056 χυεςοι
489 4983 821 5056 μεμενήκασιν
844 4982 895 5035 αἱ
910 4982 1108 5052 φύσεις,
1128 4984 1639 5056 ἤγουνὼτοστάσεις,
1666 4982 1883 5043 ἔντεῦθέν

309 5048 567 5126 εἰσόμεθα·
592 5050 648 5126 ιςὸ
676 5055 779 5126 γὰρ
801 5072 878 5103 τοι
919 5048 1147 5126 ⁷χρυσίον
1168 5048 1583 5126 ’ἐπαληλιμμένον
1631 5065 1706 5110 τῶ
1754 5060 1884 5126 ξύλῳ

306 5120 573 5193 μεμένηκεν
602 5118 723 5193 ὅπέρ
742 5118 825 5193 ἦν’
852 5118 1288 5193 κᾳῖἶιατεπλούτει
1310 5118 1473 5193 μέν’·ξῤ
1506 5126 1649 5189 ξύλον
1670 5118 1776 5185 ἕως(
1795 5118 1881 5180 rei)

307 5192 535 5312 ἔρυσίου
556 5196 645 5249 τήν
668 5189 831 5254 δοξαν·
855 5192 980 5249 πλὴν
1003 5192 1089 5245 οὐκ
1114 5189 1317 5251 ἀπέστη-
1335 5196 1392 5248 τὸ
1413 5191 1533 5251 εἶναι
1559 5197 1724 5260 ξύλον.
1750 5196 1886 5251 Duas

347 5268 621 5312 vonstases
643 5262 693 5312 in
720 5261 933 5312 Christo
955 5260 1086 5312 duas
1111 5262 1481 5312 subsistentias
1508 5266 1695 5312 dicere.
1722 5267 1765 5312 si
1794 5280 1886 5312 tm-

346 5260 621 5329 ypustases
643 5262 693 5315 in
720 5261 933 5315 Christo
955 5260 1086 5314 duas
1111 5262 1481 5318 subsistentias
1508 5266 1695 5320 dicere
1722 5267 1765 5320 si
1794 5280 1887 5321 vo-

305 5330 405 5405 luit
428 5330 679 5405 Cyrillus,
706 5332 895 5405 merito
914 5332 1347 5405 reprehenditur.
1378 5334 1481 5388 Sed
1509 5336 1631 5405 quid
1655 5336 1883 5390 alienius

304 5416 334 5455 a
367 5402 611 5475 dogmate
658 5404 841 5475 Cyrilli
861 5405 882 5453 '?
912 5402 1235 5475 llypostases
1265 5419 1393 5471 ergo
1426 5402 1599 5472 posuit
1629 5408 1729 5461 hoc
1760 5410 1876 5460 loco

306 5486 402 5542 pro
428 5472 759 5542 substantiis,
799 5472 1073 5528 Athanasii
1123 5474 1369 5545 exemplo
1393 5484 1448 5531 et
1476 5476 1872 5533 Alexandrino-

377 5607 394 5639 ¹
421 5607 556 5663 Cod.
590 5609 810 5674 Veron.,
836 5610 1005 5662 anima
1033 5609 1237 5663 dicitur.

374 5678 395 5710 ¹
425 5677 567 5733 Idem
596 5680 735 5744 cod.,
771 5696 880 5735 esse
906 5681 1288 5736 adunalionem.

376 5746 395 5779 '
415 5746 560 5805 Idem
588 5750 731 5817 cod.,
750 5751 976 5821 perfecta
1003 5752 1248 5813 charitas.
1272 5750 1350 5810 Ita
1371 5752 1532 5814 etiam
1558 5752 1614 5814 in
1643 5754 1872 5831 vulgata;

371 5857 402 5895 ⁸
429 5857 609 5923 Forte,
638 5874 671 5914 ο
696 5860 1031 5918 pastionibus.

1992 4691 2075 4747 sui
2103 4690 2401 4745 decessoris
2427 4685 2722 4750 Athanasii,
2743 4683 2940 4753 scripta
2962 4680 3198 4736 omnium
3228 4679 3281 4733 in
3306 4692 3432 4744 pace
3463 4675 3563 4731 Ec-

1991 4781 2168 4837 clesia:
2197 4780 2584 4851 quiescentium
2632 4774 2897 4832 studuerit
2924 4769 3222 4828 excusare?
3251 4768 3351 4836 Qui
3382 4775 3563 4838 postea

1986 4935 2109 4991 rum
2128 4934 2278 4991 more
2304 4919 2371 4991 de
2388 4933 2498 4991 quo
2524 4916 2721 4971 dictum
2748 4923 2829 4969 est
2850 4912 3043 4991 lib._v_t.
3066 4910 3240 4991 Quare
3260 4906 3563 4991 substantias

1986 4990 2215 5044 reddere
2243 4977 2424 5043 debuii
2449 4989 2732 5058 interpres,
2746 5000 2859 5058 Anon
2877 4980 3248 5058 subsistentios.
3267 4977 3416 5058 Digni
3436 4980 3563 5058 vero

1988 5043 2038 5113 et
2069 5043 2184 5113 auri
2214 5057 2539 5126 comparatio
2557 5043 2659 5126 qua
2680 5043 2865 5121 utitur,
2890 5053 3071 5122 diSpar
3090 5064 3153 5104 ac
3167 5044 3444 5102 dissimilis
3464 5043 3564 5098 hac

1989 5128 2042 5181 in
2073 5139 2242 5193 parte.
2980 5191 2995 5193 Α
3246 5186 3260 5193 ,
3324 5186 3338 5193 -
3458 5183 3467 5193 .

2063 5143 2273 5252 Sitiﬁm
2304 5208 2384 5252 est
2410 5197 2594 5253 Graece
2636 5212 2697 5251 ac
2732 5196 2917 5251 Latine
2964 5186 3153 5260 Cyrilli
3196 5183 3561 5265 aduAcaciuut

1990 5266 2212 5339 epistola
2246 5276 2366 5333 post
2394 5268 2653 5339 synodum
2684 5254 3026 5339 Ephesittam_'
3050 5272 3196 5339 nunt.
3230 5258 3321 5322 55,
3352 5254 3443 5311 ubi
3465 5263 3563 5339 uiis

1988 5326 2216 5411 φῦσςων,
2238 5326 2391 5411 io”va
2423 5326 2771 5411 ’ὑποστάσεοῖν
2800 5334 3018 5407 διαφορά
3056 5329 3279 5397 rectius,
3310 5326 3563 5411 quemad-

1986 5397 2559 5473 inOdltﬂl'dl'Cttbttlllum
2582 5408 2861 5476 exponitur
2888 5397 3185 5476 naturarum
3216 5414 3303 5453 seu
3328 5397 3562 5452 substan-

1987 5480 2195 5545 tiarum,
2224 5497 2381 5551 quam
2411 5491 2466 5535 ut
2495 5472 2595 5535 hcc
2619 5472 2734 5533 loco
2755 5472 3233 5530 subsistentiarum..

2057 5613 2080 5645 ⁵
2112 5614 2251 5670 idem
2279 5619 2424 5685 cod.,
2455 5612 2754 5668 assumentis
2780 5607 3116 5667 subsistentia
3142 5612 3288 5663 tta“.

2058 5687 2080 5720 '
2104 5685 2248 5745 idem
2276 5686 2421 5756 cod.,
2457 5686 2586 5741 libro
2610 5685 2777 5773 tertio.
