4104 6360
529 308 636 367 819

1635 297 1930 356 FACUNDI
1973 293 2186 352 EPISC.
2234 293 2737 357 llERHIANENSIS

529 426 593 481 in
623 425 810 480 eodem
856 436 1017 492 opere
1063 420 1196 477 libro
1226 426 1449 490 quarto;
1488 435 1507 471 ε
1545 418 1710 490 Ergo,
1742 420 1932 488 inquit.
1963 416 2121 473 reﬂo-
2148 415 2203 481 Α
2229 416 2604 473 Assuefaciens
2668 417 2734 472 ad
2805 417 2969 472 vitam
3022 398 3311 487 spiritalem
3368 416 3645 486 proprium
3713 417 3832 488 jam

528 517 637 572 ruit
685 523 740 570 et
766 514 907 569 velut
955 522 1171 568 renatus
1223 521 1327 574 est,
1362 513 1511 580 quasi
1545 527 1609 567 ex
1647 511 1829 567 radice
1858 510 2120 576 secunda,

526 608 764 664 omnium
814 615 1052 660 nostrum
1087 605 1371 659 salvatoris
1396 603 1601 659 Christi
1634 604 1817 669 homo,
1851 602 1915 659 ad
1950 603 2124 661 incor-

530 700 834 767 ruptionem
866 707 918 753 et
943 698 1279 767 antiquarum
1303 712 1431 751 caus
1451 714 1585 751 trum
1614 699 1868 752 virtutem
1904 712 1997 767 per
2023 711 2127 751 Ste-

528 792 647 847 eula
688 805 746 845 se
778 790 923 845 vicit.
964 808 983 841 s
1014 789 1069 844 Si
1093 790 1407 843 calumniari
1442 790 1589 853 libet,
1613 789 1898 857 obiiciatur
1920 795 1975 843 et
1997 788 2118 843 isti:

528 893 780 949 tanquam
800 880 962 934 alium
978 880 1298 934 salvatorem
1321 880 1613 943 Christum,
1640 890 1689 935 et
1707 881 1865 935 alium
1884 880 2128 935 credide-

530 974 603 1027 rit
627 972 896 1028 hominem
924 972 1093 1041 ipsius
1112 971 1403 1027 Salvatoris
1426 971 1655 1035 Christi;
1687 974 1807 1041 quia
1836 986 1938 1026 non
1961 973 2054 1035 ait,
2076 982 2128 1026 et

528 1064 677 1119 velut
711 1077 930 1120 renatus
961 1075 1061 1128 est,
1113 1065 1261 1133 quasi
1289 1081 1349 1119 ex
1397 1064 1574 1118 radice
1601 1064 1859 1129 secunda,
1887 1064 2126 1117 ozoninm

532 1166 776 1211 noSIrum
804 1158 1049 1212 Salvator
1077 1158 1115 1219 ⁸,
1168 1156 1286 1219 sud,
1316 1157 1555 1211 omnium
1580 1168 1819 1210 nostrum
1848 1156 2129 1210 salvatoris

536 1245 739 1302 Chriin
786 1248 981 1309 homo;
1011 1255 1066 1301 et
1100 1245 1298 1303 addant
1331 1246 1547 1314 insuper
1572 1246 1813 1301 dicentes
1842 1263 1857 1299 :
1886 1247 1939 1300 Si
1970 1246 2127 1299 Citri-

538 1348 679 1402 stus,
728 1340 779 1394 id
810 1349 891 1395 est
938 1349 1280 1407 unctttskest
1340 1346 1521 1405 homo,
1569 1340 1821 1409 quoniam
1872 1353 1978 1393 non
2027 1338 2129 1394 nisi

542 1441 735 1486 natura
783 1432 1013 1487 humana
1066 1432 1117 1486 in
1161 1432 1252 1486 illo
1283 1440 1437 1487 uncta
1468 1441 1570 1497 est,
1610 1433 1697 1501 qui
1723 1446 1907 1485 rursus
1937 1431 2129 1485 estille

533 1523 698 1580 homo
744 1528 832 1595 qui
876 1526 1071 1583 dicitur
1096 1525 1329 1581 Christi?
1363 1542 1535 1595 neque
1565 1528 1706 1581 enim
1741 1526 1832 1582 Dei
1865 1527 2019 1582 Verbi
2046 1527 2131 1583 di-

530 1631 673 1676 elum
703 1630 787 1675 est
810 1621 988 1686 homo,
1018 1623 1111 1676 sed
1143 1619 1364 1688 Christi,
1394 1622 1483 1690 qui
1516 1621 1592 1675 sic
1624 1622 1761 1675 Deus
1782 1621 2037 1686 creditur,
2074 1631 2129 1675 ιιι

529 1722 584 1767 et
634 1712 793 1769 homo
814 1728 934 1769 esse
966 1713 1233 1769 credatur.
1268 1712 1326 1767 In
1362 1712 1704 1781 expositione
1736 1728 1947 1780 quoque
1978 1713 2127 1767 Isaiae

2230 510 2519 579 templum,
2595 509 2648 565 in
2723 518 2831 579 quo
2911 508 3049 563 Deus
3123 506 3400 571 Verbum,
3474 508 3631 577 quasi
3672 511 3836 579 prius

2226 604 2399 657 eidem
2424 602 2622 673 templo
2644 643 2657 667 ,
2688 602 3022 657 consuetudo
3048 599 3206 656 fuerit
3230 603 3352 655 vita:
3383 603 3637 668 carnalis,
3678 604 3836 673 quod

2228 696 2296 750 de
2348 696 2551 764 Spiritu
2595 704 2784 749 sancto
2824 703 3140 762 conceptum
3189 692 3331 746 aliud
3375 707 3535 761 quam
3565 694 3690 748 vitae
3715 697 3834 763 spi-

2229 788 2402 842 ritalis
2441 802 2561 842 esse
2610 802 2714 840 non
2762 788 2955 855 potuit.
3004 785 3284 853 Quomodo
3329 786 3491 855 igitur
3539 787 3836 841 assnelieri

2229 883 2425 936 dicitur
2453 880 2516 934 ad
2550 880 2842 949 spiritalem
2866 880 3055 943 vitam,
3082 894 3203 933 cum
3232 878 3297 932 ad
3329 892 3448 933 eam
3484 892 3592 933 non
3626 880 3835 944 studio,

2231 974 2323 1029 sed
2353 982 2536 1027 natura
2568 970 2729 1025 fuerit
2759 971 3102 1025 ordinatum?
3134 971 3219 1023 cui
3249 968 3378 1024 nihil
3402 984 3639 1036 unquam
3662 971 3837 1024 defuit

2231 1066 2296 1119 ad
2328 1064 2706 1135 perfectionem
2738 1062 3145 1133 largitatemquc
3176 1061 3388 1115 virtutis
3422 1079 3433 1112 :
3468 1064 3730 1130 quoniam
3770 1061 3838 1112 de

2232 1176 2296 1215 eo
2342 1162 2596 1229 scriptum
2642 1168 2724 1213 est
2756 1174 2771 1213 :
2809 1157 2932 1211 Non
2972 1158 3107 1211 enim
3136 1160 3203 1211 ad
3249 1172 3537 1211 mensuram
3567 1158 3658 1210 dat
3698 1157 3775 1209 De
3800 1176 3837 1207 ts

2232 1254 2468 1324 spiritum
2503 1252 2679 1321 (Joan.
2710 1267 2797 1319 ιιι,
2830 1250 2945 1321 54).
2982 1251 3045 1304 Et
3076 1252 3200 1305 item
3232 1268 3243 1303 :
3275 1250 3347 1304 De
3370 1250 3693 1321 plenitudine
3720 1253 3838 1319 ejus

2235 1364 2326 1402 nos
2354 1363 2527 1401 omnes
2556 1347 2864 1413 accepimus,
2915 1354 2963 1399 et
2988 1348 3208 1415 gratiam
3255 1362 3349 1412 pro
3370 1343 3540 1415 gratia
3573 1343 3761 1415 (Joan.
3799 1362 3835 1409 t,

2235 1439 2347 1509 16).
2379 1440 2664 1507 Exponens
2679 1438 2837 1491 etiam
2863 1438 3205 1507 Evangelium
3224 1438 3517 1491 secundum
3538 1436 3833 1502 Joannem,

2234 1533 2372 1588 libro
2398 1534 2570 1602 primo
2600 1534 2677 1587 sic
2704 1532 2814 1585 ait:
2844 1550 2862 1582 r
2895 1531 2973 1585 bii
3000 1540 3052 1585 et
3081 1530 3170 1585 Dei
3203 1530 3293 1584 lilii
3329 1544 3425 1600 per
3454 1530 3614 1584 fidem
3637 1538 3830 1584 osten-

2234 1626 2432 1681 dimor.
2492 1624 2814 1679 lnhabitavit
2858 1622 3002 1677 enim
3055 1624 3108 1677 in
3161 1622 3336 1686 nobis,
3393 1622 3483 1691 qui
3530 1622 3833 1676 secundum

2236 1730 2482 1775 naturam
2513 1718 2681 1772 Filius
2722 1726 2804 1771 est
2842 1725 2896 1771 et
2925 1716 3081 1769 Deus.
3127 1712 3417 1782 Propterea
3446 1722 3498 1767 et
3540 1714 3592 1767 in
3637 1713 3835 1782 spiritu

528 1806 805 1875 pr0phet:e
836 1807 971 1861 libro
1011 1816 1201 1875 quarto
1231 1807 1309 1860 sic
1344 1807 1416 1861 ait
1448 1824 1461 1859 :
1502 1825 1522 1858 ι
1573 1806 1711 1876 Ergo
1758 1817 2012 1874 quantum
2057 1807 2120 1860 ad
2144 1804 2204 1885 _B
2232 1812 2348 1881 ejus
2375 1811 2703 1864 clamamus:
2741 1808 2910 1877 Abba,
2960 1808 3134 1862 Pater.
3182 1804 3445 1861 lnbabitat
3475 1814 3659 1861 autem
3695 1804 3831 1860 Vero

536 1899 939 1955 incredulorum
991 1900 1360 1965 acerbitatem,
1393 1908 1448 1955 et
1477 1900 1655 1966 inepte
1684 1900 1786 1955 illis
1818 1900 2125 1954 meditatam

532 1992 1034 2056 contradictionem,
1082 1992 1313 2045 inaniter
1368 1990 1628 2044 laboravit
1672 1990 1937 2055 Salvator,
1988 1998 2044 2044 et
2074 1991 2125 2043 in

532 2098 729 2136 vanum
781 2092 835 2137 et
889 2083 939 2137 in
1015 2082 1238 2136 nihilum
1303 2082 1451 2137 dedit
1516 2082 1879 2138 fortitudinem
1951 2096 2125 2137 suam.

533 2175 644 2231 Nec
676 2177 817 2231 enim
863 2176 1139 2241 sustinuit,
1193 2176 1329 2229 sicut
1375 2174 1487 2228 dixi
1541 2189 1728 2239 nuper,
1782 2189 1963 2229 sacras
2010 2175 2127 2243 ejus

532 2266 943 2336 praedicationes
976 2266 1216 2320 stolidus
1248 2266 1430 2331 Israel,
1464 2280 1567 2319 non
1602 2266 1883 2319 honoravit
1909 2266 2025 2334 ejus
2056 2268 2131 2319 la-

533 2362 741 2418 borem.
784 2364 959 2419 Labor
1008 2363 1149 2418 enim
1180 2371 1295 2416 erat
1342 2361 1538 2427 Verbo,
1577 2370 1635 2415 ut
1659 2361 1809 2415 ﬁeret
1836 2362 2127 2416 secundum

535 2471 654 2523 nos,
716 2465 770 2511 et
820 2459 1103 2510 humanam
1160 2454 1453 2507 sustineret
1483 2454 1821 2522 parvitatem.
1855 2454 1962 2508 Sed
1985 2454 2125 2521 judi-

536 2549 677 2604 cium
714 2564 910 2613 meum,
962 2548 1154 2618 inquit,
1204 2547 1340 2616 apud
1378 2546 1683 2609 Dominum,
1715 2552 1769 2599 et
1797 2545 1949 2598 labor
1981 2561 2130 2600 meus

535 2656 717 2697 coram
768 2642 879 2697 Deo
907 2657 1048 2696 meo.
1098 2642 1326 2711 Agnovit
1356 2638 1522 2702 enim,
1560 2638 1753 2706 inquit,
1809 2638 1965 2691 Pater
1995 2652 2129 2707 quos

535 2737 840 2805 consumpsi
884 2736 1092 2790 labores
1150 2751 1245 2804 pro
1296 2748 1482 2788 eorum
1516 2731 1691 2787 salute
1723 2747 1736 2784 :
1769 2742 1985 2801 propter
2030 2734 2131 2787 hoc

534 2838 587 2882 et
625 2828 884 2897 judicium
935 2830 1001 2881 ah
1042 2844 1106 2883 eo
1136 2828 1396 2897 prolatum
1427 2835 1527 2879 est.
1570 2845 1588 2877 ι
1624 2827 1762 2882 Ecce
1794 2826 1957 2879 Deum
1995 2826 2129 2880 Ver-

538 2921 689 2989 bum,
740 2923 808 2978 tle
838 2938 943 2993 quo
998 2923 1311 2991 Gregorius,
1344 2921 1482 2975 sicut
1508 2935 1666 2988 supra
1692 2922 2127 2984 memoravimus,

536 3016 658 3071 dicit
718 3017 839 3086 quia
886 3017 1001 3071 sine
1040 3016 1223 3071 labore
1269 3029 1481 3069 omnem
1516 3014 1770 3068 mundum
1821 3014 2128 3078 constituit;

536 3106 773 3179 Cyrillus
819 3108 947 3163 dicit
995 3109 1247 3178 quoniam
1280 3107 1540 3161 laboravit
1574 3116 1628 3158 ut
1658 3107 1807 3161 fieret
1830 3106 2128 3159 secundum

2231 1906 2357 1961 bum
2391 1906 2529 1959 sicut
2559 1907 2610 1959 in
2641 1904 2912 1969 omnibus,
2964 1908 3021 1957 et
3048 1902 3100 1956 in
3132 1915 3258 1968 uno,
3308 1900 3448 1970 quod
3480 1909 3705 1969 propter
3731 1913 3835 1955 nos

2231 2006 2285 2051 et
2310 2013 2373 2050 ex
2398 1997 2551 2050 nobis
2577 2004 2883 2065 susceptum
2908 2003 2990 2049 est
3014 1992 3291 2063 templum,
3324 2000 3383 2046 ut
3410 2005 3600 2047 omnes
3624 1992 3832 2048 habens

2233 2091 2286 2144 in
2318 2090 2630 2158 semetipso,
2681 2088 2993 2143 reconciliet
3040 2094 3093 2143 et
3132 2100 3317 2141 omnes
3363 2086 3413 2139 in
3447 2100 3555 2139 uno
3599 2099 3831 2155 corpore

2232 2184 2370 2254 apud
2411 2184 2646 2239 Patrem.
2704 2201 2723 2234 ι
2762 2182 2815 2236 Si
2848 2196 2910 2235 et
2945 2181 3230 2235 verborum
3276 2181 3454 2246 sonis,
3507 2186 3565 2235 et
3604 2196 3713 2234 non
3757 2194 3828 2235 ex

2233 2276 2549 2345 intentione,
2575 2278 2826 2332 doctores
2848 2274 3443 2344 Ecclesizejudicentur.
3474 2273 3601 2343 quid
3629 2274 3700 2328 de
3724 2274 3831 2328 isto

2232 2372 2539 2441 putabimus
2570 2370 2659 2439 qtti
2701 2369 2880 2423 dixit:
2916 2367 3181 2422 inhabitat
3223 2378 3401 2421 autem
3450 2366 3685 2420 Verbum
3737 2368 3831 2422 Dei

2234 2462 2372 2517 sicut
2401 2463 2453 2517 itt
2484 2462 2751 2525 omnibus,
2787 2469 2841 2515 et
2870 2461 2923 2515 itt
2958 2477 3085 2528 uno,
3132 2460 3271 2530 quod
3306 2467 3521 2529 propter
3553 2474 3651 2513 nos
3682 2470 3733 2512 et
3762 2475 3829 2513 ex

2238 2555 2395 2609 nobis
2441 2562 2745 2621 susceptum
2777 2561 2861 2607 est
2893 2551 3197 2621 templum?
3243 2550 3379 2617 Quid
3411 2565 3538 2618 ergo
3568 2550 3830 2620 Cyrillum

2230 2646 2466 2701 Nestorii
2518 2645 2887 2698 damnatorem
2933 2644 3033 2697 hoc
3076 2643 3312 2696 sensisse
3350 2641 3657 2709 credimus,
3708 2641 3831 2710 quia

2238 2740 2379 2794 Deus
2426 2738 2662 2793 Verbum
2715 2738 2793 2792 sic
2841 2736 3105 2791 inhabitat
3156 2737 3207 2789 in
3260 2750 3367 2788 uno
3415 2732 3637 2803 templo,
3689 2734 3830 2803 quod

2236 2842 2455 2904 pr0pter
2484 2848 2583 2888 nos
2612 2843 2663 2886 et
2690 2847 2756 2887 ex
2790 2832 2943 2887 nobis
2974 2840 3279 2900 susceptum
3314 2838 3424 2895 est,
3478 2828 3831 2898 quemadmo—

2236 2926 2361 2980 dnm
2404 2924 2764 2985 communiter
2792 2925 2844 2979 in
2875 2923 3127 2979 omnibus
3171 2923 3392 2985 habitat,
3428 2930 3482 2976 et
3520 2938 3625 2976 non
3656 2923 3833 2991 potius

2235 3026 2293 3071 ut
2331 3032 2433 3072 una
2478 3025 2622 3072 esset
2663 3018 2827 3087 ipsius
2875 3013 3296 3070 habitantisDei
3344 3012 3501 3068 Verbi
3534 3015 3833 3082 templique

2237 3108 2499 3176 persona?
2550 3123 2670 3161 cum
2720 3105 3053 3171 Theodorus,
3110 3104 3198 3175 qni
3244 3103 3635 3159 condemnatur
3678 3104 3829 3174 quasi

538 3217 655 3267 nos,
686 3210 738 3255 et
762 3202 1046 3256 hun»anam
1079 3202 1368 3255 sustineret
1399 3203 1715 3269 parvitatem
1749 3217 1763 3253 :
1794 3201 1944 3270 quasi
1967 3216 2134 3268 angu-
2162 3184 2211 3257 (ἶ
2243 3200 2544 3255 Nestoriani
2568 3208 2756 3255 auctor
2786 3200 3007 3262 erroris,
3038 3198 3178 3252 sicut
3204 3198 3254 3251 in
3283 3196 3442 3251 tertio
3468 3198 3605 3251 libro
3627 3212 3834 3252 metuo-

539 3295 693 3350 stinm
732 3296 785 3349 in
819 3295 1051 3349 humano
1089 3310 1315 3365 corpore
1340 3303 1613 3364 pateretur
1642 3294 1987 3363 impassibilis
2017 3294 2133 3363 ejus

541 3383 813 3452 divinitas,
843 3402 1001 3455 quam
1028 3400 1125 3440 nec
1149 3388 1324 3439 anima
1353 3394 1531 3440 nostra
1568 3388 1765 3456 patitur
1794 3402 1857 3441 ex
1891 3387 2135 3455 corporis

541 3476 834 3544 parvitate;
868 3478 961 3531 sed
995 3479 1166 3545 potius
1197 3493 1262 3531 ex
1295 3478 1409 3546 lege
1454 3478 1677 3546 peccati,
1711 3493 1832 3547 qua:
1855 3478 1907 3530 io
1938 3478 2136 3532 nostris

543 3568 797 3624 membris
818 3578 901 3623 est
931 3569 1125 3624 tuentis
1154 3570 1256 3639 legi
1291 3584 1596 3639 repugnans
1626 3587 1637 3621 :
1671 3585 1793 3623 nam
1820 3568 2001 3623 futura
2028 3570 2135 3623 vita

544 3661 740 3716 nullam
775 3661 827 3716 in
860 3663 1252 3731 incorruptibili
1283 3678 1511 3732 corpore
1550 3664 1783 3733 patietur
1810 3664 2136 3732 angustiam.

543 3756 652 3812 Nec
676 3772 780 3810 non
807 3756 856 3810 in
880 3768 1181 3812 commento
1203 3758 1474 3829 Evangelii
1492 3757 1788 3814 secundum
1806 3758 2136 3825 Matthaeum,

543 3850 679 3906 libro
741 3851 978 3906 secundo
1030 3868 1045 3906 :
1100 3871 1118 3904 ι
1157 3853 1411 3920 Quando,
1447 3856 1639 3923 inqut,
1698 3854 1993 3923 baptizatus
2058 3862 2142 3910 est

544 3944 810 4008 Christus,
867 3955 993 4001 tunc
1024 3960 1052 3999 a
1085 3946 1273 4014 Spiritu
1306 3946 1425 4001 duci
1457 3946 1670 4009 dicitur,
1698 3945 1800 4001 hoc
1823 3954 1906 4001 est
1928 3947 2141 4001 habita-

550 4051 611 4093 re
658 4034 1044 4107 spirituallter,
1095 4038 1177 4093 vel
1210 4039 1367 4092 vitam
1412 4053 1570 4109 agere
1601 4038 1956 4105 spiritualem.
1992 4054 2011 4090 ι
2076 4037 2144 4093 Et

545 4138 666 4200 post
726 4145 929 4201 pauca:
980 4147 999 4182 ι
1056 4130 1434 4186 Assuelaciens
1488 4130 1553 4183 ad
1612 4131 1773 4184 vitam
1847 4128 2139 4198 spiritalem

549 4222 822 4292 proprium
857 4223 1136 4293 templum,
1171 4222 1223 4277 in
1256 4238 1361 4291 quo
1395 4222 1505 4291 jam
1541 4221 1680 4276 Deus
1716 4221 1967 4284 Verbum,
2002 4232 2055 4275 et
2086 4222 2141 4275 in

549 4316 832 4383 quemdam
862 4317 1235 4369 inconsuetum
1259 4324 1313 4370 et
1338 4316 1748 4384 incompositum
1772 4315 1897 4369 vitae
1923 4315 2137 4369 modum

550 4407 934 4461 transformans
964 4420 1029 4460 ea
1058 4422 1178 4475 qua:
1199 4415 1379 4461 nostra
1413 4415 1559 4470 sunt,
1592 4419 1644 4461 et
1676 4407 1726 4460 in
1753 4408 1989 4462 novitate
2020 4409 2143 4463 vitae

547 4515 665 4566 ψιω
690 4499 921 4553 nondum
947 4500 1116 4553 fuerat
1143 4501 1289 4570 prius
1311 4500 1506 4569 agnita,
1540 4502 1855 4566 reformans,
1881 4502 2143 4571 jejunium

2241 3292 2498 3357 ravimus,
2532 3291 2675 3345 dicat
2701 3308 2712 3344 :
2748 3308 2765 3341 ι
2806 3290 3109 3344 inhabitato
3133 3290 3349 3359 quidem
3372 3304 3402 3343 a
3428 3290 3536 3344 Deo
3562 3289 3741 3344 Verbo
3769 3290 3834 3343 ab

2241 3384 2355 3453 ipsa
2402 3384 2455 3438 in
2502 3393 2652 3437 utero
2698 3384 2885 3437 matris
2925 3382 3311 3452 plasmatione;
3364 3381 3660 3438 inbabitato
3708 3396 3833 3439 vero

2241 3493 2350 3534 non
2397 3478 2690 3534 secundum
2732 3492 3071 3532 communem
3124 3476 3609 3543 inhabitationem,
3661 3492 3833 3547 neque

2238 3574 2389 3643 juxta
2431 3587 2547 3627 eam
2591 3587 2710 3642 qua;
2753 3572 2804 3625 iu
2847 3571 3029 3625 multis
3076 3569 3395 3640 intelligitur
3435 3569 3691 3639 gratiam,
3742 3570 3833 3624 sed

2240 3665 2388 3734 juxta
2419 3663 2702 3733 quamdam
2736 3663 3127 3728 excellentem,
3160 3661 3456 3717 secundum
3487 3677 3647 3732 quam
3678 3662 3833 3717 etiam

2242 3758 2465 3814 adunari
2513 3757 2741 3812 dicimus
2794 3765 3048 3825 utrasque
3093 3768 3332 3824 naturas,
3384 3766 3437 3811 et
3482 3771 3643 3810 unam
3685 3755 3834 3827 juxta

2244 3850 2622 3905 adunationem
2654 3847 2898 3902 elfectam
2923 3860 3042 3901 esse
3067 3860 3375 3915 personam.
3412 3864 3432 3899 r
3466 3846 3687 3900 Discant
3709 3862 3835 3917 ergo

2248 3940 2565 4014 Eutychiani
2595 3955 2889 4010 eorumque
2915 3939 3175 4003 fautores.
3210 3940 3550 4008 antiquorum
3583 3939 3835 3995 Ecclesiae

2247 4038 2660 4107 praedicatorum
2706 4035 2903 4103 scripta
2936 4042 3029 4089 aut
3077 4033 3270 4088 melius
3321 4032 3700 4102 interpretari,
3752 4041 3834 4087 aut

2247 4130 2559 4184 melioribus
2590 4126 2986 4197 interpretanda
3032 4125 3358 4194 relinquere,
3420 4139 3485 4179 ne
3531 4123 3835 4191 Theodoro,

2246 4224 2334 4293 qui
2383 4224 2450 4278 ab
2496 4223 2574 4277 eis
2620 4221 2816 4276 dicitur
2862 4221 3032 4275 multo
3072 4219 3311 4274 deterior
3354 4217 3519 4274 fuisse
3572 4218 3835 4285 Nestorio,

2247 4313 2569 4369 deteriorem
2618 4312 2829 4365 beatum
2873 4311 3129 4381 Cyrillum
3172 4310 3355 4365 dicere
3394 4311 3834 4380 compellantur:

2246 4408 2335 4479 qui
2380 4423 2485 4462 non
2519 4416 2800 4475 propterea
2847 4406 3047 4461 dixisse
3075 4405 3377 4460 credendus
3408 4415 3486 4461 est
3513 4447 3527 4469 ,
3576 4406 3836 4462 inhabitat

2250 4513 2427 4558 autem
2462 4502 2694 4557 Verbum
2736 4500 2873 4555 sicut
2909 4501 2959 4555 in
3005 4502 3274 4569 omnibus,
3330 4508 3383 4557 et
3425 4501 3475 4556 in
3524 4517 3654 4567 uno,
3704 4503 3839 4570 quod

548 4589 657 4656 agit
706 4589 773 4643 ita
822 4590 1058 4658 longum.
1091 4609 1109 4641 ι
1146 4591 1390 4660 Nunquid
1431 4600 1715 4661 antequam
1778 4593 2139 4661 baptizaretur
2173 4571 2219 4631 D
2249 4605 2467 4665 promer
2514 4608 2611 4648 nos
2662 4602 2715 4647 et
2759 4608 2827 4649 ex
2883 4594 3038 4647 nobis
3078 4602 3385 4662 susceptum
3429 4603 3511 4647 cst
3559 4596 3838 4663 templum,

548 4679 814 4746 Christus,
865 4697 971 4736 non
1014 4683 1305 4751 spiritalem
1359 4683 1520 4737 vitam
1572 4684 1700 4753 egit,
1755 4696 1844 4738 aut
1871 4685 2137 4755 baptismo

549 4771 767 4826 Joannis
791 4772 1035 4841 intliguit,
1062 4783 1118 4828 ut
1166 4774 1258 4829 illo
1289 4786 1530 4831 sacratus
1564 4775 1932 4831 institueretur
1973 4780 2137 4833 etiam

550 4864 858 4937 spiritaliter
896 4868 1112 4931 vivere;
1164 4882 1283 4922 cum
1333 4885 1504 4940 neque
1554 4869 1631 4925 illi
1665 4871 1753 4941 qui
1788 4870 1853 4925 ab
1883 4874 2139 4943 apostolis

548 4956 955 5025 baptizabantur
996 4958 1046 5011 in
1097 4960 1309 5015 nomine
1361 4962 1527 5030 ipsius
1559 4964 1768 5018 Domini
1821 4964 2138 5020 nostriJesu

547 5047 1021 5120 Christi,eguerint
1049 5053 1271 5108 Joannis
1298 5054 1561 5124 baptismo
1588 5056 1827 5109 sacrari?
1857 5057 2137 5121 Quomodo

548 5155 675 5209 ergo
705 5141 921 5210 dicitur,
956 5143 1077 5223 quia
1100 5159 1219 5197 cum
1243 5145 1536 5213 baptizatus
1559 5155 1703 5201 esset
1733 5147 2000 5214 Christus,
2026 5147 2137 5217 spi-

546 5233 773 5291 ritaliter
817 5237 975 5301 vixit,
1005 5249 1059 5291 et
1081 5239 1222 5306 quod
1253 5239 1507 5309 scriptum
1535 5248 1615 5294 est
1644 5256 1659 5298 ;
1692 5239 1836 5295 Tunc
1858 5241 2007 5295 Jesus
2033 5242 2135 5295 du-

546 5339 658 5384 ctus
681 5340 752 5383 est
770 5348 802 5385 a
825 5332 1008 5400 spiritu
1031 5340 1084 5385 ut
1115 5340 1394 5387 tentaretur
1419 5351 1449 5387 α
1475 5334 1678 5387 diabolo
1707 5333 1918 5405 (Matth.
1952 5350 2025 5401 tv,
2058 5336 2135 5403 l),

551 5422 653 5493 hoc
707 5423 1061 5494 significatum
1117 5441 1239 5483 esse
1288 5428 1522 5484 creditur
1553 5437 1607 5481 ut
1636 5427 1901 5483 habitaret
1928 5429 2137 5501 spirita-

549 5515 672 5572 liter
717 5530 772 5573 et
809 5521 974 5576 vitam
1016 5531 1198 5591 ageret
1241 5523 1582 5593 spiritalem?
1632 5521 1871 5590 itemque
1899 5523 2133 5579 dicitur:

627 5795 645 5827 ⁸
671 5792 804 5849 Cod.
835 5790 1058 5856 Veron.,
1085 5790 1325 5847 Salvator
1347 5782 1596 5859 Christus,
1628 5789 1719 5845 sed

623 5868 643 5899 ³
684 5866 828 5923 idem
856 5864 1004 5934 cod.,
1033 5863 1143 5933 eius
1172 5861 1344 5915 etiam.

2245 4686 2395 4754 quasi
2428 4699 2529 4739 una
2572 4699 2797 4754 persona
2846 4684 2940 4739 Dei
2974 4683 3143 4738 Verbi
3176 4684 3465 4755 templique
3509 4700 3616 4737 non
3648 4682 3837 4749 fuerit;

2244 4776 2339 4829 std
2386 4776 2563 4844 potius
2612 4775 2733 4845 quia
2778 4775 3027 4829 divinitas
3072 4776 3190 4843 ejus
3221 4776 3242 4808 ⁸
3275 4775 3326 4829 itt
3375 4774 3596 4844 proprio
3645 4780 3839 4841 templo

2246 4869 2671 4925 inconvertibilis
2702 4869 2917 4924 mansit.
2966 4868 3206 4941 Namque
3238 4868 3288 4924 in
3320 4870 3424 4923 isto
3453 4870 3757 4925 incarnatio
3783 4873 3839 4918 εἱς.

2247 4961 2503 5033 mysterio
2524 4962 2629 5017 duo
2653 4961 2893 5029 quzedaot
2915 4960 3259 5028 intelligenda
3281 4960 3654 5016 etcnnlitenda
3681 4973 3801 5015 sunt
3826 4979 3835 5014 :

2246 5054 2453 5110 scilicet
2479 5063 2532 5109 et
2575 5068 2734 5107 unum
2764 5066 2886 5108 esse
2928 5067 3208 5122 personam
3257 5054 3352 5108 Dei
3381 5052 3743 5123 hominisque,
3792 5068 3839 5107 (‘1

2247 5146 2378 5202 duas
2410 5145 2713 5201 inconfusus
2742 5147 3007 5221 mansisse
3037 5157 3276 5205 naturas.
3319 5146 3589 5216 Quantum
3624 5148 3690 5203 ad
3720 5149 3833 5202 uui-

2248 5250 2408 5296 tatem
2448 5256 2693 5309 personat
2731 5243 2942 5307 attinet,
2990 5242 3129 5297 Deus
3178 5243 3411 5297 Verbum
3458 5259 3567 5297 non
3598 5244 3736 5298 sicut
3788 5241 3837 5292 in

2246 5334 2512 5402 omnibus,
2564 5336 2635 5388 ita
2679 5336 2729 5390 ln
2764 5350 2892 5402 uno,
2946 5332 3087 5404 quod
3122 5344 3339 5405 prepter
3382 5350 3480 5391 nos
3510 5344 3565 5391 et
3591 5350 3655 5390 ex
3692 5336 3837 5391 nobis

2247 5438 2554 5499 susceptum
2600 5438 2682 5483 est
2732 5429 2988 5497 templum
3022 5426 3044 5457 ⁸
3080 5444 3091 5480 :
3127 5437 3324 5501 quanto
3366 5443 3495 5482 vero
3521 5428 3588 5497 ad
3622 5424 3673 5499 id
3703 5429 3837 5497 quod

2244 5522 2364 5577 duae
2392 5531 2597 5577 naturae
2626 5522 2744 5577 sine
2772 5520 3092 5577 confusione
3130 5530 3481 5588 manserunt,
3530 5519 3672 5575 Deus
3708 5519 3832 5572 Ver-

2325 5789 2346 5821 ⁸
2387 5785 2530 5844 Idem
2565 5788 2709 5855 cod.,
2761 5792 3000 5861 templum
3030 5790 3299 5847 inhabitat.
