4104 6360
327 310 425 373 ⁸91

1184 298 1320 368 PRO
1358 303 1782 368 DEFENSIONE
1819 298 2035 379 TRIUM
2074 299 2386 369 CAPITUL.
2428 298 2557 356 LIB.
2594 297 2683 357 XI.

3496 303 3604 367 829

329 432 454 505 bum
467 430 606 501 sicut
626 427 679 491 in
702 426 966 503 omnibus,
984 430 1103 495 etin
1117 426 1244 497 uno,
1261 429 1402 502 quod
1417 436 1633 501 propter
1649 439 1749 483 nos
1763 433 1817 483 et
1841 438 1911 495 ex
1937 420 1989 497 Α
2008 422 2353 494 judicemini;
2394 424 2448 479 in
2475 440 2575 497 quo
2606 430 2775 480 autem
2794 418 3176 499 judicaveritis,
3200 425 3602 497 judicabimini;

331 528 484 583 nobis
507 536 813 595 susceptum
837 533 920 581 est
953 526 1208 599 templum
1233 524 1522 603 inhabitat;
1552 523 1674 594 quia
1694 524 1831 577 sicut
1855 521 1909 581 in

330 620 580 691 omnibus
596 620 840 677 habitans
860 618 1282 677 inconvertibilis
1304 618 1420 689 ejus
1442 617 1693 675 divinitas
1707 623 1909 683 manet,

330 715 403 785 ita
421 716 542 771 etin
567 729 696 781 uno,
718 710 860 782 quod
901 723 1117 782 propter
1131 720 1297 768 noset
1324 727 1388 767 ex
1419 712 1573 767 nobis
1602 717 1909 780 susceptum

330 817 414 877 est
442 806 731 877 templum,
772 804 1194 863 inconvertibilis
1237 805 1355 874 ejus
1393 804 1646 862 divinitas
1691 800 1909 859 mansit.

333 900 445 959 liae
478 900 636 970 igitur
674 899 968 954 intentione
1001 896 1203 969 dictum
1236 898 1535 963 credamus,
1581 905 1641 967 ut
1677 910 1775 951 nec
1816 898 1913 948 im-

332 992 619 1065 probemus
635 990 921 1057 dicentem,
948 1006 1048 1047 nec
1063 993 1420 1061 approbemus
1440 1003 1699 1046 errorem.
1724 988 1915 1042 Posse-

333 1102 453 1143 mus
480 1098 532 1143 et
559 1088 783 1144 aliorum
816 1103 882 1144 ex
917 1088 996 1143 his
1024 1101 1144 1158 quae
1172 1094 1461 1143 memorata
1495 1092 1623 1139 sunt
1654 1082 1913 1139 dictorum

332 1179 452 1250 ejus
494 1196 599 1236 nou
629 1180 1074 1239 contemnendam
1107 1180 1335 1235 reddere
1364 1180 1624 1235 rationem
1646 1218 1661 1243 ,
1707 1186 1760 1231 et
1802 1176 1917 1229 sine

331 1274 496 1329 dubio
521 1275 786 1331 d-z;ctiores
823 1275 1052 1344 plurium
1086 1282 1325 1343 possent.
1375 1272 1455 1327 Ob
1487 1272 1586 1327 hoc
1624 1270 1783 1340 igitur
1811 1283 1917 1322 non

333 1376 415 1420 est
455 1373 656 1421 temere
695 1366 761 1421 de
800 1366 1021 1421 mortuis
1052 1364 1422 1435 judicandum.
1476 1362 1616 1417 Dicit
1650 1368 1828 1414 autem
1865 1365 1919 1413 et

335 1458 439 1513 hoc
480 1475 543 1512 ex
590 1474 813 1524 persona
863 1458 1069 1513 Domini
1102 1457 1297 1514 eodem
1329 1470 1493 1524 Opere
1538 1454 1675 1509 libro
1704 1460 1919 1521 quarto,

336 1548 513 1615 Pater,
543 1551 587 1604 si
612 1551 849 1618 possibile
875 1559 949 1606 est
971 1568 989 1605 :
1022 1570 1041 1602 r
1072 1550 1185 1607 Non
1218 1564 1436 1618 possum
1465 1557 1639 1602 morte
1670 1545 1919 1600 obtinere

334 1642 496 1705 vitam
523 1641 603 1695 his
629 1643 717 1712 qui
748 1642 797 1696 in
825 1657 944 1697 eam
973 1642 1300 1707 ceciderant,
1333 1641 1378 1696 si
1409 1640 1634 1694 moritur
1657 1651 1802 1691 mors
1834 1649 1919 1689 me

335 1736 619 1799 moriente.
664 1735 878 1791 Certum
906 1744 991 1791 est
1019 1742 1195 1789 autem
1227 1734 1349 1804 quia
1382 1732 1674 1788 secundum
1702 1742 1919 1783 carnem

2015 516 2070 573 in
2098 533 2201 589 qua
2225 532 2463 572 mensura
2501 520 2664 574 mensi
2694 521 2915 591 fueritis,
2953 518 3188 577 metiatur
3214 521 3348 576 vobis
3385 523 3601 594 (Manli.

2015 626 2087 675 vn
2108 652 2124 678 ,
2158 610 2178 663 i
2204 652 2221 678 ,
2252 610 2327 674 Ξ).
2363 611 2417 668 Si
2450 628 2578 683 ergo
2610 614 2690 669 vel
2720 615 2820 683 ipsi
2851 616 3008 672 beato
3036 616 3238 690 Cyrillo
3267 628 3515 690 parcunt,
3553 621 3604 676 si

2014 716 2138 757 eum
2167 702 2356 759 volunt
2386 704 2437 757 in
2472 703 2663 759 talibus
2694 707 2971 777 excusari,
3023 725 3128 767 non
3161 713 3386 771 ulterius
3413 722 3603 773 contra

2016 795 2461 853 Chalcedonense
2490 798 2775 854 concilium
2808 800 3015 869 dicant,
3065 807 3206 874 quod
3241 823 3345 863 non
3378 825 3606 878 parcens

2019 892 2243 945 mortuis
2273 892 2608 946 accusaverit
2638 892 2860 964 insignis
2893 897 3183 959 testimonii
3222 900 3367 957 viros
3409 915 3465 963 et
3492 906 3606 975 plc-

2019 1000 2117 1039 nos
2142 985 2349 1041 dierum
2386 984 2439 1040 in
2465 986 2700 1040 maxima
2730 987 2989 1045 Ecclesiae
3017 990 3278 1062 dignitate
3298 992 3604 1057 defunctos.

2020 1078 2311 1135 Attendere
2359 1093 2489 1135 sane
2539 1080 2737 1137 debent
2778 1084 2833 1138 in
2880 1085 2980 1138 hac
3016 1091 3306 1157 sententia,
3353 1091 3445 1161 qui
3484 1108 3606 1149 cum

2020 1168 2149 1224 dicit
2178 1171 2469 1226 humanam
2502 1182 2742 1227 naturam
2775 1165 2868 1242 per
2894 1176 3100 1231 unitum
3130 1177 3197 1239 ad
3218 1194 3335 1235 eam
3364 1180 3602 1239 Verbum

2021 1263 2325 1331 sublevari,
2379 1273 2436 1346 ut
2483 1280 2589 1321 non
2622 1265 2854 1336 prapriis
2881 1267 3245 1327 voluntatibus
3287 1273 3429 1341 quod
3462 1274 3610 1328 vidc-

2021 1356 2176 1411 batur
2202 1354 2424 1423 faceret,
2459 1357 2554 1412 sed
2583 1358 2934 1413 intentionem
2958 1360 3191 1417 divinam
3221 1364 3397 1431 potius
3420 1378 3611 1433 seque-

2022 1460 2188 1517 retur,
2219 1450 2353 1506 duas
2371 1450 2899 1520 duceatvoluntates,
2927 1454 2973 1511 si
2999 1463 3177 1513 tamen
3214 1456 3349 1512 duas
3378 1465 3609 1523 tantum.

2023 1558 2142 1599 cum
2174 1545 2340 1599 solius
2370 1545 2617 1602 humana
2646 1556 2848 1602 uatum
2906 1563 3012 1602 non
3035 1550 3326 1618 propriam,
3359 1553 3451 1605 sed
3487 1568 3611 1621 pro-

2025 1640 2167 1709 prias
2209 1652 2330 1697 esse
2372 1638 2566 1695 dixerit
2609 1640 2928 1703 voluntates,
2961 1657 3116 1712 quas,
3162 1653 3218 1697 ut
3261 1644 3373 1712 ipse
3405 1644 3613 1699 locutus

2025 1740 2132 1797 est,
2165 1730 2458 1791 docebatur
2486 1730 2731 1791 Christus
2762 1747 2865 1788 non
2895 1730 3095 1799 facere,
3144 1744 3200 1789 et
3227 1736 3385 1790 aliam
3415 1736 3613 1793 divinae

335 1828 494 1891 dicit,
526 1827 785 1884 Transeat
816 1828 975 1885 calix.
1014 1828 1392 1882 Verumtamen
1424 1825 1545 1895 quia
1582 1839 1684 1879 non
1719 1830 1914 1892 potest,
1949 1814 1995 1893 Β
2023 1822 2354 1886 intentionis.
2391 1838 2550 1892 quam
2582 1824 2729 1892 sequi
2758 1824 3071 1880 ducebatur.
3117 1826 3252 1892 Quid
3282 1838 3457 1884 autem
3498 1845 3616 1884 ηπ..

333 1918 540 1989 inquit,
576 1918 732 1976 aliter
758 1920 871 1975 ﬁeri
892 1960 907 1984 ,
939 1935 1044 1975 non
1074 1921 1212 1974 sicut
1238 1934 1338 1987 ego
1362 1920 1506 1983 volo,
1540 1918 1635 1977 sed
1668 1917 1808 1972 sicut
1834 1924 1913 1970 tu.

335 2012 564 2083 ﬂespire
604 2014 872 2084 quomodo
911 2014 1166 2073 deﬁciens
1207 2014 1420 2082 quidem
1459 2028 1643 2069 rursus
1687 2011 1920 2067 hominis

334 2118 548 2174 natura,
596 2118 850 2178 quantum
880 2109 946 2164 ad
977 2124 1094 2163 eam
1128 2108 1350 2172 attinet,
1403 2108 1712 2163 sublevatur
1741 2114 1919 2161 autem

334 2217 432 2272 per
461 2203 666 2258 unitum
697 2203 762 2259 ad
790 2218 906 2257 eam
939 2202 1172 2259 Verbum
1201 2202 1266 2259 ad
1295 2202 1526 2257 divinam
1555 2200 1832 2255 audaciam
1863 2205 1918 2252 et

337 2293 402 2351 ad
444 2295 756 2367 sapientiam
804 2294 1092 2364 iuvenilem
1126 2293 1404 2357 edocetur,
1456 2302 1513 2347 ut
1545 2307 1649 2347 non
1683 2290 1921 2360 propriis

337 2385 704 2441 voluntatibus
729 2386 867 2456 quod
889 2386 1165 2443 videbatur
1194 2386 1414 2449 faceret,
1447 2384 1540 2443 sed
1571 2382 1923 2438 intentionem

339 2480 572 2537 divinam
604 2482 781 2551 potius
811 2489 1146 2551 sequeretur.
1202 2494 1220 2533 ι
1256 2479 1546 2546 Propterea
1578 2476 1923 2535 Theodorum

342 2574 495 2643 peius
522 2574 851 2631 dtcmouibus
883 2573 1283 2643 blasphemasse
1313 2572 1588 2637 dixerunt,
1637 2569 1762 2639 quia
1792 2568 1925 2623 dixit

338 2666 483 2734 quod
526 2665 780 2721 Dominus
826 2665 1064 2720 timuerit
1093 2664 1419 2734 passionem.
1469 2659 1622 2729 Quod
1652 2659 1696 2715 si
1728 2658 1924 2729 recipi-

340 2772 486 2821 mus,
515 2756 775 2829 Cyrillum
805 2772 1019 2827 quoque
1049 2769 1302 2826 cogemur
1332 2754 1512 2810 dicere
1543 2752 1692 2821 pejus
1721 2751 1926 2807 daemo-

342 2851 502 2911 nibus
524 2851 951 2921 hlasphemasse,
978 2851 1068 2919 qui
1098 2863 1193 2903 nos
1224 2848 1469 2903 admonet
1494 2854 1554 2901 ut
1579 2844 1927 2913 respiciamus

343 2944 612 3017 quomodo
672 2944 929 3000 deﬁciens
986 2941 1220 2997 hominis
1277 2948 1488 3007 natura,
1547 2946 1807 3008 quantum
1858 2935 1929 2992 ad

343 3054 465 3096 eam
497 3039 724 3106 attinet,
772 3037 1082 3093 sublevatur
1135 3048 1230 3106 per
1277 3035 1482 3089 unitum
1531 3032 1597 3088 ad
1628 3047 1747 3088 eam
1792 3031 1928 3087 Ver-

345 3132 472 3187 bum
509 3130 576 3186 ad
604 3130 840 3185 divinam
893 3128 1195 3183 audaciam.
1252 3126 1364 3182 Hoc
1409 3135 1593 3181 autem
1645 3124 1789 3195 quod
1825 3123 1925 3180 ad-

2024 1932 2118 1975 sus
2147 1919 2200 1972 in
2239 1917 2429 1973 eodem
2461 1930 2624 1984 opere
2651 1926 2812 1987 atque
2855 1917 2909 1972 in
2940 1918 3127 1973 eodem
3181 1920 3314 1975 libro
3358 1921 3500 1976 dicat
3543 1922 3617 1977 do

2024 2010 2228 2067 duabus
2256 2009 2455 2069 Christi
2482 2008 2869 2076 voluntatibus,
2902 2008 2972 2064 de
2998 2009 3189 2079 quibus
3210 2012 3369 2066 etiam
3400 2012 3611 2067 beatum

2026 2105 2380 2162 Athanasium
2425 2110 2658 2159 tractare
2705 2102 2862 2157 tertio
2904 2111 3087 2157 nostro
3132 2103 3270 2159 libro
3314 2104 3616 2170 docuimus,

2026 2197 2195 2254 lector
2223 2197 2487 2253 advertat.
2527 2213 2545 2248 ι
2581 2194 2718 2263 Quid
2748 2203 2896 2261 erat,
2931 2194 3134 2265 inquit,
3170 2197 3525 2253 voluntarium
3566 2208 3621 2257 et

2029 2305 2134 2348 non
2192 2288 2548 2345 voluntarium
2605 2287 2864 2345 Christo?
2911 2302 2940 2342 a
2989 2288 3190 2345 Judais
3244 2290 3618 2367 exhonoratio,

2028 2385 2406 2449 detractiones,
2460 2382 2689 2454 injurias,
2737 2382 2905 2454 plagae
2951 2386 2992 2449 ’,
3044 2398 3205 2453 super
3248 2385 3361 2441 haec
3407 2402 3621 2458 quoque

2028 2476 2332 2543 calumniae,
2383 2486 2436 2530 et
2477 2475 2619 2545 quod
2650 2484 2733 2529 est
2771 2475 2825 2529 in
2856 2476 3104 2531 omnibus
3135 2476 3381 2531 ultimum
3407 2520 3421 2545 ,
3477 2492 3619 2535 mors

2028 2572 2290 2641 corporis.
2321 2569 2428 2625 Sed
2458 2570 2501 2624 si
2533 2569 2717 2624 fuisset
2747 2569 2999 2639 possibile
3032 2580 3086 2624 ut
3120 2585 3226 2625 non
3259 2585 3447 2640 passus
3474 2573 3616 2629 obti-

2030 2674 2182 2721 neret
2224 2666 2275 2718 in
2318 2663 2471 2719 nobis
2515 2661 2657 2733 quod
2703 2663 2991 2727 studebat,
3042 2677 3148 2717 non
3188 2663 3445 2720 voluisset
3486 2666 3616 2736 pati.

2029 2758 2293 2827 Quoniam
2313 2764 2489 2811 autem
2510 2754 2731 2810 omnino
2750 2764 2799 2809 et
2823 2754 3255 2810 inexcusabiliter
3279 2755 3439 2809 futuri
3466 2767 3623 2812 erant

2030 2850 2200 2907 Judaei
2233 2863 2560 2921 praesumere
2585 2863 2703 2918 quas
2735 2847 2787 2902 in
2822 2862 2888 2903 eo
2919 2847 3055 2901 facta
3096 2858 3249 2915 sunt,
3302 2847 3536 2918 suscepit
3562 2860 3622 2903 ut

2032 2950 2328 3013 pateretur,
2349 2949 2404 2995 et
2426 2939 2551 2995 fecit
2571 2940 2926 2994 voluntarium
2946 2980 2959 3007 ,
2992 2938 3132 3009 quod
3157 2954 3261 2994 non
3287 2946 3403 2994 erat
3429 2939 3623 2995 volun-

2031 3036 2225 3090 tarium
2248 3074 2265 3101 ,
2305 3041 2527 3104 propter
2554 3031 2836 3087 utilitatem
2863 3046 2931 3087 ex
2962 3032 3233 3101 passione.
3271 3048 3291 3085 ι
3325 3032 3624 3088 Attendant

2033 3140 2160 3197 ergo
2185 3123 2633 3196 quemadmodum
2662 3123 2849 3178 beatus
2875 3122 3128 3193 Cyrillus,
3161 3122 3263 3179 etsi
3293 3138 3399 3178 non
3426 3122 3617 3178 iisdem

345 3226 504 3297 iecit,
545 3236 596 3282 et
628 3227 692 3281 ad
720 3226 1036 3295 sapientiam
1078 3223 1368 3294 juvenilem
1411 3222 1685 3287 edocetur,
1729 3228 1787 3275 ut
1821 3236 1928 3276 non
1954 3204 2002 3269 ο
2034 3222 2214 3280 verbis
2236 3219 2430 3291 quibus
2452 3226 2667 3273 sanctus
2687 3216 3031 3283 Athanasius,
3064 3216 3196 3273 duas
3219 3227 3394 3275 tamen
3425 3220 3618 3275 volun-

348 3321 579 3391 propriis
607 3318 970 3375 voluntatibus
1008 3318 1150 3389 quod
1195 3317 1475 3373 videbatur
1512 3317 1748 3381 faceret,
1794 3314 1927 3369 doc-

348 3415 514 3470 tiores
541 3426 661 3469 eum
698 3413 1015 3483 quibusdam
1045 3424 1163 3479 quae
1202 3412 1450 3482 superius
1480 3419 1776 3467 memorata
1807 3417 1933 3466 sunt

348 3507 790 3577 interpretentur,
823 3507 866 3562 si
900 3516 1076 3561 tamen
1110 3505 1426 3579 Eutychiani
1459 3520 1755 3574 eorumque
1787 3518 1935 3561 com-

350 3598 514 3670 pllces
561 3600 726 3655 velint
774 3599 1078 3655 admittere.
1130 3599 1261 3654 Nam
1292 3613 1411 3655 cum
1456 3600 1798 3668 Athanasius,
1845 3600 1935 3671 qui

350 3692 652 3749 decessoris
682 3692 762 3746 sul
796 3691 1036 3764 Dionysii
1077 3692 1277 3763 scripta
1312 3694 1574 3763 purgavit,
1620 3693 1821 3765 aliquid
1853 3695 1938 3749 in-

354 3785 571 3840 venitur
596 3784 700 3838 tale
728 3783 928 3840 dixisse
949 3784 1089 3852 quod
1117 3784 1381 3855 legentem
1414 3794 1596 3856 posset
1624 3787 1933 3853 offendere;

353 3878 436 3931 vel
480 3889 600 3932 cum
651 3876 897 3941 Basilius,
947 3877 1034 3947 qui
1085 3878 1259 3948 magni
1310 3880 1557 3951 Gregorii
1600 3880 1773 3945 dicta;
1823 3879 1939 3936 sive

357 3967 605 4033 Hilarius,
655 3968 745 4039 qui
791 3967 1008 4023 concilii
1052 3977 1237 4023 contra
1269 3969 1491 4023 Paulum
1522 3970 1938 4026 Samosatenum

357 4062 695 4133 congregati,
728 4070 888 4134 atque
917 4061 1229 4119 Sirmiensis
1250 4065 1535 4118 coitstituta
1561 4062 1831 4131 defendit;
1864 4064 1943 4121 fas

358 4142 463 4211 non
493 4166 577 4211 est
605 4157 828 4211 omnino
874 4157 941 4212 de
967 4163 1127 4211 tanta:
1159 4157 1370 4227 pietatis
1399 4157 1526 4213 viris
1553 4157 1693 4213 male
1722 4158 1941 4227 sentire,

360 4250 448 4320 qui
470 4263 533 4305 ex
567 4250 870 4319 semetipsis
902 4248 1037 4304 alios
1060 4252 1410 4316 aestimantes,
1442 4262 1701 4306 excusare
1730 4250 1947 4306 studue-

360 4352 484 4398 runt
531 4342 673 4399 dicta
724 4342 986 4414 majorum
1008 4385 1022 4410 ,
1073 4353 1126 4399 et
1154 4344 1381 4415 qualiter
1415 4354 1444 4399 a
1476 4359 1534 4400 se
1565 4343 1669 4400 dici
1704 4355 1942 4416 possent,

362 4436 539 4491 taliter
581 4437 648 4491 ab
680 4436 783 4491 illis
814 4435 1019 4506 prolata
1050 4443 1106 4491 et
1132 4436 1198 4491 ab
1229 4436 1467 4493 Ecclesia
1498 4448 1744 4508 suscepta
1774 4439 1951 4495 credi-

363 4526 587 4598 derunt,
621 4538 679 4583 ut
703 4529 754 4584 in
787 4544 847 4583 ea
881 4537 1262 4599 permanerent
1290 4529 1552 4600 episcopi.
1604 4530 1708 4586 Sed
1742 4539 1797 4587 et
1826 4532 1949 4601 qui-

2035 3323 2172 3372 tates
2201 3314 2393 3370 doceat
2420 3312 2475 3367 in
2504 3310 2720 3368 Christo
2745 3308 2931 3377 fuisse,
2974 3324 3097 3365 cum
3127 3310 3255 3366 dicit
3286 3320 3339 3367 et
3370 3312 3619 3369 volunta-

2036 3410 2175 3466 rium
2218 3417 2272 3465 et
2314 3423 2421 3464 non
2460 3406 2816 3462 voluntarium
2867 3405 3031 3460 fuisse
3067 3405 3087 3438 ³
3115 3406 3255 3476 quod
3284 3420 3471 3476 passus
3508 3416 3617 3477 est,

2037 3508 2093 3556 et
2103 3500 2221 3569 quia
2235 3512 2353 3569 qua
2369 3505 2590 3567 propter
2606 3511 2706 3551 nos
2726 3497 2909 3551 volens
2928 3508 3114 3566 passus
3137 3504 3220 3551 est
3241 3511 3345 3552 non
3366 3497 3627 3554 voluisset

2041 3594 2181 3667 pati,
2204 3602 2260 3650 et
2287 3592 2410 3663 quia
2440 3590 2568 3646 fecit
2591 3588 2946 3645 voluntarium
2980 3588 3122 3658 quod
3155 3603 3261 3644 non
3293 3597 3410 3644 erat
3438 3588 3628 3644 volun-

2041 3693 2231 3747 tarium
2259 3706 2274 3746 :
2299 3704 2398 3748 nec
2423 3688 2446 3721 "
2471 3703 2565 3758 per
2589 3688 2689 3744 hoc
2718 3687 2854 3743 duos
2879 3685 3122 3743 Christus
3150 3695 3241 3742 aut
3267 3686 3404 3743 ﬁlios
3432 3689 3631 3758 praedi-

2042 3798 2195 3842 casse
2232 3784 2503 3840 credatur.
2553 3782 2706 3848 Quod
2747 3782 2793 3837 si
2831 3782 3026 3836 dicitur
3067 3781 3205 3837 istud
3248 3782 3630 3850 voluntarium,

2047 3877 2162 3933 haec
2200 3877 2412 3947 quidem
2456 3885 2671 3944 propter
2702 3889 2799 3928 nos
2826 3874 3013 3929 volens
3044 3866 3229 3943 passus
3257 3881 3339 3928 est
3366 3873 3634 3941 Christus,

2045 3975 2230 4025 etnon
2263 3968 2618 4024 voluntarium
2651 3966 2887 4033 Christo,
2938 3966 3022 4021 vel
3055 3967 3196 4036 quod
3224 3967 3415 4024 volens
3446 3980 3637 4037 passus

2046 4070 2126 4117 est
2159 4060 2300 4129 quod
2331 4075 2436 4115 non
2463 4059 2717 4114 voluisset
2747 4059 2888 4129 pati,
2932 4074 3037 4113 non
3063 4056 3194 4114 duas
3217 4060 3415 4115 divinae
3448 4060 3638 4114 huma-

2049 4170 2240 4226 naeque
2288 4162 2493 4210 natura:
2538 4152 2838 4208 voluntates
2887 4150 3198 4220 ostendere,
3252 4151 3345 4208 sed
3392 4136 3640 4208 humanm

2051 4254 2289 4319 tantum,
2333 4257 2553 4322 propter
2592 4247 2737 4305 aliud
2782 4254 2835 4304 et
2872 4245 3037 4313 aliud,
3086 4246 3245 4302 aliam
3283 4252 3443 4317 atque
3483 4246 3641 4302 aliam

2052 4342 2408 4406 voluntatem;
2463 4339 2603 4410 quod
2648 4338 2702 4393 in
2741 4344 2928 4393 natura
2959 4336 3137 4393 divina
3171 4333 3197 4370 ⁸
3226 4350 3333 4392 non
3374 4339 3645 4406 congruit,

2053 4444 2112 4490 ut
2156 4432 2401 4490 eamdem
2452 4444 2565 4487 rem
2614 4428 2743 4485 velit
2792 4428 2950 4485 simul
2992 4436 3048 4485 et
3091 4428 3225 4485 nolit
3254 4447 3265 4483 :
3294 4435 3542 4499 superest
3591 4439 3647 4485 ut

2054 4514 2290 4601 exceptis
2319 4526 2403 4584 his
2431 4522 2816 4590 voluntatibus,
2866 4520 2967 4578 alia
3000 4520 3162 4579 fuerit
3191 4521 3245 4578 in
3297 4516 3515 4579 Christo
3558 4538 3649 4579 ea-

365 4635 572 4691 cunque
595 4622 681 4697 alii
707 4622 1044 4697 venerabiles
1069 4622 1279 4690 Patres,
1308 4638 1443 4694 quos
1470 4622 1610 4703 dicta
1643 4623 1951 4693 praeceden-
1979 4602 2030 4663 Ῑ)
2056 4624 2285 4693 demque
2334 4622 2387 4677 in
2439 4620 2599 4676 Patre
2629 4628 2682 4673 et
2708 4618 2911 4687 Spiritu
2955 4623 3165 4682 sancto,
3217 4623 3422 4699 natura
3454 4616 3651 4674 divinas

366 4716 495 4766 tium
537 4729 643 4768 non
677 4713 902 4784 legimus
934 4730 1241 4781 excusasse,
1297 4715 1495 4787 aliquid
1538 4715 1644 4783 tale
1670 4710 1948 4787 dixerunt,

368 4804 653 4858 denotandi
699 4806 881 4873 procul
926 4806 1088 4861 dubio
1129 4823 1235 4861 non
1280 4815 1437 4873 sunt,
1489 4808 1701 4878 quando
1747 4817 1801 4864 et
1850 4808 1954 4878 ipsi

372 4893 609 4961 ejusdem
642 4895 853 4962 pietatis
876 4896 1040 4951 fuisse
1062 4898 1372 4953 credantur.
1403 4898 1539 4955 Cum
1559 4915 1687 4956 vero
1706 4900 1773 4957 de
1796 4902 1955 4957 beato

375 4986 575 5056 Cyrillo
603 4987 653 5038 in
679 4988 1093 5043 destructionem
1112 4989 1299 5060 synodi
1323 4990 1771 5065 Chalcedonensis
1790 4992 1957 5065 Euty‘

372 5077 550 5131 chiani
591 5092 711 5142 cum
756 5079 868 5132 suis
919 5079 1240 5135 satellitibus
1280 5080 1492 5149 dicunt,
1539 5062 1628 5150 qui
1672 5096 1774 5141 non
1822 5062 1957 5143 forte

372 5171 762 5248 interveniente
788 5169 968 5242 aliqua
994 5171 1293 5241 occasione,
1327 5171 1421 5227 sed
1452 5172 1641 5229 sedulo
1671 5179 1725 5227 et
1755 5172 1819 5235 ad
1851 5172 1957 5239 hoc

374 5264 619 5319 instituto
646 5277 831 5333 opere,
859 5261 1130 5327 Theodori
1160 5277 1190 5317 a
1218 5263 1377 5320 tantis
1403 5262 1651 5331 Patribus
1678 5265 1956 5339 przedieati

374 5359 515 5425 dicta
547 5359 813 5415 notaverit
846 5375 860 5413 :
892 5359 1017 5429 quid
1048 5358 1190 5414 aliud
1225 5359 1240 5391 ¹
1272 5358 1373 5431 nisi
1403 5367 1461 5417 ut
1492 5359 1611 5429 ipse
1641 5360 1694 5416 in
1726 5359 1808 5416 his
1838 5376 1958 5431 qute

380 5454 797 5523 memoravimus
824 5454 1145 5523 casterisque
1174 5452 1438 5517 similibus
1469 5454 1848 5513 inexcusabilis
1868 5454 1959 5525 ju-

379 5545 627 5613 dicatus?
657 5547 868 5605 Veritas
892 5548 1036 5623 enim
1073 5545 1204 5609 dicit
1244 5565 1260 5604 ι
1289 5545 1466 5607 Nolite
1486 5547 1746 5619 judicare,
1778 5559 1833 5604 ut
1862 5568 1962 5606 non

454 5699 473 5769 ε
511 5698 625 5757 Cod
656 5698 879 5769 Veron.,
911 5699 1036 5769 quid
1065 5698 1210 5753 aliud
1240 5698 1459 5769 faciunt,
1485 5698 1603 5753 nisi.

446 5768 475 5805 ³
507 5772 652 5843 idem
680 5771 825 5837 cod.,
854 5768 1039 5842 plagas,
1073 5768 1283 5843 ﬂagella
1310 5779 1359 5826 et
1382 5779 1556 5843 sputa.

509 5842 655 5899 Idem
676 5843 823 5910 cod.,
849 5844 895 5898 ei
924 5843 1099 5898 fuisse.

2063 4718 2331 4783 voluntas,
2380 4715 2464 4771 cui
2505 4713 2651 4768 aliud
2691 4723 2745 4775 et
2786 4710 2931 4777 aliud.
2970 4708 3262 4785 Convenire
3304 4724 3412 4765 non
3459 4710 3648 4779 possit.

2060 4809 2290 4865 Proinde
2323 4808 2423 4863 hoc
2446 4806 2512 4860 ab
2538 4803 2994 4877 Eutychianorum
3025 4802 3110 4857 vel
3139 4801 3647 4873 Semieutychiano-

2061 4917 2178 4957 rum
2212 4898 2505 4954 fautoribus
2542 4898 2951 4965 exspectamus,
3000 4908 3067 4948 ne
3100 4893 3162 4947 ‘in
3202 4890 3651 4947 cendeinnaticno

2064 4993 2321 5063 doctrinm
2352 4989 2623 5065 Theodori
2669 4988 2970 5043 doctrinam
3016 4999 3229 5055 quoque
3278 4984 3423 5040 beati
3464 4984 3650 5054 Cyrilli

2066 5066 2161 5156 pro
2191 5086 2275 5139 his
2301 5093 2457 5154 atque
2488 5083 2858 5153 hujuscemodi
2883 5082 3093 5137 caeteris
3121 5080 3395 5135 damnent.
3428 5079 3578 5147 Quod
3607 5081 3652 5136 si

2068 5179 2279 5233 beatum
2311 5176 2566 5246 Cyrillum
2599 5176 2963 5241 condemnare
2992 5171 3147 5241 nefas
3176 5170 3514 5237 existimant,
3550 5186 3652 5228 nec

2026 5273 2406 5352 .Theodorum
2450 5272 2501 5327 in
2546 5271 2912 5343 praejudicium
2953 5266 3123 5329 sancti
3160 5264 3371 5321 concilii
3412 5264 3654 5335 culpent,

2067 5366 2220 5436 quasi
2260 5364 2566 5420 Nestoriani
2609 5362 2810 5419 erroris
2849 5366 3143 5417 auctorem.
3191 5355 3308 5413 iam
3347 5371 3477 5413 vero
3511 5358 3554 5412 si
3596 5369 3655 5417 et

2070 5452 2190 5528 p'ost
2242 5465 2485 5512 exortam
2536 5468 2600 5509 ac
2646 5452 2974 5507 diiiamatam
3025 5445 3257 5506 Nestorii
3302 5449 3653 5520 quaestionem

2071 5552 2261 5613 beatus
2297 5550 2530 5622 Cyrillus
2578 5547 2704 5605 talia
2753 5545 2837 5603 vel
2886 5544 3062 5609 taliter
3110 5551 3195 5603 est
3240 5543 3473 5612 locutus,
3521 5543 3651 5615 quid

2136 5701 2157 5734 ⁸
2198 5701 2339 5758 Idem
2366 5700 2510 5769 cod.,
2539 5716 2631 5756 nec
2658 5708 2850 5759 tamen.

2140 5774 2161 5806 '
2197 5772 2343 5833 idem
2374 5771 2493 5829 cod.
2504 5772 2520 5840 ,
2561 5774 2699 5852 quod
2729 5784 2929 5832 natura:
2957 5773 3140 5841 divina
3166 5788 3272 5833 non
3298 5770 3550 5853 congruit.
