4104 6360
574 329 677 389 823

1631 318 1929 377 FACUNDI
1972 313 2182 373 EPISC.
2228 294 2731 370 ntuumusnsm

3731 318 3844 373 824

570 448 769 501 mirum
786 426 831 500 si
849 443 1183 508 Theodorus,
1206 416 1434 497 necdum
1457 418 1860 497 contradicente
1879 438 2148 503 Nestor-io,
2179 435 2225 491 Α
2256 435 2415 505 igitur
2467 436 2784 507 Eutychiani
2832 448 3124 505 eorumque
3170 412 3480 501 complices,
3539 432 3739 489 doctos
3790 444 3847 490 et

573 537 891 591 calumniam
922 535 1035 589 sive
1062 534 1420 603 suspicionem
1454 534 1711 601 inopinati
1740 534 1939 589 erroris
1970 535 2147 587 incur-

574 628 680 685 rit?
729 626 1017 697 Cognoscis
1067 635 1244 680 autem
1302 642 1364 679 ex
1418 626 1498 680 his
1542 641 1658 692 quae
1711 629 2141 691 memoravimus,

572 720 988 776 clementissime
1014 720 1324 788 imperator,
1354 718 1495 788 quod
1526 719 1788 773 veraciter
1817 718 2149 786 sapientissi—

574 828 692 868 mus
739 813 972 869 Joannes
1030 812 1397 869 Antiochenus
1447 826 1566 865 cum
1624 812 1869 865 orientali
1920 812 2147 867 concilio

573 908 813 963 scribens
841 907 998 963 beato
1023 906 1242 978 Cyrillu,
1267 921 1337 961 ne
1360 906 1600 971 quaedam
1625 916 1875 975 excerpta
1902 922 1963 959 es
1988 906 2147 960 dictis

575 998 842 1054 Theodori
874 999 973 1052 sub
998 998 1335 1053 anathemate
1360 998 1760 1065 damnarentur,
1797 998 1942 1051 adiit
1991 1006 2149 1067 atque

574 1092 683 1145 ait:
715 1108 734 1141 ς
774 1089 1057 1159 Excerptis
1085 1090 1231 1143 enim
1264 1090 1377 1143 istis
1423 1090 1615 1143 similia
1661 1090 1900 1159 qumdam
1941 1090 2149 1144 inveni-

576 1198 695 1239 mus
721 1183 858 1253 apud
892 1183 1102 1238 beatum
1125 1182 1145 1216 ί
1168 1191 1223 1237 et
1244 1183 1474 1237 nobilem
1509 1182 1878 1250 Athanasium,
1906 1185 2147 1254 quaedam

575 1273 737 1329 etiam
770 1274 906 1342 apud
941 1263 1471 1339 beatumliasilium,
1506 1275 1747 1342 qumdam
1778 1275 1915 1342 apud
1947 1276 2147 1345 Grego-

579 1369 713 1421 rium
744 1375 1047 1436 utrumque,
1101 1368 1266 1421 multa
1299 1383 1428 1423 vero
1458 1376 1513 1422 et
1541 1367 1675 1434 apud
1721 1367 2150 1437 Amphilochium

577 1458 774 1527 saepius
814 1459 989 1523 dicta;
1026 1472 1129 1513 non
1163 1449 1329 1527 parva
1361 1475 1487 1513 vero
1537 1468 1589 1514 et
1634 1459 1772 1529 apud
1814 1474 2150 1517 communem

578 1546 789 1603 Patrem
839 1547 1053 1603 beatum
1097 1549 1469 1618 Theophilum.
1517 1552 1651 1607 Sunt
1687 1553 1828 1605 enim
1866 1568 1984 1622 qua:
2012 1555 2033 1584 ¹
2067 1565 2154 1607 tua

576 1640 833 1693 sanctitas
874 1640 944 1694 ita
986 1641 1291 1705 confitetur,
1343 1650 1398 1694 tit
1426 1642 1672 1698 eumdem
1716 1643 1782 1697 de
1816 1645 1918 1699 illis
1959 1646 2153 1701 habeas

578 1728 930 1784 intellectum.
962 1729 1056 1786 llis
1085 1746 1216 1796 ergo
1247 1733 1555 1786 commoniti
1578 1774 1592 1797 ,
1646 1749 1750 1787 non
1781 1748 1844 1787 ex
1879 1734 2157 1790 haeretico-

2248 533 2538 587 catholicos
2566 547 2649 597 se,
2675 546 2779 587 non
2802 529 2871 587 de
2901 530 3057 584 unius
3080 528 3369 592 Theodori,
3406 527 3499 583 sed
3532 527 3601 583 de
3624 545 3848 600 magna

2248 627 2434 699 synodi
2467 624 2919 682 Chalcedonensis
2954 623 3375 693 reprehensione
3402 622 3689 693 iactarent,
3719 625 3848 678 illo-

2249 734 2365 773 rnm
2398 719 2612 773 Patrum
2653 718 2914 771 similibus
2945 716 3101 769 dictis
3128 730 3223 769 eos
3252 714 3376 768 duxi
3423 715 3849 770 conveniendus

2222 810 2604 875 ‘Coercendos,
2647 824 2783 877 quos
2816 824 2919 861 non
2960 806 3161 861 audent
3205 806 3420 872 culpare
3449 806 3592 859 velut
3620 804 3851 860 hereti-

2216 912 2221 917 ‘
2250 918 2343 957 cos
2374 922 2385 955 :
2412 919 2515 957 non
2549 902 2691 969 quod
2716 901 2929 953 eosdem
2954 900 3140 953 Patres
3169 898 3337 975 videri
3366 898 3629 953 notabiles
3651 899 3848 965 velim,

2251 1001 2389 1052 sicut
2432 997 2507 1051 illi
2556 995 2897 1049 Theodorum
2948 992 3012 1045 ad
3055 991 3413 1045 evacuandam
3460 991 3847 1045 auctoritatem

2254 1106 2458 1161 magna!
2502 1088 2690 1159 synodi
2735 1087 2918 1144 volunt
2961 1084 3126 1138 videri
3180 1083 3494 1145 notabilem;
3546 1082 3643 1136 sed
3678 1091 3739 1135 ut
3769 1085 3848 1138 eis

2216 1182 2221 1187 θ
2253 1185 2593 1239 ostenderem
2619 1181 2759 1249 quod
2791 1181 2907 1234 sine
2935 1177 3018 1232 his
3052 1177 3293 1231 Patrihus
3322 1190 3456 1246 quos
3486 1175 3716 1243 culpare
3742 1192 3847 1229 non

2254 1276 2484 1339 audent,
2537 1271 2878 1326 Theodorum
2911 1282 3008 1338 pro
3036 1266 3318 1327 similibus,
3370 1266 3452 1319 vel
3483 1265 3736 1319 eamdem
3764 1282 3848 1336 sy-

2255 1368 2484 1431 nodum,
2535 1363 2674 1433 quod
2722 1376 2842 1416 eum
2888 1375 2993 1413 non
3040 1358 3403 1421 damnaverit,
3457 1358 3681 1425 culpare
3738 1374 3847 1412 non

2258 1458 2480 1527 possint.
2505 1455 2595 1509 Sic
2618 1453 2895 1515 Dominus,
2920 1464 3038 1504 cum
3064 1448 3287 1501 sabbato
3312 1463 3405 1515 per
3425 1456 3541 1501 sata
3565 1448 3845 1515 transiret,

2258 1558 2312 1605 et
2338 1548 2583 1614 discipuli
2614 1546 2728 1615 ejus
2761 1542 3062 1597 esurientes
3109 1540 3395 1608 coepissent
3423 1540 3626 1597 vellere
3670 1542 3847 1609 spicas

2260 1653 2314 1698 et
2344 1642 2684 1703 manducare,
2726 1635 3066 1706 culpantibus
3095 1648 3189 1687 eos
3218 1634 3523 1699 Pharisaais,
3573 1646 3627 1689 et
3655 1634 3842 1691 dicen-

2263 1734 2443 1788 tibus:
2474 1732 2605 1787 Ecce
2646 1729 2888 1798 discipuli
2926 1729 2998 1781 tui
3046 1726 3239 1793 faciunt
3278 1727 3413 1795 quod
3453 1745 3556 1780 non
3604 1728 3726 1781 licet
3776 1729 3845 1782 eis

576 1834 695 1876 rum
740 1819 829 1875 vel
870 1835 1205 1891 quorumque
1253 1822 1429 1876 minus
1473 1822 1877 1893 intelligentium
1908 1826 2154 1891 arbitrio,
2193 1819 2235 1876 Β
2265 1832 2433 1898 facere
2460 1825 2699 1890 sabbatis,
2749 1819 3071 1891 respondit:
3107 1817 3228 1872 Non
3269 1820 3459 1889 legistis
3498 1821 3624 1889 quid
3673 1822 3844 1889 fecerit

577 1911 716 1967 dicta
747 1913 984 1967 omnium
1016 1912 1067 1967 in
1099 1928 1229 1982 pace
1255 1913 1510 1969 Ecclesiae
1538 1917 1931 1983 quiescentium
1952 1917 2158 1985 judice-

579 2018 729 2069 mus;
780 2006 874 2059 sed
915 2004 1090 2074 potius
1119 2020 1182 2059 ex
1216 2006 1509 2060 intentione
1537 2006 1826 2061 dicentium
1859 2023 1874 2061 :
1906 2010 2157 2077 quoniam

586 2094 701 2149 haec
731 2110 850 2164 qute
878 2111 1195 2166 quocunque
1225 2097 1382 2152 modo
1423 2100 1666 2153 videntur
1698 2099 1950 2154 lectorem
1986 2100 2159 2155 offen-

580 2186 730 2252 dere,
755 2202 858 2242 non
873 2198 1219 2258 segregantes
1235 2192 1551 2260 semetipsos
1568 2190 1823 2245 adversus
1845 2192 2155 2260 Ecclesiam,

580 2278 676 2333 sed
728 2293 825 2347 pro
875 2279 1117 2334 Ecclesia
1167 2281 1497 2349 scripserunt
1545 2283 1800 2336 adversus
1856 2282 2155 2338 haereticos.

578 2367 829 2438 Nunquid
858 2371 1004 2426 enim
1032 2371 1259 2441 probare
1290 2373 1570 2442 quisquam
1603 2383 1777 2444 potest
1805 2376 1945 2445 quod
1975 2386 2159 2431 contra

579 2474 673 2515 eos
702 2460 824 2515 talia
850 2460 1100 2518 dixerunt
1121 2466 1212 2534 qui
1240 2475 1574 2519 sacramento
1600 2466 1887 2520 dominicae
1917 2466 2163 2522 incarna-

582 2550 742 2606 tionis
772 2568 928 2607 unam
974 2554 1069 2610 Dei
1099 2555 1258 2611 Verbi
1288 2564 1447 2625 atque
1479 2556 1708 2612 hominis
1740 2557 1933 2613 factam
1972 2560 2162 2616 crede-

580 2641 711 2697 bant
762 2659 878 2699 esse
924 2662 1241 2716 personam,
1293 2657 1347 2703 et
1392 2664 1495 2704 non
1528 2651 1703 2720 potius
1754 2651 2012 2707 adversus
2042 2644 2162 2707 illos

581 2735 672 2803 qui
703 2737 835 2793 duas
862 2740 911 2793 in
946 2756 1047 2795 una
1078 2741 1271 2797 Christi
1300 2758 1524 2812 persona
1547 2744 1877 2816 denegabant
1902 2750 2163 2805 mansisse

580 2833 845 2887 naturas?
900 2852 919 2885 ι
963 2833 1019 2889 Si
1062 2836 1181 2903 quis
1211 2835 1371 2905 igitur
1414 2837 1562 2891 dicat
1602 2838 1691 2892 illo
1732 2847 1994 2907 tempore,
2040 2856 2161 2895 cum

581 2938 687 2979 non
730 2924 935 2980 hisdem
976 2928 1169 2998 quibus
1211 2943 1309 2983 nos
1358 2932 1734 2985 haereticorum
1781 2933 2165 3000 quwstionibus

581 3015 822 3074 Ecclesia
851 3019 1169 3088 pulsaretur,
1200 3030 1257 3078 et
1278 3024 1575 3078 necessaria
1603 3022 1717 3078 hzec
1747 3024 2002 3079 adversus
2026 3025 2162 3080 alios

582 3108 884 3178 haereticos,
916 3123 969 3168 et
998 3114 1276 3169 catholicis
1307 3115 1517 3170 innoxia
1540 3114 1709 3171 fuisse
1742 3135 1754 3167 :
1788 3132 1931 3171 nunc
1951 3125 2158 3183 autem,

2263 1920 2431 1972 David
2457 1917 2664 1988 quando
2690 1915 2887 1980 esuriit,
2929 1923 2975 1969 et
3006 1917 3096 1980 qui
3133 1927 3249 1965 cum
3288 1930 3345 1966 eo
3373 1924 3519 1967 erant
3545 1928 3564 1966 :
3590 1914 3842 1980 quomodo

2259 2012 2463 2067 intravit
2492 2012 2545 2064 in
2576 2012 2783 2063 domum
2810 2008 2929 2076 Dei,
2959 2019 3006 2064 et
3036 2027 3191 2082 panes
3220 2008 3582 2081 propositionis
3600 2009 3840 2075 comedit,

2260 2122 2388 2177 quos
2416 2120 2517 2158 non
2542 2105 2719 2158 licebat
2749 2103 2794 2157 ei
2824 2104 2970 2157 edere
3006 2120 3165 2173 neque
3194 2104 3271 2157 Itis
3299 2103 3387 2171 qui
3415 2118 3529 2154 cum
3556 2102 3649 2154 illo
3681 2110 3840 2166 erant,

2261 2198 2361 2251 nisi
2403 2196 2525 2250 solis
2564 2194 2955 2249 sacerdotibus?
2981 2196 3082 2249 Aut
3126 2211 3225 2248 non
3258 2194 3443 2266 legistis
3489 2193 3544 2245 in
3587 2193 3700 2262 lege
3733 2194 3843 2261 quis

2261 2288 2487 2342 sabbatis
2515 2286 2800 2342 sacerdotes
2830 2287 2884 2339 in
2916 2287 3103 2357 templo
3125 2286 3389 2340 sabbatum
3420 2285 3633 2348 uiolant,
3663 2294 3716 2337 et
3744 2286 3844 2338 sire

2262 2380 2472 2433 crimine
2513 2389 2630 2432 sunt
2662 2376 2874 2448 (Matth.
2907 2393 3003 2444 xu,
3029 2378 3094 2445 ἓ,
3128 2376 3217 2446 5)?
3257 2377 3408 2431 Sicut
3431 2392 3557 2441 ergo
3582 2376 3843 2431 Dominus

2264 2470 2547 2525 Pharisteis
2574 2468 2845 2537 apostolos
2861 2468 3200 2538 culpantibus
3216 2468 3331 2522 haec
3356 2467 3714 2538 respondens,
3745 2484 3841 2524 non

2267 2561 2580 2630 prophetam
2605 2559 2771 2614 David
2798 2568 2852 2614 et
2880 2560 2970 2628 qui
2995 2574 3116 2614 cum
3146 2560 3238 2614 illo
3258 2568 3409 2615 erant
3426 2604 3439 2627 ,
3473 2574 3650 2628 neque
3671 2574 3846 2614 sacer-

2264 2652 2417 2707 dotes
2447 2651 2613 2706 voluit
2644 2651 2811 2707 videri
2836 2652 3116 2715 nombiles,
3150 2651 3243 2706 sed
3268 2652 3445 2719 potius
3480 2662 3536 2705 ut
3568 2652 3672 2719 ipsi
3711 2651 3844 2706 Pha-

2266 2745 2408 2801 risaei
2450 2757 2752 2799 sanctarum
2781 2752 2833 2799 et
2878 2742 3190 2799 indubitatae
3232 2744 3565 2798 auctoritatis
3596 2760 3847 2810 persona-

2268 2856 2384 2894 rum
2439 2838 2686 2907 exemplo
2731 2838 2982 2904 coerciti,
3038 2837 3353 2891 innocentes
3403 2837 3700 2905 discipulos
3750 2852 3845 2891 non

2267 2933 2542 3000 culparent
2572 2947 2587 2985 :
2629 2930 2698 2984 ita
2725 2944 2821 2985 nos
2852 2944 2958 2983 non
2988 2928 3323 2984 venerabiles
3356 2929 3542 2983 Patres
3567 2928 3843 2984 offendere

2268 3020 2585 3085 delectavit,
2622 3019 2715 3073 sed
2747 3018 3202 3090 Eutychianorum
3231 3017 3630 3087 satellitumque
3658 3033 3844 3073 eorum

2272 3114 2739 3185 praesumptionem
2769 3112 2956 3166 talium
2981 3111 3347 3178 exemplorum
3376 3109 3683 3177 obiectione
3708 3124 3847 3165 com-

583 3203 915 3260 Nestorianis
956 3208 1293 3263 occasionem
1335 3209 1628 3277 simplicem
1671 3209 1971 3278 decipiendi
2019 3226 2164 3280 qum-
2191 3191 2239 3255 (Σ
2271 3219 2491 3275 pescere
2520 3221 2534 3259 :
2563 3203 2753 3273 quibus
2795 3202 2894 3256 hoc
2930 3201 3182 3267 dicimus,
3226 3209 3280 3253 ut
3323 3202 3365 3255 si
3406 3200 3523 3256 hazc
3566 3200 3847 3264 Enstathii,

583 3298 846 3362 rentibus,
888 3299 1236 3356 abstinendus
1265 3316 1385 3356 esse
1414 3303 1621 3366 ﬁdeles,
1674 3304 2011 3373 maximeque
2039 3318 2163 3373 par-

584 3388 758 3451 vulos,
802 3390 869 3443 ab
914 3392 1231 3457 scriptorum
1266 3393 1446 3446 talium
1496 3394 1767 3450 lectione:
1798 3395 1884 3449 cui
1928 3410 2062 3449 sano
2102 3410 2166 3449 ac

587 3477 835 3547 prudenti
862 3480 1255 3549 tlispliceathoc
1268 3498 1455 3537 sanum
1484 3484 1824 3554 prudensque
1850 3484 2166 3539 consilium?

586 3575 646 3622 ut
685 3571 932 3635 quoniam
978 3573 1158 3627 hostes
1198 3590 1331 3640 quos
1372 3576 1529 3630 modo
1576 3591 1674 3630 nos
1716 3577 1965 3645 patimur,
2009 3578 2167 3632 aliter

488 3670 491 3675 ‘
586 3668 866 3713 armantur
908 3660 1166 3717 adversus
1199 3664 1520 3730 Ecclesium,
1571 3666 1687 3735 ejus
1722 3681 1933 3736 quoque
1985 3668 2168 3723 fideles

587 3761 651 3802 ac
671 3760 1091 3818 pronugnatores
1116 3753 1166 3807 in
1191 3754 1306 3809 aliis
1329 3768 1447 3809 sese
1471 3756 1635 3811 armis
1662 3766 1978 3822 exerceant;
2010 3767 2168 3828 atque

538 3844 541 3847 ’
586 3839 662 3897 ita
694 3843 809 3897 sine
838 3845 1177 3915 antiquorum
1207 3846 1459 3902 Ecclesitc
1486 3848 1895 3918 praedicatorum
1928 3848 2165 3915 infamia,

586 3933 656 3989 ab
686 3934 1058 3993 hmreticmum
1088 3938 1292 3994 insidiis
1321 3940 1675 3996 calumnietur
1707 3942 1747 3997 ³.
1774 3941 1883 3998 Nec
1904 3943 2167 3999 videbitur

586 4026 850 4084 insultare
875 4028 1159 4097 defunctis,
1191 4042 1281 4085 aut
1313 4032 1676 4103 religiosiores
1706 4049 1805 4088 nos
1834 4044 1926 4089 aut
1954 4034 2171 4105 sapien-

587 4116 753 4174 tiores
780 4119 830 4173 in
858 4121 1083 4177 aliorum
1111 4123 1623 4192 reprehensionibus
1648 4134 1940 4191 ostentare,
1975 4136 2025 4180 et
2053 4126 2167 4195 glo-

588 4211 724 4267 riam
755 4213 821 4268 de
867 4217 1151 4286 ignominia
1192 4216 1562 4273 defunctorum
1608 4227 1861 4288 appetere
1887 4220 2066 4289 :quod
2097 4220 2167 4274 ita

587 4303 777 4363 beatus
799 4308 1086 4378 GregOrius
1106 4312 1156 4364 in
1176 4312 1528 4381 Apologetico
1550 4326 1647 4367 suo
1670 4321 1821 4366 notat
1844 4328 1858 4365 :
1894 4330 1912 4363 ι
1943 4311 2163 4380 Omnes,

587 4394 788 4467 inquit,
836 4414 903 4453 es
955 4400 1059 4456 hoc
1100 4402 1241 4457 docti
1288 4412 1344 4457 et
1380 4403 1631 4458 catholici
1679 4406 1927 4458 volumus
1973 4404 2167 4471 videri,

590 4493 636 4543 si
666 4490 799 4545 alios
821 4492 1300 4561 reprehendamus,
1333 4504 1385 4550 et
1412 4494 1603 4563 impios
1625 4494 1948 4566 iudicemus.
1984 4512 2006 4549 ι
2030 4493 2166 4551 Cum

666 4642 684 4673 ³
724 4640 861 4697 Cod.
887 4642 1111 4710 Veron.,
1140 4654 1215 4699 ter
1246 4647 1467 4703 beatum.

664 4712 687 4745 ³
724 4710 867 4767 ldetn
892 4716 1039 4782 cod.,
1068 4732 1183 4786 quia
1209 4719 1359 4771 etiam
1385 4727 1498 4776 tua.

2269 3295 2581 3360 Athanasii,
2616 3293 3003 3363 Ampltilochii,
3051 3292 3328 3362 Gregorii,
3376 3290 3605 3347 Joannis
3666 3290 3848 3361 etC!-

2270 3389 2406 3454 rilli,
2451 3388 2592 3444 dicta
2632 3403 2751 3458 qute
2791 3388 3227 3452 memoravimus,
3276 3384 3466 3441 melius
3510 3385 3848 3457 interpretari

2270 3490 2523 3551 possunt,
2554 3482 2713 3536 etiam
2736 3479 3007 3534 Theodori
3036 3479 3225 3533 melius
3255 3479 3603 3549 interpretari
3631 3480 3825 3553 digner:

2272 3579 2357 3625 tur
2388 3588 2401 3624 :
2434 3571 2478 3625 si
2524 3585 2626 3625 non
2648 3609 2662 3635 ,
2694 3579 2747 3624 et
2784 3568 2807 3599 ‘
2832 3568 3167 3623 doctioribus
3200 3583 3263 3623 ea
3301 3569 3643 3639 relinquunt,
3693 3569 3849 3624 etiam

2270 3660 2541 3716 Theodori
2566 3660 2645 3715 sic
2672 3660 2998 3730 relinquant.
3020 3658 3171 3726 Quod
3194 3659 3240 3712 si
3265 3668 3510 3727 putantes
3533 3672 3850 3715 memorato-

2271 3767 2391 3807 rum
2444 3752 2657 3806 Patrum
2696 3750 2838 3805 dicta
2889 3749 3079 3804 melius
3130 3748 3471 3818 interpretari
3521 3764 3628 3804 non
3678 3766 3847 3819 posse,

2272 3858 2378 3899 non
2408 3850 2585 3898 tamen
2618 3858 2683 3897 es
2717 3842 2798 3895 his
2829 3857 2951 3911 quae
2996 3841 3221 3895 necdum
3253 3841 3583 3895 sollicitante
3625 3840 3850 3897 Ναυπιί

2271 3936 2569 4007 quastione
2593 3924 2775 3989 minus
2794 3933 3100 3989 examinate
3126 3934 3328 4002 prolata
3351 3942 3504 3998 sunt,
3538 3932 3849 3988 laudabilem

2273 4049 2456 4090 eorum
2488 4031 2785 4087 doctrinam
2816 4029 3127 4085 existimant
3147 4027 3489 4098 iudicandam
3526 4046 3538 4082 :
3566 4028 3673 4083 hoc
3696 4030 3849 4084 etiam

2272 4127 2341 4183 de
2383 4124 2654 4182 Theodori
2704 4123 2943 4178 doctrina
2991 4131 3228 4176 sanctam
3270 4120 3534 4191 synodum
3578 4122 3846 4190 iudicasse

2274 4235 2381 4275 non
2404 4227 2649 4289 arguant.
2678 4217 2810 4272 Nam
2828 4217 2953 4287 quia
2977 4230 3080 4270 non
3100 4216 3415 4285 ignorantia,
3440 4216 3531 4270 sed
3559 4218 3845 4272 obstinatio

2272 4310 2397 4365 facit
2421 4310 2758 4373 bmreticum,
2804 4317 2858 4362 et
2886 4308 2937 4361 in
2968 4306 3333 4376 superioribus
3366 4309 3532 4362 multa
3556 4306 3674 4377 jam
3706 4310 3845 4364 dixi-

2272 4419 2415 4474 mus,
2446 4414 2500 4467 et
2526 4404 2769 4474 sequenti
2794 4403 2933 4459 libro
2959 4402 3225 4473 aliquanta
3256 4401 3520 4457 dicemus.

2199 4656 2256 4719 D
2348 4646 2371 4719 ξ
2409 4645 2553 4719 idem
2584 4646 2729 4719 cod.,
2772 4642 3007 4719 Ecclesia
3037 4642 3309 4719 muniatur.
3351 4642 3482 4711 Nec,
3513 4651 3623 4700 etc.

2350 4715 2377 4750 ‘
2411 4717 2555 4774 Idem
2580 4718 2728 4785 cod.,
2759 4717 2803 4769 si
2831 4731 2943 4769 vero
2973 4713 3305 4769 doctioribus.

1585 4984 1931 5069 LIBER
2004 4982 2836 5105 DUODECIMUS.

1981 5120 2391 5145 ————'-‘_

1109 5179 1339 5239 CAPUT
1376 5183 1662 5241 PRIMUM.

600 5298 752 5365 Quod
797 5298 1091 5353 hareticum
1124 5298 1279 5367 faciat
1315 5314 1413 5351 non
1434 5298 1749 5369 ignorantia,
1804 5297 1891 5349 sed
1920 5296 2177 5369 obstinata

668 5370 894 5437 defensio
927 5369 1203 5437 falsitatis;
1235 5379 1281 5421 et
1308 5368 1465 5437 quod
1494 5368 1714 5420 lucretici
1746 5384 1847 5419 non
1886 5369 2057 5420 statim
2080 5368 2169 5437 ju-

670 5440 877 5491 dicandi
902 5442 1004 5492 sint
1029 5439 1117 5507 qui
1145 5440 1198 5492 in
1226 5439 1477 5508 aliquibus
1510 5441 1811 5491 erraverint.
2039 5442 2054 5458 '

674 5546 923 5603 Defensio
966 5563 1178 5619 magna!
1230 5550 1417 5620 synodi
1478 5548 1951 5612 Chalcedonensis,
2014 5565 2170 5617 quam

601 5638 955 5694 criminantur
979 5640 1234 5716 Arephali
1259 5640 1397 5709 quod
1412 5640 1690 5709 episto'am
1724 5640 2044 5694 venerabilis
2066 5641 2171 5697 lbze

601 5730 899 5785 doctrinam
912 5731 1179 5787 Theodori
1204 5730 1499 5786 laudantem
1520 5730 1774 5799 judicavit
1793 5730 2167 5797 orthodoxam,

603 5821 861 5887 compulit
887 5837 984 5881 nos
1005 5862 1026 5886 .
1054 5819 1404 5877 Orientalium
1434 5821 1670 5877 maxime
1693 5819 2017 5877 admonente
2042 5836 2172 5879 con-

2279 5184 2431 5249 cilio,
2491 5184 2733 5252 quaedam
2789 5198 2856 5240 ex
2895 5182 3052 5238 dictis
3103 5182 3437 5253 antiquorum
3471 5182 3687 5239 Patrum
3742 5199 3849 5250 pro-

2283 5276 2421 5330 ferre
2444 5291 2563 5345 qua:
2588 5276 2823 5345 legentes
2853 5290 2958 5329 non
2994 5274 3170 5328 minus
3210 5290 3365 5344 quam
3394 5274 3485 5327 illa
3509 5291 3629 5344 qua:
3661 5275 3714 5330 in
3747 5278 3849 5345 ipso

2282 5365 2564 5420 Theodoro
2603 5368 2840 5437 culpant,
2869 5366 3141 5420 offendere
3173 5366 3471 5420 videantur.
3510 5367 3572 5421 Et
3601 5369 3848 5437 quoniam

2281 5457 2671 5521 contemnenda
2705 5472 2806 5509 non
2852 5465 2937 5510 est
2966 5456 3088 5508 talis
3116 5454 3341 5508 offensio
3360 5495 3375 5519 ,
3411 5470 3509 5509 nec
3536 5458 3713 5509 omnia
3742 5470 3849 5523 quau

2282 5568 2342 5604 ex
2375 5550 2530 5604 dictis
2557 5564 2743 5604 eorum
2786 5550 3106 5618 protulimus
3138 5564 3418 5618 possumus
3458 5565 3733 5603 excusare.
3770 5566 3847 5603 ne-

2282 5655 2385 5709 que
2407 5640 2448 5693 si
2476 5655 2751 5707 possemus
2773 5651 2981 5708 tempus
3000 5639 3267 5695 sufficeret
3292 5640 3355 5692 ad
3375 5643 3677 5695 excusanda
3697 5644 3846 5695 etiam

2283 5741 2473 5787 cratera
2502 5750 2616 5800 qum
2651 5740 2697 5787 in
2731 5734 2963 5802 ipsorum
2996 5745 3159 5800 atque
3202 5734 3430 5788 aliorum
3486 5736 3696 5789 l‘att'utu
3729 5735 3845 5787 :cri-

2281 5822 2389 5894 ptis
2428 5835 2650 5893 possunt
2672 5824 2943 5882 offendere
2980 5823 3128 5881 :lsac
3165 5827 3547 5899 compendiosa
3574 5835 3630 5885 et
3670 5839 3844 5885 secura
