4104 6360
326 254 435 312 8ἱό

1153 247 1287 303 ιιῐιο
1327 236 1762 325 DEFENSIONE
1798 239 2013 300 TRIUM
2047 238 2247 297 CAPIT
2256 244 2368 302 UL.
2409 245 2538 303 LIB.
2576 243 2689 304 XII.

3514 244 3620 302 8M

334 385 526 430 omnes
570 370 623 425 in
674 368 936 427 Ecclesia;
963 384 1094 441 pace
1129 369 1412 425 defunctos
1456 370 1663 424 ratione
1689 366 1934 425 defendi-
1960 365 2010 425 Α
2035 376 2112 422 sto
2140 369 2224 425 lac
2264 371 2401 425 vobis
2447 379 2624 442 polum
2649 370 2801 438 dedi,
2827 388 2930 428 non
2975 388 3163 439 escam,
3211 373 3439 429 nondum
3486 372 3621 427 enim

340 482 481 529 mus.
526 475 583 520 ut
612 465 899 520 doreamus
937 464 1077 536 quod
1122 466 1325 520 nullum
1373 480 1563 519 eorum
1606 464 1922 519 haereticum

343 560 506 632 digne
532 558 778 629 judicare
819 558 1105 625 possimus,
1140 558 1222 613 vel
1266 559 1308 611 si
1343 558 1558 627 quidam
1590 556 1933 611 inveniuntur

350 652 553 723 aliquid
605 651 674 707 de
718 650 1023 720 hujusmodi
1057 653 1440 722 quastionibus
1486 652 1784 723 ignorasse.
1819 649 1932 706 Non

345 756 522 804 autem
578 760 665 801 me
707 745 990 814 quisquam
1040 746 1166 800 illud
1211 746 1264 801 in
1315 745 1568 816 praesenti
1611 745 1747 800 libro
1789 754 1937 815 putet

343 853 681 910 aggressum,
713 847 771 892 ιιι
799 837 1050 893 deﬁniam
1082 838 1207 909 quid
1238 840 1308 894 sil.
1338 841 1480 910 quod
1512 840 1824 894 haereticum
1855 839 1935 892 fa-

341 930 450 988 ciat
483 948 497 983 :
530 930 653 998 quia
704 929 805 985 hoc
856 939 1058 985 tantum
1110 940 1411 988 monstrare
1460 932 1741 1001 proposui,
1793 931 1936 1001 quod

345 1022 559 1094 quidem
575 1024 683 1092 jam
708 1024 759 1078 in
782 1024 1147 1093 superioribus
1170 1027 1514 1095 acceptabili,
1543 1028 1682 1083 sicut
1705 1027 1934 1093 aestimo,

346 1115 555 1171 ratione
584 1117 899 1185 monstravi,
933 1117 1199 1174 neminem
1230 1136 1326 1189 pro
1360 1120 1544 1176 talium
1575 1123 1936 1192 quaestionum

346 1206 669 1279 ignorantia,
717 1209 772 1264 in
816 1210 1057 1266 Ecclesia
1102 1212 1395 1278 viventem,
1426 1215 1541 1270 sive
1591 1215 1933 1283 defunctum,

348 1300 438 1370 qui
463 1316 523 1356 se
549 1300 779 1357 docilem
804 1300 1124 1359 Christiana:
1146 1304 1407 1360 doctrinm
1437 1306 1640 1375 prabet
1670 1316 1761 1361 aut
1803 1324 1939 1376 pra:-

348 1391 487 1459 buit,
516 1394 827 1451 harreticum
850 1394 1051 1451 debere
1070 1396 1318 1466 judicari.
1345 1399 1475 1453 Nam
1509 1401 1552 1455 si
1584 1415 1724 1456 nunc
1753 1400 1941 1456 Eccle-

348 1483 430 1539 sia
478 1484 722 1554 quazdam
770 1485 971 1543 Christi
1018 1488 1202 1544 schola
1252 1500 1357 1555 est,
1408 1506 1706 1562 omnesque
1756 1492 1939 1549 ﬁdeles

346 1576 465 1646 ejus
495 1574 694 1631 Christi
738 1577 987 1633 dicuntur
1016 1596 1138 1637 esse
1184 1582 1454 1651 discipuli,
1502 1597 1602 1640 nec
1655 1586 1937 1656 quisquam

346 1675 525 1737 potest
568 1668 830 1725 veraciter
858 1669 964 1725 dici
1010 1671 1324 1741 discipulus,
1359 1676 1446 1744 qui
1481 1689 1586 1730 non
1629 1675 1828 1745 aliquid
1860 1676 1938 1730 di-

2036 462 2321 532 poteratis;
2357 464 2445 518 sed
2480 481 2572 519 nec
2604 481 2740 520 nunc
2777 466 2979 536 quidem
3008 467 3216 535 potestis
3241 482 3261 522 .'
3290 468 3460 523 adhuc
3489 470 3622 522 enim

2034 558 2153 610 estis
2178 555 2411 609 carnales
2437 555 2486 627 (ι
2511 554 2631 611 Cor.
2651 573 2727 624 Ill,
2752 556 2822 627 l).
2844 556 2899 613 Si
2928 558 3083 629 igitur
3105 555 3390 623 Corinthii,
3413 558 3500 628 qui
3529 558 3612 612 ad.

2038 649 2140 706 huc
2166 651 2457 717 perfectam
2486 651 2764 705 scientiam
2796 652 2847 705 in
2876 652 3174 708 ministerio
3202 650 3224 681 ⁸
3246 652 3615 713 absconditam

2036 743 2369 806 nesciebant.
2397 742 2636 800 haeretici
2671 760 2777 798 non
2820 755 2999 809 erant,
3030 745 3175 814 quia,
3199 745 3340 800 sicut
3372 745 3447 800 ait
3476 748 3619 813 Apo.

2037 836 2228 902 stolus,
2256 837 2308 890 in
2330 834 2549 891 Christo
2579 836 2786 905 parvuli
2809 846 2962 891 erant
2984 854 2997 890 :
3021 837 3289 907 quomodo
3318 837 3621 908 quisquam,

2036 928 2151 984 sive
2176 929 2349 984 adhuc
2376 930 2581 998 vivens,
2610 930 2731 985 sive
2756 928 3041 985 defunctus
3069 932 3119 984 iu
3155 929 3395 986 Ecclesia
3422 930 3622 987 Chriin

2036 1004 2257 1091 propter
2277 1020 2453 1075 solam
2484 1035 2550 1074 es
2584 1030 2737 1091 parte
2770 1020 3124 1088 ignorantiam
3147 1022 3417 1092 judico-tur
3450 1025 3627 1077 barre-

2004 1114 2199 1185 ~ticus,
2227 1112 2294 1169 de
2338 1127 2439 1181 qua
2474 1128 2633 1167 nemo
2664 1112 2932 1183 redarguit
2957 1124 3017 1168 ιιι
3058 1115 3449 1170 correctionem
3490 1114 3627 1172 reci-

2040 1221 2167 1276 pere
2187 1205 2420 1261 nolcisse
2443 1206 2683 1263 dicatur?
2707 1206 3141 1278 Philippensihus
3164 1209 3324 1262 etiam
3351 1210 3623 1265 seribens:

2043 1296 2152 1369 Ego
2193 1314 2270 1350 me
2296 1299 2485 1368 ipsum,
2516 1298 2705 1369 inquit,
2738 1315 2838 1353 non
2878 1300 3102 1353 arbitror
3150 1301 3629 1367 comprehendisse;

2040 1406 2198 1444 unum
2219 1400 2412 1456 autem,
2436 1408 2550 1460 quae
2591 1393 2796 1461 quidem
2817 1402 2951 1448 retro
2982 1401 3099 1447 sunt
3131 1393 3448 1459 obliviscens,
3476 1395 3541 1447 ad
3573 1412 3630 1446 ea

2041 1500 2158 1539 vero
2181 1499 2292 1551 qua:
2319 1495 2436 1538 ante
2475 1494 2593 1539 sunt
2632 1486 2905 1539 extendens
2934 1501 3033 1552 me,
3088 1488 3154 1539 ad
3202 1486 3512 1539 destinatum
3555 1503 3632 1538 sc-

2041 1594 2191 1648 quor,
2236 1578 2302 1630 ad
2354 1578 2576 1640 palmam
2626 1596 2861 1646 superna:
2887 1580 3165 1634 uocationis
3198 1579 3293 1634 Dei
3332 1580 3388 1632 in
3429 1579 3630 1634 Christo

2043 1667 2192 1725 Jesu.
2224 1670 2519 1740 Quicunque
2543 1687 2662 1744 ergo
2684 1672 2893 1743 perfecti
2916 1673 3010 1727 hoc
3032 1673 3342 1727 sentiamus:
3363 1680 3408 1724 et
3437 1674 3481 1725 si
3506 1672 3629 1742 quid

347 1760 472 1826 scit,
492 1775 665 1830 neque
684 1760 910 1817 discitur
930 1763 1033 1819 nisi
1062 1764 1205 1833 quod
1228 1766 1532 1836 ignoratur;
1560 1768 1749 1839 procul
1771 1768 1934 1824 dubio
1963 1763 2013 1824 Β
2039 1765 2184 1819 aliter
2211 1766 2428 1828 sentitis,
2463 1776 2508 1819 et
2538 1764 2637 1819 hoc
2664 1766 2801 1821 vobis
2830 1765 2966 1822 Deus
2991 1768 3231 1825 reuelauit
3262 1769 3310 1823 δ.
3353 1767 3629 1823 Verumta-

349 1860 442 1905 aut
464 1850 654 1906 docilis
678 1852 975 1921 ignorantia
1009 1870 1115 1910 non
1141 1856 1269 1912 facit
1291 1857 1628 1926 hmreticum,
1650 1869 1741 1915 aut
1765 1862 1940 1915 omnis

349 1941 552 1998 Christi
582 1942 875 2014 discipulus
916 1948 1018 2001 erit
1048 1948 1352 2005 haereticus.
1381 1950 1443 2004 Et
1469 1952 1591 2021 quis
1613 1952 1725 2020 jam
1756 1952 1943 2007 catho-

350 2034 486 2092 licus
528 2051 650 2093 esse
677 2039 910 2108 dicetur,
945 2041 988 2095 si
1036 2042 1215 2097 omnis
1242 2043 1334 2114 qui
1381 2043 1450 2098 de
1478 2043 1788 2100 Christiana
1817 2044 1945 2100 reli-

354 2130 516 2200 gione
536 2130 739 2202 aliquid
762 2133 937 2196 discit,
967 2134 1254 2191 haereticus
1278 2147 1360 2192 est
1386 2139 1685 2196 dicendus?
1712 2140 1863 2209 Quod
1892 2142 1937 2196 si

350 2222 519 2278 etiam
563 2226 852 2281 credantur
893 2227 1058 2299 aliqui
1087 2229 1166 2284 sic
1196 2230 1379 2285 omnia
1408 2230 1686 2301 didicisse,
1722 2242 1779 2287 ut
1810 2233 1943 2287 nihil

351 2313 463 2386 jam
492 2317 696 2385 possint
722 2318 921 2375 habere
943 2320 1084 2389 quod
1115 2321 1327 2376 discant
1350 2340 1364 2389 ;
1385 2324 1505 2392 quia
1535 2333 1710 2379 tamen
1741 2323 1944 2395 aliquid

357 2411 675 2480 ignorabant
716 2422 1001 2484 antequam
1042 2414 1342 2482 discerent,
1390 2432 1455 2472 ex
1490 2417 1762 2473 haereticis
1792 2419 1943 2473 vide-

354 2503 555 2560 buntur
584 2504 707 2562 facti
736 2507 995 2562 catholici
1022 2525 1035 2560 :
1065 2517 1224 2575 atque
1251 2509 1322 2563 ita
1353 2509 1647 2580 colligitur,
1683 2520 1740 2564 ut
1770 2510 1947 2564 nullus

355 2596 662 2653 inveniatur
696 2598 749 2652 in
780 2598 1018 2654 Ecclesm
1048 2598 1270 2665 Christi,
1298 2600 1387 2671 qui
1440 2617 1547 2657 non
1578 2610 1669 2656 aut
1693 2616 1815 2658 esse
1857 2610 1949 2657 aut

356 2690 524 2746 fuisse
552 2691 896 2759 perhibeatur
928 2692 1243 2747 hatreticus:
1275 2704 1328 2746 at
1363 2692 1465 2749 hoc
1494 2694 1677 2749 dicere
1732 2694 1815 2749 vel
1850 2710 1948 2765 pu-

360 2791 475 2836 tare
498 2797 621 2836 cum
666 2782 1068 2851 impiissimum,
1099 2791 1208 2837 tum
1248 2784 1411 2838 etiam
1451 2786 1612 2839 nimis
1654 2784 1946 2840 absurdum

358 2884 462 2931 est.
493 2875 644 2933 Scire
666 2878 825 2947 igitur
850 2878 1111 2933 debemus
1140 2878 1281 2947 quod
1311 2878 1623 2935 haereticum
1658 2896 1763 2936 non
1794 2880 1952 2937 faciat

359 2967 662 3037 ignorantia
690 2984 810 3039 quae
837 2968 1098 3025 doctrinae
1126 2972 1369 3026 veritatis
1397 2980 1685 3028 contumax
1715 2989 1819 3030 non
1844 2984 1948 3042 est,

361 3062 456 3116 sed
489 3062 665 3130 potius
695 3062 964 3117 obstinata
1008 3062 1251 3119 defensio
1286 3064 1552 3121 falsitatis.
1587 3067 1827 3123 Adhanc
1855 3068 1954 3123 ob-

360 3153 702 3208 stinationem
739 3155 1007 3223 pertinere
1036 3155 1283 3222 dicimus,
1308 3156 1417 3212 imo
1436 3157 1788 3228 principatum
1809 3160 1861 3215 in
1884 3174 1949 3218 ea
1979 3143 2025 3207 C

361 3254 546 3302 tenere
576 3248 867 3309 lirmamus,
890 3248 1009 3303 illas
1048 3250 1207 3304 etiam
1251 3250 1525 3307 doctrinas
1556 3269 1688 3323 quas
1728 3256 1945 3323 quidam

368 3352 478 3393 non
505 3340 659 3409 quasi
692 3339 870 3395 minus
903 3341 1250 3412 intelligendo
1280 3342 1584 3413 Scripturas
1603 3345 1829 3415 divinas,
1857 3347 1951 3403 sed

362 3429 442 3485 eis
482 3436 667 3499 aperte
723 3433 1054 3497 resistendo,
1103 3436 1215 3488 sola
1258 3437 1683 3506 praesumptione
1733 3440 1953 3509 spiritus

362 3523 748 3592 condiderunt,
774 3526 914 3583 sicut
961 3526 1283 3584 Manichatus
1323 3539 1484 3601 atque
1523 3530 1781 3601 Origenes
1816 3543 1872 3600 ⁸,
1897 3544 1953 3591 et

366 3618 572 3687 caeteri,
595 3619 685 3689 qui
715 3635 817 3674 non
848 3630 905 3676 ut
933 3621 1025 3677 alii
1051 3635 1338 3691 sequentes
1360 3639 1545 3681 earum
1569 3629 1945 3700 intentionem,

363 3709 417 3766 in
445 3710 703 3767 abstrusis
729 3714 1116 3782 quaestionibus
1144 3727 1483 3785 erraverunt,
1515 3719 1801 3789 sedsuper
1829 3720 1949 3774 illas

365 3803 494 3860 elati
512 3804 704 3859 melius
715 3820 773 3860 se
785 3805 1132 3861 crediderunt
1147 3807 1225 3861 vel
1242 3822 1455 3877 sapere,
1472 3810 1553 3865 vel
1568 3810 1751 3866 dicere
1769 3812 1808 3864 ¹.
1821 3809 1952 3865 Nam

364 3895 409 3950 si
434 3896 735 3951 obstinatus
760 3897 849 3951 ille
876 3897 1139 3952 dicendus
1164 3906 1249 3953 est
1268 3899 1356 3967 qui
1390 3913 1494 3954 non
1524 3899 1669 3954 cedit
1698 3900 1955 3955 Ecclesia:

364 3989 672 4044 constitutis
717 3988 1028 4043 earumdem
1071 3988 1472 4058 Scripturarum
1505 3991 1826 4046 auctoritate
1865 3991 1956 4046 lir-

365 4081 546 4149 matis,
578 4088 777 4151 quanto
822 4080 1107 4136 deterioris
1155 4081 1535 4137 obstinationis
1576 4080 1837 4137 dicendus
1876 4092 1956 4138 est

367 4173 457 4242 qui
486 4173 619 4243 ipsis
663 4172 858 4227 divinis
887 4172 1184 4239 Scripturis
1228 4171 1525 4243 dedignans
1567 4175 1912 4244 acquiescere
1938 4217 1953 4242 ,

366 4263 654 4320 inviolabili
686 4280 869 4319 earnm
900 4264 1216 4334 plenitudini
1258 4273 1351 4320 aut
1376 4265 1600 4335 abrogat
1638 4268 1951 4335 veritatem,

365 4369 455 4414 aut
485 4358 685 4429 aliquid
714 4359 903 4415 deesse
953 4368 1102 4430 putat
1140 4359 1279 4428 quod
1330 4360 1540 4430 propria
1572 4359 1769 4417 debeat
1800 4362 1955 4418 adin-

365 4451 623 4507 ventione
666 4451 960 4522 supplere?
990 4450 1194 4519 Quibus
1224 4459 1403 4506 autem
1435 4452 1485 4506 in
1514 4453 1675 4508 rebus
1720 4452 1836 4509 inec
1860 4454 1956 4509 ob-

2046 1871 2162 1910 men
2214 1856 2284 1909 ad
2326 1857 2462 1925 quod
2503 1858 2848 1928 pervenimus,
2874 1859 2929 1913 in
2968 1860 3064 1913 hoc
3107 1861 3425 1917 ambulemus
3472 1859 3630 1933 (ΡΙιὶ-

2047 1953 2140 2017 lip.
2174 1967 2253 2015 nt,
2287 1952 2497 2021 15-16).
2531 1952 2659 2018 Qum.
2688 1968 2809 2007 cum
2857 1954 2927 2008 ita
2979 1956 3111 2021 sint,
3152 1956 3277 2023 quid
3324 1955 3392 2012 de
3422 1956 3628 2011 hisdem

2047 2044 2480 2113 Philippensibus
2507 2044 2797 2111 credimus,
2841 2045 3035 2116 quibus
3062 2047 3277 2103 dicebat
3313 2048 3628 2113 Apostolus,

2046 2135 2185 2206 quod
2218 2136 2374 2191 aliter
2416 2136 2702 2202 sentirent,
2731 2145 2787 2192 et
2813 2152 2947 2206 quos
2980 2139 3254 2206 monebat,
3282 2150 3339 2194 ut
3367 2140 3420 2195 in
3457 2154 3524 2195 eo
3549 2137 3633 2194 in-

2048 2230 2202 2285 terim
2236 2230 2300 2282 ad
2334 2229 2473 2299 quod
2506 2231 3239 2301 pervenerantambularent,
3272 2232 3322 2287 id
3358 2242 3440 2288 est
3468 2232 3631 2302 proli-

2047 2331 2230 2377 cerent
2255 2321 2278 2373 ‘l
2304 2321 2594 2377 llmreticos
2624 2337 2753 2392 ergo
2776 2323 2910 2378 tales
2940 2324 3423 2393 pronuntiahimus,
3456 2339 3523 2379 an
3554 2324 3635 2379 in-

2048 2413 2232 2468 doctos
2278 2412 2617 2469 catholicos?
2656 2413 2763 2472 Sed
2795 2413 3075 2469 haereticos
3118 2415 3298 2471 dicere
3329 2430 3436 2469 non
3470 2414 3635 2470 audc-

2049 2503 2264 2569 bimus,
2321 2504 2513 2573 quibus
2560 2520 2680 2561 cum
2739 2514 2847 2560 tota
2904 2505 3144 2561 Ecclesia
3197 2506 3635 2562 communicabat

2051 2595 2359 2663 Apostolus.
2379 2596 2557 2651 ReSIat
2583 2597 2745 2665 igitur
2770 2607 2826 2651 ut
2845 2611 2959 2662 eos,
2986 2597 3112 2652 licet
3126 2598 3392 2663 indoctos,
3408 2607 3464 2653 et
3480 2598 3636 2653 aliter

2050 2707 2209 2762 quam
2227 2693 2387 2747 docet
2406 2692 2603 2747 veritas
2625 2692 2940 2758 sentientes,
2965 2691 3261 2747 catholicos
3283 2700 3459 2746 tamen
3475 2691 3638 2747 fuisse

2051 2786 2313 2842 dicamus.
2342 2786 2452 2841 Nec
2500 2801 2607 2841 non
2637 2796 2691 2841 et
2720 2786 3134 2842 Colossensibus
3165 2787 3235 2841 ita
3264 2784 3451 2840 scribit
3479 2802 3495 2840 :
3525 2784 3638 2838 Etsi

2053 2900 2268 2954 corpore
2282 2883 2461 2939 absens
2483 2900 2615 2951 sum,
2641 2886 2731 2939 sed
2752 2884 2939 2950 spiritu
2962 2883 3221 2936 uobiscum
3244 2898 3359 2935 sum
3374 2896 3393 2935 :
3415 2880 3640 2952 gaudens

2052 2987 2099 3033 et
2126 2977 2303 3033 videns
2329 2976 2563 3032 ordinent
2608 2986 2853 3044 vestrum,
2885 2984 2929 3029 et
2961 2974 3014 3027 id
3048 2975 3188 3045 quod
3220 2976 3357 3028 deest
3403 2972 3640 3026 utilitatis

2060 3072 2183 3140 ﬁdei
2208 3080 2385 3127 vestrm
2417 3069 2641 3143 (Coloss.
2666 3085 2726 3135 ιι,
2764 3069 2847 3139 5).
2889 3068 3134 3138 Nunquid
3180 3083 3309 3138 ergo
3361 3064 3642 3122 debuimus

2057 3165 2190 3222 istos
2239 3164 2521 3220 haereticos
2568 3163 2799 3231 dicere,
2825 3162 3079 3233 quoniam
3111 3160 3328 3215 videbat
3358 3159 3644 3229 Apostolus

2058 3256 2197 3326 quod
2222 3256 2327 3311 illis
2350 3256 2415 3310 ad
2441 3256 2724 3311 utilitatem
2755 3254 2878 3310 fidei
2911 3254 3140 3309 deerat?
3170 3253 3328 3308 absit.
3353 3251 3485 3307 Nam
3515 3266 3645 3320 quo-

2057 3347 2217 3402 modo
2243 3348 2437 3418 spiritu
2480 3362 2602 3403 eum
2648 3346 2843 3402 talibus
2884 3346 3024 3402 idem
3067 3355 3212 3402 esset
3243 3344 3564 3415 Apostolus,
3593 3352 3647 3400 et

2056 3454 2241 3495 eorum
2285 3439 2459 3495 ordini
2498 3438 2903 3511 congauderet?
2933 3438 3011 3493 De
3041 3438 3128 3493 illa
3161 3453 3372 3508 quoque
3404 3438 3646 3504 muliere,

2058 3548 2177 3602 quas
2207 3531 2403 3588 eratin
2433 3532 2576 3587 fluxu
2602 3531 2879 3602 sanguinis
2893 3531 2961 3586 ah
2984 3532 3138 3585 annis
3164 3530 3231 3584 12
3258 3538 3312 3585 et
3338 3529 3391 3583 in
3415 3528 3649 3584 medicos

2058 3634 2381 3695 erogaverat
2424 3639 2640 3680 omnem
2683 3624 3041 3680 substantiam
3090 3635 3265 3685 suam,
3307 3636 3407 3677 nec
3432 3620 3501 3675 ab
3542 3619 3649 3675 ullo

2058 3716 2229 3784 potuit
2260 3718 2457 3781 curari,
2493 3714 2617 3783 quid
2645 3715 2986 3770 sentiendum
3016 3713 3141 3769 est?
3170 3712 3285 3767 Non
3309 3712 3449 3766 enim
3484 3711 3649 3765 Deum

2057 3808 2364 3863 crediderat
2394 3808 2692 3871 Christum,
2724 3821 2847 3862 cum
2892 3805 3153 3859 ﬁmbriam
3195 3800 3504 3857 vestimenti
3533 3799 3650 3870 eius

2058 3899 2364 3967 attingeret.
2399 3898 2529 3953 Nam
2560 3897 2775 3952 dicente
2804 3896 3061 3960 Domino,
3095 3894 3221 3960 Quis
3250 3902 3325 3948 est
3354 3893 3442 3961 qui
3470 3908 3550 3945 me
3581 3902 3651 3946 te-

2058 3996 2173 4061 tigit
2200 3994 2224 4046 ?
2252 3999 2309 4047 et
2339 3989 2701 4053 respondente
2745 3988 2906 4043 Petro
2934 3998 2989 4042 et
3017 3988 3105 4056 qui
3157 4002 3277 4041 cum
3329 3986 3421 4041 illo
3447 3995 3602 4040 erant
3633 4003 3647 4041 :

2061 4084 2374 4155 Pra‘eeptor,
2403 4080 2565 4135 turbt:
2606 4090 2652 4133 te
2698 4080 3042 4147 comprimunt
3084 4086 3129 4131 et
3168 4078 3417 4149 aﬂligunt,
3450 4086 3497 4129 et
3524 4077 3651 4131 dicis

2058 4177 2172 4246 quis
2194 4190 2273 4227 mc
2295 4173 2452 4242 tetigit
2477 4170 2631 4243 (Luc.
2656 4184 2773 4235 vm,
2802 4168 2932 4239 ιδῃ
2966 4183 3287 4238 rursumque
3311 4169 3540 4222 Domino
3571 4167 3652 4221 di-

2058 4275 2214 4323 cente
2244 4282 2256 4318 :
2293 4263 2483 4333 Tetigit
2525 4279 2606 4316 me
2633 4262 2819 4332 aliquis
2847 4278 2865 4315 :
2904 4276 3024 4314 nam
3056 4276 3148 4333 ego
3176 4260 3296 4314 novi
3330 4259 3564 4313 uirtutem
3592 4258 3654 4312 de

2059 4375 2138 4414 me
2161 4358 2326 4413 exisse
2350 4353 2537 4428 (lbid.,
2568 4352 2684 4420 46),
2718 4368 2814 4408 nec
2848 4354 3108 4422 prodente
3148 4351 3273 4420 quid
3306 4350 3504 4405 factum
3539 4350 3655 4405 fue~

2061 4453 2129 4509 rit
2169 4461 2227 4506 ut
2255 4451 2342 4505 illa
2374 4448 2550 4519 potius
2592 4461 2712 4517 qua:
2737 4452 2920 4501 sanata
2954 4454 3090 4511 erat,
3142 4444 3295 4498 testis
3326 4441 3526 4496 divime
3550 4443 3657 4496 vir-

368 4545 587 4599 stinatio
616 4543 839 4600 haeresis
869 4543 1112 4599 habenda
1143 4544 1236 4610 sit,
1270 4543 1487 4613 majoris
1514 4552 1598 4599 est
1618 4546 1949 4615 quaestionis,
1984 4525 2035 4585 Ῑ)
2062 4547 2189 4603 tutis
2233 4544 2520 4607 existeret,
2548 4541 2686 4595 sicut
2733 4539 2802 4594 ibi
2848 4548 3067 4593 secutus
3107 4536 3434 4607 evangelista
3483 4534 3651 4591 dicit:

365 4644 418 4691 et
446 4635 740 4690 intentione
766 4636 789 4669 ³
813 4635 972 4706 hujus
1003 4636 1184 4704 operis
1212 4635 1437 4691 alienae:
1468 4652 1611 4693 nunc
1652 4638 1795 4707 quod
1828 4656 1954 4709 pro-

367 4725 645 4795 posuimus
674 4743 1051 4798 exsequamur.
1077 4729 1310 4784 Dicimus
1341 4744 1491 4799 ergo,
1518 4729 1659 4799 quod
1691 4735 1898 4787 alienus
1922 4748 1952 4787 a

370 4815 687 4883 Christosit
710 4821 886 4876 omnis
934 4821 1236 4878 haereticus.
1283 4823 1574 4878 Corinthiis
1620 4836 1797 4880 autem
1828 4827 1956 4883 dicit

371 4911 664 4979 Apostolus
689 4930 701 4964 :
735 4911 859 4966 Non
891 4914 1034 4981 potui
1068 4914 1206 4982 loqui
1235 4914 1372 4968 vobis
1394 4923 1633 4985 tanquam
1662 4916 1681 4947 ³
1712 4919 1960 4987 spiritua-

372 5003 523 5072 lt'bus,
551 5004 642 5059 sed
678 5006 826 5076 quasi
853 5005 1183 5058 carnalibus:
1212 5013 1461 5081 tanquam
1488 5006 1718 5075 parvulis
1738 5007 1793 5060 in
1816 5006 1964 5063 Chri-

444 5172 471 5202 ι
493 5161 784 5229 Utriusque
806 5161 1017 5231 cognati
1046 5161 1224 5216 multis
1252 5161 1303 5216 in
1349 5162 1505 5216 rebus
1533 5174 1746 5215 errores
1772 5176 1834 5216 ac
1854 5161 1951 5217 de-

371 5235 489 5291 liria
537 5233 771 5298 fuerunt,
807 5247 903 5301 par
952 5232 1173 5300 proinde
1211 5233 1468 5287 adversus
1513 5248 1696 5287 sacras
1747 5234 1953 5289 litteras

372 5306 618 5362 audacia.
650 5303 799 5371 Quod
829 5318 959 5373 ergo
987 5304 1053 5357 de
1084 5303 1390 5359 Manichais
1427 5305 1490 5357 ad
1523 5304 1792 5358 solitarius
1814 5306 1952 5359 scri~

374 5386 553 5446 psi-rat
600 5376 941 5440 Athanasius,
991 5374 1129 5429 lictis
1161 5374 1285 5429 illos
1332 5376 1799 5446 dissertationibus
1843 5375 1956 5431 suis

372 5445 577 5502 divinas
598 5448 900 5514 Scripturas
925 5447 1309 5510 adulterantes,
1340 5445 1548 5500 fabulas
1579 5461 1816 5501 narrare.
1848 5459 1955 5502 Ma-

373 5528 562 5593 γιέαῑοι
588 5523 707 5591 γὰρ,
734 5518 925 5593 inquit,
946 5518 1313 5593 ιισιπηλεύοντες
1342 5521 1432 5579 τὰς
1461 5522 1818 5593 θείαςῗγραφάς
1845 5526 1957 5593 rei:

375 5589 569 5646 ἕάύτῶν
598 5589 939 5651 ἡέπιπλάστοις
968 5590 1126 5662 λόγοις
1174 5592 1554 5665 μυθολογοῦσιν.
1601 5589 1710 5647 Huc
1731 5589 1808 5648 'de
1834 5589 1956 5647 Ori-

448 5751 466 5783 ¹
494 5748 626 5804 Cod.
648 5748 869 5818 Veram,
902 5749 1103 5805 docere.

446 5821 471 5855 ³
492 5819 812 5893 ldem_cod.,
832 5823 897 5877 ab
920 5822 1223 5881 intentione.

2074 4639 2263 4695 Videas
2307 4646 2476 4690 autem
2520 4633 2705 4687 mulier
2745 4633 2865 4702 quia
2909 4648 3010 4686 non
3066 4631 3245 4697 latuit,
3276 4638 3494 4682 tremens
3524 4630 3656 4682 venit

2064 4731 2256 4807 (lbid.,
2281 4730 2394 4799 47),
2425 4713 2472 4782 et
2511 4727 2729 4798 procidit
2770 4734 2890 4779 ante
2917 4727 3068 4797 pedes
3101 4725 3285 4778 illius:
3315 4732 3368 4778 et
3399 4724 3469 4775 oh
3497 4736 3655 4788 quam

2065 4839 2281 4879 causam
2309 4822 2457 4876 illum
2483 4814 2758 4888 tetigerat,
2787 4818 3041 4873 indicavit
3062 4832 3243 4871 coram
3270 4815 3417 4870 omni
3441 4815 3659 4883 populo,

2066 4925 2125 4972 ct
2152 4913 2605 4985 quemadmodum
2631 4910 2913 4966 confestim
2935 4920 3119 4965 sanata
3143 4909 3231 4962 sit.
3262 4907 3424 4976 Igitur
3445 4921 3508 4959 ex
3540 4920 3659 4958 ver-

2067 5009 2151 5063 bis
2182 5008 2339 5062 Luca:
2392 5005 2659 5062 dicentis:
2698 5004 2886 5060 Videtis
2930 5014 3098 5059 autem
3151 5000 3333 5054 mulier
3381 5000 3504 5071 quia
3557 5012 3660 5051 non

2063 5162 2290 5237 genead
2317 5161 2526 5237 Menam
2555 5162 2798 5237 scribens
2827 5160 2995 5215 itmuit
3018 5157 3369 5237 Justinianns,
3398 5154 3547 5237 illum
3571 5168 3658 5237 sa-

2062 5227 2182 5292 cras
2204 5236 2413 5290 litteras
2436 5236 2488 5289 iu
2515 5235 2750 5311 snt-ciem
2778 5230 3209 5311 interpretaudas
3232 5227 3536 5311 suscepisﬁe
3555 5227 3659 5311 ,Ξνρι

2062 5316 2162 5365 τῶν
2193 5307 2427 5366 Ἑλλήνων
2450 5297 2773 5379 atrocior/iac,
2786 5306 2880 5379 uoti
3016 5300 3511 5379 Μοινιχαίκὴξμῦιζοῆ
3532 5297 3661 5379 1]λά-

2064 5403 2171 5451 vna
2198 5368 2489 5451 gemma;
2542 5386 2595 5429 ut
2640 5368 2902 5451 qentilium
2954 5368 3186 5441 fabulas,
3220 5381 3266 5425 et
3308 5368 3660 5424 Manichat’coo

2066 5450 2246 5522 quibus
2270 5439 2538 5522 laborabat
2559 5439 2756 5522 errores
2776 5439 3064 5522 induceret.

2138 5522 2167 5563 δ
2197 5520 2539 5591 ἀποκαλύψει,
2570 5516 2827 5572 reuelabit.

2148 5740 2170 5773 ⁸
2194 5739 2337 5796 Idem
2381 5738 2527 5806 cod.,
2557 5737 2725 5809 quasi.

2152 5811 2175 5843 ⁸
2198 5811 2340 5869 Idem
2370 5810 2489 5866 cod.
2503 5851 2516 5878 ,
2542 5809 2808 5883 mysterio.
