4104 6360
515 250 612 311 127

1608 257 1907 322 nouam
1931 261 2138 323 EPlSC.
2173 226 2678 328 uenumnsnsré

518 374 687 444 latuit,
713 373 1060 447 intelligimus
1083 375 1204 446 quia
1226 377 1303 433 sle
1330 379 1576 449 tetigerat
1597 387 1655 437 ut
1677 381 1907 440 lateret:
1933 383 2100 442 latere
2133 387 2180 448 Α
2207 389 2432 456 ciperet,
2461 385 2611 458 quasi
2641 385 2926 455 nescienti,
2953 385 3092 443 sicut
3118 389 3173 443 et
3195 385 3283 443 illa
3317 386 3512 444 mulier
3534 403 3662 460 qua:
3699 402 3864 445 san-

518 479 696 526 autem
729 481 889 540 posse
910 483 1012 526 non
1039 470 1279 527 crederet
1312 473 1500 529 Deum.
1533 475 1807 534 Christum
1840 495 1966 550 ergo
1996 497 2100 537 non

524 567 686 622 [leum
711 564 1037 632 crediderat,
1069 582 1226 638 quem
1251 567 1419 626 latere
1446 585 1602 639 posse
1623 573 1943 643 crediderat,
1969 578 2105 634 adeo

518 665 574 712 ut
603 658 742 728 quod
775 657 829 713 in
855 672 913 715 se
959 658 1154 714 factum
1185 660 1368 728 sciret,
1403 659 1745 721 indicandum
1779 671 1826 723 ei
1870 679 2102 739 putaret.

517 751 606 808 Sic
637 750 778 806 enlm
823 759 878 808 et
901 752 1037 807 alius
1074 753 1239 808 refert
1283 758 1650 826 evangelista:
1689 750 1882 816 Mulier
1934 775 2105 820 autem

517 845 699 900 timens
726 853 772 899 et
795 854 1032 910 tremens,
1065 847 1228 902 sciens
1257 849 1392 912 quod
1419 851 1611 918 factum
1639 861 1769 907 esset
1795 854 1845 907 in
1873 870 1946 922 ae,
1971 855 2106 912 venit

517 947 563 992 et
583 939 802 1009 procidit
829 951 948 994 ante
968 955 1103 1005 eum,
1129 949 1178 996 et
1203 941 1333 996 dixit
1349 944 1394 997 ei
1417 953 1616 998 omnem
1634 945 1891 1001 veritatem
1911 947 2102 1020 (Marc.

517 1030 728 1097 v,‘3‘5):
763 1041 821 1086 ut
856 1033 996 1102 quod
1044 1035 1187 1103 prius
1238 1049 1453 1106 aegrotas
1507 1035 1680 1106 pudor
1709 1040 2100 1109 absconderat,

518 1140 659 1181 sanie
691 1125 906 1182 devotio
931 1128 1204 1183 fati-retur.
1244 1129 1308 1183 Et
1339 1129 1582 1188 fortassis
1613 1134 1735 1189 ideo
1760 1147 1903 1191 retro
1932 1138 2108 1208 tetigit

517 1217 814 1288 Christum,
850 1226 909 1273 ut
955 1221 1074 1289 ipso
1102 1235 1314 1291 quoque
1341 1229 1459 1278 actu
1508 1225 1776 1296 signaret,
1807 1228 1947 1299 quod
1998 1247 2104 1287 non

518 1313 634 1383 ejus
663 1313 924 1380 anterius,
956 1329 1061 1384 quo
1093 1315 1348 1384 prarccdit
1399 1319 1600 1384 omnia,
1639 1322 1930 1377 secundum
1961 1326 2104 1393 quod

519 1407 717 1464 dictum
745 1416 826 1464 est
854 1425 868 1463 :
901 1405 966 1462 In
993 1411 1246 1482 principio
1287 1422 1398 1466 erat
1437 1412 1682 1480 Verbum,
1728 1417 1823 1471 sed
1863 1413 2107 1473 humani-

520 1509 701 1568 tatem,
735 1516 837 1570 qua
871 1510 1053 1572 postea
1092 1498 1313 1558 Verbum
1364 1521 1482 1559 raro
1511 1511 1706 1578 factum
1745 1519 1821 1564 eat
1858 1507 2038 1578 (Joan.
2067 1523 2103 1575 t,

517 1591 571 1658 Ι,
607 1590 718 1664 14),
753 1592 857 1647 fide
886 1595 1188 1664 contigerit.
1238 1595 1388 1651 Sicut
1435 1601 1576 1653 enim
1628 1601 1781 1656 nobis
1831 1601 1897 1657 ad
1925 1619 2105 1660 rerum

516 1684 957 1752 signiﬁcationem
1019 1688 1184 1743 verba
1241 1701 1366 1745 sunt
1420 1692 1577 1761 data,
1631 1694 1709 1750 sic
1765 1697 2106 1768 omnipotens

2207 478 2384 549 guinis
2415 479 2558 535 fluxu
2589 487 2772 536 curata
2803 489 2910 545 est,
2943 479 3284 536 iudicandum
3336 483 3540 551 putavit
3567 482 3795 536 dicens
3837 495 3858 536 :

2207 568 2451 637 Domine,
2475 573 2590 642 jam
2622 573 2769 643 fetet,
2801 573 3183 643 quatriduoaut
3207 573 3342 626 enim
3363 581 3434 627 est
3467 569 3665 645 (Ibid.,
3705 572 3850 642 59).

2207 661 2318 718 Cur
2340 675 2468 733 ergo
2497 679 2603 718 non
2626 674 2679 719 et
2705 664 2834 718 istas
2857 664 3148 720 familiares
3170 663 3382 718 Christo
3409 677 3680 735 personas
3707 666 3849 719 hae-

2210 757 2406 813 retlcas
2440 759 2608 814 fuisse
2633 757 2899 824 dicamus,
2923 758 2967 814 si
3014 767 3066 814 et
3101 759 3398 828 ignorantia
3429 760 3669 828 simplex
3699 759 3847 839 hie-

2207 851 2436 906 reticdm
2482 850 2654 906 facit?
2685 851 2792 904 lmu
2829 863 2924 906 cur
2955 866 3060 908 non
3110 866 3298 907 omnes
3345 850 3437 908 Dei
3469 852 3721 907 cultores
3757 851 3845 906 ab

2207 939 2359 996 initio
2391 942 2599 1010 mundi,
2633 943 2723 1012 qui
2754 942 2837 998 vel
2867 944 3006 998 sicut
3049 942 3321 1006 Corinthii-
3339 949 3399 1004 et
3425 943 3841 1012 Philippenses

2208 1040 2372 1103 atque
2397 1035 2767 1101 Colossenses,
2794 1035 2879 1090 vel
2910 1035 3045 1090 sicut
3067 1034 3184 1089 latae
3214 1037 3487 1100 mulieres,
3510 1039 3699 1090 minus
3723 1037 3839 1088 ali-

2207 1129 2338 1199 quid
2369 1129 2647 1184 credentcs
2678 1127 2746 1183 de
2781 1129 2862 1182 bis
2891 1145 3120 1196 quorum
3155 1130 3263 1184 llde
3301 1131 3648 1194 inundamur,
3691 1144 3835 1184 san-

2207 1231 2347 1276 etam
2385 1231 2441 1276 et
2475 1219 2773 1290 simplicem
2814 1219 2978 1275 vitam
3013 1222 3067 1276 in
3100 1231 3489 1290 praeceptorum
3542 1218 3638 1274 Dei
3685 1221 3836 1303 obe-

2209 1315 2411 1370 dientia
2436 1316 2717 1370 ﬁnierunt?
2739 1315 2848 1370 lioc
2871 1321 2954 1369 est
2980 1324 3155 1370 autem
3183 1317 3396 1377 mirum,
3415 1315 3556 1383 quod
3581 1323 3631 1366 et
3662 1312 3828 1366 illius

2215 1405 2454 1461 mulieris
2483 1420 2602 1475 quia
2634 1405 2733 1459 fuit
2781 1405 2831 1460 in
2871 1404 3016 1460 ﬂuxu
3055 1405 3329 1474 sanguinis
3383 1403 3706 1472 imperfecta
3770 1412 3831 1457 et

2211 1499 2428 1568 parvula
2456 1497 2608 1556 ﬁdes.
2641 1498 2928 1567 perfectam
2955 1507 3009 1553 et
3040 1513 3284 1567 magnam
3308 1497 3475 1565 exigit
3511 1497 3579 1549 dc
3609 1495 3827 1549 Christi

2213 1589 2424 1660 justitia
2465 1591 2775 1657 sanitatem,
2819 1588 3009 1646 harum
3035 1605 3163 1646 vero
3193 1598 3463 1654 sororum,
3492 1590 3828 1657 stupendatn

2215 1688 2507 1759 promeruit
2536 1687 2877 1758 quatriduani
2908 1685 3090 1742 fratris
3119 1685 3594 1742 resurrectionem.
3629 1685 3697 1738 At
3725 1696 3826 1736 no-

518 1778 682 1847 Deus,
715 1781 870 1850 cujus
902 1786 1150 1851 potestati
1198 1785 1436 1856 subjecta
1478 1795 1603 1842 sunt
1627 1791 1829 1858 omnia,
1863 1799 1915 1847 et
1957 1793 2109 1864 cujus
2144 1786 2186 1851 Β
2214 1787 2346 1848 ειη,
2391 1797 2510 1852 «ιυω
2538 1781 2691 1836 "libis
2719 1787 2923 1836 “illum
2957 1791 3148 1851 πιθεηει
3180 1779 3392 1834 ﬁdem?
3439 1785 3610 1847 διιιυε
3638 1777 3823 1847 item"

519 1874 782 1944 sapientia
813 1875 1162 1944 singulariter
1210 1875 1356 1934 nmit
1395 1882 1444 1936 in
1477 1898 1630 1937 usum
1663 1884 1918 1941 doctrina:
1945 1893 2106 1944 etiam

517 1964 844 2021 voluntarios
868 1969 1223 2025 nescientium
1260 1981 1434 2028 motus
1475 1976 1858 2034 convenienter
1886 1989 2104 2048 aptare,

518 2069 859 2126 quascunque
884 2071 969 2112 res
992 2060 1222 2116 voluerit
1247 2074 1368 2117 actu
1396 2075 1656 2121 creatura:
1686 2084 1800 2122 suae
1819 2071 2105 2141 signiﬁcat.

521 2147 676 2204 Unde
701 2163 805 2203 non
837 2148 1127 2221 incongrue
1160 2162 1286 2224 puto
1312 2158 1452 2225 quod
1495 2158 1616 2214 ideo
1647 2170 1698 2214 et
1745 2162 1811 2216 ad
1843 2163 2105 2220 fimbriam

519 2249 721 2296 tantum
769 2242 1077 2298 vestimenti
1128 2244 1245 2315 ejus
1271 2249 1532 2316 accessit,
1565 2267 1686 2321 qua:
1732 2267 1830 2324 pro
1859 2270 2107 2312 mensura

519 2333 642 2391 fidei
671 2348 782 2390 sure
815 2349 917 2390 n0n
951 2339 1122 2406 potuit
1149 2339 1217 2393 ad
1249 2341 1622 2398 excellentiam
1666 2346 1962 2418 majestatis
1994 2351 2110 2418 ejus

521 2428 815 2495 accedere;
844 2428 938 2484 scd
966 2431 1030 2484 ad
1061 2429 1114 2485 id
1143 2429 1284 2500 quod
1318 2433 1416 2502 pia:
1447 2435 1830 2495 incarnationis
1871 2441 1984 2507 fuit,
2017 2458 2110 2510 per

520 2535 678 2588 quam
712 2520 996 2576 inclinatus
1028 2524 1080 2577 in
1113 2531 1284 2578 terras
1318 2521 1603 2583 humilitati
1636 2538 1832 2586 nostrae
1885 2535 2109 2603 propin-

521 2611 680 2681 quior
710 2612 876 2666 lactus
901 2621 1002 2671 est.
1036 2611 1145 2670 Nec
1175 2617 1393 2684 mirum,
1424 2617 1470 2673 si
1519 2619 1650 2674 fides
1682 2622 1837 2693 hujus
1871 2621 2110 2681 mulieris

521 2703 681 2760 fuerit
715 2703 1051 2774 imperfecta,
1083 2707 1163 2762 vel
1196 2709 1338 2778 quod
1384 2711 1436 2766 in
1466 2710 1577 2782 ipsa
1606 2715 2013 2785 impe'rfcctione
2042 2713 2110 2774 de

520 2794 714 2851 Christi
745 2797 1111 2856 misericordia
1140 2805 1399 2874 receperit
1423 2808 1726 2879 sanitatem,
1752 2825 1878 2866 cum
1903 2813 1953 2866 in
1980 2807 2109 2884 ipsis

521 2905 730 2962 quoque
757 2892 1004 2949 videatur
1048 2898 1304 2966 apostolis
1354 2900 1486 2956 tales
1517 2899 1723 2971 aliquos
1757 2905 1940 2973 fuisse,
1973 2909 2112 2963 sicut

521 2981 624 3039 lam
654 2985 722 3041 de
735 2985 939 3042 Thema
967 2987 1290 3062 etPhilippo
1311 2993 1608 3063 docuimus,
1634 3013 1729 3068 per
1754 3015 1911 3070 quam
1932 3008 2109 3058 tamen

523 3076 744 3134 virtutes
776 3081 1120 3147 perﬁciebant
1171 3085 1223 3138 in
1257 3086 1479 3154 populo.
1531 3087 1639 3144 Nec
1680 3086 1997 3149 incredibile
2042 3096 2112 3150 sit

2213 1885 2320 1942 cta,
2349 1883 2540 1932 utnon
2580 1889 2861 1946 parcamus
2904 1878 3161 1940 mortuis,
3201 1874 3284 1930 vel
3326 1874 3370 1929 si
3419 1882 3609 1928 verum
3667 1881 3820 1926 esset

2213 1967 2354 2039 quod
2386 1967 2604 2033 dicitur,
2650 1964 2998 2037 imperfectis,
3051 1981 3149 2023 nec
3181 1973 3404 2037 parvum
3433 1965 3578 2019 valet
3610 1962 3819 2031 aliquid

2219 2061 2528 2130 impetrare.
2559 2060 2904 2129 Disputamus
2955 2059 3291 2117 incessanter
3341 2069 3503 2131 atque
3533 2058 3819 2114 incondite

2213 2151 2280 2208 de
2305 2153 2423 2208 ﬁdet
2446 2153 2766 2208 Christianas
2787 2152 3145 2223 dogmatibus,
3162 2150 3408 2208 volentes
3432 2153 3482 2206 in
3513 2150 3814 2220 reprehen-

2214 2247 2365 2301 sione
2393 2247 2617 2300 alit‘trum
2649 2245 2793 2300 docti
2818 2253 2872 2299 et
2910 2245 3145 2315 religiosi
3176 2244 3344 2299 videri
3374 2253 3464 2298 :et
3498 2253 3622 2311 quae
3654 2255 3815 2296 reve-

2215 2349 2398 2397 renter
2423 2354 2686 2410 parceque
2711 2338 2984 2394 tractanda
3016 2347 3159 2405 sunt,
3191 2337 3432 2394 caelestia
3462 2338 3662 2406 passim
3690 2347 3812 2407 my-

2217 2435 2379 2490 steria
2413 2433 2754 2490 ventilamus.
2784 2431 3071 2503 Inanejam
3105 2447 3297 2486 nomen
3320 2432 3400 2486 eis
3429 2431 3680 2486 relictum
3703 2437 3812 2491 est,

2216 2539 2321 2596 quo
2355 2536 2479 2580 sunt
2520 2533 2823 2594 nuncupata
2866 2523 3140 2593 mysteria.
3177 2522 3307 2578 Nam
3340 2521 3479 2577 inter
3505 2523 3708 2577 otiosas
3736 2521 3813 2572 fa-

2217 2618 2370 2674 bulas
2388 2625 2440 2672 et
2467 2618 2712 2688 vulgares
2739 2615 3007 2671 habentur
3029 2616 3346 2670 necessarite
3371 2622 3427 2669 et
3455 2613 3643 2683 paucis
3665 2623 3812 2665 com-

2216 2713 2488 2767 mittenda:
2512 2711 2631 2766 fidei
2655 2711 3006 2781 quaestiones.
3036 2709 3100 2764 Et
3125 2710 3176 2764 in
3198 2707 3280 2763 his
3301 2708 3557 2762 omnibus
3572 2705 3811 2761 videmur

2217 2803 2368 2858 nobis
2388 2815 2603 2859 causam
2630 2802 2840 2872 pietatis
2866 2817 3048 2873 agere,
3073 2801 3466 2856 conturbantes
3492 2800 3809 2866 Eceiesiam,

2215 2895 2270 2950 in
2302 2896 2455 2965 cujus
2483 2910 2615 2965 pace
2637 2880 2927 2950 defunctos
2954 2907 3051 2964 pro
3085 2894 3326 2964 parvula,
3352 2895 3492 2948 sicut
3523 2902 3774 2962 putamus
3793 2932 3810 2957 ,

2219 2987 2322 3042 ﬁde
2345 2988 2493 3043 velut
2519 2986 2802 3042 htereticos
2827 2986 3159 3051 abdicamus,
3189 2997 3308 3041 cum
3341 2985 3439 3054 ipsi
3468 2983 3699 3056 apostoli
3720 2983 3814 3038 ali-

2217 3078 2662 3147 quandn'fuerint
2690 3078 2744 3132 in
2795 3077 2900 3132 fide
2952 3076 3288 3147 imperfecti,
3321 3089 3594 3146 nunquam
3639 3087 3813 3130 tamen

523 3169 664 3239 quod
693 3169 819 3227 licet
849 3173 1014 3229 Deum
1049 3190 1152 3231 non
1186 3178 1432 3234 crederet
1463 3179 1761 3251 Christum,
1792 3185 2003 3242 dicebat
2035 3197 2108 3242 ta-

2218 3170 2489 3237 haeretici;
2514 3184 2744 3242 cumque
2770 3171 2948 3227 adhuc
2975 3183 3162 3241 parum
3187 3171 3254 3225 de
3273 3167 3488 3224 Christo
3509 3167 3813 3233 crederent,

525 3279 650 3318 men
693 3267 816 3334 quia
855 3269 939 3322 vel
987 3269 1031 3322 si
1081 3270 1454 3327 vestimentum
1498 3273 1616 3342 ejus
1672 3277 1928 3348 tetigero,
1964 3279 2110 3334 salva

523 3371 652 3410 ero:
685 3371 806 3412 cum
854 3359 1114 3429 scriptum
1155 3362 1225 3416 sit
1254 3364 1307 3417 in
1348 3363 1496 3420 Actis
1536 3371 1932 3436 apostolorum,
1968 3373 2109 3442 quod

523 3452 728 3502 tantum
759 3449 944 3505 lldeles
970 3443 1170 3507 Christi
1202 3455 1268 3509 de
1300 3456 1535 3527 ipsorum
1582 3476 1796 3531 quoque
1822 3463 2114 3533 discipulo-

523 3545 643 3592 rum
676 3539 793 3609 ejus
836 3542 1032 3599 virtute
1083 3542 1444 3614 crediderint,
1479 3557 1536 3605 ut
1582 3549 1686 3606 rion
1732 3555 1904 3608 solum
1954 3569 2114 3626 super

523 3631 800 3703 languidos
856 3635 1250 3693 deierrentura
1297 3655 1524 3711 corpore
1580 3639 1725 3699 Pauli
1769 3646 1981 3701 sudaria
2031 3651 2113 3706 vel

521 3724 851 3782 semicinctia
881 3741 896 3795 ;
930 3739 983 3784 et
1015 3729 1338 3788 recedebant
1377 3736 1446 3792 ab
1473 3733 1552 3791 eis
1583 3737 1888 3809 languores,
1918 3751 1971 3796 et
2001 3746 2113 3813 spi-

511 3817 656 3875 ritus
707 3836 932 3893 nequam
976 3825 1387 3896 egrediebantur
1418 3831 1556 3901 (Act.
1603 3847 1709 3898 arx,
1756 3831 1855 3905 18)
1886 3853 1898 3890 :
1932 3852 2112 3894 verum

523 3911 681 3967 etiam
701 3914 843 3984 quod
871 3919 1201 3975 credentium
1229 3921 1282 3976 in
1306 3913 1535 3978 Domino
1565 3926 1852 3984 multitudo
1877 3931 2112 3986 virorum

523 4017 585 4059 ac
619 4005 898 4061 mulierum
949 4010 1001 4064 in
1033 4012 1226 4080 plateis
1254 4013 1514 4083 ejicereut
1556 4017 1798 4074 inﬁrmos
1819 4063 1834 4086 ,
1863 4030 1916 4075 et
1948 4038 2112 4091 pune-

523 4107 644 4150 rent
669 4097 720 4151 iu
746 4097 953 4156 lectulis
976 4113 1029 4158 et
1058 4097 1319 4174 grabatis,
1352 4117 1410 4164 ut
1440 4111 1691 4165 veniente
1736 4113 1896 4168 l'etro
1925 4115 2112 4170 saltem

522 4188 710 4243 tnnbra
738 4189 886 4246 illius
917 4193 1268 4252 obumbraret
1309 4215 1626 4269 quemquam
1671 4217 1856 4259 eorum
1891 4204 2026 4278 (Act.
2061 4223 2111 4276 ν,

525 4279 716 4352 lii-lii)
745 4302 756 4337 :
787 4284 911 4339 dum
945 4297 1293 4345 concurreret
1339 4287 1624 4349 multitudo
1653 4294 1946 4353 vicinarum
1985 4299 2115 4354 civi-

523 4383 688 4432 tatum
728 4375 1056 4435 Hierusalem
1082 4423 1097 4448 ,
1132 4383 1416 4441 afferentes
1460 4397 1690 4457 aegrotos
1717 4399 1772 4446 et
1820 4405 2038 4448 vexatos
2083 4411 2112 4450 a

521 4469 800 4535 spiritibus
849 4471 1160 4542 immundis,
1195 4477 1299 4546 qui‘
1333 4480 1662 4537 curabuntur
1689 4499 1897 4539 omnes.
1933 4485 2110 4546 Placet

2222 3277 2469 3333 magnam
2503 3272 2822 3330 potestatem
2851 3269 3174 3332 acceperunt
3203 3264 3486 3332 Spirituuttt
3515 3261 3813 3315 immundo-

2221 3371 2360 3422 rum,
2393 3363 2451 3410 ut
2477 3357 2734 3426 ejicerent
2776 3370 2870 3411 eos
2901 3365 2954 3410 et
2983 3362 3238 3410 curarent
3260 3365 3478 3408 omnem
3505 3353 3811 3423 languorem

2218 3459 2272 3505 et
2295 3460 2509 3505 omnem
2543 3450 2935 3512 inﬁrmitatem,
2972 3451 3224 3504 mittente
3253 3461 3346 3502 eos
3377 3448 3626 3516 Domino,
3655 3454 3810 3517 atque

2217 3542 2506 3596 mandante
2539 3543 2585 3596 ιε
2620 3539 2816 3597 Euntes
2859 3540 3156 3612 prtrdleute,
3186 3539 3410 3593 dicentes
3433 3551 3452 3593 :
3476 3539 3597 3608 quia
3628 3547 3811 3609 appl'o-

2217 3635 2485 3706 pinquarit
2514 3643 2728 3704 regnum
2762 3633 3001 3687 calorum
3027 3645 3047 3684 θ
3072 3625 3308 3699 inﬁrmos
3359 3638 3555 3694 cut-tlte,
3589 3643 3811 3683 mor-Atos

2219 3727 2482 3791 auacitate,
2514 3726 2744 3791 leprosos
2789 3725 3056 3792 mandate,
3111 3725 3368 3778 dantonea
3396 3723 3564 3796 rjicrte
3589 3739 3608 3775 :
3658 3724 3810 3794 gratia

2217 3820 2502 3887 accepistis,
2528 3820 2685 3889 gratia
2706 3819 2826 3872 date
2848 3817 3056 3889 (Matth.
3082 3831 3135 3883 ι,
3161 3815 3214 3881 7,
3246 3817 3332 3887 8).
3362 3817 3418 3872 Si
3442 3829 3571 3871 vero
3592 3816 3808 3885 apostoli

2219 3925 2320 3966 nec
2345 3913 2397 3965 in
2432 3913 2550 3980 ipso
2576 3911 2896 3981 ignorantiae
2917 3923 3029 3965 suat
3052 3917 3296 3978 tempore
3318 3907 3530 3964 fuerunt
3555 3907 3806 3972 heretici,

2217 4019 2320 4075 qua
2353 4005 2564 4059 ratione
2587 4006 2870 4074 quisquam
2898 4017 2993 4059 eos
3021 4005 3109 4074 qui
3140 4002 3274 4058 tales
3300 4003 3368 4056 de
3392 4002 3492 4056 hac
3513 4003 3622 4057 vita
3644 4007 3807 4056 trans-

2217 4096 2416 4164 ierunt,
2442 4099 2710 4153 afﬁrmare
2734 4097 2902 4168 possit
2930 4094 3246 4152 interellcos?
3269 4105 3323 4151 et
3354 4097 3399 4150 si
3423 4096 3520 4161 illi,
3550 4099 3639 4166 qui
3666 4107 3797 4164 prte-

2216 4195 2423 4245 sentem
2457 4189 2723 4246 habebant
2750 4189 2920 4261 ipsam
2947 4189 3249 4259 incorpore
3277 4191 3579 4253 veritatem,
3615 4195 3800 4259 potue-

2217 4291 2344 4338 runt
2372 4282 2580 4352 absque
2619 4284 2848 4339 crimine
2890 4288 3048 4338 secus
3096 4281 3297 4353 aliquid
3339 4282 3407 4337 de
3437 4281 3532 4336 illo
3572 4284 3806 4336 minusve

2217 4373 2464 4440 sentire;
2511 4383 2609 4430 cur
2658 4375 2880 4431 haeresis
2930 4374 3144 4430 erimini
3195 4375 3517 4444 deputetur,
3577 4375 3622 4428 si
3670 4374 3805 4444 quis-

2216 4477 2375 4534 quam
2407 4467 2459 4521 in
2495 4466 2737 4523 Ecclesia
2787 4468 2988 4538 pietate
3039 4463 3322 4537 praeditus,
3356 4467 3684 4522 obedientiu:
3721 4466 3802 4521 de-

525 4560 702 4627 igitur,
732 4576 782 4614 Ut
809 4563 962 4617 istam
986 4582 1195 4637 quoque
1220 4571 1499 4628 munerem
1527 4576 1949 4635 condemnemus
1973 4567 2113 4639 inm”.
2143 4580 2192 4641 ι)
2218 4567 2394 4629 votus,
2422 4559 2695 4633 subjectus
2713 4571 2767 4619 et
2784 4555 2977 4618 habilis
2999 4561 3066 4618 ad
3087 4563 3427 4631 discendUm,
3452 4565 3611 4619 aliter
3635 4564 3704 4619 de
3725 4565 3801 4620 illa

526 4651 809 4705 hmretrcos
850 4667 942 4722 pro
974 4671 1035 4710 ea
1069 4658 1174 4713 ﬁde
1203 4675 1307 4729 qua
1335 4665 1512 4720 sanari
1567 4668 1778 4736 meruit,
1813 4679 1865 4725 et
1911 4671 1979 4728 de
2008 4691 2111 4746 qua

521 4745 566 4797 ei
629 4743 880 4801 lluminus
924 4747 1096 4803 dixit:
1132 4745 1310 4816 Filia,
1346 4756 1474 4844 ﬁdes
1507 4768 1593 4812 tua
1623 4769 1669 4813 te
1711 4760 1902 4816 salvam
1952 4743 2109 4836 fecit,

523 4838 648 4890 t‘tltle
679 4839 730 4890 in
757 4855 880 4908 pace
913 4839 1064 4911 (Luc.
1099 4858 1214 4910 vui,
1247 4844 1341 4918 48)
1367 4838 1410 4901 iv
1439 4850 1494 4905 Si
1527 4853 1668 4907 enim
1699 4853 1999 4912 damnanda
2032 4869 2113 4916 est

523 4931 861 4997 parvulorum
896 4934 1028 4990 fides
1048 4937 1115 4991 ah
1143 4939 1222 4993 eis
1252 4942 1340 5009 qui
1385 4959 1590 5014 magna:
1619 4957 1673 5003 et
1700 4949 1950 5026 perfectae
1984 4945 2108 5010 fidei

519 5021 620 5076 sibi
649 5024 929 5093 videntur,
962 5043 1059 5083 cur
1103 5046 1208 5085 non
1263 5043 1318 5089 et
1361 5034 1462 5088 ista
1503 5021 1830 5098 damnetur?
1861 5060 1956 5100 cur
2002 5063 2109 5104 non

517 5117 676 5182 etiam
708 5119 871 5174 Maria
893 5131 945 5175 et
967 5122 1173 5188 Martha
1204 5139 1419 5184 sorores
1445 5129 1656 5202 Lazari,
1682 5137 1934 5204 quoniam
1967 5149 2112 5196 utra-

516 5225 620 5279 que
655 5210 880 5270 llomiuo
903 5215 1040 5272 dixit
1065 5259 1078 5274 .
1104 5218 1166 5273 Si
1193 5220 1377 5289 fuisses
1404 5221 1512 5293 hic,
1546 5241 1644 5280 non
1671 5226 1848 5295 [uiaret
1877 5213 2111 5288 mortuus

518 5295 676 5373 frater
705 5322 846 5362 meus
874 5307 1050 5378 (Joan.
1087 5325 1162 5382 at,
1195 5314 1286 5382 2i,
1307 5314 1397 5384 52)
1423 5315 1448 5369 ⁸1
1475 5319 1650 5388 Quod,
1677 5321 1812 5375 sicut
1832 5322 1942 5392 jam
1974 5324 2111 5380 dixi-

517 5409 673 5462 mus,
728 5399 970 5466 profecto
1019 5418 1122 5458 non
1179 5403 1453 5475 dicerent,
1515 5408 1560 5463 si
1607 5409 1772 5468 Deum
1825 5413 2110 5472 crederent

516 5489 812 5547 Christum.
841 5491 971 5560 Quis
1000 5497 1142 5550 enim
1176 5496 1345 5566 Deum
1379 5500 1576 5564 alicubi
1603 5512 1753 5572 putet
1780 5504 2058 5566 absentem
2083 5509 2108 5564 1

519 5579 723 5634 Martha
769 5597 922 5649 vero,
955 5586 1115 5640 etiam
1165 5603 1284 5643 cum
1335 5593 1542 5648 veniret
1587 5595 1653 5651 ad
1697 5611 2104 5658 monumentum

518 5672 776 5729 Dominus
829 5687 879 5736 et
910 5677 1139 5747 lapidem
1165 5682 1254 5752 qui
1284 5688 1658 5760 superpositus
1682 5701 1797 5748 erat
1825 5691 1938 5752 tolli
1965 5710 2106 5768 prte-

589 5835 608 5868 '
637 5833 770 5892 Cod.
805 5835 1000 5898 Veron.
1011 5880 1027 5908 ,
1057 5841 1134 5896 ita
1158 5845 1451 5904 mandante.

2216 4657 2467 4722 senserit,
2498 4653 2640 4725 quod
2671 4656 3059 4726 reprehensum
3112 4655 3382 4725 corrigere
3431 4656 3502 4710 sit
3543 4659 3795 4726 paraturi?

2219 4751 2486 4817 Quocirca
2511 4768 2698 4809 omnes
2735 4754 2826 4825 qui
2857 4755 2907 4810 in
2941 4755 3264 4826 discipulam
3294 4765 3418 4811 sum
3446 4758 3711 4822 veritatis,
3755 4766 3800 4812 et

2217 4842 2540 4914 semetipsos
2589 4846 2782 4901 rationi
2819 4846 3024 4902 dociles
3075 4855 3128 4902 et
3175 4847 3452 4918 siibjectos
3501 4847 3798 4904 auctet-itali

2220 4935 2458 5005 praebent
2491 4935 2768 5005 Ecclesiae,
2821 4935 2866 4993 si
2909 4937 3064 4994 aliter
3093 4941 3305 5009 sapiant
3351 4935 3540 4995 dehis
3583 4951 3797 5010 qtterttm

2217 5030 2320 5085 ﬁde
2354 5030 2707 5097 mundantur,
2749 5027 2834 5088 vel
2873 5039 3092 5104 propter
3122 5027 3432 5106 incapacem
3468 5045 3622 5089 suam
3657 5034 3800 5088 intel-

2214 5123 2509 5206 ligentiam,
2565 5129 2650 5184 vel
2707 5128 2885 5208 minus
2938 5144 3050 5188 rem
3105 5130 3590 5210 animadvertendo
3642 5144 3794 5200 quam

2213 5230 2350 5287 illius.
2369 5230 2492 5286 est.
2547 5221 2712 5290 impie
2758 5221 3147 5292 proculdubio
3204 5231 3461 5296 tauquam
3519 5221 3796 5282 hareticos

2215 5318 2631 5371 caseerantur'.
2664 5317 2764 5385 Qui
2807 5319 2950 5374 enim
2983 5321 3170 5375 statuit
3198 5320 3253 5376 in
3292 5321 3458 5376 corde
3487 5335 3586 5377 suo
3617 5321 3793 5374 firmus

2215 5409 2320 5494 hoc
2350 5423 2595 5492 credere,
2641 5425 2784 5499 quod
2813 5425 2866 5504 in
2895 5424 3092 5482 talibus
3121 5423 3363 5492 doctrina
3391 5431 3448 5478 et
3477 5422 3614 5480 ﬁdes
3644 5421 3794 5476 habet

2214 5514 2497 5585 Ecclesiae,
2543 5519 2788 5587 quamvis
2821 5534 2933 5575 non
2983 5520 3217 5590 perfecte
3255 5519 3440 5581 omnia
3484 5519 3554 5574 de
3603 5518 3795 5572 hisdem

2214 5609 2386 5680 sapiat
2418 5607 2499 5665 vel
2534 5611 2811 5682 loquatur;
2861 5613 2984 5684 quia
3032 5621 3210 5669 tamen
3253 5611 3495 5668 scientia!
3542 5625 3654 5666 sua:
3695 5623 3792 5664 non

2214 5702 2460 5772 conlidit,
2501 5713 2556 5759 et
2603 5705 2768 5760 multa
2808 5705 2863 5762 in
2911 5706 3105 5777 quibus
3146 5717 3292 5776 errat
3332 5714 3428 5764 aut
3465 5705 3696 5784 dubitat,
3731 5701 3792 5759 ait

2281 5864 2302 5896 ⁸
2327 5863 2468 5924 idem
2491 5863 2642 5928 cod..
2673 5879 3014 5924 exsecramur.
