4104 6360
1129 290 1264 346 PRO
1294 285 1721 349 DEFENIIONE
1762 288 1979 348 TRIUM
2014 290 2333 351 CAPITUL.
2376 294 2505 353 LIB.
2544 295 2663 353 XII.

3522 306 3628 363 850

348 406 588 466 Ecclesia
619 413 766 463 recte
793 406 962 463 teneri
993 420 1100 464 non
1144 406 1383 470 dubitat,
1426 406 1513 462 ubi
1556 407 1758 476 positus
1790 405 2014 471 velut‘A
2040 415 2145 475 tur,
2181 416 2438 478 quantum
2469 410 2521 465 in
2562 411 2661 465 hac
2695 410 2801 479 vita
2827 425 3145 471 concessum
3163 423 3278 485 est,
3309 418 3626 475 evaluerunt

346 505 397 559 in
430 500 614 558 schola
644 500 887 556 veritatis
912 501 1056 571 pium
1103 500 1264 557 habet
1302 500 1541 557 discendi
1566 503 1932 573 propositum;

345 610 450 651 non
478 605 560 650 est
594 592 857 649 dicendus
886 594 1133 649 inimicus
1172 594 1340 663 ipsius
1364 595 1625 661 veritatis,
1667 595 1810 666 quod
1854 607 1936 653 est

344 687 653 749 lmreticus.
699 687 805 743 sed
840 688 1194 755 periiciendus
1237 688 1413 758 potius
1463 687 1777 759 discipulus.
1830 691 1931 745 Int-

343 781 616 851 perfectus
646 780 745 835 iste
772 781 1017 848 proiecto
1045 782 1175 836 nihil
1211 784 1293 837 sui
1339 782 1519 838 cordis
1548 783 1929 841 adinventioue

340 875 631 941 coniictum
676 876 891 945 propria
940 878 1168 946 quadam
1211 878 1531 934 auctoritate
1569 880 1762 935 docere
1800 894 1936 949 prm-

340 966 527 1031 snmit,
556 966 695 1022 sicut
724 967 940 1037 quidam
998 969 1265 1037 haeretici,
1314 985 1489 1041 neque
1529 969 1649 1025 talia
1679 972 1934 1028 docentes

342 1059 615 1124 sequitur;
647 1058 741 1112 sed
771 1061 1077 1115 auctoritati
1106 1060 1402 1117 divinarum
1436 1063 1737 1118 litterarum
1759 1064 1935 1118 ‘inni-

344 1148 491 1216 timr,
551 1160 711 1219 atque
754 1150 843 1206 ubi
890 1167 1071 1208 earum
1106 1156 1124 1185 ⁸
1157 1153 1563 1223 intelligentiam
1620 1171 1724 1211 non
1776 1157 1933 1212 fuerit

344 1250 624 1296 assecutus
666 1244 752 1313 (in
791 1243 975 1299 multis
1007 1245 1301 1315 siquidem,
1345 1260 1441 1315 pro
1484 1247 1695 1301 illarum
1740 1264 1929 1319 magna

348 1334 732 1403 proluuditate,
760 1337 1024 1392 humanus
1052 1340 1247 1410 caligat
1277 1341 1569 1411 aspectus),
1604 1356 1932 1411 cognoscens

342 1426 471 1497 quid
501 1427 628 1483 inde
675 1430 920 1485 statuerit
951 1431 1272 1487 universalis
1305 1433 1564 1500 Ecclesia,
1618 1436 1789 1490 errori
1834 1451 1930 1493 suo

339 1520 429 1591 pia
470 1521 648 1577 cordis
696 1522 995 1580 humilitate
1027 1527 1316 1590 renuntiat.
1370 1530 1493 1597 quia
1522 1544 1793 1599 nunquam
1826 1526 1928 1586 sibi

339 1628 410 1669 ne
451 1615 608 1669 aliter
645 1626 860 1685 saperet
894 1617 1191 1673 interdixit.
1232 1620 1383 1674 Sicut
1422 1635 1551 1690 ergo
1590 1631 1712 1676 sunt
1756 1622 1930 1693 perle-

338 1696 536 1763 ctiores
565 1709 803 1778 quidam,
851 1712 939 1781 qui
986 1727 1179 1782 magno
1216 1714 1493 1782 sapientia:
1537 1715 1679 1769 dono
1724 1730 1928 1784 prawa-

340 1799 452 1854 ient
488 1810 668 1857 mente
706 1805 1084 1875 contemplari,
1127 1822 1245 1877 qua:
1284 1808 1656 1864 tantummodo
1687 1809 1927 1865 credun-

340 1900 427 1946 tur
455 1894 521 1949 ab
551 1895 669 1949 aliis
701 1896 754 1950 in
785 1894 933 1950 vita’
984 1897 1255 1967 perlectis,
1295 1901 1364 1954 ita
1395 1902 1547 1956 multi
1580 1911 1703 1957 sunt
1732 1903 1928 1974 imper-

338 1982 462 2037 fecti
490 1984 541 2037 in
569 1984 812 2041 Ecclesia
841 1986 1064 2053 Christi,
1116 1996 1168 2042 et
1199 1996 1377 2045 tamen
1410 1988 1463 2044 in
1502 1992 1765 2047 servanda
1806 1992 1923 2063 ejus

338 2078 546 2131 unitate
581 2077 842 2146 perfecti:
891 2080 1131 2148 quicum
1166 2096 1263 2151 per
1307 2084 1662 2153 ignorantiam
1696 2101 1844 2142 suam
1876 2093 1926 2144 in

336 2169 584 2239 plurimis
629 2180 834 2239 errent,
871 2171 922 2227 in
957 2175 1104 2228 nullo
1136 2182 1313 2230 tamen
1344 2191 1528 2235 errare
1565 2179 1789 2235 credunt
1827 2180 1928 2237 Ec-

337 2261 555 2317 clesiam
586 2263 737 2334 cujus
791 2279 850 2320 se
886 2266 1163 2322 confidunt
1208 2269 1413 2325 unitate
1456 2272 1673 2327 salvari.
1722 2273 1924 2341 Quam-

335 2354 521 2411 obrem
548 2357 633 2412 vel
660 2359 703 2413 si
737 2358 890 2414 nobis
924 2361 1278 2430 sapientiores
1307 2362 1573 2431 videmur,
1622 2381 1925 2436 quanquam

334 2450 595 2520 scriptum
640 2453 710 2507 sit
746 2451 884 2523 quod
918 2455 1088 2522 pietas
1129 2466 1209 2511 est
1256 2456 1564 2526 sapientia:
1618 2474 1724 2513 non
1763 2458 1926 2517 debe-

334 2556 454 2599 mus
506 2545 636 2600 istos
682 2546 773 2601 Dei
822 2548 1057 2603 cultores
1079 2548 1146 2604 ab
1192 2546 1429 2605 Ecclesia
1472 2551 1588 2621 ejus
1634 2552 1921 2622 expellere,

336 2648 437 2690 nec
464 2650 496 2689 a
527 2637 695 2691 muris
728 2637 855 2693 Sion
888 2639 1143 2709 spiritalis
1175 2640 1377 2711 ejectos
1410 2642 1546 2698 inter
1575 2645 1690 2714 ejus
1738 2645 1929 2701 adver-

334 2727 506 2782 sarios
536 2728 815 2797 deputare.
847 2728 1194 2799 Circumdate,
1250 2733 1423 2805 inquit
1454 2736 1733 2805 propheta,
1769 2737 1923 2805 Sion,

334 2831 379 2878 et
407 2826 803 2897 complectimini
837 2843 985 2893 eam;
1024 2836 1235 2882 narrate
1273 2829 1327 2883 in
1369 2832 1596 2884 turribus
1635 2834 1787 2903 ejus;
1830 2848 1925 2902 po-

334 2915 436 2970 nite
462 2918 619 2970 corda
644 2926 807 2971 vestra
846 2919 898 2972 in
928 2918 1112 2973 virtute
1139 2923 1271 2991 ejus,
1322 2932 1369 2976 et
1411 2920 1702 2977 distribuite
1746 2925 1926 2979 domos

334 3012 445 3081 ejus
470 3010 642 3081 (Psal.
682 3030 843 3078 xcv",
881 3015 1135 3085 i7);vel,
1168 3017 1313 3073 sicut
1341 3018 1427 3072 alii
1463 3020 1675 3075 codices
1704 3019 1923 3088 habent,

334 3102 635 3159 Distribuite
660 3107 845 3161 domus
876 3116 901 3145 ἰ
928 3106 951 3139 ⁸
980 3110 1175 3179 gradus
1220 3110 1350 3182 ejus.
1385 3110 1730 3168 Circumdare
1770 3114 1927 3182 igitur

2041 501 2328 569 attingere.
2374 502 2451 557 Illi
2502 503 2665 559 etiam
2718 504 2824 560 lida
2876 508 3242 565 tantummodo
3287 510 3509 581 perfecti
3560 511 3623 569 ad

2039 609 2163 650 eum
2196 595 2216 626 "
2244 596 2466 665 propius
2498 608 2867 653 accesserunt.
2893 600 2981 655 isti
3012 616 3141 657 vero
3162 602 3461 671 inferiores,
3490 619 3621 673 quns

2038 687 2195 743 tertio
2233 689 2400 759 gradu
2444 690 2743 759 posuimus,
2789 708 3092 763 quanquam
3125 710 3220 764 per
3265 696 3477 765 aliquod
3508 697 3620 751 ion-

2036 779 2153 849 gius
2184 780 2551 846 intervallum,
2587 782 2651 836 ad
2689 782 2828 837 idem
2873 795 3052 840 tamen
3087 787 3374 856 aspiciunt,
3413 799 3468 844 et
3500 789 3623 843 illuc

2037 868 2236 926 habent
2276 871 2528 926 veniendi
2580 873 2937 941 propositum.
2967 875 3067 942 Qui
3110 877 3155 932 si
3198 875 3436 945 haeretici
3482 879 3621 948 judi-

2033 972 2245 1029 centur,
2276 972 2439 1035 quota
2479 980 2602 1037 pars
2632 965 2808 1031 nobis,
2837 982 2941 1022 non
2975 970 3147 1024 dicam
3182 972 3250 1027 de
3278 973 3422 1027 omni
3447 974 3621 1041 plebe,

2034 1056 2131 1110 sed
2180 1061 2249 1111 de
2307 1058 2437 1124 ipsis
2511 1058 2880 1114 Ecclesiarum
2939 1063 3241 1130 praepositis
3290 1065 3622 1133 relinquetur

2035 1164 2153 1217 quae
2178 1150 2445 1204 catholica
2488 1149 2683 1206 debeat
2722 1150 2993 1221 judicari;
3040 1167 3161 1207 cum
3192 1163 3247 1209 et
3292 1155 3411 1219 illos
3441 1158 3622 1210 excel-

2034 1240 2281 1297 lentioris
2332 1242 2734 1313 intelligentia),
2798 1244 3120 1300 necessitate
3166 1246 3401 1315 suscepti
3449 1246 3616 1300 ollicii

2033 1350 2129 1406 per
2159 1336 2321 1391 ardua
2345 1336 2675 1407 gradientes,
2710 1352 3095 1407 nonnunquam
3130 1338 3313 1407 lapsos
3334 1338 3484 1392 sinus
3509 1341 3625 1407 pie-

2034 1432 2155 1484 tatis
2176 1430 2430 1499 excipiat,
2481 1444 2587 1498 qua
2628 1445 2687 1484 se
2731 1431 3037 1485 auctoritati
3081 1430 3317 1485 subdunt
3360 1430 3621 1486 Ecclesiza

2030 1522 2185 1592 cujus
2215 1520 2456 1591 magistri
2488 1532 2633 1587 sunt,
2672 1531 2733 1577 ut
2761 1537 2867 1577 non
2905 1522 3166 1592 glorietur
3192 1522 3368 1576 omnis
3396 1536 3525 1575 caro
3566 1521 3618 1575 in

2029 1623 2321 1682 conspectu
2361 1615 2518 1683 ejus?
2546 1612 2662 1669 Non
2693 1615 2851 1684 igitur
2876 1615 3100 1671 liceresis
3129 1615 3353 1670 dicenda
3381 1623 3487 1679 est,
3521 1615 3618 1668 nisi

2029 1704 2383 1761 contradictio
2412 1706 2767 1775 superborum
2792 1706 3063 1775 pervicax,
3097 1721 3214 1776 quas
3246 1707 3345 1762 sibi
3381 1719 3447 1761 ne
3471 1705 3613 1759 aliud

1957 1819 2003 1878 B
2031 1798 2199 1868 sapiat
2223 1796 2517 1864 interdicit,
2547 1807 2603 1854 et
2639 1800 2911 1855 admonita
2943 1801 3237 1857 contemnit
3278 1800 3621 1869 acquiescam

2034 1894 2271 1948 veritati.
2314 1893 2408 1947 illa
2451 1877 2619 1963 magis
2658 1893 3048 1949 contumaciter
3079 1894 3146 1947 ab
3184 1894 3421 1948 Ecclesia
3468 1908 3621 1962 sepa—

1974 1996 1977 1999 ‘
2032 1986 2140 2041 rari
2171 1986 2376 2057 deligit,
2428 1986 2510 2041 vel
2548 1988 2600 2040 in
2631 2000 2692 2041 ea
2722 1987 2911 2042 dolose
2954 1986 3141 2052 latere,
3192 2000 3351 2055 quam
3399 2000 3617 2055 pravam

2033 2088 2241 2133 mutare
2286 2080 2629 2133 sententiam.
2665 2079 2771 2133 Sed
2822 2080 3136 2148 ignorantes
3181 2079 3233 2132 in
3263 2093 3330 2132 eo
3360 2079 3618 2134 discerni-

2031 2186 2151 2227 mus
2176 2187 2206 2225 a
2235 2172 2471 2238 dolosis,
2520 2172 2645 2242 quia
2678 2185 2777 2226 nec
2818 2172 3115 2241 probantur
3152 2168 3486 2224 snl‘licienter
3522 2170 3617 2223 ali-

2030 2262 2243 2333 quando
2283 2263 2519 2334 correpti
2561 2278 2657 2334 pro
2688 2264 2771 2318 his
2799 2278 2919 2333 quae
2964 2262 3139 2318 minus
3162 2261 3489 2332 intelligunt,
3519 2277 3619 2318 nec

2032 2358 2144 2411 suis
2176 2357 2471 2411 rationibus
2499 2357 2723 2413 occultis
2745 2365 3095 2427 corrumpunt
3125 2357 3356 2412 facilium
3383 2365 3615 2423 mentes,

2029 2450 2124 2506 sed
2148 2450 2316 2505 libere
2338 2451 2514 2507 solent
2536 2460 2590 2506 et
2621 2450 2937 2521 simpliciter
2966 2451 3177 2520 aperire
3206 2450 3332 2520 quid
3356 2450 3615 2506 sentiunt.

2032 2543 2087 2599 8i
2116 2546 2236 2613 quis
2266 2554 2442 2599 autem
2466 2553 2520 2599 et
2549 2544 2602 2599 in
2635 2544 2763 2614 ipsis
2790 2544 2993 2599 Christi
3022 2545 3321 2615 discipulis,
3352 2557 3487 2614 quos
3518 2543 3617 2597 ha—

2030 2635 2144 2689 buit
2168 2651 2289 2689 cum
2315 2636 2400 2691 hic
2429 2645 2842 2691 conversarelur
2874 2638 2924 2690 in
2955 2650 3118 2692 carne
3150 2636 3386 2700 mortali,
3412 2643 3618 2705 quaerat

2030 2741 2383 2797 cognoscere,
2416 2736 2672 2799 quantum
2719 2729 2927 2784 diii'erat
2974 2738 3116 2784 inter
3158 2728 3382 2783 rationis
3416 2730 3618 2797 patien-

2034 2829 2162 2886 tem,
2194 2820 2279 2875 vel
2313 2819 2613 2875 auctoritati
2640 2831 3008 2877 contumacem
3041 2820 3285 2890 spiritum
3318 2832 3426 2888 quo
3454 2834 3619 2890 agun-

2030 2920 2118 2968 tur
2141 2914 2399 2979 ban-etici,
2428 2911 2517 2981 qui
2548 2914 2895 2968 scandalizarl
2936 2921 2991 2968 et
3019 2927 3271 2982 separare
3297 2912 3618 2981 semetipsos

2032 3007 2200 3075 magis
2225 3016 2347 3060 sunt
2396 3008 2649 3076 prompti,
2687 3023 2848 3076 quam
2877 3004 3117 3071 discere;
3174 3015 3228 3062 et
3261 3007 3402 3061 inter
3443 3007 3619 3061 minus

2032 3110 2282 3168 capacem
2310 3099 2643 3154 intellectum
2688 3102 2922 3169 piorum,
2966 3107 3247 3155 mansuete
3296 3100 3611 3169 opportuni-

334 3211 523 3253 omnes
551 3198 958 3257 defensionibus
1002 3202 1234 3269 nostris,
1278 3214 1332 3259 et
1369 3206 1614 3275 amplecti
1666 3209 1839 3275 potius
1875 3204 1923 3262 in

2033 3197 2197 3245 tatem
2232 3191 2657 3260 praestolantium
2690 3190 3011 3261 disciplinae,
3043 3201 3097 3246 et
3125 3195 3460 3247 servantium
3495 3191 3616 3247 uni-

335 3290 601 3344 charitatc
625 3290 904 3358 debemus,
952 3294 1042 3364 qui
1075 3296 1343 3363 pertinent
1374 3300 1437 3351 ad
1474 3298 1625 3364 Sion,
1663 3315 1757 3355 nec
1789 3318 1925 3372 quo-

335 3379 467 3434 libet
496 3378 613 3448 ejus
652 3384 819 3451 gradu
860 3387 1180 3443 constitutos
1215 3387 1546 3444 excludere:
1581 3390 1677 3445 sed
1717 3388 1788 3447 ita
1830 3410 1921 3447 su-

333 3472 638 3541 perioribus
681 3474 731 3528 in
763 3490 821 3530 ea
858 3476 1116 3533 honorem
1149 3496 1397 3551 magnum
1440 3481 1664 3545 reddere
1704 3482 1789 3556 qui
1823 3484 1921 3542 de-

333 3561 510 3630 betur,
544 3573 600 3618 ut
633 3566 792 3620 etiam
834 3566 1181 3625 inferioribus
1216 3570 1332 3640 ejus
1363 3573 1664 3645 quibusque
1704 3572 1921 3634 dilectio

332 3667 441 3710 non
490 3667 733 3727 negetur.
796 3659 907 3716 iioc
943 3662 1086 3718 enim
1131 3671 1213 3718 est
1258 3664 1399 3735 quod
1450 3666 1525 3719 ait
1567 3684 1578 3719 :
1623 3666 1922 3725 Distribuite

332 3751 525 3821 gradus
581 3756 731 3825 ejus,
789 3756 929 3826 quod
982 3758 1107 3812 alibi
1164 3758 1360 3813 dicitur
1392 3778 1403 3812 :
1439 3759 1688 3815 Ordinatc
1745 3762 1797 3816 in
1844 3781 1922 3819 me

333 3841 633 3897 charitatem
683 3844 866 3915 (Cant.
902 3864 967 3911 ιι,
993 3847 1075 3918 4).
1120 3848 1272 3905 Sicut
1312 3866 1441 3922 ergo
1480 3868 1583 3907 non
1630 3853 1747 3908 ideo
1789 3870 1921 3922 quo-

333 3935 579 3991 rumdam
612 3939 966 4007 perlectorum
998 3942 1050 3995 in
1080 3940 1183 3997 iide
1206 3945 1542 4011 spernendus
1571 3952 1654 3999 est
1697 3945 1921 4002 inferior

329 4028 546 4096 gradus,
580 4030 720 4099 quod
743 4028 765 4062 '
788 4046 892 4086 non
926 4040 1150 4100 possunt
1181 4033 1454 4088 intellectu
1501 4049 1694 4104 capere
1727 4038 1919 4092 verita-

331 4127 464 4186 tem,
506 4122 628 4191 quia
678 4122 779 4179 hoc
816 4123 1148 4180 suiilimioris
1190 4127 1388 4196 gradus
1422 4124 1513 4179 alii
1546 4137 1768 4196 possunt
1800 4145 1814 4184 :
1848 4129 1917 4183 ita

333 4224 431 4266 nec
458 4213 559 4282 ipsi
586 4214 607 4245 ⁸
639 4215 931 4285 spernendi
971 4225 1118 4285 sunt,
1150 4217 1235 4271 vel
1263 4215 1331 4271 ab
1363 4216 1601 4273 Ecclesia
1633 4228 1752 4290 post
1778 4235 1920 4275 mor-

326 4313 456 4375 tem,
504 4309 645 4379 quod
683 4320 767 4365 est
794 4310 1086 4382 crudelius,
1136 4311 1236 4367 sub
1264 4313 1609 4368 anathemate
1661 4311 1919 4377 condem-

328 4401 526 4468 nandi,
573 4402 663 4473 qui
708 4403 832 4460 iicet
886 4405 1216 4476 imperfectae
1249 4406 1368 4463 iidei
1415 4405 1578 4462 luisse
1608 4407 1915 4475 videantur,

326 4492 450 4558 quia
482 4508 583 4548 non
614 4496 663 4550 in
692 4498 869 4551 omnia
902 4514 1022 4568 qua:
1063 4508 1168 4554 tam
1213 4500 1377 4555 multa
1420 4508 1474 4555 et
1502 4515 1695 4571 magna
1736 4502 1914 4555 c0nti-

2034 3294 2195 3340 tatem
2248 3286 2469 3355 spiritus
2520 3288 2573 3339 in
2627 3284 2841 3340 vinculo
2889 3283 3067 3357 pacis;
3127 3284 3180 3340 in
3236 3298 3342 3341 uno
3383 3285 3619 3355 capitulo

2025 3377 2251 3433 Joannis
2293 3378 2637 3449 evangelista!
2667 3376 2920 3434 similiter
2945 3377 3205 3445 inveniet,
3240 3378 3327 3433 ubi
3364 3377 3619 3435 l‘omiuus

2025 3470 2163 3526 dixit
2188 3486 2201 3525 :
2230 3469 2341 3543 Ego
2371 3488 2484 3525 sum
2514 3472 2662 3542 panis
2694 3472 2858 3538 vivus,
2890 3472 2976 3541 qui
3010 3472 3075 3526 de
3105 3470 3233 3526 caelo
3263 3472 3500 3527 descendi
3532 3486 3549 3525 :
3574 3472 3620 3527 si

2024 3566 2138 3637 quis
2159 3566 2538 3619 manducaverit
2561 3580 2623 3618 ea:
2642 3563 2737 3618 hoc
2765 3579 2916 3633 pane,
2946 3564 3076 3617 vivet
3104 3563 3158 3617 in
3182 3560 3616 3636 wternumUaan.

2024 3672 2098 3725 vt,
2140 3660 2254 3729 5%).
2310 3659 2417 3712 Et:
2450 3659 2556 3723 Qui
2600 3658 2875 3711 manducet
2914 3672 3079 3712 meam
3125 3672 3356 3723 carnem,
3401 3668 3445 3710 et
3496 3654 3617 3709 bibit

2025 3768 2195 3807 meum
2226 3754 2547 3823 sanguinem,
2577 3751 2631 3805 in
2665 3768 2742 3804 me
2765 3758 2955 3814 manet,
3008 3758 3055 3804 et
3090 3766 3182 3820 ego
3216 3750 3268 3802 in
3300 3748 3392 3802 illo
3424 3745 3612 3817 (Ibid.,

2024 3847 2140 3917 57).
2168 3848 2315 3902 Sicut
2358 3847 2493 3901 misit
2524 3862 2601 3899 me
2647 3846 2815 3899 vivens
2847 3843 3037 3909 Pater,
3069 3852 3115 3897 et
3145 3859 3236 3914 ego
3266 3843 3373 3895 vico
3402 3848 3613 3910 propter

2026 3937 2260 4004 Patrem,
2301 3946 2349 3991 et
2375 3938 2461 4005 qui
2487 3936 2772 3989 manducet
2809 3949 2906 3998 me,
2930 3943 2981 3989 et
3008 3936 3117 4005 ipse
3142 3934 3267 3987 vivet
3308 3940 3515 4002 propter
3541 3947 3618 3986 nu

2024 4029 2044 4100 (
2075 4030 2237 4099 Ibid,
2271 4030 2383 4103 58).
2411 4029 2477 4085 Et
2503 4030 2834 4100 litigantibus
2864 4028 3088 4095 Judteis,
3133 4036 3189 4085 et
3212 4029 3517 4084 dicentibus
3545 4027 3615 4082 ad

2023 4124 2252 4181 invicem
2301 4123 2621 4193 :Quomodo
2671 4130 2832 4192 potest
2884 4123 2967 4178 hic
3021 4124 3164 4178 nobis
3209 4138 3415 4177 carnem
3470 4137 3617 4176 suam

2023 4216 2151 4273 dare
2173 4218 2241 4272 ad
2276 4214 2699 4272 manducandum
2756 4212 2943 4285 (Ibid.,
2995 4212 3129 4283 53)?
3159 4212 3311 4270 multi
3344 4216 3501 4270 etiam
3548 4227 3615 4269 ex

2022 4316 2302 4388 discipulis
2355 4316 2474 4387 ejus
2528 4308 2808 4369 audientes
2852 4312 3153 4366 dixerunt:
3192 4308 3367 4363 Durus
3416 4316 3489 4361 est
3533 4306 3616 4361 hic

2021 4426 2206 4475 sermo,
2255 4409 2366 4480 quis
2419 4414 2580 4476 potest
2622 4422 2735 4460 eum
2770 4405 2953 4459 audire
2997 4401 3185 4474 (Ibid.,
3238 4400 3367 4473 6i)?
3399 4406 3616 4471 propter

2020 4503 2184 4574 quod,
2238 4501 2377 4557 sicut
2408 4500 2459 4556 in
2499 4498 2954 4572 consequentibus
3002 4504 3222 4552 narrat:
3261 4492 3415 4549 Multi
3457 4495 3615 4548 disci—

326 4590 418 4638 net
456 4584 755 4644 Christiana
807 4590 1012 4662 religio,
1067 4591 1206 4647 sicut
1258 4592 1475 4663 dignum
1529 4602 1631 4658 est,
1682 4591 1916 4649 animum
1951 4607 1999 4667 ι)
2024 4597 2264 4666 pulcrum
2290 4595 2403 4667 ejus
2448 4594 2858 4658 abieruntretro,
2883 4600 2932 4645 et
2952 4594 3068 4664 jam
3098 4606 3198 4644 non
3231 4604 3347 4642 cum
3379 4588 3475 4641 illo
3499 4604 3614 4639 am-

327 4683 617 4744 potuerunt
647 4679 947 4753 intendere,
982 4684 1157 4739 omnia
1190 4694 1367 4742 tamen
1392 4700 1516 4741 vera
1543 4693 1597 4740 et
1621 4694 1767 4741 recta
1795 4702 1916 4743 esse

326 4767 377 4820 in
421 4770 673 4826 Ecclesiae
718 4774 819 4829 lide
863 4793 969 4832 non
1006 4779 1407 4846 dubitaverunt,
1456 4790 1513 4835 ut
1549 4778 1599 4835 in
1642 4796 1704 4836 ea
1750 4782 1913 4852 perii.

325 4858 500 4913 ciendi
536 4875 845 4931 manerent;
899 4884 962 4923 ac
1012 4887 1107 4940 per
1140 4871 1242 4928 hoc
1284 4875 1355 4927 ita
1406 4874 1716 4942 credentes,
1756 4873 1909 4944 juxta

324 4955 610 5023 quemdam
639 4958 862 5025 gradum
886 5001 900 5027 ,
958 4970 1011 5016 et
1034 4961 1133 5032 ipsi
1165 4965 1409 5019 videntur
1440 4963 1491 5018 in
1525 4964 1628 5020 iide
1658 4966 1906 5036 perlecti,

324 5045 415 5112 qui
445 5060 505 5101 se
528 5048 885 5114 perﬁciendos
919 5067 986 5107 ex
1014 5054 1215 5109 unitate
1251 5054 1507 5110 Ecclesiae
1539 5055 1908 5112 crediderunt.

323 5134 403 5191 liii
456 5153 591 5211 ergo
631 5142 1015 5200 excellentiore
1052 5146 1220 5215 gradu
1256 5146 1623 5216 intelligentia:
1677 5148 1907 5218 praediti,

2022 4682 2264 4741 bulabant
2304 4683 2495 4758 (llud,
2527 4678 2639 4753 67).
2677 4683 2816 4738 Ecce
2860 4690 2944 4737 est
2991 4681 3081 4736 ille
3125 4680 3342 4748 spiritus
3392 4677 3613 4732 rationis

2020 4778 2329 4847 impatiens,
2368 4786 2425 4833 et
2454 4777 2759 4831 auctoritati
2789 4783 3078 4831 contumax
3109 4788 3217 4844 quo
3245 4778 3473 4842 aguntur
3500 4768 3613 4823 hrc-

2016 4873 2197 4939 retici,
2222 4871 2311 4943 qui
2343 4852 2706 4928 scandalizari
2729 4878 2783 4925 et
2811 4883 3062 4940 separare
3091 4866 3408 4936 semetipsos
3442 4863 3609 4931 magis

2014 4975 2141 5022 sunt
2169 4967 2399 5036 prompti
2424 4981 2583 5035 quam
2616 4964 2848 5020 discere.
2897 4958 3199 5035 ignorantia
3233 4948 3362 5013 vero
3397 4957 3607 5026 piorum

2017 5066 2295 5112 mansuete
2335 5056 2787 5127 opportunitatem
2820 5050 3244 5124 praestolantium
3276 5046 3605 5117 disciplinm,

2012 5152 2338 5207 servantium
2378 5138 2643 5217 unitatem
2674 5148 2896 5219 spiritus
2927 5147 2978 5199 in
3009 5142 3220 5199 vinculo
3250 5142 3417 5211 pacis,
3451 5137 3522 5193 ita
3554 5137 3606 5193 in

322 5229 490 5302 ipsam
524 5250 637 5292 rem
676 5235 828 5308 cujus
874 5239 926 5295 in
958 5237 1194 5295 futurum
1226 5241 1489 5298 revelatio
1528 5243 1687 5313 plena
1725 5259 1909 5299 serva-
2012 5243 2468 5316 consequentibus
2498 5244 2761 5313 aperitur.
2806 5238 3067 5323 Adjungit
3112 5236 3256 5305 enim
3306 5230 3415 5290 illic
3447 5246 3606 5288 evan-

393 5455 421 5488 ι
448 5448 697 5507 Abundat
732 5464 837 5505 vox
875 5448 965 5505 illa
994 5449 1218 5515 domus;
1268 5464 1389 5506 nam
1424 5449 1478 5506 in
1519 5449 1707 5509 Grazco
1738 5449 1923 5507 κατσδί

2025 5455 2056 5507 is
2079 5453 2175 5512 τὰς
2200 5451 2383 5523 βάσεις
2408 5452 2584 5511 αὐτῆς.

391 5631 410 5663 ¹
437 5630 572 5688 Cod.
600 5632 827 5698 Veron.,
853 5631 1263 5702 Scripturarum.

390 5704 412 5776 ξ
442 5703 583 5776 idem
606 5703 754 5769 cod.,
784 5720 954 5757 veram
982 5702 1394 5776 intelligentiam.

390 5764 413 5843 ξ
442 5773 582 5829 Idem
606 5764 751 5839 cod.,
780 5777 830 5827 in
854 5776 974 5843 ﬁde.
1132 5764 1171 5791 ⁷

389 5836 415 5872 ⁵
433 5843 491 5901 in
516 5846 705 5902 eodem
733 5836 863 5901 ccci:
905 5848 1039 5902 deest
1067 5846 1277 5903 domus.

2090 5630 2112 5661 ⁸
2137 5629 2278 5684 idem
2307 5616 2456 5689 cod.,
2478 5618 2587 5695 qui.

2089 5700 2111 5732 ⁸
2138 5701 2278 5754 idem
2306 5698 2449 5763 cod.,
2479 5694 2581 5748 isti.
2698 5762 2699 5765 η

2132 5771 2276 5827 idem
2298 5768 2444 5835 cod.,
2463 5766 2529 5821 ad
2554 5778 2688 5821 eam.
