  <div class='ocr_page' id='page_1' title='image "/cluster/home/n/w/nwhite01/storage/ocr_20150623/67/hvd.32044015547185/423.png"; bbox 0 0 4104 6360; ppageno 0'>
   <div class='ocr_carea' id='block_1_1' title="bbox 474 243 603 300">
    <p class='ocr_par' dir='ltr' id='par_1_1' title="bbox 474 243 603 300">
     <span class='ocr_line' id='line_1_1' title="bbox 474 243 603 300; baseline 0.008 -1"><span class='ocrx_word' id='word_1_1' title='bbox 474 243 603 300; x_wconf 70' lang='grc'><strong>851</strong></span> 
     </span>
    </p>
   </div>
   <div class='ocr_carea' id='block_1_2' title="bbox 1585 224 2683 292">
    <p class='ocr_par' dir='ltr' id='par_1_2' title="bbox 1585 224 2683 292">
     <span class='ocr_line' id='line_1_2' title="bbox 1585 224 2683 292; baseline -0.004 0"><span class='ocrx_word' id='word_1_2' title='bbox 1585 230 1884 292; x_wconf 71' lang='lat' dir='ltr'><strong>FACUNDI</strong></span> <span class='ocrx_word' id='word_1_3' title='bbox 1916 224 2132 285; x_wconf 82' lang='lat' dir='ltr'><strong>EPISC.</strong></span> <span class='ocrx_word' id='word_1_4' title='bbox 2172 224 2683 288; x_wconf 74' lang='lat' dir='ltr'><strong>IIERMIANENSIS</strong></span> 
     </span>
    </p>
   </div>
   <div class='ocr_carea' id='block_1_3' title="bbox 3667 230 3783 286">
    <p class='ocr_par' dir='ltr' id='par_1_3' title="bbox 3667 230 3783 286">
     <span class='ocr_line' id='line_1_3' title="bbox 3667 230 3783 286; baseline 0 0"><span class='ocrx_word' id='word_1_5' title='bbox 3667 230 3783 286; x_wconf 66' lang='lat'><strong>8&#39;52</strong></span> 
     </span>
    </p>
   </div>
   <div class='ocr_carea' id='block_1_4' title="bbox 510 338 3784 427">
    <p class='ocr_par' dir='ltr' id='par_1_4' title="bbox 510 338 3784 427">
     <span class='ocr_line' id='line_1_4' title="bbox 510 338 3784 427; baseline 0.002 -27"><span class='ocrx_word' id='word_1_6' title='bbox 510 356 695 427; x_wconf 57' lang='lat' dir='ltr'><strong>sensu</strong></span> <span class='ocrx_word' id='word_1_7' title='bbox 716 355 795 412; x_wconf 75' lang='lat' dir='ltr'><strong>sic</strong></span> <span class='ocrx_word' id='word_1_8' title='bbox 820 353 1061 412; x_wconf 69' lang='lat' dir='ltr'><strong>referens</strong></span> <span class='ocrx_word' id='word_1_9' title='bbox 1095 371 1107 407; x_wconf 88' lang='lat'><strong>:</strong></span> <span class='ocrx_word' id='word_1_10' title='bbox 1140 352 1417 422; x_wconf 65' lang='lat' dir='ltr'><strong>Dixitergo</strong></span> <span class='ocrx_word' id='word_1_11' title='bbox 1442 349 1594 404; x_wconf 72' lang='lat' dir='ltr'><strong>Iesus</strong></span> <span class='ocrx_word' id='word_1_12' title='bbox 1623 345 1928 401; x_wconf 87' lang='lat' dir='ltr'><strong>duodecim:</strong></span> <span class='ocrx_word' id='word_1_13' title='bbox 1954 356 2087 395; x_wconf 82' lang='lat' dir='ltr'><strong>nuu-</strong></span> <span class='ocrx_word' id='word_1_14' title='bbox 2116 339 2170 400; x_wconf 74' lang='grc' dir='ltr'><strong>Α</strong></span> <span class='ocrx_word' id='word_1_15' title='bbox 2198 338 2427 397; x_wconf 80' lang='lat' dir='ltr'><strong>Fructus</strong></span> <span class='ocrx_word' id='word_1_16' title='bbox 2455 346 2591 400; x_wconf 88' lang='lat' dir='ltr'><strong>enim</strong></span> <span class='ocrx_word' id='word_1_17' title='bbox 2623 346 2867 413; x_wconf 75' lang='lat' dir='ltr'><strong>justitia’,</strong></span> <span class='ocrx_word' id='word_1_18' title='bbox 2922 348 3212 404; x_wconf 86' lang='lat' dir='ltr'><strong>secundum</strong></span> <span class='ocrx_word' id='word_1_19' title='bbox 3253 348 3474 406; x_wconf 85' lang='lat' dir='ltr'><strong>Paulum</strong></span> <span class='ocrx_word' id='word_1_20' title='bbox 3505 350 3527 383; x_wconf 69' lang='grc'>⁸</span> <span class='ocrx_word' id='word_1_21' title='bbox 3559 363 3784 424; x_wconf 63' lang='grc' dir='ltr'><strong>θροειω</strong></span> 
     </span>
    </p>
   </div>
   <div class='ocr_carea' id='block_1_5' title="bbox 510 437 2083 516">
    <p class='ocr_par' dir='ltr' id='par_1_5' title="bbox 510 437 2083 516">
     <span class='ocr_line' id='line_1_5' title="bbox 510 437 2083 516; baseline -0.008 -15"><span class='ocrx_word' id='word_1_22' title='bbox 510 448 626 516; x_wconf 82' lang='lat' dir='ltr'><strong>quid</strong></span> <span class='ocrx_word' id='word_1_23' title='bbox 648 457 696 503; x_wconf 89' lang='lat' dir='ltr'><strong>et</strong></span> <span class='ocrx_word' id='word_1_24' title='bbox 723 463 810 502; x_wconf 77' lang='lat' dir='ltr'><strong>vos</strong></span> <span class='ocrx_word' id='word_1_25' title='bbox 854 447 1007 501; x_wconf 78' lang='lat' dir='ltr'><strong>vultis</strong></span> <span class='ocrx_word' id='word_1_26' title='bbox 1047 446 1186 499; x_wconf 89' lang='lat' dir='ltr'><strong>abire</strong></span> <span class='ocrx_word' id='word_1_27' title='bbox 1218 443 1406 516; x_wconf 88' lang='lat' dir='ltr'><strong>(Ibid.,</strong></span> <span class='ocrx_word' id='word_1_28' title='bbox 1435 440 1562 513; x_wconf 80' lang='lat'><strong>68)?</strong></span> <span class='ocrx_word' id='word_1_29' title='bbox 1587 438 1729 511; x_wconf 83' lang='lat' dir='ltr'><strong>quod</strong></span> <span class='ocrx_word' id='word_1_30' title='bbox 1784 437 1886 492; x_wconf 89' lang='lat' dir='ltr'><strong>nisi</strong></span> <span class='ocrx_word' id='word_1_31' title='bbox 1932 449 2083 505; x_wconf 65' lang='lat' dir='ltr'><strong>atque</strong></span> 
     </span>
    </p>
   </div>
   <div class='ocr_carea' id='block_1_6' title="bbox 513 531 2083 613">
    <p class='ocr_par' dir='ltr' id='par_1_6' title="bbox 513 531 2083 613">
     <span class='ocr_line' id='line_1_6' title="bbox 513 531 2083 613; baseline -0.007 -17"><span class='ocrx_word' id='word_1_32' title='bbox 513 544 821 613; x_wconf 72' lang='lat' dir='ltr'><strong>mysterium</strong></span> <span class='ocrx_word' id='word_1_33' title='bbox 850 556 955 595; x_wconf 92' lang='lat' dir='ltr'><strong>non</strong></span> <span class='ocrx_word' id='word_1_34' title='bbox 981 537 1417 609; x_wconf 82' lang='lat' dir='ltr'><strong>intelligentibus,</strong></span> <span class='ocrx_word' id='word_1_35' title='bbox 1445 534 1543 591; x_wconf 88' lang='lat' dir='ltr'><strong>sed</strong></span> <span class='ocrx_word' id='word_1_36' title='bbox 1573 548 1677 588; x_wconf 90' lang='lat' dir='ltr'><strong>non</strong></span> <span class='ocrx_word' id='word_1_37' title='bbox 1723 546 1876 602; x_wconf 66' lang='lat' dir='ltr'><strong>atque</strong></span> <span class='ocrx_word' id='word_1_38' title='bbox 1906 531 2083 587; x_wconf 90' lang='lat' dir='ltr'><strong>immi-</strong></span> 
     </span>
    </p>
   </div>
   <div class='ocr_carea' id='block_1_7' title="bbox 514 623 2082 692">
    <p class='ocr_par' dir='ltr' id='par_1_7' title="bbox 514 623 2082 692">
     <span class='ocr_line' id='line_1_7' title="bbox 514 623 2082 692; baseline -0.008 -4"><span class='ocrx_word' id='word_1_39' title='bbox 514 634 654 689; x_wconf 89' lang='lat' dir='ltr'><strong>tibus</strong></span> <span class='ocrx_word' id='word_1_40' title='bbox 679 638 736 687; x_wconf 89' lang='lat' dir='ltr'><strong>et</strong></span> <span class='ocrx_word' id='word_1_41' title='bbox 761 631 1062 687; x_wconf 88' lang='lat' dir='ltr'><strong>auctoritati</strong></span> <span class='ocrx_word' id='word_1_42' title='bbox 1084 628 1511 692; x_wconf 82' lang='lat' dir='ltr'><strong>contumacibus,</strong></span> <span class='ocrx_word' id='word_1_43' title='bbox 1541 625 1763 681; x_wconf 90' lang='lat' dir='ltr'><strong>minime</strong></span> <span class='ocrx_word' id='word_1_44' title='bbox 1791 623 2082 678; x_wconf 83' lang='lat' dir='ltr'><strong>diceretur.</strong></span> 
     </span>
    </p>
   </div>
   <div class='ocr_carea' id='block_1_8' title="bbox 516 714 2085 795">
    <p class='ocr_par' dir='ltr' id='par_1_8' title="bbox 516 714 2085 795">
     <span class='ocr_line' id='line_1_8' title="bbox 516 714 2085 795; baseline -0.01 -13"><span class='ocrx_word' id='word_1_45' title='bbox 516 724 625 782; x_wconf 85' lang='lat' dir='ltr'><strong>Cur</strong></span> <span class='ocrx_word' id='word_1_46' title='bbox 655 728 1112 795; x_wconf 76' lang='lat' dir='ltr'><strong>interrogarentur</strong></span> <span class='ocrx_word' id='word_1_47' title='bbox 1151 731 1329 777; x_wconf 88' lang='lat' dir='ltr'><strong>utrum</strong></span> <span class='ocrx_word' id='word_1_48' title='bbox 1360 728 1416 778; x_wconf 91' lang='lat' dir='ltr'><strong>et</strong></span> <span class='ocrx_word' id='word_1_49' title='bbox 1442 720 1545 790; x_wconf 87' lang='lat' dir='ltr'><strong>ipsi</strong></span> <span class='ocrx_word' id='word_1_50' title='bbox 1587 718 1737 773; x_wconf 90' lang='lat' dir='ltr'><strong>abire</strong></span> <span class='ocrx_word' id='word_1_51' title='bbox 1778 716 1999 781; x_wconf 79' lang='lat' dir='ltr'><strong>vellent,</strong></span> <span class='ocrx_word' id='word_1_52' title='bbox 2040 714 2085 770; x_wconf 92' lang='lat' dir='ltr'><strong>si</strong></span> 
     </span>
    </p>
   </div>
   <div class='ocr_carea' id='block_1_9' title="bbox 514 809 2082 887">
    <p class='ocr_par' dir='ltr' id='par_1_9' title="bbox 514 809 2082 887">
     <span class='ocr_line' id='line_1_9' title="bbox 514 809 2082 887; baseline -0.006 -17"><span class='ocrx_word' id='word_1_53' title='bbox 514 816 647 887; x_wconf 84' lang='lat' dir='ltr'><strong>quod</strong></span> <span class='ocrx_word' id='word_1_54' title='bbox 678 814 902 887; x_wconf 78' lang='lat' dir='ltr'><strong>mystice</strong></span> <span class='ocrx_word' id='word_1_55' title='bbox 922 815 1125 869; x_wconf 85' lang='lat' dir='ltr'><strong>dictum</strong></span> <span class='ocrx_word' id='word_1_56' title='bbox 1159 814 1333 868; x_wconf 80' lang='lat' dir='ltr'><strong>fuerat</strong></span> <span class='ocrx_word' id='word_1_57' title='bbox 1362 809 1776 882; x_wconf 72' lang='lat' dir='ltr'><strong>cognovissent?</strong></span> <span class='ocrx_word' id='word_1_58' title='bbox 1804 824 1926 862; x_wconf 91' lang='lat' dir='ltr'><strong>nam</strong></span> <span class='ocrx_word' id='word_1_59' title='bbox 1957 821 2082 878; x_wconf 83' lang='lat' dir='ltr'><strong>my-</strong></span> 
     </span>
    </p>
   </div>
   <div class='ocr_carea' id='block_1_10' title="bbox 514 900 2089 975">
    <p class='ocr_par' dir='ltr' id='par_1_10' title="bbox 514 900 2089 975">
     <span class='ocr_line' id='line_1_10' title="bbox 514 900 2089 975; baseline -0.006 -12"><span class='ocrx_word' id='word_1_60' title='bbox 514 908 729 963; x_wconf 81' lang='lat' dir='ltr'><strong>sterium</strong></span> <span class='ocrx_word' id='word_1_61' title='bbox 755 916 1143 975; x_wconf 73' lang='lat' dir='ltr'><strong>cognoscentes</strong></span> <span class='ocrx_word' id='word_1_62' title='bbox 1170 904 1522 960; x_wconf 84' lang='lat' dir='ltr'><strong>scandalizari</strong></span> <span class='ocrx_word' id='word_1_63' title='bbox 1561 911 1618 957; x_wconf 88' lang='lat' dir='ltr'><strong>et</strong></span> <span class='ocrx_word' id='word_1_64' title='bbox 1644 900 1793 969; x_wconf 87' lang='lat' dir='ltr'><strong>abire</strong></span> <span class='ocrx_word' id='word_1_65' title='bbox 1816 914 1921 953; x_wconf 91' lang='lat' dir='ltr'><strong>non</strong></span> <span class='ocrx_word' id='word_1_66' title='bbox 1965 913 2089 969; x_wconf 89' lang='lat' dir='ltr'><strong>pos-</strong></span> 
     </span>
    </p>
   </div>
   <div class='ocr_carea' id='block_1_11' title="bbox 515 993 2087 1068">
    <p class='ocr_par' dir='ltr' id='par_1_11' title="bbox 515 993 2087 1068">
     <span class='ocr_line' id='line_1_11' title="bbox 515 993 2087 1068; baseline -0.006 -14"><span class='ocrx_word' id='word_1_67' title='bbox 515 1009 652 1056; x_wconf 85' lang='lat' dir='ltr'><strong>sent.</strong></span> <span class='ocrx_word' id='word_1_68' title='bbox 692 998 797 1054; x_wconf 87' lang='lat' dir='ltr'><strong>Sed</strong></span> <span class='ocrx_word' id='word_1_69' title='bbox 828 998 1142 1068; x_wconf 89' lang='lat' dir='ltr'><strong>interrogati</strong></span> <span class='ocrx_word' id='word_1_70' title='bbox 1184 1006 1307 1051; x_wconf 91' lang='lat' dir='ltr'><strong>sunt</strong></span> <span class='ocrx_word' id='word_1_71' title='bbox 1351 1003 1412 1049; x_wconf 92' lang='lat' dir='ltr'><strong>ut</strong></span> <span class='ocrx_word' id='word_1_72' title='bbox 1439 993 1847 1063; x_wconf 85' lang='lat' dir='ltr'><strong>responderent,</strong></span> <span class='ocrx_word' id='word_1_73' title='bbox 1909 999 2087 1044; x_wconf 90' lang='lat' dir='ltr'><strong>utrum</strong></span> 
     </span>
    </p>
   </div>
   <div class='ocr_carea' id='block_1_12' title="bbox 516 1084 2088 1163">
    <p class='ocr_par' dir='ltr' id='par_1_12' title="bbox 516 1084 2088 1163">
     <span class='ocr_line' id='line_1_12' title="bbox 516 1084 2088 1163; baseline -0.008 -15"><span class='ocrx_word' id='word_1_74' title='bbox 516 1108 633 1161; x_wconf 88' lang='lat' dir='ltr'><strong>eos,</strong></span> <span class='ocrx_word' id='word_1_75' title='bbox 662 1093 906 1163; x_wconf 83' lang='lat' dir='ltr'><strong>quamvis</strong></span> <span class='ocrx_word' id='word_1_76' title='bbox 935 1107 1043 1147; x_wconf 94' lang='lat' dir='ltr'><strong>non</strong></span> <span class='ocrx_word' id='word_1_77' title='bbox 1074 1090 1429 1160; x_wconf 87' lang='lat' dir='ltr'><strong>intelligentes</strong></span> <span class='ocrx_word' id='word_1_78' title='bbox 1448 1086 1589 1158; x_wconf 91' lang='lat' dir='ltr'><strong>quod</strong></span> <span class='ocrx_word' id='word_1_79' title='bbox 1617 1085 1816 1141; x_wconf 90' lang='lat' dir='ltr'><strong>dictum</strong></span> <span class='ocrx_word' id='word_1_80' title='bbox 1844 1093 1947 1149; x_wconf 90' lang='lat' dir='ltr'><strong>est,</strong></span> <span class='ocrx_word' id='word_1_81' title='bbox 1966 1084 2088 1139; x_wconf 91' lang='lat' dir='ltr'><strong>boni</strong></span> 
     </span>
    </p>
   </div>
   <div class='ocr_carea' id='block_1_13' title="bbox 517 1175 2091 1257">
    <p class='ocr_par' dir='ltr' id='par_1_13' title="bbox 517 1175 2091 1257">
     <span class='ocr_line' id='line_1_13' title="bbox 517 1175 2091 1257; baseline -0.007 -15"><span class='ocrx_word' id='word_1_82' title='bbox 517 1200 696 1244; x_wconf 88' lang='lat' dir='ltr'><strong>tamen</strong></span> <span class='ocrx_word' id='word_1_83' title='bbox 725 1188 962 1257; x_wconf 81' lang='lat' dir='ltr'><strong>magistri</strong></span> <span class='ocrx_word' id='word_1_84' title='bbox 993 1195 1200 1241; x_wconf 89' lang='lat' dir='ltr'><strong>teneret</strong></span> <span class='ocrx_word' id='word_1_85' title='bbox 1230 1182 1556 1247; x_wconf 84' lang='lat' dir='ltr'><strong>auctoritas;</strong></span> <span class='ocrx_word' id='word_1_86' title='bbox 1600 1189 1654 1235; x_wconf 91' lang='lat' dir='ltr'><strong>et</strong></span> <span class='ocrx_word' id='word_1_87' title='bbox 1684 1177 1835 1233; x_wconf 90' lang='lat' dir='ltr'><strong>nobis</strong></span> <span class='ocrx_word' id='word_1_88' title='bbox 1877 1175 2091 1247; x_wconf 87' lang='lat' dir='ltr'><strong>pietatis</strong></span> 
     </span>
    </p>
   </div>
   <div class='ocr_carea' id='block_1_14' title="bbox 516 1266 2090 1345">
    <p class='ocr_par' dir='ltr' id='par_1_14' title="bbox 516 1266 2090 1345">
     <span class='ocr_line' id='line_1_14' title="bbox 516 1266 2090 1345; baseline -0.01 -11"><span class='ocrx_word' id='word_1_89' title='bbox 516 1287 570 1334; x_wconf 85' lang='lat' dir='ltr'><strong>et</strong></span> <span class='ocrx_word' id='word_1_90' title='bbox 614 1277 1041 1334; x_wconf 82' lang='lat' dir='ltr'><strong>mansuetudinis</strong></span> <span class='ocrx_word' id='word_1_91' title='bbox 1084 1275 1243 1345; x_wconf 85' lang='lat' dir='ltr'><strong>hujus</strong></span> <span class='ocrx_word' id='word_1_92' title='bbox 1290 1272 1508 1329; x_wconf 88' lang='lat' dir='ltr'><strong>salubre</strong></span> <span class='ocrx_word' id='word_1_93' title='bbox 1553 1272 1606 1325; x_wconf 91' lang='lat' dir='ltr'><strong>in</strong></span> <span class='ocrx_word' id='word_1_94' title='bbox 1651 1269 1728 1323; x_wconf 88' lang='lat' dir='ltr'><strong>eis</strong></span> <span class='ocrx_word' id='word_1_95' title='bbox 1759 1266 2090 1338; x_wconf 81' lang='lat' dir='ltr'><strong>praeberetur</strong></span> 
     </span>
    </p>
   </div>
   <div class='ocr_carea' id='block_1_15' title="bbox 518 1359 2090 1441">
    <p class='ocr_par' dir='ltr' id='par_1_15' title="bbox 518 1359 2090 1441">
     <span class='ocr_line' id='line_1_15' title="bbox 518 1359 2090 1441; baseline -0.008 -16"><span class='ocrx_word' id='word_1_96' title='bbox 518 1372 846 1441; x_wconf 80' lang='lat' dir='ltr'><strong>exemplum,</strong></span> <span class='ocrx_word' id='word_1_97' title='bbox 890 1378 949 1424; x_wconf 90' lang='lat' dir='ltr'><strong>ut</strong></span> <span class='ocrx_word' id='word_1_98' title='bbox 987 1370 1158 1425; x_wconf 88' lang='lat' dir='ltr'><strong>sicubi</strong></span> <span class='ocrx_word' id='word_1_99' title='bbox 1210 1381 1316 1422; x_wconf 91' lang='lat' dir='ltr'><strong>non</strong></span> <span class='ocrx_word' id='word_1_100' title='bbox 1366 1364 1741 1434; x_wconf 79' lang='lat' dir='ltr'><strong>intelligimus,</strong></span> <span class='ocrx_word' id='word_1_101' title='bbox 1790 1359 2090 1416; x_wconf 84' lang='lat' dir='ltr'><strong>auctoritati</strong></span> 
     </span>
    </p>
   </div>
   <div class='ocr_carea' id='block_1_16' title="bbox 520 1449 2091 1528">
    <p class='ocr_par' dir='ltr' id='par_1_16' title="bbox 520 1449 2091 1528">
     <span class='ocr_line' id='line_1_16' title="bbox 520 1449 2091 1528; baseline -0.006 -13"><span class='ocrx_word' id='word_1_102' title='bbox 520 1461 789 1515; x_wconf 84' lang='lat' dir='ltr'><strong>cedamus.</strong></span> <span class='ocrx_word' id='word_1_103' title='bbox 850 1458 1087 1528; x_wconf 89' lang='lat' dir='ltr'><strong>Denique</strong></span> <span class='ocrx_word' id='word_1_104' title='bbox 1124 1457 1203 1513; x_wconf 90' lang='lat' dir='ltr'><strong>sic</strong></span> <span class='ocrx_word' id='word_1_105' title='bbox 1233 1456 1307 1510; x_wconf 94' lang='lat' dir='ltr'><strong>ibi</strong></span> <span class='ocrx_word' id='word_1_106' title='bbox 1356 1453 1705 1524; x_wconf 80' lang='lat' dir='ltr'><strong>interroganti</strong></span> <span class='ocrx_word' id='word_1_107' title='bbox 1745 1449 1971 1505; x_wconf 90' lang='lat' dir='ltr'><strong>Domino</strong></span> <span class='ocrx_word' id='word_1_108' title='bbox 2002 1464 2091 1505; x_wconf 87' lang='lat' dir='ltr'><strong>re-</strong></span> 
     </span>
    </p>
   </div>
   <div class='ocr_carea' id='block_1_17' title="bbox 520 1542 2091 1621">
    <p class='ocr_par' dir='ltr' id='par_1_17' title="bbox 520 1542 2091 1621">
     <span class='ocr_line' id='line_1_17' title="bbox 520 1542 2091 1621; baseline -0.006 -15"><span class='ocrx_word' id='word_1_109' title='bbox 520 1552 732 1621; x_wconf 87' lang='lat' dir='ltr'><strong>spondit</strong></span> <span class='ocrx_word' id='word_1_110' title='bbox 752 1559 806 1606; x_wconf 88' lang='lat' dir='ltr'><strong>et</strong></span> <span class='ocrx_word' id='word_1_111' title='bbox 832 1549 1044 1616; x_wconf 87' lang='lat' dir='ltr'><strong>Petrus,</strong></span> <span class='ocrx_word' id='word_1_112' title='bbox 1076 1558 1132 1604; x_wconf 89' lang='lat' dir='ltr'><strong>ut</strong></span> <span class='ocrx_word' id='word_1_113' title='bbox 1158 1563 1262 1605; x_wconf 92' lang='lat' dir='ltr'><strong>non</strong></span> <span class='ocrx_word' id='word_1_114' title='bbox 1289 1547 1411 1603; x_wconf 88' lang='lat' dir='ltr'><strong>ideo</strong></span> <span class='ocrx_word' id='word_1_115' title='bbox 1440 1562 1498 1602; x_wconf 88' lang='lat' dir='ltr'><strong>se</strong></span> <span class='ocrx_word' id='word_1_116' title='bbox 1517 1546 1723 1601; x_wconf 85' lang='lat' dir='ltr'><strong>diceret</strong></span> <span class='ocrx_word' id='word_1_117' title='bbox 1752 1543 1895 1599; x_wconf 87' lang='lat' dir='ltr'><strong>nolle</strong></span> <span class='ocrx_word' id='word_1_118' title='bbox 1923 1542 2091 1610; x_wconf 87' lang='lat' dir='ltr'><strong>abire,</strong></span> 
     </span>
    </p>
   </div>
   <div class='ocr_carea' id='block_1_18' title="bbox 530 1634 2090 1713">
    <p class='ocr_par' dir='ltr' id='par_1_18' title="bbox 530 1634 2090 1713">
     <span class='ocr_line' id='line_1_18' title="bbox 530 1634 2090 1713; baseline -0.006 -15"><span class='ocrx_word' id='word_1_119' title='bbox 530 1642 671 1712; x_wconf 90' lang='lat' dir='ltr'><strong>quod</strong></span> <span class='ocrx_word' id='word_1_120' title='bbox 705 1644 1015 1713; x_wconf 85' lang='lat' dir='ltr'><strong>mysterium</strong></span> <span class='ocrx_word' id='word_1_121' title='bbox 1047 1640 1404 1705; x_wconf 78' lang='lat' dir='ltr'><strong>intellexerit,</strong></span> <span class='ocrx_word' id='word_1_122' title='bbox 1435 1637 1533 1694; x_wconf 88' lang='lat' dir='ltr'><strong>sed</strong></span> <span class='ocrx_word' id='word_1_123' title='bbox 1562 1638 1683 1708; x_wconf 85' lang='lat' dir='ltr'><strong>quia</strong></span> <span class='ocrx_word' id='word_1_124' title='bbox 1711 1636 1838 1691; x_wconf 90' lang='lat' dir='ltr'><strong>illud</strong></span> <span class='ocrx_word' id='word_1_125' title='bbox 1866 1636 2042 1705; x_wconf 92' lang='lat' dir='ltr'><strong>ipsum</strong></span> <span class='ocrx_word' id='word_1_126' title='bbox 2074 1634 2090 1665; x_wconf 88' lang='grc'>¹</span> 
     </span>
    </p>
   </div>
   <div class='ocr_carea' id='block_1_19' title="bbox 2188 435 3780 517">
    <p class='ocr_par' dir='ltr' id='par_1_19' title="bbox 2188 435 3780 517">
     <span class='ocr_line' id='line_1_19' title="bbox 2188 435 3780 517; baseline 0.006 -28"><span class='ocrx_word' id='word_1_127' title='bbox 2188 435 2314 502; x_wconf 85' lang='lat' dir='ltr'><strong>lum,</strong></span> <span class='ocrx_word' id='word_1_128' title='bbox 2333 437 2386 491; x_wconf 88' lang='lat' dir='ltr'><strong>in</strong></span> <span class='ocrx_word' id='word_1_129' title='bbox 2406 453 2535 508; x_wconf 84' lang='lat' dir='ltr'><strong>pace</strong></span> <span class='ocrx_word' id='word_1_130' title='bbox 2555 442 2839 495; x_wconf 76' lang='lat' dir='ltr'><strong>seminatur</strong></span> <span class='ocrx_word' id='word_1_131' title='bbox 2862 443 3159 512; x_wconf 80' lang='lat' dir='ltr'><strong>facientibus</strong></span> <span class='ocrx_word' id='word_1_132' title='bbox 3182 460 3357 511; x_wconf 81' lang='lat' dir='ltr'><strong>pacem</strong></span> <span class='ocrx_word' id='word_1_133' title='bbox 3380 444 3516 516; x_wconf 84' lang='lat' dir='ltr'><strong>(Jac.</strong></span> <span class='ocrx_word' id='word_1_134' title='bbox 3546 462 3627 513; x_wconf 86' lang='lat' dir='ltr'><strong>tn,</strong></span> <span class='ocrx_word' id='word_1_135' title='bbox 3653 444 3780 517; x_wconf 69' lang='lat'><strong>18):</strong></span> 
     </span>
    </p>
   </div>
   <div class='ocr_carea' id='block_1_20' title="bbox 2187 526 3784 607">
    <p class='ocr_par' dir='ltr' id='par_1_20' title="bbox 2187 526 3784 607">
     <span class='ocr_line' id='line_1_20' title="bbox 2187 526 3784 607; baseline 0.008 -26"><span class='ocrx_word' id='word_1_136' title='bbox 2187 526 2309 582; x_wconf 84' lang='lat' dir='ltr'><strong>ideo</strong></span> <span class='ocrx_word' id='word_1_137' title='bbox 2339 529 2479 598; x_wconf 87' lang='lat' dir='ltr'><strong>quod</strong></span> <span class='ocrx_word' id='word_1_138' title='bbox 2509 531 2531 562; x_wconf 83' lang='grc'><strong><em>³</em></strong></span> <span class='ocrx_word' id='word_1_139' title='bbox 2572 532 2826 587; x_wconf 87' lang='lat' dir='ltr'><strong>Dominus</strong></span> <span class='ocrx_word' id='word_1_140' title='bbox 2867 533 2919 587; x_wconf 92' lang='lat' dir='ltr'><strong>in</strong></span> <span class='ocrx_word' id='word_1_141' title='bbox 2964 532 3251 604; x_wconf 85' lang='lat' dir='ltr'><strong>Evangelio</strong></span> <span class='ocrx_word' id='word_1_142' title='bbox 3280 535 3454 591; x_wconf 85' lang='lat' dir='ltr'><strong>dicit:</strong></span> <span class='ocrx_word' id='word_1_143' title='bbox 3497 535 3609 607; x_wconf 78' lang='lat' dir='ltr'><strong>Ego</strong></span> <span class='ocrx_word' id='word_1_144' title='bbox 3658 555 3784 594; x_wconf 79' lang='lat' dir='ltr'><strong>sum</strong></span> 
     </span>
    </p>
   </div>
   <div class='ocr_carea' id='block_1_21' title="bbox 2189 622 3781 699">
    <p class='ocr_par' dir='ltr' id='par_1_21' title="bbox 2189 622 3781 699">
     <span class='ocr_line' id='line_1_21' title="bbox 2189 622 3781 699; baseline 0.006 -25"><span class='ocrx_word' id='word_1_145' title='bbox 2189 622 2306 675; x_wconf 81' lang='lat' dir='ltr'><strong>vitis</strong></span> <span class='ocrx_word' id='word_1_146' title='bbox 2328 638 2466 687; x_wconf 85' lang='lat' dir='ltr'><strong>vera,</strong></span> <span class='ocrx_word' id='word_1_147' title='bbox 2498 631 2543 677; x_wconf 93' lang='lat' dir='ltr'><strong>et</strong></span> <span class='ocrx_word' id='word_1_148' title='bbox 2573 622 2733 679; x_wconf 88' lang='lat' dir='ltr'><strong>Pater</strong></span> <span class='ocrx_word' id='word_1_149' title='bbox 2762 642 2904 681; x_wconf 86' lang='lat' dir='ltr'><strong>meus</strong></span> <span class='ocrx_word' id='word_1_150' title='bbox 2942 628 3174 699; x_wconf 81' lang='lat' dir='ltr'><strong>agricola</strong></span> <span class='ocrx_word' id='word_1_151' title='bbox 3207 639 3322 682; x_wconf 88' lang='lat' dir='ltr'><strong>est:</strong></span> <span class='ocrx_word' id='word_1_152' title='bbox 3353 646 3550 684; x_wconf 86' lang='lat' dir='ltr'><strong>omnem</strong></span> <span class='ocrx_word' id='word_1_153' title='bbox 3581 631 3781 699; x_wconf 83' lang='lat' dir='ltr'><strong>palmi-</strong></span> 
     </span>
    </p>
   </div>
   <div class='ocr_carea' id='block_1_22' title="bbox 2188 714 3782 788">
    <p class='ocr_par' dir='ltr' id='par_1_22' title="bbox 2188 714 3782 788">
     <span class='ocr_line' id='line_1_22' title="bbox 2188 714 3782 788; baseline 0.007 -22"><span class='ocrx_word' id='word_1_154' title='bbox 2188 722 2286 767; x_wconf 87' lang='lat' dir='ltr'><strong>tem</strong></span> <span class='ocrx_word' id='word_1_155' title='bbox 2314 714 2369 767; x_wconf 88' lang='lat' dir='ltr'><strong>in</strong></span> <span class='ocrx_word' id='word_1_156' title='bbox 2398 732 2475 769; x_wconf 86' lang='lat' dir='ltr'><strong>me</strong></span> <span class='ocrx_word' id='word_1_157' title='bbox 2504 733 2603 770; x_wconf 83' lang='lat' dir='ltr'><strong>non</strong></span> <span class='ocrx_word' id='word_1_158' title='bbox 2629 717 2883 785; x_wconf 83' lang='lat' dir='ltr'><strong>ferentem</strong></span> <span class='ocrx_word' id='word_1_159' title='bbox 2912 718 3155 787; x_wconf 87' lang='lat' dir='ltr'><strong>fructum,</strong></span> <span class='ocrx_word' id='word_1_160' title='bbox 3215 719 3354 773; x_wconf 87' lang='lat' dir='ltr'><strong>tollet</strong></span> <span class='ocrx_word' id='word_1_161' title='bbox 3392 736 3538 788; x_wconf 89' lang='lat' dir='ltr'><strong>eum,</strong></span> <span class='ocrx_word' id='word_1_162' title='bbox 3569 731 3621 775; x_wconf 86' lang='lat' dir='ltr'><strong>et</strong></span> <span class='ocrx_word' id='word_1_163' title='bbox 3659 737 3782 776; x_wconf 70' lang='lat' dir='ltr'><strong>ous—</strong></span> 
     </span>
    </p>
   </div>
   <div class='ocr_carea' id='block_1_23' title="bbox 2188 788 3782 883">
    <p class='ocr_par' dir='ltr' id='par_1_23' title="bbox 2188 788 3782 883">
     <span class='ocr_line' id='line_1_23' title="bbox 2188 788 3782 883; baseline 0.008 -28"><span class='ocrx_word' id='word_1_164' title='bbox 2188 788 2303 857; x_wconf 72' lang='lat' dir='ltr'><strong>nem</strong></span> <span class='ocrx_word' id='word_1_165' title='bbox 2331 806 2418 873; x_wconf 88' lang='lat' dir='ltr'><strong>qui</strong></span> <span class='ocrx_word' id='word_1_166' title='bbox 2457 809 2553 875; x_wconf 84' lang='lat' dir='ltr'><strong>fert</strong></span> <span class='ocrx_word' id='word_1_167' title='bbox 2597 808 2839 878; x_wconf 87' lang='lat' dir='ltr'><strong>fructum,</strong></span> <span class='ocrx_word' id='word_1_168' title='bbox 2871 809 3112 879; x_wconf 85' lang='lat' dir='ltr'><strong>purgabit</strong></span> <span class='ocrx_word' id='word_1_169' title='bbox 3150 826 3288 875; x_wconf 91' lang='lat' dir='ltr'><strong>eum,</strong></span> <span class='ocrx_word' id='word_1_170' title='bbox 3319 821 3375 865; x_wconf 91' lang='lat' dir='ltr'><strong>ut</strong></span> <span class='ocrx_word' id='word_1_171' title='bbox 3410 813 3525 879; x_wconf 90' lang='lat' dir='ltr'><strong>plus</strong></span> <span class='ocrx_word' id='word_1_172' title='bbox 3551 814 3782 883; x_wconf 69' lang='lat' dir='ltr'><strong>fructum</strong></span> 
     </span>
    </p>
   </div>
   <div class='ocr_carea' id='block_1_24' title="bbox 2188 896 3782 975">
    <p class='ocr_par' dir='ltr' id='par_1_24' title="bbox 2188 896 3782 975">
     <span class='ocr_line' id='line_1_24' title="bbox 2188 896 3782 975; baseline 0.008 -27"><span class='ocrx_word' id='word_1_173' title='bbox 2188 896 2372 963; x_wconf 78' lang='lat' dir='ltr'><strong>afferat</strong></span> <span class='ocrx_word' id='word_1_174' title='bbox 2404 897 2583 970; x_wconf 87' lang='lat' dir='ltr'><strong>(Joan.</strong></span> <span class='ocrx_word' id='word_1_175' title='bbox 2619 916 2705 966; x_wconf 80' lang='lat' dir='ltr'><strong>xv,</strong></span> <span class='ocrx_word' id='word_1_176' title='bbox 2736 903 2789 965; x_wconf 75' lang='lat' dir='ltr'><strong>i,</strong></span> <span class='ocrx_word' id='word_1_177' title='bbox 2821 900 2896 971; x_wconf 73' lang='grc' dir='ltr'><strong>Ξ).</strong></span> <span class='ocrx_word' id='word_1_178' title='bbox 2928 901 3035 957; x_wconf 87' lang='lat' dir='ltr'><strong>Nec</strong></span> <span class='ocrx_word' id='word_1_179' title='bbox 3071 903 3270 957; x_wconf 88' lang='lat' dir='ltr'><strong>mirum</strong></span> <span class='ocrx_word' id='word_1_180' title='bbox 3302 904 3558 969; x_wconf 88' lang='lat' dir='ltr'><strong>videatur,</strong></span> <span class='ocrx_word' id='word_1_181' title='bbox 3585 906 3630 959; x_wconf 90' lang='lat' dir='ltr'><strong>si</strong></span> <span class='ocrx_word' id='word_1_182' title='bbox 3655 921 3782 975; x_wconf 90' lang='lat' dir='ltr'><strong>per-</strong></span> 
     </span>
    </p>
   </div>
   <div class='ocr_carea' id='block_1_25' title="bbox 2190 991 3779 1064">
    <p class='ocr_par' dir='ltr' id='par_1_25' title="bbox 2190 991 3779 1064">
     <span class='ocr_line' id='line_1_25' title="bbox 2190 991 3779 1064; baseline 0.008 -25"><span class='ocrx_word' id='word_1_183' title='bbox 2190 998 2469 1044; x_wconf 88' lang='lat' dir='ltr'><strong>manentes</strong></span> <span class='ocrx_word' id='word_1_184' title='bbox 2503 991 2552 1044; x_wconf 93' lang='lat' dir='ltr'><strong>in</strong></span> <span class='ocrx_word' id='word_1_185' title='bbox 2595 1006 2850 1062; x_wconf 77' lang='lat' dir='ltr'><strong>compage</strong></span> <span class='ocrx_word' id='word_1_186' title='bbox 2877 994 3119 1064; x_wconf 91' lang='lat' dir='ltr'><strong>corporis</strong></span> <span class='ocrx_word' id='word_1_187' title='bbox 3160 992 3376 1059; x_wconf 88' lang='lat' dir='ltr'><strong>Christi,</strong></span> <span class='ocrx_word' id='word_1_188' title='bbox 3409 1004 3465 1050; x_wconf 90' lang='lat' dir='ltr'><strong>et</strong></span> <span class='ocrx_word' id='word_1_189' title='bbox 3493 1006 3779 1052; x_wconf 86' lang='lat' dir='ltr'><strong>servantes</strong></span> 
     </span>
    </p>
   </div>
   <div class='ocr_carea' id='block_1_26' title="bbox 2193 1077 3783 1155">
    <p class='ocr_par' dir='ltr' id='par_1_26' title="bbox 2193 1077 3783 1155">
     <span class='ocr_line' id='line_1_26' title="bbox 2193 1077 3783 1155; baseline 0.006 -23"><span class='ocrx_word' id='word_1_190' title='bbox 2193 1077 2448 1133; x_wconf 85' lang='lat' dir='ltr'><strong>unitatem</strong></span> <span class='ocrx_word' id='word_1_191' title='bbox 2502 1080 2722 1149; x_wconf 87' lang='lat' dir='ltr'><strong>spiritus</strong></span> <span class='ocrx_word' id='word_1_192' title='bbox 2762 1082 2814 1136; x_wconf 94' lang='lat' dir='ltr'><strong>in</strong></span> <span class='ocrx_word' id='word_1_193' title='bbox 2843 1084 3056 1138; x_wconf 85' lang='lat' dir='ltr'><strong>vinculo</strong></span> <span class='ocrx_word' id='word_1_194' title='bbox 3088 1085 3251 1153; x_wconf 84' lang='lat' dir='ltr'><strong>pacis,</strong></span> <span class='ocrx_word' id='word_1_195' title='bbox 3281 1100 3375 1154; x_wconf 83' lang='lat' dir='ltr'><strong>per</strong></span> <span class='ocrx_word' id='word_1_196' title='bbox 3404 1086 3571 1155; x_wconf 88' lang='lat' dir='ltr'><strong>ipsam</strong></span> <span class='ocrx_word' id='word_1_197' title='bbox 3602 1087 3783 1141; x_wconf 87' lang='lat' dir='ltr'><strong>chari-</strong></span> 
     </span>
    </p>
   </div>
   <div class='ocr_carea' id='block_1_27' title="bbox 2194 1173 3777 1243">
    <p class='ocr_par' dir='ltr' id='par_1_27' title="bbox 2194 1173 3777 1243">
     <span class='ocr_line' id='line_1_27' title="bbox 2194 1173 3777 1243; baseline 0.004 -20"><span class='ocrx_word' id='word_1_198' title='bbox 2194 1177 2356 1225; x_wconf 90' lang='lat' dir='ltr'><strong>tatem</strong></span> <span class='ocrx_word' id='word_1_199' title='bbox 2385 1187 2414 1225; x_wconf 92' lang='lat' dir='ltr'><strong>a</strong></span> <span class='ocrx_word' id='word_1_200' title='bbox 2433 1173 2546 1227; x_wconf 88' lang='lat' dir='ltr'><strong>suis</strong></span> <span class='ocrx_word' id='word_1_201' title='bbox 2568 1181 2859 1243; x_wconf 74' lang='lat' dir='ltr'><strong>purgentur</strong></span> <span class='ocrx_word' id='word_1_202' title='bbox 2888 1176 3188 1242; x_wconf 84' lang='lat' dir='ltr'><strong>erroribus,</strong></span> <span class='ocrx_word' id='word_1_203' title='bbox 3231 1191 3359 1231; x_wconf 90' lang='lat' dir='ltr'><strong>cum</strong></span> <span class='ocrx_word' id='word_1_204' title='bbox 3400 1179 3658 1242; x_wconf 89' lang='lat' dir='ltr'><strong>scriptum</strong></span> <span class='ocrx_word' id='word_1_205' title='bbox 3684 1178 3777 1243; x_wconf 91' lang='lat' dir='ltr'><strong>sit,</strong></span> 
     </span>
    </p>
   </div>
   <div class='ocr_carea' id='block_1_28' title="bbox 2192 1262 3781 1339">
    <p class='ocr_par' dir='ltr' id='par_1_28' title="bbox 2192 1262 3781 1339">
     <span class='ocr_line' id='line_1_28' title="bbox 2192 1262 3781 1339; baseline 0.008 -25"><span class='ocrx_word' id='word_1_206' title='bbox 2192 1262 2334 1331; x_wconf 91' lang='lat' dir='ltr'><strong>quod</strong></span> <span class='ocrx_word' id='word_1_207' title='bbox 2360 1263 2607 1318; x_wconf 87' lang='lat' dir='ltr'><strong>universa</strong></span> <span class='ocrx_word' id='word_1_208' title='bbox 2644 1264 2840 1320; x_wconf 90' lang='lat' dir='ltr'><strong>delicta</strong></span> <span class='ocrx_word' id='word_1_209' title='bbox 2866 1267 3072 1337; x_wconf 85' lang='lat' dir='ltr'><strong>operiat</strong></span> <span class='ocrx_word' id='word_1_210' title='bbox 3092 1268 3327 1325; x_wconf 87' lang='lat' dir='ltr'><strong>charitas</strong></span> <span class='ocrx_word' id='word_1_211' title='bbox 3359 1268 3543 1339; x_wconf 78' lang='lat' dir='ltr'><strong>(Prov.</strong></span> <span class='ocrx_word' id='word_1_212' title='bbox 3568 1285 3625 1336; x_wconf 71' lang='grc' dir='ltr'><strong>κ,</strong></span> <span class='ocrx_word' id='word_1_213' title='bbox 3658 1270 3781 1339; x_wconf 76' lang='grc'><strong>12).</strong></span> 
     </span>
    </p>
   </div>
   <div class='ocr_carea' id='block_1_29' title="bbox 2193 1353 3780 1433">
    <p class='ocr_par' dir='ltr' id='par_1_29' title="bbox 2193 1353 3780 1433">
     <span class='ocr_line' id='line_1_29' title="bbox 2193 1353 3780 1433; baseline 0.006 -26"><span class='ocrx_word' id='word_1_214' title='bbox 2193 1353 2659 1420; x_wconf 83' lang='lat' dir='ltr'><strong>Quemadmodum</strong></span> <span class='ocrx_word' id='word_1_215' title='bbox 2682 1372 2811 1413; x_wconf 86' lang='lat' dir='ltr'><strong>vero</strong></span> <span class='ocrx_word' id='word_1_216' title='bbox 2838 1360 3126 1414; x_wconf 86' lang='lat' dir='ltr'><strong>multorum</strong></span> <span class='ocrx_word' id='word_1_217' title='bbox 3153 1360 3313 1416; x_wconf 90' lang='lat' dir='ltr'><strong>vitam</strong></span> <span class='ocrx_word' id='word_1_218' title='bbox 3362 1377 3458 1431; x_wconf 93' lang='lat' dir='ltr'><strong>pro</strong></span> <span class='ocrx_word' id='word_1_219' title='bbox 3487 1362 3780 1433; x_wconf 74' lang='lat' dir='ltr'><strong>Scriptura:</strong></span> 
     </span>
    </p>
   </div>
   <div class='ocr_carea' id='block_1_30' title="bbox 2196 1444 3778 1522">
    <p class='ocr_par' dir='ltr' id='par_1_30' title="bbox 2196 1444 3778 1522">
     <span class='ocr_line' id='line_1_30' title="bbox 2196 1444 3778 1522; baseline 0.006 -22"><span class='ocrx_word' id='word_1_220' title='bbox 2196 1444 2293 1502; x_wconf 88' lang='lat' dir='ltr'><strong>Dei</strong></span> <span class='ocrx_word' id='word_1_221' title='bbox 2322 1447 2630 1503; x_wconf 90' lang='lat' dir='ltr'><strong>testimonio</strong></span> <span class='ocrx_word' id='word_1_222' title='bbox 2652 1464 2681 1503; x_wconf 91' lang='lat' dir='ltr'><strong>a</strong></span> <span class='ocrx_word' id='word_1_223' title='bbox 2700 1464 2802 1519; x_wconf 91' lang='lat' dir='ltr'><strong>qua</strong></span> <span class='ocrx_word' id='word_1_224' title='bbox 2823 1449 3027 1506; x_wconf 84' lang='lat' dir='ltr'><strong>laudati</strong></span> <span class='ocrx_word' id='word_1_225' title='bbox 3047 1462 3190 1518; x_wconf 90' lang='lat' dir='ltr'><strong>sunt,</strong></span> <span class='ocrx_word' id='word_1_226' title='bbox 3214 1454 3429 1522; x_wconf 88' lang='lat' dir='ltr'><strong>impiam</strong></span> <span class='ocrx_word' id='word_1_227' title='bbox 3462 1454 3647 1510; x_wconf 85' lang='lat' dir='ltr'><strong>dicere</strong></span> <span class='ocrx_word' id='word_1_228' title='bbox 3672 1470 3778 1510; x_wconf 89' lang='lat' dir='ltr'><strong>non</strong></span> 
     </span>
    </p>
   </div>
   <div class='ocr_carea' id='block_1_31' title="bbox 2196 1536 3781 1615">
    <p class='ocr_par' dir='ltr' id='par_1_31' title="bbox 2196 1536 3781 1615">
     <span class='ocr_line' id='line_1_31' title="bbox 2196 1536 3781 1615; baseline 0.008 -26"><span class='ocrx_word' id='word_1_229' title='bbox 2196 1536 2479 1603; x_wconf 89' lang='lat' dir='ltr'><strong>audemus,</strong></span> <span class='ocrx_word' id='word_1_230' title='bbox 2507 1538 2634 1594; x_wconf 89' lang='lat' dir='ltr'><strong>licet</strong></span> <span class='ocrx_word' id='word_1_231' title='bbox 2660 1539 2927 1610; x_wconf 85' lang='lat' dir='ltr'><strong>aliquibus</strong></span> <span class='ocrx_word' id='word_1_232' title='bbox 2952 1556 3135 1597; x_wconf 91' lang='lat' dir='ltr'><strong>eorum</strong></span> <span class='ocrx_word' id='word_1_233' title='bbox 3170 1542 3323 1599; x_wconf 83' lang='lat' dir='ltr'><strong>factis</strong></span> <span class='ocrx_word' id='word_1_234' title='bbox 3352 1544 3587 1615; x_wconf 76' lang='lat' dir='ltr'><strong>graviter</strong></span> <span class='ocrx_word' id='word_1_235' title='bbox 3609 1546 3781 1602; x_wconf 74' lang='lat' dir='ltr'><strong>offen-</strong></span> 
     </span>
    </p>
   </div>
   <div class='ocr_carea' id='block_1_32' title="bbox 2199 1626 3778 1705">
    <p class='ocr_par' dir='ltr' id='par_1_32' title="bbox 2199 1626 3778 1705">
     <span class='ocr_line' id='line_1_32' title="bbox 2199 1626 3778 1705; baseline 0.008 -24"><span class='ocrx_word' id='word_1_236' title='bbox 2199 1626 2419 1691; x_wconf 88' lang='lat' dir='ltr'><strong>damur;</strong></span> <span class='ocrx_word' id='word_1_237' title='bbox 2452 1628 2530 1683; x_wconf 90' lang='lat' dir='ltr'><strong>sic</strong></span> <span class='ocrx_word' id='word_1_238' title='bbox 2556 1630 2717 1685; x_wconf 91' lang='lat' dir='ltr'><strong>etiam</strong></span> <span class='ocrx_word' id='word_1_239' title='bbox 2748 1631 3037 1687; x_wconf 90' lang='lat' dir='ltr'><strong>multorum</strong></span> <span class='ocrx_word' id='word_1_240' title='bbox 3066 1633 3363 1689; x_wconf 86' lang='lat' dir='ltr'><strong>doctrinam</strong></span> <span class='ocrx_word' id='word_1_241' title='bbox 3395 1651 3494 1705; x_wconf 90' lang='lat' dir='ltr'><strong>pro</strong></span> <span class='ocrx_word' id='word_1_242' title='bbox 3520 1630 3778 1693; x_wconf 72' lang='lat' dir='ltr'><strong>Ecclesiie</strong></span> 
     </span>
    </p>
   </div>
   <div class='ocr_carea' id='block_1_33' title="bbox 521 1718 3779 1805">
    <p class='ocr_par' dir='ltr' id='par_1_33' title="bbox 521 1718 3779 1805">
     <span class='ocr_line' id='line_1_33' title="bbox 521 1718 3779 1805; baseline 0.006 -41"><span class='ocrx_word' id='word_1_243' title='bbox 521 1734 663 1803; x_wconf 63' lang='lat' dir='ltr'><strong>quod</strong></span> <span class='ocrx_word' id='word_1_244' title='bbox 706 1750 734 1787; x_wconf 57' lang='grc' dir='ltr'><strong>θ</strong></span> <span class='ocrx_word' id='word_1_245' title='bbox 768 1735 857 1788; x_wconf 62' lang='grc' dir='ltr'><strong>ωε</strong></span> <span class='ocrx_word' id='word_1_246' title='bbox 904 1734 1155 1805; x_wconf 59' lang='lat' dir='ltr'><strong>magism,</strong></span> <span class='ocrx_word' id='word_1_247' title='bbox 1194 1733 1496 1797; x_wconf 53' lang='lat' dir='ltr'><strong>diceretur,</strong></span> <span class='ocrx_word' id='word_1_248' title='bbox 1529 1732 1596 1786; x_wconf 65' lang='lat' dir='ltr'><strong>ad</strong></span> <span class='ocrx_word' id='word_1_249' title='bbox 1640 1731 1802 1784; x_wconf 51' lang='lat' dir='ltr'><strong>vitam</strong></span> <span class='ocrx_word' id='word_1_250' title='bbox 1839 1737 2095 1784; x_wconf 47' lang='lat' dir='ltr'><strong>aeternam</strong></span> <span class='ocrx_word' id='word_1_251' title='bbox 2128 1720 2176 1780; x_wconf 88' lang='lat' dir='ltr'><strong>B</strong></span> <span class='ocrx_word' id='word_1_252' title='bbox 2203 1718 2297 1774; x_wconf 92' lang='lat' dir='ltr'><strong>Dei</strong></span> <span class='ocrx_word' id='word_1_253' title='bbox 2327 1720 2631 1776; x_wconf 88' lang='lat' dir='ltr'><strong>testimonio</strong></span> <span class='ocrx_word' id='word_1_254' title='bbox 2655 1737 2685 1776; x_wconf 94' lang='lat' dir='ltr'><strong>a</strong></span> <span class='ocrx_word' id='word_1_255' title='bbox 2707 1737 2810 1791; x_wconf 88' lang='lat' dir='ltr'><strong>qua</strong></span> <span class='ocrx_word' id='word_1_256' title='bbox 2832 1722 3081 1779; x_wconf 88' lang='lat' dir='ltr'><strong>honorati</strong></span> <span class='ocrx_word' id='word_1_257' title='bbox 3103 1735 3247 1791; x_wconf 91' lang='lat' dir='ltr'><strong>sunt,</strong></span> <span class='ocrx_word' id='word_1_258' title='bbox 3269 1725 3576 1782; x_wconf 64' lang='lat' dir='ltr'><strong>haereticam</strong></span> <span class='ocrx_word' id='word_1_259' title='bbox 3600 1727 3779 1783; x_wconf 77' lang='lat' dir='ltr'><strong>dicere</strong></span> 
     </span>
    </p>
   </div>
   <div class='ocr_carea' id='block_1_34' title="bbox 522 1821 2101 1893">
    <p class='ocr_par' dir='ltr' id='par_1_34' title="bbox 522 1821 2101 1893">
     <span class='ocr_line' id='line_1_34' title="bbox 522 1821 2101 1893; baseline -0.004 -15"><span class='ocrx_word' id='word_1_260' title='bbox 522 1824 705 1893; x_wconf 86' lang='lat' dir='ltr'><strong>procul</strong></span> <span class='ocrx_word' id='word_1_261' title='bbox 734 1824 899 1879; x_wconf 89' lang='lat' dir='ltr'><strong>dubio</strong></span> <span class='ocrx_word' id='word_1_262' title='bbox 928 1825 1237 1893; x_wconf 86' lang='lat' dir='ltr'><strong>pertineret.</strong></span> <span class='ocrx_word' id='word_1_263' title='bbox 1264 1823 1355 1878; x_wconf 85' lang='lat' dir='ltr'><strong>Ait</strong></span> <span class='ocrx_word' id='word_1_264' title='bbox 1376 1823 1519 1877; x_wconf 91' lang='lat' dir='ltr'><strong>enim</strong></span> <span class='ocrx_word' id='word_1_265' title='bbox 1548 1838 1562 1875; x_wconf 88' lang='lat'><strong>:</strong></span> <span class='ocrx_word' id='word_1_266' title='bbox 1597 1821 1835 1886; x_wconf 88' lang='lat' dir='ltr'><strong>Domine,</strong></span> <span class='ocrx_word' id='word_1_267' title='bbox 1860 1822 1930 1873; x_wconf 90' lang='lat' dir='ltr'><strong>ad</strong></span> <span class='ocrx_word' id='word_1_268' title='bbox 1953 1835 2101 1885; x_wconf 83' lang='lat' dir='ltr'><strong>quem</strong></span> 
     </span>
    </p>
   </div>
   <div class='ocr_carea' id='block_1_35' title="bbox 522 1915 2098 1978">
    <p class='ocr_par' dir='ltr' id='par_1_35' title="bbox 522 1915 2098 1978">
     <span class='ocr_line' id='line_1_35' title="bbox 522 1915 2098 1978; baseline -0.002 -9"><span class='ocrx_word' id='word_1_269' title='bbox 522 1917 744 1971; x_wconf 83' lang='lat' dir='ltr'><strong>ibimus?</strong></span> <span class='ocrx_word' id='word_1_270' title='bbox 771 1917 920 1972; x_wconf 78' lang='lat' dir='ltr'><strong>verba</strong></span> <span class='ocrx_word' id='word_1_271' title='bbox 942 1918 1056 1972; x_wconf 72' lang='lat' dir='ltr'><strong>vitta</strong></span> <span class='ocrx_word' id='word_1_272' title='bbox 1081 1927 1281 1972; x_wconf 76' lang='lat' dir='ltr'><strong>teterme</strong></span> <span class='ocrx_word' id='word_1_273' title='bbox 1309 1916 1462 1971; x_wconf 88' lang='lat' dir='ltr'><strong>habes</strong></span> <span class='ocrx_word' id='word_1_274' title='bbox 1501 1932 1521 1970; x_wconf 90' lang='lat'><strong><em>:</em></strong></span> <span class='ocrx_word' id='word_1_275' title='bbox 1567 1925 1614 1969; x_wconf 90' lang='lat' dir='ltr'><strong>et</strong></span> <span class='ocrx_word' id='word_1_276' title='bbox 1641 1931 1731 1969; x_wconf 82' lang='lat' dir='ltr'><strong>nos</strong></span> <span class='ocrx_word' id='word_1_277' title='bbox 1763 1915 2098 1978; x_wconf 81' lang='lat' dir='ltr'><strong>credidimus,</strong></span> 
     </span>
    </p>
   </div>
   <div class='ocr_carea' id='block_1_36' title="bbox 522 2005 2101 2079">
    <p class='ocr_par' dir='ltr' id='par_1_36' title="bbox 522 2005 2101 2079">
     <span class='ocr_line' id='line_1_36' title="bbox 522 2005 2101 2079; baseline -0.002 -16"><span class='ocrx_word' id='word_1_278' title='bbox 522 2017 567 2063; x_wconf 80' lang='lat' dir='ltr'><strong>st</strong></span> <span class='ocrx_word' id='word_1_279' title='bbox 612 2011 936 2079; x_wconf 69' lang='lat' dir='ltr'><strong>cognorimus</strong></span> <span class='ocrx_word' id='word_1_280' title='bbox 987 2012 1104 2078; x_wconf 79' lang='lat' dir='ltr'><strong>quia</strong></span> <span class='ocrx_word' id='word_1_281' title='bbox 1150 2022 1205 2064; x_wconf 85' lang='lat' dir='ltr'><strong>tu</strong></span> <span class='ocrx_word' id='word_1_282' title='bbox 1252 2027 1304 2064; x_wconf 91' lang='lat' dir='ltr'><strong>es</strong></span> <span class='ocrx_word' id='word_1_283' title='bbox 1351 2010 1581 2064; x_wconf 73' lang='lat' dir='ltr'><strong>Christus</strong></span> <span class='ocrx_word' id='word_1_284' title='bbox 1632 2007 1803 2062; x_wconf 81' lang='lat' dir='ltr'><strong>Filius</strong></span> <span class='ocrx_word' id='word_1_285' title='bbox 1858 2005 1953 2061; x_wconf 87' lang='lat' dir='ltr'><strong>Dei</strong></span> <span class='ocrx_word' id='word_1_286' title='bbox 2002 2007 2101 2060; x_wconf 87' lang='lat' dir='ltr'><strong>vivi</strong></span> 
     </span>
    </p>
   </div>
   <div class='ocr_carea' id='block_1_37' title="bbox 523 2097 2100 2171">
    <p class='ocr_par' dir='ltr' id='par_1_37' title="bbox 523 2097 2100 2171">
     <span class='ocr_line' id='line_1_37' title="bbox 523 2097 2100 2171; baseline 0.001 -19"><span class='ocrx_word' id='word_1_287' title='bbox 523 2099 707 2171; x_wconf 83' lang='lat' dir='ltr'><strong>(Joau.</strong></span> <span class='ocrx_word' id='word_1_288' title='bbox 731 2116 807 2165; x_wconf 83' lang='lat' dir='ltr'><strong>vr,</strong></span> <span class='ocrx_word' id='word_1_289' title='bbox 839 2099 954 2170; x_wconf 81' lang='lat'><strong>69).</strong></span> <span class='ocrx_word' id='word_1_290' title='bbox 982 2100 1135 2167; x_wconf 85' lang='lat' dir='ltr'><strong>Quod</strong></span> <span class='ocrx_word' id='word_1_291' title='bbox 1156 2101 1199 2156; x_wconf 93' lang='lat' dir='ltr'><strong>si</strong></span> <span class='ocrx_word' id='word_1_292' title='bbox 1234 2099 1545 2171; x_wconf 85' lang='lat' dir='ltr'><strong>mysterium</strong></span> <span class='ocrx_word' id='word_1_293' title='bbox 1584 2098 1950 2163; x_wconf 81' lang='lat' dir='ltr'><strong>intellexisset,</strong></span> <span class='ocrx_word' id='word_1_294' title='bbox 1987 2097 2100 2153; x_wconf 66' lang='lat' dir='ltr'><strong>haec</strong></span> 
     </span>
    </p>
   </div>
   <div class='ocr_carea' id='block_1_38' title="bbox 529 2190 2098 2260">
    <p class='ocr_par' dir='ltr' id='par_1_38' title="bbox 529 2190 2098 2260">
     <span class='ocr_line' id='line_1_38' title="bbox 529 2190 2098 2260; baseline 0.001 -15"><span class='ocrx_word' id='word_1_295' title='bbox 529 2190 705 2260; x_wconf 88' lang='lat' dir='ltr'><strong>potius</strong></span> <span class='ocrx_word' id='word_1_296' title='bbox 733 2191 953 2246; x_wconf 86' lang='lat' dir='ltr'><strong>dixisset</strong></span> <span class='ocrx_word' id='word_1_297' title='bbox 985 2210 999 2247; x_wconf 90' lang='lat'><strong>:</strong></span> <span class='ocrx_word' id='word_1_298' title='bbox 1032 2192 1272 2259; x_wconf 84' lang='lat' dir='ltr'><strong>Domine,</strong></span> <span class='ocrx_word' id='word_1_299' title='bbox 1297 2207 1392 2248; x_wconf 89' lang='lat' dir='ltr'><strong>cur</strong></span> <span class='ocrx_word' id='word_1_300' title='bbox 1426 2192 1683 2246; x_wconf 81' lang='lat' dir='ltr'><strong>abeamus</strong></span> <span class='ocrx_word' id='word_1_301' title='bbox 1712 2206 1816 2245; x_wconf 85' lang='lat' dir='ltr'><strong>non</strong></span> <span class='ocrx_word' id='word_1_302' title='bbox 1842 2199 1946 2255; x_wconf 87' lang='lat' dir='ltr'><strong>est,</strong></span> <span class='ocrx_word' id='word_1_303' title='bbox 1977 2206 2098 2246; x_wconf 90' lang='lat' dir='ltr'><strong>cum</strong></span> 
     </span>
    </p>
   </div>
   <div class='ocr_carea' id='block_1_39' title="bbox 533 2280 2101 2356">
    <p class='ocr_par' dir='ltr' id='par_1_39' title="bbox 533 2280 2101 2356">
     <span class='ocr_line' id='line_1_39' title="bbox 533 2280 2101 2356; baseline 0.002 -19"><span class='ocrx_word' id='word_1_304' title='bbox 533 2280 813 2337; x_wconf 82' lang='lat' dir='ltr'><strong>credamus</strong></span> <span class='ocrx_word' id='word_1_305' title='bbox 840 2296 939 2339; x_wconf 87' lang='lat' dir='ltr'><strong>nos</strong></span> <span class='ocrx_word' id='word_1_306' title='bbox 965 2286 1209 2355; x_wconf 75' lang='lat' dir='ltr'><strong>corporls</strong></span> <span class='ocrx_word' id='word_1_307' title='bbox 1235 2294 1288 2341; x_wconf 87' lang='lat' dir='ltr'><strong>et</strong></span> <span class='ocrx_word' id='word_1_308' title='bbox 1312 2283 1585 2356; x_wconf 85' lang='lat' dir='ltr'><strong>sanguinis</strong></span> <span class='ocrx_word' id='word_1_309' title='bbox 1628 2283 1703 2339; x_wconf 81' lang='lat' dir='ltr'><strong>tui</strong></span> <span class='ocrx_word' id='word_1_310' title='bbox 1749 2284 1853 2341; x_wconf 79' lang='lat' dir='ltr'><strong>(ide</strong></span> <span class='ocrx_word' id='word_1_311' title='bbox 1880 2285 2101 2341; x_wconf 84' lang='lat' dir='ltr'><strong>salvan-</strong></span> 
     </span>
    </p>
   </div>
   <div class='ocr_carea' id='block_1_40' title="bbox 525 2371 2101 2448">
    <p class='ocr_par' dir='ltr' id='par_1_40' title="bbox 525 2371 2101 2448">
     <span class='ocr_line' id='line_1_40' title="bbox 525 2371 2101 2448; baseline 0.005 -22"><span class='ocrx_word' id='word_1_312' title='bbox 525 2371 645 2428; x_wconf 87' lang='lat' dir='ltr'><strong>dos.</strong></span> <span class='ocrx_word' id='word_1_313' title='bbox 688 2376 907 2430; x_wconf 84' lang='lat' dir='ltr'><strong>Multum</strong></span> <span class='ocrx_word' id='word_1_314' title='bbox 943 2377 1121 2447; x_wconf 85' lang='lat' dir='ltr'><strong>itaque</strong></span> <span class='ocrx_word' id='word_1_315' title='bbox 1157 2378 1335 2433; x_wconf 86' lang='lat' dir='ltr'><strong>dill‘ert</strong></span> <span class='ocrx_word' id='word_1_316' title='bbox 1378 2382 1517 2433; x_wconf 86' lang='lat' dir='ltr'><strong>inter</strong></span> <span class='ocrx_word' id='word_1_317' title='bbox 1561 2377 1931 2432; x_wconf 78' lang='lat' dir='ltr'><strong>hzereticorum</strong></span> <span class='ocrx_word' id='word_1_318' title='bbox 1975 2394 2101 2448; x_wconf 92' lang='lat' dir='ltr'><strong>pro-</strong></span> 
     </span>
    </p>
   </div>
   <div class='ocr_carea' id='block_1_41' title="bbox 526 2468 2102 2541">
    <p class='ocr_par' dir='ltr' id='par_1_41' title="bbox 526 2468 2102 2541">
     <span class='ocr_line' id='line_1_41' title="bbox 526 2468 2102 2541; baseline 0.006 -22"><span class='ocrx_word' id='word_1_319' title='bbox 526 2468 744 2522; x_wconf 84' lang='lat' dir='ltr'><strong>terviam</strong></span> <span class='ocrx_word' id='word_1_320' title='bbox 777 2468 1035 2524; x_wconf 86' lang='lat' dir='ltr'><strong>immitem</strong></span> <span class='ocrx_word' id='word_1_321' title='bbox 1059 2484 1254 2541; x_wconf 89' lang='lat' dir='ltr'><strong>corpus</strong></span> <span class='ocrx_word' id='word_1_322' title='bbox 1284 2472 1539 2527; x_wconf 68' lang='lat' dir='ltr'><strong>Ecclesiae</strong></span> <span class='ocrx_word' id='word_1_323' title='bbox 1570 2471 1983 2539; x_wconf 88' lang='lat' dir='ltr'><strong>discindentem,</strong></span> <span class='ocrx_word' id='word_1_324' title='bbox 2017 2473 2102 2528; x_wconf 89' lang='lat' dir='ltr'><strong>vel</strong></span> 
     </span>
    </p>
   </div>
   <div class='ocr_carea' id='block_1_42' title="bbox 526 2555 2102 2634">
    <p class='ocr_par' dir='ltr' id='par_1_42' title="bbox 526 2555 2102 2634">
     <span class='ocr_line' id='line_1_42' title="bbox 526 2555 2102 2634; baseline 0.006 -24"><span class='ocrx_word' id='word_1_325' title='bbox 526 2555 580 2610; x_wconf 92' lang='lat' dir='ltr'><strong>in</strong></span> <span class='ocrx_word' id='word_1_326' title='bbox 613 2557 852 2613; x_wconf 82' lang='lat' dir='ltr'><strong>Ecclesia</strong></span> <span class='ocrx_word' id='word_1_327' title='bbox 885 2559 1048 2615; x_wconf 90' lang='lat' dir='ltr'><strong>corde</strong></span> <span class='ocrx_word' id='word_1_328' title='bbox 1096 2564 1217 2616; x_wconf 84' lang='lat' dir='ltr'><strong>lieto</strong></span> <span class='ocrx_word' id='word_1_329' title='bbox 1249 2562 1521 2628; x_wconf 84' lang='lat' dir='ltr'><strong>latentem,</strong></span> <span class='ocrx_word' id='word_1_330' title='bbox 1556 2571 1610 2618; x_wconf 88' lang='lat' dir='ltr'><strong>et</strong></span> <span class='ocrx_word' id='word_1_331' title='bbox 1649 2563 1822 2618; x_wconf 91' lang='lat' dir='ltr'><strong>minus</strong></span> <span class='ocrx_word' id='word_1_332' title='bbox 1853 2578 2102 2634; x_wconf 86' lang='lat' dir='ltr'><strong>capacem</strong></span> 
     </span>
    </p>
   </div>
   <div class='ocr_carea' id='block_1_43' title="bbox 525 2647 2098 2723">
    <p class='ocr_par' dir='ltr' id='par_1_43' title="bbox 525 2647 2098 2723">
     <span class='ocr_line' id='line_1_43' title="bbox 525 2647 2098 2723; baseline 0.005 -22"><span class='ocrx_word' id='word_1_333' title='bbox 525 2647 913 2704; x_wconf 90' lang='lat' dir='ltr'><strong>catholicorum</strong></span> <span class='ocrx_word' id='word_1_334' title='bbox 965 2651 1396 2723; x_wconf 88' lang='lat' dir='ltr'><strong>intelligentiam,</strong></span> <span class='ocrx_word' id='word_1_335' title='bbox 1428 2653 1689 2710; x_wconf 65' lang='lat' dir='ltr'><strong>doctrinm</strong></span> <span class='ocrx_word' id='word_1_336' title='bbox 1738 2651 1938 2709; x_wconf 86' lang='lat' dir='ltr'><strong>Christi</strong></span> <span class='ocrx_word' id='word_1_337' title='bbox 1968 2655 2098 2709; x_wconf 87' lang='lat' dir='ltr'><strong>sub-</strong></span> 
     </span>
    </p>
   </div>
   <div class='ocr_carea' id='block_1_44' title="bbox 525 2738 2102 2814">
    <p class='ocr_par' dir='ltr' id='par_1_44' title="bbox 525 2738 2102 2814">
     <span class='ocr_line' id='line_1_44' title="bbox 525 2738 2102 2814; baseline 0.004 -21"><span class='ocrx_word' id='word_1_338' title='bbox 525 2738 743 2809; x_wconf 79' lang='lat' dir='ltr'><strong>iectam,</strong></span> <span class='ocrx_word' id='word_1_339' title='bbox 797 2748 851 2795; x_wconf 89' lang='lat' dir='ltr'><strong>et</strong></span> <span class='ocrx_word' id='word_1_340' title='bbox 896 2754 1197 2797; x_wconf 82' lang='lat' dir='ltr'><strong>servantem</strong></span> <span class='ocrx_word' id='word_1_341' title='bbox 1231 2745 1487 2799; x_wconf 86' lang='lat' dir='ltr'><strong>unitatem</strong></span> <span class='ocrx_word' id='word_1_342' title='bbox 1535 2746 1752 2814; x_wconf 86' lang='lat' dir='ltr'><strong>spiritus</strong></span> <span class='ocrx_word' id='word_1_343' title='bbox 1784 2746 1836 2800; x_wconf 93' lang='lat' dir='ltr'><strong>in</strong></span> <span class='ocrx_word' id='word_1_344' title='bbox 1886 2745 2102 2801; x_wconf 91' lang='lat' dir='ltr'><strong>vinculo</strong></span> 
     </span>
    </p>
   </div>
   <div class='ocr_carea' id='block_1_45' title="bbox 525 2832 2103 2909">
    <p class='ocr_par' dir='ltr' id='par_1_45' title="bbox 525 2832 2103 2909">
     <span class='ocr_line' id='line_1_45' title="bbox 525 2832 2103 2909; baseline 0.008 -25"><span class='ocrx_word' id='word_1_345' title='bbox 525 2832 691 2901; x_wconf 85' lang='lat' dir='ltr'><strong>pacis.</strong></span> <span class='ocrx_word' id='word_1_346' title='bbox 725 2834 891 2900; x_wconf 85' lang='lat' dir='ltr'><strong>Quem</strong></span> <span class='ocrx_word' id='word_1_347' title='bbox 924 2836 1167 2905; x_wconf 81' lang='lat' dir='ltr'><strong>spiritum</strong></span> <span class='ocrx_word' id='word_1_348' title='bbox 1200 2836 1274 2892; x_wconf 91' lang='lat' dir='ltr'><strong>illi</strong></span> <span class='ocrx_word' id='word_1_349' title='bbox 1302 2838 1541 2908; x_wconf 83' lang='lat' dir='ltr'><strong>profecto</strong></span> <span class='ocrx_word' id='word_1_350' title='bbox 1572 2854 1676 2893; x_wconf 93' lang='lat' dir='ltr'><strong>non</strong></span> <span class='ocrx_word' id='word_1_351' title='bbox 1705 2839 1901 2895; x_wconf 85' lang='lat' dir='ltr'><strong>habent</strong></span> <span class='ocrx_word' id='word_1_352' title='bbox 1928 2842 2015 2909; x_wconf 91' lang='lat' dir='ltr'><strong>qui</strong></span> <span class='ocrx_word' id='word_1_353' title='bbox 2044 2854 2103 2896; x_wconf 87' lang='lat' dir='ltr'><strong>se</strong></span> 
     </span>
    </p>
   </div>
   <div class='ocr_carea' id='block_1_46' title="bbox 525 2926 2103 3000">
    <p class='ocr_par' dir='ltr' id='par_1_46' title="bbox 525 2926 2103 3000">
     <span class='ocr_line' id='line_1_46' title="bbox 525 2926 2103 3000; baseline 0.005 -21"><span class='ocrx_word' id='word_1_354' title='bbox 525 2927 594 2980; x_wconf 92' lang='lat' dir='ltr'><strong>ab</strong></span> <span class='ocrx_word' id='word_1_355' title='bbox 644 2926 879 2983; x_wconf 86' lang='lat' dir='ltr'><strong>Ecclesia</strong></span> <span class='ocrx_word' id='word_1_356' title='bbox 923 2938 1248 2999; x_wconf 80' lang='lat' dir='ltr'><strong>segregant,</strong></span> <span class='ocrx_word' id='word_1_357' title='bbox 1296 2932 1537 3000; x_wconf 80' lang='lat' dir='ltr'><strong>apostolo</strong></span> <span class='ocrx_word' id='word_1_358' title='bbox 1565 2931 1701 2987; x_wconf 86' lang='lat' dir='ltr'><strong>Juda</strong></span> <span class='ocrx_word' id='word_1_359' title='bbox 1732 2931 1987 2987; x_wconf 90' lang='lat' dir='ltr'><strong>dicente:</strong></span> <span class='ocrx_word' id='word_1_360' title='bbox 2031 2932 2103 2987; x_wconf 80' lang='lat' dir='ltr'><strong>Hi</strong></span> 
     </span>
    </p>
   </div>
   <div class='ocr_carea' id='block_1_47' title="bbox 526 3023 2102 3096">
    <p class='ocr_par' dir='ltr' id='par_1_47' title="bbox 526 3023 2102 3096">
     <span class='ocr_line' id='line_1_47' title="bbox 526 3023 2102 3096; baseline 0.004 -21"><span class='ocrx_word' id='word_1_361' title='bbox 526 3029 644 3075; x_wconf 84' lang='lat' dir='ltr'><strong>sunt</strong></span> <span class='ocrx_word' id='word_1_362' title='bbox 673 3023 759 3089; x_wconf 89' lang='lat' dir='ltr'><strong>qui</strong></span> <span class='ocrx_word' id='word_1_363' title='bbox 777 3036 1044 3094; x_wconf 82' lang='lat' dir='ltr'><strong>segregant</strong></span> <span class='ocrx_word' id='word_1_364' title='bbox 1071 3025 1386 3093; x_wconf 87' lang='lat' dir='ltr'><strong>semetipsos,</strong></span> <span class='ocrx_word' id='word_1_365' title='bbox 1432 3027 1699 3087; x_wconf 82' lang='lat' dir='ltr'><strong>animales,</strong></span> <span class='ocrx_word' id='word_1_366' title='bbox 1732 3027 1967 3096; x_wconf 82' lang='lat' dir='ltr'><strong>spiritum</strong></span> <span class='ocrx_word' id='word_1_367' title='bbox 2001 3044 2102 3082; x_wconf 84' lang='lat' dir='ltr'><strong>non</strong></span> 
     </span>
    </p>
   </div>
   <div class='ocr_carea' id='block_1_48' title="bbox 2204 1815 3780 1891">
    <p class='ocr_par' dir='ltr' id='par_1_48' title="bbox 2204 1815 3780 1891">
     <span class='ocr_line' id='line_1_48' title="bbox 2204 1815 3780 1891; baseline 0.004 -21"><span class='ocrx_word' id='word_1_368' title='bbox 2204 1829 2308 1870; x_wconf 90' lang='lat' dir='ltr'><strong>non</strong></span> <span class='ocrx_word' id='word_1_369' title='bbox 2332 1815 2610 1882; x_wconf 85' lang='lat' dir='ltr'><strong>debemus,</strong></span> <span class='ocrx_word' id='word_1_370' title='bbox 2640 1815 2763 1872; x_wconf 90' lang='lat' dir='ltr'><strong>licet</strong></span> <span class='ocrx_word' id='word_1_371' title='bbox 2792 1818 2843 1871; x_wconf 92' lang='lat' dir='ltr'><strong>in</strong></span> <span class='ocrx_word' id='word_1_372' title='bbox 2869 1817 3133 1886; x_wconf 87' lang='lat' dir='ltr'><strong>aliquibus</strong></span> <span class='ocrx_word' id='word_1_373' title='bbox 3153 1834 3340 1875; x_wconf 84' lang='lat' dir='ltr'><strong>eorum</strong></span> <span class='ocrx_word' id='word_1_374' title='bbox 3369 1820 3527 1876; x_wconf 87' lang='lat' dir='ltr'><strong>dictis</strong></span> <span class='ocrx_word' id='word_1_375' title='bbox 3547 1822 3780 1891; x_wconf 77' lang='lat' dir='ltr'><strong>graviter</strong></span> 
     </span>
    </p>
   </div>
   <div class='ocr_carea' id='block_1_49' title="bbox 2204 1906 3780 1980">
    <p class='ocr_par' dir='ltr' id='par_1_49' title="bbox 2204 1906 3780 1980">
     <span class='ocr_line' id='line_1_49' title="bbox 2204 1906 3780 1980; baseline 0.006 -21"><span class='ocrx_word' id='word_1_376' title='bbox 2204 1906 2536 1962; x_wconf 75' lang='lat' dir='ltr'><strong>offendamur</strong></span> <span class='ocrx_word' id='word_1_377' title='bbox 2562 1926 2575 1963; x_wconf 89' lang='lat'>:</span> <span class='ocrx_word' id='word_1_378' title='bbox 2606 1918 2764 1979; x_wconf 87' lang='lat' dir='ltr'><strong>atque</strong></span> <span class='ocrx_word' id='word_1_379' title='bbox 2793 1918 2850 1964; x_wconf 88' lang='lat' dir='ltr'><strong>ut</strong></span> <span class='ocrx_word' id='word_1_380' title='bbox 2884 1910 3028 1977; x_wconf 91' lang='lat' dir='ltr'><strong>illos,</strong></span> <span class='ocrx_word' id='word_1_381' title='bbox 3059 1912 3302 1980; x_wconf 88' lang='lat' dir='ltr'><strong>quamvis</strong></span> <span class='ocrx_word' id='word_1_382' title='bbox 3343 1927 3372 1965; x_wconf 88' lang='lat' dir='ltr'><strong>a</strong></span> <span class='ocrx_word' id='word_1_383' title='bbox 3412 1912 3592 1968; x_wconf 85' lang='lat' dir='ltr'><strong>divina</strong></span> <span class='ocrx_word' id='word_1_384' title='bbox 3638 1912 3780 1968; x_wconf 89' lang='lat' dir='ltr'><strong>Seri-</strong></span> 
     </span>
    </p>
   </div>
   <div class='ocr_carea' id='block_1_50' title="bbox 2205 1998 3777 2066">
    <p class='ocr_par' dir='ltr' id='par_1_50' title="bbox 2205 1998 3777 2066">
     <span class='ocr_line' id='line_1_50' title="bbox 2205 1998 3777 2066; baseline 0.006 -15"><span class='ocrx_word' id='word_1_385' title='bbox 2205 2006 2356 2064; x_wconf 76' lang='lat' dir='ltr'><strong>pturu</strong></span> <span class='ocrx_word' id='word_1_386' title='bbox 2391 1998 2633 2055; x_wconf 89' lang='lat' dir='ltr'><strong>laudatos</strong></span> <span class='ocrx_word' id='word_1_387' title='bbox 2653 2041 2669 2066; x_wconf 91' lang='lat'><strong>,</strong></span> <span class='ocrx_word' id='word_1_388' title='bbox 2712 2017 2817 2055; x_wconf 88' lang='lat' dir='ltr'><strong>non</strong></span> <span class='ocrx_word' id='word_1_389' title='bbox 2847 2003 3172 2057; x_wconf 87' lang='lat' dir='ltr'><strong>arbitramur</strong></span> <span class='ocrx_word' id='word_1_390' title='bbox 3201 2005 3251 2059; x_wconf 93' lang='lat' dir='ltr'><strong>in</strong></span> <span class='ocrx_word' id='word_1_391' title='bbox 3284 2006 3532 2060; x_wconf 89' lang='lat' dir='ltr'><strong>omnibus</strong></span> <span class='ocrx_word' id='word_1_392' title='bbox 3561 2007 3777 2060; x_wconf 84' lang='lat' dir='ltr'><strong>imitan-</strong></span> 
     </span>
    </p>
   </div>
   <div class='ocr_carea' id='block_1_51' title="bbox 2203 2088 3772 2162">
    <p class='ocr_par' dir='ltr' id='par_1_51' title="bbox 2203 2088 3772 2162">
     <span class='ocr_line' id='line_1_51' title="bbox 2203 2088 3772 2162; baseline 0.007 -19"><span class='ocrx_word' id='word_1_393' title='bbox 2203 2088 2325 2154; x_wconf 89' lang='lat' dir='ltr'><strong>dos,</strong></span> <span class='ocrx_word' id='word_1_394' title='bbox 2357 2089 2430 2143; x_wconf 90' lang='lat' dir='ltr'><strong>ita</strong></span> <span class='ocrx_word' id='word_1_395' title='bbox 2476 2105 2574 2146; x_wconf 91' lang='lat' dir='ltr'><strong>nec</strong></span> <span class='ocrx_word' id='word_1_396' title='bbox 2619 2092 2771 2158; x_wconf 90' lang='lat' dir='ltr'><strong>istos,</strong></span> <span class='ocrx_word' id='word_1_397' title='bbox 2818 2096 3061 2162; x_wconf 87' lang='lat' dir='ltr'><strong>quamvis</strong></span> <span class='ocrx_word' id='word_1_398' title='bbox 3086 2095 3155 2150; x_wconf 92' lang='lat' dir='ltr'><strong>ab</strong></span> <span class='ocrx_word' id='word_1_399' title='bbox 3185 2096 3419 2151; x_wconf 86' lang='lat' dir='ltr'><strong>Ecclesia</strong></span> <span class='ocrx_word' id='word_1_400' title='bbox 3460 2097 3772 2160; x_wconf 86' lang='lat' dir='ltr'><strong>honoratos,</strong></span> 
     </span>
    </p>
   </div>
   <div class='ocr_carea' id='block_1_52' title="bbox 2178 2179 3777 2259">
    <p class='ocr_par' dir='ltr' id='par_1_52' title="bbox 2178 2179 3777 2259">
     <span class='ocr_line' id='line_1_52' title="bbox 2178 2179 3777 2259; baseline 0.011 -28"><span class='ocrx_word' id='word_1_401' title='bbox 2178 2179 2526 2249; x_wconf 85' lang='lat' dir='ltr'><strong>arbitremur</strong></span> <span class='ocrx_word' id='word_1_402' title='bbox 2574 2181 2628 2236; x_wconf 92' lang='lat' dir='ltr'><strong>in</strong></span> <span class='ocrx_word' id='word_1_403' title='bbox 2680 2185 2928 2243; x_wconf 90' lang='lat' dir='ltr'><strong>omnibus</strong></span> <span class='ocrx_word' id='word_1_404' title='bbox 2970 2187 3363 2259; x_wconf 78' lang='lat' dir='ltr'><strong>approbaudos.</strong></span> <span class='ocrx_word' id='word_1_405' title='bbox 3416 2188 3565 2248; x_wconf 83' lang='lat' dir='ltr'><strong>lianc</strong></span> <span class='ocrx_word' id='word_1_406' title='bbox 3600 2199 3777 2249; x_wconf 87' lang='lat' dir='ltr'><strong>autem</strong></span> 
     </span>
    </p>
   </div>
   <div class='ocr_carea' id='block_1_53' title="bbox 2205 2273 3781 2353">
    <p class='ocr_par' dir='ltr' id='par_1_53' title="bbox 2205 2273 3781 2353">
     <span class='ocr_line' id='line_1_53' title="bbox 2205 2273 3781 2353; baseline 0.008 -23"><span class='ocrx_word' id='word_1_407' title='bbox 2205 2273 2562 2333; x_wconf 77' lang='lat' dir='ltr'><strong>reverentiam</strong></span> <span class='ocrx_word' id='word_1_408' title='bbox 2617 2274 2716 2349; x_wconf 90' lang='lat' dir='ltr'><strong>ipsi</strong></span> <span class='ocrx_word' id='word_1_409' title='bbox 2771 2280 2972 2335; x_wconf 68' lang='lat' dir='ltr'><strong>divina:</strong></span> <span class='ocrx_word' id='word_1_410' title='bbox 3021 2284 3311 2353; x_wconf 76' lang='lat' dir='ltr'><strong>Scriptura:</strong></span> <span class='ocrx_word' id='word_1_411' title='bbox 3358 2285 3676 2351; x_wconf 87' lang='lat' dir='ltr'><strong>deferimus,</strong></span> <span class='ocrx_word' id='word_1_412' title='bbox 3727 2295 3781 2344; x_wconf 91' lang='lat' dir='ltr'><strong>ut</strong></span> 
     </span>
    </p>
   </div>
   <div class='ocr_carea' id='block_1_54' title="bbox 2206 2370 3782 2449">
    <p class='ocr_par' dir='ltr' id='par_1_54' title="bbox 2206 2370 3782 2449">
     <span class='ocr_line' id='line_1_54' title="bbox 2206 2370 3782 2449; baseline 0.009 -27"><span class='ocrx_word' id='word_1_413' title='bbox 2206 2384 2312 2423; x_wconf 87' lang='lat' dir='ltr'><strong>non</strong></span> <span class='ocrx_word' id='word_1_414' title='bbox 2352 2370 2636 2425; x_wconf 79' lang='lat' dir='ltr'><strong>credamus</strong></span> <span class='ocrx_word' id='word_1_415' title='bbox 2680 2373 2821 2443; x_wconf 87' lang='lat' dir='ltr'><strong>quod</strong></span> <span class='ocrx_word' id='word_1_416' title='bbox 2844 2375 3040 2444; x_wconf 82' lang='lat' dir='ltr'><strong>aliquid</strong></span> <span class='ocrx_word' id='word_1_417' title='bbox 3064 2376 3085 2408; x_wconf 80' lang='grc'><strong>⁸</strong></span> <span class='ocrx_word' id='word_1_418' title='bbox 3115 2377 3331 2449; x_wconf 84' lang='lat' dir='ltr'><strong>indigne</strong></span> <span class='ocrx_word' id='word_1_419' title='bbox 3359 2380 3597 2434; x_wconf 84' lang='lat' dir='ltr'><strong>laudavit</strong></span> <span class='ocrx_word' id='word_1_420' title='bbox 3621 2381 3670 2434; x_wconf 78' lang='grc' dir='ltr'><strong>τ.</strong></span> <span class='ocrx_word' id='word_1_421' title='bbox 3720 2382 3782 2436; x_wconf 85' lang='lat' dir='ltr'><strong>Et</strong></span> 
     </span>
    </p>
   </div>
   <div class='ocr_carea' id='block_1_55' title="bbox 2206 2461 3781 2539">
    <p class='ocr_par' dir='ltr' id='par_1_55' title="bbox 2206 2461 3781 2539">
     <span class='ocr_line' id='line_1_55' title="bbox 2206 2461 3781 2539; baseline 0.006 -22"><span class='ocrx_word' id='word_1_422' title='bbox 2206 2461 2327 2517; x_wconf 89' lang='lat' dir='ltr'><strong>ideo</strong></span> <span class='ocrx_word' id='word_1_423' title='bbox 2372 2476 2492 2517; x_wconf 90' lang='lat' dir='ltr'><strong>cum</strong></span> <span class='ocrx_word' id='word_1_424' title='bbox 2547 2463 2829 2519; x_wconf 88' lang='lat' dir='ltr'><strong>audiamus</strong></span> <span class='ocrx_word' id='word_1_425' title='bbox 2874 2464 3187 2534; x_wconf 89' lang='lat' dir='ltr'><strong>Apostolum</strong></span> <span class='ocrx_word' id='word_1_426' title='bbox 3233 2468 3372 2524; x_wconf 89' lang='lat' dir='ltr'><strong>inter</strong></span> <span class='ocrx_word' id='word_1_427' title='bbox 3423 2470 3561 2524; x_wconf 89' lang='lat' dir='ltr'><strong>alios</strong></span> <span class='ocrx_word' id='word_1_428' title='bbox 3607 2470 3781 2539; x_wconf 88' lang='lat' dir='ltr'><strong>justos</strong></span> 
     </span>
    </p>
   </div>
   <div class='ocr_carea' id='block_1_56' title="bbox 2208 2551 3781 2631">
    <p class='ocr_par' dir='ltr' id='par_1_56' title="bbox 2208 2551 3781 2631">
     <span class='ocr_line' id='line_1_56' title="bbox 2208 2551 3781 2631; baseline 0.006 -24"><span class='ocrx_word' id='word_1_429' title='bbox 2208 2551 2434 2607; x_wconf 90' lang='lat' dir='ltr'><strong>Samson</strong></span> <span class='ocrx_word' id='word_1_430' title='bbox 2477 2569 2691 2623; x_wconf 91' lang='lat' dir='ltr'><strong>quoque</strong></span> <span class='ocrx_word' id='word_1_431' title='bbox 2738 2555 3042 2611; x_wconf 85' lang='lat' dir='ltr'><strong>laudantem</strong></span> <span class='ocrx_word' id='word_1_432' title='bbox 3088 2567 3245 2629; x_wconf 91' lang='lat' dir='ltr'><strong>atque</strong></span> <span class='ocrx_word' id='word_1_433' title='bbox 3285 2560 3553 2616; x_wconf 88' lang='lat' dir='ltr'><strong>dicentem</strong></span> <span class='ocrx_word' id='word_1_434' title='bbox 3591 2579 3603 2613; x_wconf 92' lang='lat'><strong>:</strong></span> <span class='ocrx_word' id='word_1_435' title='bbox 3642 2561 3781 2631; x_wconf 75' lang='lat' dir='ltr'><strong>Deﬁ-</strong></span> 
     </span>
    </p>
   </div>
   <div class='ocr_carea' id='block_1_57' title="bbox 2206 2644 3777 2723">
    <p class='ocr_par' dir='ltr' id='par_1_57' title="bbox 2206 2644 3777 2723">
     <span class='ocr_line' id='line_1_57' title="bbox 2206 2644 3777 2723; baseline 0.006 -24"><span class='ocrx_word' id='word_1_436' title='bbox 2206 2644 2303 2699; x_wconf 83' lang='lat' dir='ltr'><strong>ciet</strong></span> <span class='ocrx_word' id='word_1_437' title='bbox 2334 2647 2466 2699; x_wconf 87' lang='lat' dir='ltr'><strong>enim</strong></span> <span class='ocrx_word' id='word_1_438' title='bbox 2512 2664 2590 2702; x_wconf 85' lang='lat' dir='ltr'><strong>me</strong></span> <span class='ocrx_word' id='word_1_439' title='bbox 2636 2658 2831 2720; x_wconf 85' lang='lat' dir='ltr'><strong>tempus</strong></span> <span class='ocrx_word' id='word_1_440' title='bbox 2870 2659 3196 2706; x_wconf 84' lang='lat' dir='ltr'><strong>enarrantem</strong></span> <span class='ocrx_word' id='word_1_441' title='bbox 3226 2654 3288 2707; x_wconf 90' lang='lat' dir='ltr'><strong>de</strong></span> <span class='ocrx_word' id='word_1_442' title='bbox 3316 2653 3553 2718; x_wconf 86' lang='lat' dir='ltr'><strong>Gedeon,</strong></span> <span class='ocrx_word' id='word_1_443' title='bbox 3588 2654 3777 2723; x_wconf 88' lang='lat' dir='ltr'><strong>Barac,</strong></span> 
     </span>
    </p>
   </div>
   <div class='ocr_carea' id='block_1_58' title="bbox 2207 2736 3782 2817">
    <p class='ocr_par' dir='ltr' id='par_1_58' title="bbox 2207 2736 3782 2817">
     <span class='ocr_line' id='line_1_58' title="bbox 2207 2736 3782 2817; baseline 0.006 -25"><span class='ocrx_word' id='word_1_444' title='bbox 2207 2736 2455 2803; x_wconf 86' lang='lat' dir='ltr'><strong>Samson,</strong></span> <span class='ocrx_word' id='word_1_445' title='bbox 2493 2736 2714 2809; x_wconf 75' lang='lat' dir='ltr'><strong>Iephte,</strong></span> <span class='ocrx_word' id='word_1_446' title='bbox 2766 2740 2969 2810; x_wconf 85' lang='lat' dir='ltr'><strong>David,</strong></span> <span class='ocrx_word' id='word_1_447' title='bbox 3010 2744 3222 2800; x_wconf 85' lang='lat' dir='ltr'><strong>Samuel</strong></span> <span class='ocrx_word' id='word_1_448' title='bbox 3271 2754 3320 2799; x_wconf 86' lang='lat' dir='ltr'><strong>et</strong></span> <span class='ocrx_word' id='word_1_449' title='bbox 3363 2748 3622 2817; x_wconf 82' lang='lat' dir='ltr'><strong>prophetis</strong></span> <span class='ocrx_word' id='word_1_450' title='bbox 3652 2764 3673 2803; x_wconf 89' lang='lat'><em>:</em></span> <span class='ocrx_word' id='word_1_451' title='bbox 3699 2751 3782 2817; x_wconf 86' lang='lat' dir='ltr'><strong>qui</strong></span> 
     </span>
    </p>
   </div>
   <div class='ocr_carea' id='block_1_59' title="bbox 2206 2830 3783 2910">
    <p class='ocr_par' dir='ltr' id='par_1_59' title="bbox 2206 2830 3783 2910">
     <span class='ocr_line' id='line_1_59' title="bbox 2206 2830 3783 2910; baseline 0.006 -26"><span class='ocrx_word' id='word_1_452' title='bbox 2206 2846 2298 2900; x_wconf 82' lang='lat' dir='ltr'><strong>per</strong></span> <span class='ocrx_word' id='word_1_453' title='bbox 2323 2830 2478 2897; x_wconf 81' lang='lat' dir='ltr'><strong>ﬁdem</strong></span> <span class='ocrx_word' id='word_1_454' title='bbox 2504 2832 2731 2886; x_wconf 81' lang='lat' dir='ltr'><strong>vicerunt</strong></span> <span class='ocrx_word' id='word_1_455' title='bbox 2755 2851 2931 2904; x_wconf 84' lang='lat' dir='ltr'><strong>regna,</strong></span> <span class='ocrx_word' id='word_1_456' title='bbox 2957 2838 3153 2905; x_wconf 86' lang='lat' dir='ltr'><strong>aperati</strong></span> <span class='ocrx_word' id='word_1_457' title='bbox 3177 2846 3293 2891; x_wconf 83' lang='lat' dir='ltr'><strong>sunt</strong></span> <span class='ocrx_word' id='word_1_458' title='bbox 3313 2839 3593 2909; x_wconf 85' lang='lat' dir='ltr'><strong>justitiam,</strong></span> <span class='ocrx_word' id='word_1_459' title='bbox 3616 2841 3783 2910; x_wconf 79' lang='lat' dir='ltr'><strong>adepti</strong></span> 
     </span>
    </p>
   </div>
   <div class='ocr_carea' id='block_1_60' title="bbox 2207 2926 3777 3001">
    <p class='ocr_par' dir='ltr' id='par_1_60' title="bbox 2207 2926 3777 3001">
     <span class='ocr_line' id='line_1_60' title="bbox 2207 2926 3777 3001; baseline 0.003 -21"><span class='ocrx_word' id='word_1_460' title='bbox 2207 2934 2329 2980; x_wconf 75' lang='lat' dir='ltr'><strong>sunt</strong></span> <span class='ocrx_word' id='word_1_461' title='bbox 2378 2926 2795 2980; x_wconf 74' lang='lat' dir='ltr'><strong>reuromissioues</strong></span> <span class='ocrx_word' id='word_1_462' title='bbox 2836 2926 3023 3000; x_wconf 85' lang='lat' dir='ltr'><strong>(Hebr.</strong></span> <span class='ocrx_word' id='word_1_463' title='bbox 3059 2944 3138 2995; x_wconf 75' lang='grc' dir='ltr'><strong>ιι,</strong></span> <span class='ocrx_word' id='word_1_464' title='bbox 3186 2928 3277 2996; x_wconf 75' lang='grc'><strong>52,</strong></span> <span class='ocrx_word' id='word_1_465' title='bbox 3307 2929 3419 3001; x_wconf 74' lang='lat'><strong>53),</strong></span> <span class='ocrx_word' id='word_1_466' title='bbox 3460 2940 3516 2985; x_wconf 91' lang='lat' dir='ltr'><strong>et</strong></span> <span class='ocrx_word' id='word_1_467' title='bbox 3542 2942 3777 2986; x_wconf 61' lang='lat' dir='ltr'><strong>caetera:</strong></span> 
     </span>
    </p>
   </div>
   <div class='ocr_carea' id='block_1_61' title="bbox 2208 3014 3780 3092">
    <p class='ocr_par' dir='ltr' id='par_1_61' title="bbox 2208 3014 3780 3092">
     <span class='ocr_line' id='line_1_61' title="bbox 2208 3014 3780 3092; baseline 0.004 -23"><span class='ocrx_word' id='word_1_468' title='bbox 2208 3014 2555 3086; x_wconf 90' lang='lat' dir='ltr'><strong>intelligimus</strong></span> <span class='ocrx_word' id='word_1_469' title='bbox 2576 3016 2718 3086; x_wconf 90' lang='lat' dir='ltr'><strong>quod</strong></span> <span class='ocrx_word' id='word_1_470' title='bbox 2742 3026 2796 3070; x_wconf 91' lang='lat' dir='ltr'><strong>ut</strong></span> <span class='ocrx_word' id='word_1_471' title='bbox 2823 3033 2881 3073; x_wconf 92' lang='lat' dir='ltr'><strong>se</strong></span> <span class='ocrx_word' id='word_1_472' title='bbox 2912 3018 3051 3073; x_wconf 87' lang='lat' dir='ltr'><strong>idem</strong></span> <span class='ocrx_word' id='word_1_473' title='bbox 3083 3020 3308 3074; x_wconf 87' lang='lat' dir='ltr'><strong>Samson</strong></span> <span class='ocrx_word' id='word_1_474' title='bbox 3339 3035 3460 3075; x_wconf 84' lang='lat' dir='ltr'><strong>eum</strong></span> <span class='ocrx_word' id='word_1_475' title='bbox 3492 3022 3780 3092; x_wconf 85' lang='lat' dir='ltr'><strong>allophylis</strong></span> 
     </span>
    </p>
   </div>
   <div class='ocr_carea' id='block_1_62' title="bbox 532 3110 2099 3190">
    <p class='ocr_par' dir='ltr' id='par_1_62' title="bbox 532 3112 2099 3190">
     <span class='ocr_line' id='line_1_62' title="bbox 532 3112 2099 3190; baseline 0.007 -26"><span class='ocrx_word' id='word_1_476' title='bbox 532 3112 772 3167; x_wconf 78' lang='lat' dir='ltr'><strong>habentes</strong></span> <span class='ocrx_word' id='word_1_477' title='bbox 802 3112 975 3183; x_wconf 71' lang='lat' dir='ltr'><strong>(Jud.,</strong></span> <span class='ocrx_word' id='word_1_478' title='bbox 1038 3113 1145 3181; x_wconf 81' lang='lat' dir='ltr'><strong>l9).</strong></span> <span class='ocrx_word' id='word_1_479' title='bbox 1172 3116 1279 3171; x_wconf 86' lang='lat' dir='ltr'><strong>Sed</strong></span> <span class='ocrx_word' id='word_1_480' title='bbox 1324 3130 1425 3172; x_wconf 90' lang='lat' dir='ltr'><strong>nec</strong></span> <span class='ocrx_word' id='word_1_481' title='bbox 1455 3117 1530 3173; x_wconf 90' lang='lat' dir='ltr'><strong>illi</strong></span> <span class='ocrx_word' id='word_1_482' title='bbox 1572 3117 1713 3172; x_wconf 91' lang='lat' dir='ltr'><strong>hunc</strong></span> <span class='ocrx_word' id='word_1_483' title='bbox 1745 3118 1962 3186; x_wconf 87' lang='lat' dir='ltr'><strong>habent,</strong></span> <span class='ocrx_word' id='word_1_484' title='bbox 2010 3121 2099 3190; x_wconf 90' lang='lat' dir='ltr'><strong>qui</strong></span> 
     </span>
    </p>
   </div>
   <div class='ocr_carea' id='block_1_63' title="bbox 2202 3110 3781 3190">
    <p class='ocr_par' dir='ltr' id='par_1_63' title="bbox 2210 3110 3781 3182">
     <span class='ocr_line' id='line_1_63' title="bbox 2210 3110 3781 3182; baseline 0.003 -18"><span class='ocrx_word' id='word_1_485' title='bbox 2210 3110 2379 3165; x_wconf 60' lang='lat' dir='ltr'><strong>ruina</strong></span> <span class='ocrx_word' id='word_1_486' title='bbox 2410 3110 2638 3182; x_wconf 86' lang='lat' dir='ltr'><strong>ingentis</strong></span> <span class='ocrx_word' id='word_1_487' title='bbox 2669 3120 2883 3166; x_wconf 88' lang='lat' dir='ltr'><strong>necaret</strong></span> <span class='ocrx_word' id='word_1_488' title='bbox 2905 3127 3186 3181; x_wconf 88' lang='lat' dir='ltr'><strong>oppressu,</strong></span> <span class='ocrx_word' id='word_1_489' title='bbox 3226 3128 3331 3168; x_wconf 92' lang='lat' dir='ltr'><strong>non</strong></span> <span class='ocrx_word' id='word_1_490' title='bbox 3361 3129 3478 3168; x_wconf 76' lang='lat' dir='ltr'><strong>sua:</strong></span> <span class='ocrx_word' id='word_1_491' title='bbox 3510 3115 3781 3170; x_wconf 82' lang='lat' dir='ltr'><strong>calamita-</strong></span> 
     </span>
    </p>
   </div>
   <div class='ocr_carea' id='block_1_64' title="bbox 530 3201 2099 3276">
    <p class='ocr_par' dir='ltr' id='par_1_64' title="bbox 530 3201 2099 3276">
     <span class='ocr_line' id='line_1_64' title="bbox 530 3201 2099 3276; baseline 0.004 -21"><span class='ocrx_word' id='word_1_492' title='bbox 530 3201 654 3257; x_wconf 81' lang='lat' dir='ltr'><strong>ficto</strong></span> <span class='ocrx_word' id='word_1_493' title='bbox 678 3204 842 3259; x_wconf 89' lang='lat' dir='ltr'><strong>corde</strong></span> <span class='ocrx_word' id='word_1_494' title='bbox 872 3206 923 3257; x_wconf 94' lang='lat' dir='ltr'><strong>in</strong></span> <span class='ocrx_word' id='word_1_495' title='bbox 953 3205 1193 3260; x_wconf 81' lang='lat' dir='ltr'><strong>Ecclesia</strong></span> <span class='ocrx_word' id='word_1_496' title='bbox 1223 3206 1393 3261; x_wconf 87' lang='lat' dir='ltr'><strong>latent</strong></span> <span class='ocrx_word' id='word_1_497' title='bbox 1424 3222 1439 3260; x_wconf 89' lang='lat'><strong>:</strong></span> <span class='ocrx_word' id='word_1_498' title='bbox 1466 3207 1688 3262; x_wconf 83' lang='lat' dir='ltr'><strong>Sanctus</strong></span> <span class='ocrx_word' id='word_1_499' title='bbox 1716 3208 1848 3262; x_wconf 80' lang='lat' dir='ltr'><strong>enim</strong></span> <span class='ocrx_word' id='word_1_500' title='bbox 1872 3208 2099 3276; x_wconf 86' lang='lat' dir='ltr'><strong>Spiritus</strong></span> 
     </span>
    </p>
   </div>
   <div class='ocr_carea' id='block_1_65' title="bbox 529 3293 2104 3370">
    <p class='ocr_par' dir='ltr' id='par_1_65' title="bbox 529 3293 2104 3370">
     <span class='ocr_line' id='line_1_65' title="bbox 529 3293 2104 3370; baseline 0.006 -23"><span class='ocrx_word' id='word_1_501' title='bbox 529 3293 816 3364; x_wconf 72' lang='lat' dir='ltr'><strong>disciplinae</strong></span> <span class='ocrx_word' id='word_1_502' title='bbox 844 3297 1004 3366; x_wconf 80' lang='lat' dir='ltr'><strong>fugiet</strong></span> <span class='ocrx_word' id='word_1_503' title='bbox 1042 3297 1219 3366; x_wconf 85' lang='lat' dir='ltr'><strong>[ictum</strong></span> <span class='ocrx_word' id='word_1_504' title='bbox 1262 3297 1418 3368; x_wconf 88' lang='lat' dir='ltr'><strong>(Sap.</strong></span> <span class='ocrx_word' id='word_1_505' title='bbox 1461 3314 1501 3367; x_wconf 82' lang='grc' dir='ltr'><strong>ι,</strong></span> <span class='ocrx_word' id='word_1_506' title='bbox 1534 3298 1611 3368; x_wconf 85' lang='grc'><strong>5).</strong></span> <span class='ocrx_word' id='word_1_507' title='bbox 1639 3298 1751 3353; x_wconf 81' lang='lat' dir='ltr'><strong>Non</strong></span> <span class='ocrx_word' id='word_1_508' title='bbox 1782 3315 1909 3370; x_wconf 81' lang='lat' dir='ltr'><strong>ergo</strong></span> <span class='ocrx_word' id='word_1_509' title='bbox 1936 3300 2104 3358; x_wconf 87' lang='lat' dir='ltr'><strong>debe-</strong></span> 
     </span>
    </p>
   </div>
   <div class='ocr_carea' id='block_1_66' title="bbox 529 3386 2104 3464">
    <p class='ocr_par' dir='ltr' id='par_1_66' title="bbox 529 3386 2104 3464">
     <span class='ocr_line' id='line_1_66' title="bbox 529 3386 2104 3464; baseline 0.005 -23"><span class='ocrx_word' id='word_1_510' title='bbox 529 3401 649 3441; x_wconf 89' lang='lat' dir='ltr'><strong>mus</strong></span> <span class='ocrx_word' id='word_1_511' title='bbox 680 3386 796 3443; x_wconf 76' lang='lat' dir='ltr'><strong>htec</strong></span> <span class='ocrx_word' id='word_1_512' title='bbox 817 3389 1039 3443; x_wconf 88' lang='lat' dir='ltr'><strong>multum</strong></span> <span class='ocrx_word' id='word_1_513' title='bbox 1071 3389 1299 3444; x_wconf 90' lang='lat' dir='ltr'><strong>discreta</strong></span> <span class='ocrx_word' id='word_1_514' title='bbox 1327 3391 1676 3458; x_wconf 82' lang='lat' dir='ltr'><strong>confundere,</strong></span> <span class='ocrx_word' id='word_1_515' title='bbox 1708 3407 1805 3448; x_wconf 89' lang='lat' dir='ltr'><strong>nec</strong></span> <span class='ocrx_word' id='word_1_516' title='bbox 1836 3392 1975 3448; x_wconf 87' lang='lat' dir='ltr'><strong>idem</strong></span> <span class='ocrx_word' id='word_1_517' title='bbox 2009 3409 2104 3464; x_wconf 91' lang='lat' dir='ltr'><strong>pu-</strong></span> 
     </span>
    </p>
   </div>
   <div class='ocr_carea' id='block_1_67' title="bbox 486 3479 2103 3553">
    <p class='ocr_par' dir='ltr' id='par_1_67' title="bbox 486 3479 2103 3553">
     <span class='ocr_line' id='line_1_67' title="bbox 486 3479 2103 3553; baseline 0.004 -19"><span class='ocrx_word' id='word_1_518' title='bbox 486 3544 489 3549; x_wconf 25' lang='grc' dir='ltr'>η</span> <span class='ocrx_word' id='word_1_519' title='bbox 530 3487 644 3534; x_wconf 87' lang='lat' dir='ltr'><strong>tare</strong></span> <span class='ocrx_word' id='word_1_520' title='bbox 671 3479 813 3550; x_wconf 89' lang='lat' dir='ltr'><strong>quod</strong></span> <span class='ocrx_word' id='word_1_521' title='bbox 842 3479 998 3550; x_wconf 89' lang='lat' dir='ltr'><strong>longe</strong></span> <span class='ocrx_word' id='word_1_522' title='bbox 1041 3481 1315 3537; x_wconf 73' lang='lat' dir='ltr'><strong>diversum</strong></span> <span class='ocrx_word' id='word_1_523' title='bbox 1352 3492 1454 3538; x_wconf 90' lang='lat' dir='ltr'><strong>est.</strong></span> <span class='ocrx_word' id='word_1_524' title='bbox 1486 3484 1566 3537; x_wconf 86' lang='lat' dir='ltr'><strong>Ob</strong></span> <span class='ocrx_word' id='word_1_525' title='bbox 1606 3484 1706 3537; x_wconf 92' lang='lat' dir='ltr'><strong>hoc</strong></span> <span class='ocrx_word' id='word_1_526' title='bbox 1738 3484 1895 3553; x_wconf 85' lang='lat' dir='ltr'><strong>igitur</strong></span> <span class='ocrx_word' id='word_1_527' title='bbox 1934 3487 2103 3541; x_wconf 88' lang='lat' dir='ltr'><strong>sancti</strong></span> 
     </span>
    </p>
   </div>
   <div class='ocr_carea' id='block_1_68' title="bbox 532 3573 2104 3653">
    <p class='ocr_par' dir='ltr' id='par_1_68' title="bbox 532 3573 2104 3653">
     <span class='ocr_line' id='line_1_68' title="bbox 532 3573 2104 3653; baseline 0.005 -24"><span class='ocrx_word' id='word_1_528' title='bbox 532 3573 743 3639; x_wconf 86' lang='lat' dir='ltr'><strong>Patres,</strong></span> <span class='ocrx_word' id='word_1_529' title='bbox 786 3590 1009 3645; x_wconf 89' lang='lat' dir='ltr'><strong>quorum</strong></span> <span class='ocrx_word' id='word_1_530' title='bbox 1040 3578 1386 3644; x_wconf 88' lang='lat' dir='ltr'><strong>apostolicam</strong></span> <span class='ocrx_word' id='word_1_531' title='bbox 1431 3579 1663 3649; x_wconf 86' lang='lat' dir='ltr'><strong>regulam</strong></span> <span class='ocrx_word' id='word_1_532' title='bbox 1704 3580 1956 3636; x_wconf 89' lang='lat' dir='ltr'><strong>videntur</strong></span> <span class='ocrx_word' id='word_1_533' title='bbox 1984 3583 2104 3653; x_wconf 91' lang='lat' dir='ltr'><strong>qui-</strong></span> 
     </span>
    </p>
   </div>
   <div class='ocr_carea' id='block_1_69' title="bbox 531 3662 2104 3737">
    <p class='ocr_par' dir='ltr' id='par_1_69' title="bbox 531 3662 2104 3737">
     <span class='ocr_line' id='line_1_69' title="bbox 531 3662 2104 3737; baseline 0.007 -20"><span class='ocrx_word' id='word_1_534' title='bbox 531 3662 657 3718; x_wconf 89' lang='lat' dir='ltr'><strong>dam</strong></span> <span class='ocrx_word' id='word_1_535' title='bbox 685 3666 824 3719; x_wconf 90' lang='lat' dir='ltr'><strong>male</strong></span> <span class='ocrx_word' id='word_1_536' title='bbox 856 3667 1174 3737; x_wconf 88' lang='lat' dir='ltr'><strong>transgressi</strong></span> <span class='ocrx_word' id='word_1_537' title='bbox 1200 3709 1215 3733; x_wconf 90' lang='lat'><strong>,</strong></span> <span class='ocrx_word' id='word_1_538' title='bbox 1250 3683 1353 3725; x_wconf 92' lang='lat' dir='ltr'><strong>non</strong></span> <span class='ocrx_word' id='word_1_539' title='bbox 1384 3667 1467 3724; x_wconf 89' lang='lat' dir='ltr'><strong>bis</strong></span> <span class='ocrx_word' id='word_1_540' title='bbox 1497 3670 1753 3725; x_wconf 70' lang='lat' dir='ltr'><strong>Ecclesia:</strong></span> <span class='ocrx_word' id='word_1_541' title='bbox 1794 3671 2104 3728; x_wconf 86' lang='lat' dir='ltr'><strong>doctoribus</strong></span> 
     </span>
    </p>
   </div>
   <div class='ocr_carea' id='block_1_70' title="bbox 533 3757 2105 3832">
    <p class='ocr_par' dir='ltr' id='par_1_70' title="bbox 533 3757 2105 3832">
     <span class='ocr_line' id='line_1_70' title="bbox 533 3757 2105 3832; baseline 0.004 -21"><span class='ocrx_word' id='word_1_542' title='bbox 533 3757 1035 3814; x_wconf 90' lang='lat' dir='ltr'><strong>condemnationem</strong></span> <span class='ocrx_word' id='word_1_543' title='bbox 1087 3768 1406 3826; x_wconf 90' lang='lat' dir='ltr'><strong>statuerunt,</strong></span> <span class='ocrx_word' id='word_1_544' title='bbox 1457 3761 1547 3831; x_wconf 90' lang='lat' dir='ltr'><strong>qui</strong></span> <span class='ocrx_word' id='word_1_545' title='bbox 1591 3776 1772 3830; x_wconf 86' lang='lat' dir='ltr'><strong>pacem</strong></span> <span class='ocrx_word' id='word_1_546' title='bbox 1802 3762 1921 3832; x_wconf 89' lang='lat' dir='ltr'><strong>ejus</strong></span> <span class='ocrx_word' id='word_1_547' title='bbox 1947 3763 2013 3818; x_wconf 90' lang='lat' dir='ltr'><strong>ad</strong></span> <span class='ocrx_word' id='word_1_548' title='bbox 2044 3763 2105 3817; x_wconf 80' lang='lat' dir='ltr'><strong>ii-</strong></span> 
     </span>
    </p>
   </div>
   <div class='ocr_carea' id='block_1_71' title="bbox 486 3854 2104 3923">
    <p class='ocr_par' dir='ltr' id='par_1_71' title="bbox 486 3854 2104 3923">
     <span class='ocr_line' id='line_1_71' title="bbox 486 3854 2104 3923; baseline 0.007 -24"><span class='ocrx_word' id='word_1_549' title='bbox 486 3894 487 3899; x_wconf 46' lang='grc' dir='ltr'><strong>η</strong></span> <span class='ocrx_word' id='word_1_550' title='bbox 532 3864 657 3906; x_wconf 90' lang='lat' dir='ltr'><strong>nem</strong></span> <span class='ocrx_word' id='word_1_551' title='bbox 681 3866 849 3921; x_wconf 90' lang='lat' dir='ltr'><strong>usque</strong></span> <span class='ocrx_word' id='word_1_552' title='bbox 870 3862 1165 3917; x_wconf 87' lang='lat' dir='ltr'><strong>servantes,</strong></span> <span class='ocrx_word' id='word_1_553' title='bbox 1201 3854 1254 3907; x_wconf 93' lang='lat' dir='ltr'><strong>in</strong></span> <span class='ocrx_word' id='word_1_554' title='bbox 1290 3854 1606 3923; x_wconf 88' lang='lat' dir='ltr'><strong>quibusdam</strong></span> <span class='ocrx_word' id='word_1_555' title='bbox 1637 3854 1758 3909; x_wconf 85' lang='lat' dir='ltr'><strong>ﬁdei</strong></span> <span class='ocrx_word' id='word_1_556' title='bbox 1789 3854 2104 3911; x_wconf 68' lang='lat' dir='ltr'><strong>Christiana:</strong></span> 
     </span>
    </p>
   </div>
   <div class='ocr_carea' id='block_1_72' title="bbox 530 3941 2103 4017">
    <p class='ocr_par' dir='ltr' id='par_1_72' title="bbox 530 3941 2103 4017">
     <span class='ocr_line' id='line_1_72' title="bbox 530 3941 2103 4017; baseline 0.006 -21"><span class='ocrx_word' id='word_1_557' title='bbox 530 3941 754 3998; x_wconf 80' lang='lat' dir='ltr'><strong>forsitan</strong></span> <span class='ocrx_word' id='word_1_558' title='bbox 801 3954 1148 4010; x_wconf 88' lang='lat' dir='ltr'><strong>erraverunt;</strong></span> <span class='ocrx_word' id='word_1_559' title='bbox 1177 3945 1272 4001; x_wconf 90' lang='lat' dir='ltr'><strong>sed</strong></span> <span class='ocrx_word' id='word_1_560' title='bbox 1314 3946 1417 4001; x_wconf 90' lang='lat' dir='ltr'><strong>illis</strong></span> <span class='ocrx_word' id='word_1_561' title='bbox 1466 3945 1556 4017; x_wconf 90' lang='lat' dir='ltr'><strong>qui</strong></span> <span class='ocrx_word' id='word_1_562' title='bbox 1588 3956 1707 4015; x_wconf 88' lang='lat' dir='ltr'><strong>post</strong></span> <span class='ocrx_word' id='word_1_563' title='bbox 1746 3962 1905 4002; x_wconf 91' lang='lat' dir='ltr'><strong>unam</strong></span> <span class='ocrx_word' id='word_1_564' title='bbox 1936 3957 1989 4004; x_wconf 90' lang='lat' dir='ltr'><strong>et</strong></span> <span class='ocrx_word' id='word_1_565' title='bbox 2014 3962 2103 4005; x_wconf 90' lang='lat' dir='ltr'><strong>se-</strong></span> 
     </span>
    </p>
   </div>
   <div class='ocr_carea' id='block_1_73' title="bbox 488 4034 2103 4109">
    <p class='ocr_par' dir='ltr' id='par_1_73' title="bbox 488 4034 2103 4109">
     <span class='ocr_line' id='line_1_73' title="bbox 488 4034 2103 4109; baseline 0.006 -21"><span class='ocrx_word' id='word_1_566' title='bbox 488 4094 489 4097; x_wconf 17' lang='lat'><strong>,</strong></span> <span class='ocrx_word' id='word_1_567' title='bbox 529 4034 758 4090; x_wconf 90' lang='lat' dir='ltr'><strong>cundam</strong></span> <span class='ocrx_word' id='word_1_568' title='bbox 778 4039 1194 4106; x_wconf 89' lang='lat' dir='ltr'><strong>correptionem,</strong></span> <span class='ocrx_word' id='word_1_569' title='bbox 1228 4038 1562 4094; x_wconf 87' lang='lat' dir='ltr'><strong>manifestata</strong></span> <span class='ocrx_word' id='word_1_570' title='bbox 1583 4041 1739 4094; x_wconf 90' lang='lat' dir='ltr'><strong>etiam</strong></span> <span class='ocrx_word' id='word_1_571' title='bbox 1763 4040 1944 4109; x_wconf 84' lang='lat' dir='ltr'><strong>regula</strong></span> <span class='ocrx_word' id='word_1_572' title='bbox 1964 4041 2103 4096; x_wconf 89' lang='lat' dir='ltr'><strong>veri-</strong></span> 
     </span>
    </p>
   </div>
   <div class='ocr_carea' id='block_1_74' title="bbox 492 4127 2103 4200">
    <p class='ocr_par' dir='ltr' id='par_1_74' title="bbox 492 4127 2103 4200">
     <span class='ocr_line' id='line_1_74' title="bbox 492 4127 2103 4200; baseline 0.005 -21"><span class='ocrx_word' id='word_1_573' title='bbox 492 4196 493 4199; x_wconf 17' lang='grc' dir='ltr'><strong>η</strong></span> <span class='ocrx_word' id='word_1_574' title='bbox 532 4127 677 4195; x_wconf 89' lang='lat' dir='ltr'><strong>tatis,</strong></span> <span class='ocrx_word' id='word_1_575' title='bbox 706 4142 802 4197; x_wconf 91' lang='lat' dir='ltr'><strong>per</strong></span> <span class='ocrx_word' id='word_1_576' title='bbox 840 4130 1101 4199; x_wconf 88' lang='lat' dir='ltr'><strong>synodum</strong></span> <span class='ocrx_word' id='word_1_577' title='bbox 1155 4139 1376 4200; x_wconf 90' lang='lat' dir='ltr'><strong>paterna</strong></span> <span class='ocrx_word' id='word_1_578' title='bbox 1433 4133 1722 4186; x_wconf 88' lang='lat' dir='ltr'><strong>constituta</strong></span> <span class='ocrx_word' id='word_1_579' title='bbox 1768 4140 2103 4200; x_wconf 87' lang='lat' dir='ltr'><strong>servantem,</strong></span> 
     </span>
    </p>
   </div>
   <div class='ocr_carea' id='block_1_75' title="bbox 528 4217 2108 4295">
    <p class='ocr_par' dir='ltr' id='par_1_75' title="bbox 528 4217 2108 4295">
     <span class='ocr_line' id='line_1_75' title="bbox 528 4217 2108 4295; baseline 0.007 -24"><span class='ocrx_word' id='word_1_580' title='bbox 528 4217 670 4273; x_wconf 90' lang='lat' dir='ltr'><strong>aliud</strong></span> <span class='ocrx_word' id='word_1_581' title='bbox 694 4220 915 4277; x_wconf 88' lang='lat' dir='ltr'><strong>credere</strong></span> <span class='ocrx_word' id='word_1_582' title='bbox 937 4237 1000 4277; x_wconf 89' lang='lat' dir='ltr'><strong>ac</strong></span> <span class='ocrx_word' id='word_1_583' title='bbox 1019 4222 1213 4278; x_wconf 78' lang='lat' dir='ltr'><strong>ducere</strong></span> <span class='ocrx_word' id='word_1_584' title='bbox 1247 4235 1631 4293; x_wconf 65' lang='lat' dir='ltr'><strong>praesumerent</strong></span> <span class='ocrx_word' id='word_1_585' title='bbox 1657 4241 1671 4278; x_wconf 91' lang='lat'><strong>:</strong></span> <span class='ocrx_word' id='word_1_586' title='bbox 1700 4226 1821 4294; x_wconf 89' lang='lat' dir='ltr'><strong>quia</strong></span> <span class='ocrx_word' id='word_1_587' title='bbox 1854 4240 1951 4280; x_wconf 90' lang='lat' dir='ltr'><strong>nec</strong></span> <span class='ocrx_word' id='word_1_588' title='bbox 1986 4240 2108 4295; x_wconf 85' lang='lat' dir='ltr'><strong>pos-</strong></span> 
     </span>
    </p>
   </div>
   <div class='ocr_carea' id='block_1_76' title="bbox 530 4312 2108 4386">
    <p class='ocr_par' dir='ltr' id='par_1_76' title="bbox 530 4312 2108 4386">
     <span class='ocr_line' id='line_1_76' title="bbox 530 4312 2108 4386; baseline 0.005 -21"><span class='ocrx_word' id='word_1_589' title='bbox 530 4319 653 4365; x_wconf 79' lang='lat' dir='ltr'><strong>sent</strong></span> <span class='ocrx_word' id='word_1_590' title='bbox 688 4312 833 4366; x_wconf 92' lang='lat' dir='ltr'><strong>solos</strong></span> <span class='ocrx_word' id='word_1_591' title='bbox 873 4314 1017 4382; x_wconf 91' lang='lat' dir='ltr'><strong>ipsos</strong></span> <span class='ocrx_word' id='word_1_592' title='bbox 1055 4314 1413 4372; x_wconf 89' lang='lat' dir='ltr'><strong>condemnare</strong></span> <span class='ocrx_word' id='word_1_593' title='bbox 1438 4316 1683 4386; x_wconf 78' lang='lat' dir='ltr'><strong>’absque</strong></span> <span class='ocrx_word' id='word_1_594' title='bbox 1734 4316 1881 4371; x_wconf 89' lang='lat' dir='ltr'><strong>omni</strong></span> <span class='ocrx_word' id='word_1_595' title='bbox 1926 4317 2108 4373; x_wconf 84' lang='lat' dir='ltr'><strong>Eccle-</strong></span> 
     </span>
    </p>
   </div>
   <div class='ocr_carea' id='block_1_77' title="bbox 489 4404 2108 4480">
    <p class='ocr_par' dir='ltr' id='par_1_77' title="bbox 489 4404 2108 4480">
     <span class='ocr_line' id='line_1_77' title="bbox 489 4404 2108 4480; baseline 0.007 -24"><span class='ocrx_word' id='word_1_596' title='bbox 489 4469 492 4472; x_wconf 8' lang='grc' dir='ltr'><strong><em>ξ</em></strong></span> <span class='ocrx_word' id='word_1_597' title='bbox 530 4404 630 4469; x_wconf 85' lang='lat' dir='ltr'><strong>sia,</strong></span> <span class='ocrx_word' id='word_1_598' title='bbox 662 4419 781 4474; x_wconf 70' lang='lat' dir='ltr'><strong>qua:</strong></span> <span class='ocrx_word' id='word_1_599' title='bbox 802 4421 924 4460; x_wconf 90' lang='lat' dir='ltr'><strong>cum</strong></span> <span class='ocrx_word' id='word_1_600' title='bbox 952 4422 1045 4462; x_wconf 90' lang='lat' dir='ltr'><strong>eos</strong></span> <span class='ocrx_word' id='word_1_601' title='bbox 1083 4407 1410 4474; x_wconf 89' lang='lat' dir='ltr'><strong>adverteret,</strong></span> <span class='ocrx_word' id='word_1_602' title='bbox 1445 4424 1550 4462; x_wconf 92' lang='lat' dir='ltr'><strong>non</strong></span> <span class='ocrx_word' id='word_1_603' title='bbox 1592 4409 1769 4480; x_wconf 86' lang='lat' dir='ltr'><strong>arguit</strong></span> <span class='ocrx_word' id='word_1_604' title='bbox 1817 4409 1940 4464; x_wconf 87' lang='lat' dir='ltr'><strong>talia</strong></span> <span class='ocrx_word' id='word_1_605' title='bbox 1971 4426 2108 4479; x_wconf 77' lang='lat' dir='ltr'><strong>prte-</strong></span> 
     </span>
    </p>
   </div>
   <div class='ocr_carea' id='block_1_78' title="bbox 2210 3200 3782 3274">
    <p class='ocr_par' dir='ltr' id='par_1_78' title="bbox 2210 3200 3782 3274">
     <span class='ocr_line' id='line_1_78' title="bbox 2210 3200 3782 3274; baseline 0.003 -19"><span class='ocrx_word' id='word_1_606' title='bbox 2210 3200 2278 3255; x_wconf 91' lang='lat' dir='ltr'><strong>tis</strong></span> <span class='ocrx_word' id='word_1_607' title='bbox 2302 3200 2655 3269; x_wconf 88' lang='lat' dir='ltr'><strong>impatientia,</strong></span> <span class='ocrx_word' id='word_1_608' title='bbox 2686 3200 2783 3255; x_wconf 88' lang='lat' dir='ltr'><strong>sed</strong></span> <span class='ocrx_word' id='word_1_609' title='bbox 2818 3213 2946 3255; x_wconf 91' lang='lat' dir='ltr'><strong>nutu</strong></span> <span class='ocrx_word' id='word_1_610' title='bbox 2992 3202 3175 3257; x_wconf 86' lang='lat' dir='ltr'><strong>divino</strong></span> <span class='ocrx_word' id='word_1_611' title='bbox 3204 3204 3490 3274; x_wconf 90' lang='lat' dir='ltr'><strong>inspiratus</strong></span> <span class='ocrx_word' id='word_1_612' title='bbox 3519 3205 3625 3260; x_wconf 89' lang='lat' dir='ltr'><strong>hoc</strong></span> <span class='ocrx_word' id='word_1_613' title='bbox 3646 3206 3782 3260; x_wconf 88' lang='lat' dir='ltr'><strong>fece-</strong></span> 
     </span>
    </p>
   </div>
   <div class='ocr_carea' id='block_1_79' title="bbox 2205 3296 3781 3368">
    <p class='ocr_par' dir='ltr' id='par_1_79' title="bbox 2205 3296 3781 3368">
     <span class='ocr_line' id='line_1_79' title="bbox 2205 3296 3781 3368; baseline 0.003 -16"><span class='ocrx_word' id='word_1_614' title='bbox 2205 3297 2299 3352; x_wconf 88' lang='lat' dir='ltr'><strong>rit.</strong></span> <span class='ocrx_word' id='word_1_615' title='bbox 2344 3296 2597 3367; x_wconf 84' lang='lat' dir='ltr'><strong>Alioquin</strong></span> <span class='ocrx_word' id='word_1_616' title='bbox 2650 3311 2749 3351; x_wconf 92' lang='lat' dir='ltr'><strong>nec</strong></span> <span class='ocrx_word' id='word_1_617' title='bbox 2795 3298 3067 3353; x_wconf 79' lang='lat' dir='ltr'><strong>sufficiens</strong></span> <span class='ocrx_word' id='word_1_618' title='bbox 3107 3299 3156 3353; x_wconf 91' lang='lat' dir='ltr'><strong>ei</strong></span> <span class='ocrx_word' id='word_1_619' title='bbox 3204 3298 3373 3354; x_wconf 90' lang='lat' dir='ltr'><strong>virtus</strong></span> <span class='ocrx_word' id='word_1_620' title='bbox 3426 3299 3682 3368; x_wconf 88' lang='lat' dir='ltr'><strong>daretur,</strong></span> <span class='ocrx_word' id='word_1_621' title='bbox 3730 3310 3781 3359; x_wconf 90' lang='lat' dir='ltr'><strong>ut</strong></span> 
     </span>
    </p>
   </div>
   <div class='ocr_carea' id='block_1_80' title="bbox 2210 3387 3782 3466">
    <p class='ocr_par' dir='ltr' id='par_1_80' title="bbox 2210 3387 3782 3466">
     <span class='ocr_line' id='line_1_80' title="bbox 2210 3387 3782 3466; baseline 0.004 -25"><span class='ocrx_word' id='word_1_622' title='bbox 2210 3395 2373 3442; x_wconf 68' lang='lat' dir='ltr'><strong>tanta:</strong></span> <span class='ocrx_word' id='word_1_623' title='bbox 2423 3387 2805 3457; x_wconf 88' lang='lat' dir='ltr'><strong>magnitudinis</strong></span> <span class='ocrx_word' id='word_1_624' title='bbox 2849 3387 3138 3457; x_wconf 88' lang='lat' dir='ltr'><strong>fabricam,</strong></span> <span class='ocrx_word' id='word_1_625' title='bbox 3169 3390 3219 3444; x_wconf 92' lang='lat' dir='ltr'><strong>in</strong></span> <span class='ocrx_word' id='word_1_626' title='bbox 3255 3406 3363 3461; x_wconf 86' lang='lat' dir='ltr'><strong>quo</strong></span> <span class='ocrx_word' id='word_1_627' title='bbox 3382 3406 3516 3462; x_wconf 91' lang='lat' dir='ltr'><strong>gens</strong></span> <span class='ocrx_word' id='word_1_628' title='bbox 3542 3393 3782 3466; x_wconf 82' lang='lat' dir='ltr'><strong>allophy-</strong></span> 
     </span>
    </p>
   </div>
   <div class='ocr_carea' id='block_1_81' title="bbox 2209 3479 3778 3554">
    <p class='ocr_par' dir='ltr' id='par_1_81' title="bbox 2209 3479 3778 3554">
     <span class='ocr_line' id='line_1_81' title="bbox 2209 3479 3778 3554; baseline 0.004 -20"><span class='ocrx_word' id='word_1_629' title='bbox 2209 3479 2383 3534; x_wconf 91' lang='lat' dir='ltr'><strong>lorum</strong></span> <span class='ocrx_word' id='word_1_630' title='bbox 2425 3479 2670 3534; x_wconf 91' lang='lat' dir='ltr'><strong>convivia</strong></span> <span class='ocrx_word' id='word_1_631' title='bbox 2710 3480 3033 3546; x_wconf 86' lang='lat' dir='ltr'><strong>celebrabat,</strong></span> <span class='ocrx_word' id='word_1_632' title='bbox 3081 3481 3193 3536; x_wconf 91' lang='lat' dir='ltr'><strong>suis</strong></span> <span class='ocrx_word' id='word_1_633' title='bbox 3239 3484 3485 3538; x_wconf 88' lang='lat' dir='ltr'><strong>manibus</strong></span> <span class='ocrx_word' id='word_1_634' title='bbox 3530 3496 3778 3554; x_wconf 85' lang='lat' dir='ltr'><strong>quateret</strong></span> 
     </span>
    </p>
   </div>
   <div class='ocr_carea' id='block_1_82' title="bbox 2208 3571 3781 3645">
    <p class='ocr_par' dir='ltr' id='par_1_82' title="bbox 2208 3571 3781 3645">
     <span class='ocr_line' id='line_1_82' title="bbox 2208 3571 3781 3645; baseline 0.005 -19"><span class='ocrx_word' id='word_1_635' title='bbox 2208 3581 2367 3642; x_wconf 92' lang='lat' dir='ltr'><strong>atque</strong></span> <span class='ocrx_word' id='word_1_636' title='bbox 2415 3571 2703 3640; x_wconf 83' lang='lat' dir='ltr'><strong>dejiceret;</strong></span> <span class='ocrx_word' id='word_1_637' title='bbox 2756 3588 2930 3643; x_wconf 88' lang='lat' dir='ltr'><strong>neque</strong></span> <span class='ocrx_word' id='word_1_638' title='bbox 2969 3574 3015 3628; x_wconf 91' lang='lat' dir='ltr'><strong>si</strong></span> <span class='ocrx_word' id='word_1_639' title='bbox 3046 3584 3176 3629; x_wconf 90' lang='lat' dir='ltr'><strong>nutu</strong></span> <span class='ocrx_word' id='word_1_640' title='bbox 3202 3576 3419 3645; x_wconf 88' lang='lat' dir='ltr'><strong>proprio</strong></span> <span class='ocrx_word' id='word_1_641' title='bbox 3460 3576 3561 3631; x_wconf 90' lang='lat' dir='ltr'><strong>sibi</strong></span> <span class='ocrx_word' id='word_1_642' title='bbox 3595 3594 3781 3633; x_wconf 87' lang='lat' dir='ltr'><strong>necem</strong></span> 
     </span>
    </p>
   </div>
   <div class='ocr_carea' id='block_1_83' title="bbox 2208 3665 3783 3737">
    <p class='ocr_par' dir='ltr' id='par_1_83' title="bbox 2208 3665 3783 3737">
     <span class='ocr_line' id='line_1_83' title="bbox 2208 3665 3783 3737; baseline 0.003 -16"><span class='ocrx_word' id='word_1_643' title='bbox 2208 3666 2498 3737; x_wconf 82' lang='lat' dir='ltr'><strong>ingereret,</strong></span> <span class='ocrx_word' id='word_1_644' title='bbox 2539 3665 2677 3720; x_wconf 89' lang='lat' dir='ltr'><strong>inter</strong></span> <span class='ocrx_word' id='word_1_645' title='bbox 2704 3666 2880 3735; x_wconf 91' lang='lat' dir='ltr'><strong>justos</strong></span> <span class='ocrx_word' id='word_1_646' title='bbox 2921 3666 2988 3720; x_wconf 90' lang='lat' dir='ltr'><strong>ab</strong></span> <span class='ocrx_word' id='word_1_647' title='bbox 3039 3666 3297 3737; x_wconf 85' lang='lat' dir='ltr'><strong>Apostolo</strong></span> <span class='ocrx_word' id='word_1_648' title='bbox 3345 3668 3653 3725; x_wconf 88' lang='lat' dir='ltr'><strong>laudaretur</strong></span> <span class='ocrx_word' id='word_1_649' title='bbox 3686 3688 3699 3722; x_wconf 91' lang='lat'><strong>:</strong></span> <span class='ocrx_word' id='word_1_650' title='bbox 3733 3678 3783 3726; x_wconf 89' lang='lat' dir='ltr'><strong>et</strong></span> 
     </span>
    </p>
   </div>
   <div class='ocr_carea' id='block_1_84' title="bbox 2208 3756 3781 3831">
    <p class='ocr_par' dir='ltr' id='par_1_84' title="bbox 2208 3756 3781 3831">
     <span class='ocr_line' id='line_1_84' title="bbox 2208 3756 3781 3831; baseline 0.003 -19"><span class='ocrx_word' id='word_1_651' title='bbox 2208 3756 2329 3812; x_wconf 90' lang='lat' dir='ltr'><strong>ideo</strong></span> <span class='ocrx_word' id='word_1_652' title='bbox 2367 3757 2566 3813; x_wconf 88' lang='lat' dir='ltr'><strong>factum</strong></span> <span class='ocrx_word' id='word_1_653' title='bbox 2615 3758 2731 3828; x_wconf 91' lang='lat' dir='ltr'><strong>ejus</strong></span> <span class='ocrx_word' id='word_1_654' title='bbox 2777 3773 2840 3813; x_wconf 82' lang='lat' dir='ltr'><strong>ex</strong></span> <span class='ocrx_word' id='word_1_655' title='bbox 2885 3757 3080 3815; x_wconf 83' lang='lat' dir='ltr'><strong>divinae</strong></span> <span class='ocrx_word' id='word_1_656' title='bbox 3118 3760 3407 3831; x_wconf 70' lang='lat' dir='ltr'><strong>Scriptura:</strong></span> <span class='ocrx_word' id='word_1_657' title='bbox 3453 3764 3781 3831; x_wconf 87' lang='lat' dir='ltr'><strong>testimonio,</strong></span> 
     </span>
    </p>
   </div>
   <div class='ocr_carea' id='block_1_85' title="bbox 2207 3850 3785 3921">
    <p class='ocr_par' dir='ltr' id='par_1_85' title="bbox 2207 3850 3785 3921">
     <span class='ocr_line' id='line_1_85' title="bbox 2207 3850 3785 3921; baseline 0.005 -18"><span class='ocrx_word' id='word_1_658' title='bbox 2207 3862 2313 3904; x_wconf 85' lang='lat' dir='ltr'><strong>neu</strong></span> <span class='ocrx_word' id='word_1_659' title='bbox 2345 3863 2410 3903; x_wconf 83' lang='lat' dir='ltr'><strong>ex</strong></span> <span class='ocrx_word' id='word_1_660' title='bbox 2442 3862 2623 3904; x_wconf 81' lang='lat' dir='ltr'><strong>noStra</strong></span> <span class='ocrx_word' id='word_1_661' title='bbox 2650 3850 3035 3906; x_wconf 89' lang='lat' dir='ltr'><strong>consuetudine</strong></span> <span class='ocrx_word' id='word_1_662' title='bbox 3057 3850 3544 3921; x_wconf 79' lang='lat' dir='ltr'><strong>judicamus.‘Item</strong></span> <span class='ocrx_word' id='word_1_663' title='bbox 3573 3870 3694 3909; x_wconf 90' lang='lat' dir='ltr'><strong>cum</strong></span> <span class='ocrx_word' id='word_1_664' title='bbox 3718 3855 3785 3911; x_wconf 89' lang='lat' dir='ltr'><strong>ab</strong></span> 
     </span>
    </p>
   </div>
   <div class='ocr_carea' id='block_1_86' title="bbox 2207 3940 3778 4018">
    <p class='ocr_par' dir='ltr' id='par_1_86' title="bbox 2207 3940 3778 4018">
     <span class='ocr_line' id='line_1_86' title="bbox 2207 3940 3778 4018; baseline 0.003 -21"><span class='ocrx_word' id='word_1_665' title='bbox 2207 3940 2393 3997; x_wconf 86' lang='lat' dir='ltr'><strong>eadem</strong></span> <span class='ocrx_word' id='word_1_666' title='bbox 2424 3941 2696 4009; x_wconf 89' lang='lat' dir='ltr'><strong>Scriptura</strong></span> <span class='ocrx_word' id='word_1_667' title='bbox 2737 3942 3009 3997; x_wconf 84' lang='lat' dir='ltr'><strong>videamus</strong></span> <span class='ocrx_word' id='word_1_668' title='bbox 3037 3944 3243 3999; x_wconf 84' lang='lat' dir='ltr'><strong>laudari</strong></span> <span class='ocrx_word' id='word_1_669' title='bbox 3287 3945 3484 4013; x_wconf 86' lang='lat' dir='ltr'><strong>David,</strong></span> <span class='ocrx_word' id='word_1_670' title='bbox 3532 3947 3625 4018; x_wconf 90' lang='lat' dir='ltr'><strong>qui</strong></span> <span class='ocrx_word' id='word_1_671' title='bbox 3657 3963 3778 4017; x_wconf 85' lang='lat' dir='ltr'><strong>per-</strong></span> 
     </span>
    </p>
   </div>
   <div class='ocr_carea' id='block_1_87' title="bbox 2208 4031 3783 4109">
    <p class='ocr_par' dir='ltr' id='par_1_87' title="bbox 2208 4031 3783 4109">
     <span class='ocr_line' id='line_1_87' title="bbox 2208 4031 3783 4109; baseline 0.006 -24"><span class='ocrx_word' id='word_1_672' title='bbox 2208 4040 2414 4101; x_wconf 87' lang='lat' dir='ltr'><strong>petrato</strong></span> <span class='ocrx_word' id='word_1_673' title='bbox 2475 4031 2738 4088; x_wconf 86' lang='lat' dir='ltr'><strong>adulterio</strong></span> <span class='ocrx_word' id='word_1_674' title='bbox 2808 4032 3154 4089; x_wconf 87' lang='lat' dir='ltr'><strong>homicidium</strong></span> <span class='ocrx_word' id='word_1_675' title='bbox 3217 4052 3429 4107; x_wconf 87' lang='lat' dir='ltr'><strong>quoque</strong></span> <span class='ocrx_word' id='word_1_676' title='bbox 3486 4040 3783 4109; x_wconf 77' lang='lat' dir='ltr'><strong>conjunxit,</strong></span> 
     </span>
    </p>
   </div>
   <div class='ocr_carea' id='block_1_88' title="bbox 2207 4124 3782 4198">
    <p class='ocr_par' dir='ltr' id='par_1_88' title="bbox 2207 4124 3782 4198">
     <span class='ocr_line' id='line_1_88' title="bbox 2207 4124 3782 4198; baseline 0.01 -24"><span class='ocrx_word' id='word_1_677' title='bbox 2207 4124 2459 4192; x_wconf 76' lang='lat' dir='ltr'><strong>quoniam</strong></span> <span class='ocrx_word' id='word_1_678' title='bbox 2504 4124 2557 4178; x_wconf 92' lang='lat' dir='ltr'><strong>in</strong></span> <span class='ocrx_word' id='word_1_679' title='bbox 2587 4140 2647 4180; x_wconf 88' lang='lat' dir='ltr'><strong>ea</strong></span> <span class='ocrx_word' id='word_1_680' title='bbox 2681 4125 2840 4180; x_wconf 80' lang='lat' dir='ltr'><strong>simul</strong></span> <span class='ocrx_word' id='word_1_681' title='bbox 2866 4128 3109 4197; x_wconf 84' lang='lat' dir='ltr'><strong>legimus,</strong></span> <span class='ocrx_word' id='word_1_682' title='bbox 3138 4130 3279 4198; x_wconf 92' lang='lat' dir='ltr'><strong>quod</strong></span> <span class='ocrx_word' id='word_1_683' title='bbox 3303 4131 3490 4185; x_wconf 84' lang='lat' dir='ltr'><strong>horum</strong></span> <span class='ocrx_word' id='word_1_684' title='bbox 3513 4132 3782 4189; x_wconf 87' lang='lat' dir='ltr'><strong>scelerum</strong></span> 
     </span>
    </p>
   </div>
   <div class='ocr_carea' id='block_1_89' title="bbox 2208 4213 3784 4285">
    <p class='ocr_par' dir='ltr' id='par_1_89' title="bbox 2208 4213 3784 4285">
     <span class='ocr_line' id='line_1_89' title="bbox 2208 4213 3784 4285; baseline 0.01 -18"><span class='ocrx_word' id='word_1_685' title='bbox 2208 4213 2576 4283; x_wconf 79' lang='lat' dir='ltr'><strong>paenitentiam</strong></span> <span class='ocrx_word' id='word_1_686' title='bbox 2622 4217 2815 4285; x_wconf 89' lang='lat' dir='ltr'><strong>egerit,</strong></span> <span class='ocrx_word' id='word_1_687' title='bbox 2867 4218 3069 4274; x_wconf 91' lang='lat' dir='ltr'><strong>idcirco</strong></span> <span class='ocrx_word' id='word_1_688' title='bbox 3117 4220 3185 4275; x_wconf 92' lang='lat' dir='ltr'><strong>ab</strong></span> <span class='ocrx_word' id='word_1_689' title='bbox 3233 4235 3296 4276; x_wconf 87' lang='lat' dir='ltr'><strong>ea</strong></span> <span class='ocrx_word' id='word_1_690' title='bbox 3345 4224 3614 4278; x_wconf 84' lang='lat' dir='ltr'><strong>credimus</strong></span> <span class='ocrx_word' id='word_1_691' title='bbox 3664 4240 3784 4282; x_wconf 86' lang='lat' dir='ltr'><strong>esse</strong></span> 
     </span>
    </p>
   </div>
   <div class='ocr_carea' id='block_1_90' title="bbox 2209 4303 3778 4383">
    <p class='ocr_par' dir='ltr' id='par_1_90' title="bbox 2209 4303 3778 4383">
     <span class='ocr_line' id='line_1_90' title="bbox 2209 4303 3778 4383; baseline 0.01 -25"><span class='ocrx_word' id='word_1_692' title='bbox 2209 4303 2499 4360; x_wconf 89' lang='lat' dir='ltr'><strong>laudatum.</strong></span> <span class='ocrx_word' id='word_1_693' title='bbox 2524 4305 2656 4361; x_wconf 90' lang='lat' dir='ltr'><strong>Cum</strong></span> <span class='ocrx_word' id='word_1_694' title='bbox 2689 4315 2814 4363; x_wconf 81' lang='lat' dir='ltr'><strong>vero</strong></span> <span class='ocrx_word' id='word_1_695' title='bbox 2848 4309 3028 4366; x_wconf 88' lang='lat' dir='ltr'><strong>laudet</strong></span> <span class='ocrx_word' id='word_1_696' title='bbox 3051 4313 3210 4366; x_wconf 88' lang='lat' dir='ltr'><strong>etiam</strong></span> <span class='ocrx_word' id='word_1_697' title='bbox 3242 4313 3544 4377; x_wconf 83' lang='lat' dir='ltr'><strong>pontificem</strong></span> <span class='ocrx_word' id='word_1_698' title='bbox 3575 4319 3778 4383; x_wconf 80' lang='lat' dir='ltr'><strong>Aaron,</strong></span> 
     </span>
    </p>
   </div>
   <div class='ocr_carea' id='block_1_91' title="bbox 2210 4393 3779 4480">
    <p class='ocr_par' dir='ltr' id='par_1_91' title="bbox 2210 4393 3779 4480">
     <span class='ocr_line' id='line_1_91' title="bbox 2210 4393 3779 4480; baseline 0.011 -31"><span class='ocrx_word' id='word_1_699' title='bbox 2210 4393 2298 4465; x_wconf 92' lang='lat' dir='ltr'><strong>qui</strong></span> <span class='ocrx_word' id='word_1_700' title='bbox 2320 4397 2539 4453; x_wconf 89' lang='lat' dir='ltr'><strong>vitulum</strong></span> <span class='ocrx_word' id='word_1_701' title='bbox 2581 4398 2705 4454; x_wconf 86' lang='lat' dir='ltr'><strong>fecit</strong></span> <span class='ocrx_word' id='word_1_702' title='bbox 2745 4399 2798 4454; x_wconf 90' lang='lat' dir='ltr'><strong>in</strong></span> <span class='ocrx_word' id='word_1_703' title='bbox 2835 4402 3042 4470; x_wconf 79' lang='lat' dir='ltr'><strong>Coreb,</strong></span> <span class='ocrx_word' id='word_1_704' title='bbox 3090 4414 3149 4461; x_wconf 90' lang='lat' dir='ltr'><strong>ut</strong></span> <span class='ocrx_word' id='word_1_705' title='bbox 3179 4406 3494 4463; x_wconf 88' lang='lat' dir='ltr'><strong>adoraretnr</strong></span> <span class='ocrx_word' id='word_1_706' title='bbox 3524 4425 3553 4462; x_wconf 88' lang='lat' dir='ltr'><strong>a</strong></span> <span class='ocrx_word' id='word_1_707' title='bbox 3586 4414 3779 4480; x_wconf 89' lang='lat' dir='ltr'><strong>populo</strong></span> 
     </span>
    </p>
   </div>
   <div class='ocr_carea' id='block_1_92' title="bbox 532 4482 3783 4573">
    <p class='ocr_par' dir='ltr' id='par_1_92' title="bbox 532 4482 3783 4573">
     <span class='ocr_line' id='line_1_92' title="bbox 532 4482 3783 4573; baseline 0.009 -28"><span class='ocrx_word' id='word_1_708' title='bbox 532 4492 795 4549; x_wconf 87' lang='lat' dir='ltr'><strong>dicantes.</strong></span> <span class='ocrx_word' id='word_1_709' title='bbox 841 4495 1089 4550; x_wconf 86' lang='lat' dir='ltr'><strong>Omnium</strong></span> <span class='ocrx_word' id='word_1_710' title='bbox 1138 4498 1334 4566; x_wconf 91' lang='lat' dir='ltr'><strong>quippe</strong></span> <span class='ocrx_word' id='word_1_711' title='bbox 1392 4499 1616 4563; x_wconf 86' lang='lat' dir='ltr'><strong>fuerant,</strong></span> <span class='ocrx_word' id='word_1_712' title='bbox 1674 4513 1703 4550; x_wconf 92' lang='lat' dir='ltr'><strong>a</strong></span> <span class='ocrx_word' id='word_1_713' title='bbox 1753 4500 1947 4567; x_wconf 86' lang='lat' dir='ltr'><strong>quibus</strong></span> <span class='ocrx_word' id='word_1_714' title='bbox 2002 4482 2408 4559; x_wconf 72' lang='lat' dir='ltr'><strong>ticitD(E-’Wd-</strong></span> <span class='ocrx_word' id='word_1_715' title='bbox 2461 4494 2655 4561; x_wconf 65' lang='lat' dir='ltr'><strong>XXX“).</strong></span> <span class='ocrx_word' id='word_1_716' title='bbox 2703 4508 2801 4548; x_wconf 72' lang='lat' dir='ltr'><strong>&quot;ec</strong></span> <span class='ocrx_word' id='word_1_717' title='bbox 2843 4495 3006 4550; x_wconf 61' lang='lat' dir='ltr'><strong>rere“</strong></span> <span class='ocrx_word' id='word_1_718' title='bbox 3043 4496 3129 4551; x_wconf 72' lang='lat' dir='ltr'><strong>&quot;bi</strong></span> <span class='ocrx_word' id='word_1_719' title='bbox 3168 4514 3290 4553; x_wconf 66' lang='lat' dir='ltr'><strong>eum</strong></span> <span class='ocrx_word' id='word_1_720' title='bbox 3333 4500 3462 4555; x_wconf 63' lang='grc' dir='ltr'><strong>ιεηιί</strong></span> <span class='ocrx_word' id='word_1_721' title='bbox 3514 4502 3783 4573; x_wconf 61' lang='lat' dir='ltr'><strong>sacrilegii</strong></span> 
     </span>
    </p>
   </div>
   <div class='ocr_carea' id='block_1_93' title="bbox 531 4584 2111 4661">
    <p class='ocr_par' dir='ltr' id='par_1_93' title="bbox 531 4584 2111 4661">
     <span class='ocr_line' id='line_1_93' title="bbox 531 4584 2111 4661; baseline 0.007 -24"><span class='ocrx_word' id='word_1_722' title='bbox 531 4592 659 4637; x_wconf 86' lang='lat' dir='ltr'><strong>sunt</strong></span> <span class='ocrx_word' id='word_1_723' title='bbox 682 4584 999 4661; x_wconf 81' lang='lat' dir='ltr'><strong>improbata,</strong></span> <span class='ocrx_word' id='word_1_724' title='bbox 1046 4602 1167 4641; x_wconf 92' lang='lat' dir='ltr'><strong>cum</strong></span> <span class='ocrx_word' id='word_1_725' title='bbox 1201 4590 1280 4643; x_wconf 92' lang='lat' dir='ltr'><strong>eis</strong></span> <span class='ocrx_word' id='word_1_726' title='bbox 1308 4604 1412 4643; x_wconf 91' lang='lat' dir='ltr'><strong>non</strong></span> <span class='ocrx_word' id='word_1_727' title='bbox 1448 4598 1623 4643; x_wconf 88' lang='lat' dir='ltr'><strong>essent</strong></span> <span class='ocrx_word' id='word_1_728' title='bbox 1656 4589 1949 4659; x_wconf 86' lang='lat' dir='ltr'><strong>incognita.</strong></span> <span class='ocrx_word' id='word_1_729' title='bbox 1980 4592 2111 4648; x_wconf 88' lang='lat' dir='ltr'><strong>Per-</strong></span> 
     </span>
    </p>
   </div>
   <div class='ocr_carea' id='block_1_94' title="bbox 534 4677 2105 4757">
    <p class='ocr_par' dir='ltr' id='par_1_94' title="bbox 534 4677 2105 4757">
     <span class='ocr_line' id='line_1_94' title="bbox 534 4677 2105 4757; baseline 0.009 -27"><span class='ocrx_word' id='word_1_730' title='bbox 534 4677 686 4731; x_wconf 84' lang='lat' dir='ltr'><strong>vides</strong></span> <span class='ocrx_word' id='word_1_731' title='bbox 742 4679 920 4748; x_wconf 89' lang='lat' dir='ltr'><strong>igitur,</strong></span> <span class='ocrx_word' id='word_1_732' title='bbox 974 4681 1393 4739; x_wconf 60' lang='lat' dir='ltr'><strong>clementissime</strong></span> <span class='ocrx_word' id='word_1_733' title='bbox 1444 4685 1753 4753; x_wconf 87' lang='lat' dir='ltr'><strong>imperator,</strong></span> <span class='ocrx_word' id='word_1_734' title='bbox 1786 4695 2105 4757; x_wconf 83' lang='lat' dir='ltr'><strong>quantorntn</strong></span> 
     </span>
    </p>
   </div>
   <div class='ocr_carea' id='block_1_95' title="bbox 530 4759 2111 4849">
    <p class='ocr_par' dir='ltr' id='par_1_95' title="bbox 530 4759 2111 4849">
     <span class='ocr_line' id='line_1_95' title="bbox 530 4759 2111 4849; baseline 0.008 -24"><span class='ocrx_word' id='word_1_735' title='bbox 530 4768 815 4825; x_wconf 89' lang='lat' dir='ltr'><strong>damnatio</strong></span> <span class='ocrx_word' id='word_1_736' title='bbox 835 4783 1211 4842; x_wconf 90' lang='lat' dir='ltr'><strong>consequatur,</strong></span> <span class='ocrx_word' id='word_1_737' title='bbox 1242 4759 1291 4830; x_wconf 82' lang='lat' dir='ltr'><strong>si</strong></span> <span class='ocrx_word' id='word_1_738' title='bbox 1311 4776 1590 4846; x_wconf 83' lang='lat' dir='ltr'><strong>quisquam</strong></span> <span class='ocrx_word' id='word_1_739' title='bbox 1621 4793 1683 4833; x_wconf 86' lang='lat' dir='ltr'><strong>ex</strong></span> <span class='ocrx_word' id='word_1_740' title='bbox 1712 4778 1905 4835; x_wconf 88' lang='lat' dir='ltr'><strong>talibus</strong></span> <span class='ocrx_word' id='word_1_741' title='bbox 1930 4790 2111 4849; x_wconf 84' lang='lat' dir='ltr'><strong>poste-</strong></span> 
     </span>
    </p>
   </div>
   <div class='ocr_carea' id='block_1_96' title="bbox 530 4864 2108 4938">
    <p class='ocr_par' dir='ltr' id='par_1_96' title="bbox 530 4864 2108 4938">
     <span class='ocr_line' id='line_1_96' title="bbox 530 4864 2108 4938; baseline 0.007 -23"><span class='ocrx_word' id='word_1_742' title='bbox 530 4878 713 4916; x_wconf 90' lang='lat' dir='ltr'><strong>rorum</strong></span> <span class='ocrx_word' id='word_1_743' title='bbox 745 4865 1157 4934; x_wconf 70' lang='lat' dir='ltr'><strong>prmsumptione</strong></span> <span class='ocrx_word' id='word_1_744' title='bbox 1182 4864 1469 4921; x_wconf 89' lang='lat' dir='ltr'><strong>damnetur</strong></span> <span class='ocrx_word' id='word_1_745' title='bbox 1494 4885 1507 4921; x_wconf 94' lang='lat'>:</span> <span class='ocrx_word' id='word_1_746' title='bbox 1536 4867 1669 4923; x_wconf 89' lang='lat' dir='ltr'><strong>tanti</strong></span> <span class='ocrx_word' id='word_1_747' title='bbox 1701 4883 1827 4923; x_wconf 89' lang='lat' dir='ltr'><strong>vero</strong></span> <span class='ocrx_word' id='word_1_748' title='bbox 1856 4870 2108 4938; x_wconf 86' lang='lat' dir='ltr'><strong>penditur</strong></span> 
     </span>
    </p>
   </div>
   <div class='ocr_carea' id='block_1_97' title="bbox 532 4955 2103 5026">
    <p class='ocr_par' dir='ltr' id='par_1_97' title="bbox 532 4955 2103 5026">
     <span class='ocr_line' id='line_1_97' title="bbox 532 4955 2103 5026; baseline 0.007 -17"><span class='ocrx_word' id='word_1_749' title='bbox 532 4955 582 5009; x_wconf 91' lang='lat' dir='ltr'><strong>in</strong></span> <span class='ocrx_word' id='word_1_750' title='bbox 616 4956 821 5012; x_wconf 88' lang='lat' dir='ltr'><strong>unitate</strong></span> <span class='ocrx_word' id='word_1_751' title='bbox 848 4957 1089 5026; x_wconf 80' lang='lat' dir='ltr'><strong>Corporis</strong></span> <span class='ocrx_word' id='word_1_752' title='bbox 1126 4958 1322 5014; x_wconf 89' lang='lat' dir='ltr'><strong>Christi</strong></span> <span class='ocrx_word' id='word_1_753' title='bbox 1354 4975 1570 5015; x_wconf 90' lang='lat' dir='ltr'><strong>manere</strong></span> <span class='ocrx_word' id='word_1_754' title='bbox 1590 5001 1606 5025; x_wconf 93' lang='lat'><strong>,</strong></span> <span class='ocrx_word' id='word_1_755' title='bbox 1653 4969 1709 5015; x_wconf 90' lang='lat' dir='ltr'><strong>et</strong></span> <span class='ocrx_word' id='word_1_756' title='bbox 1739 4977 1843 5017; x_wconf 92' lang='lat' dir='ltr'><strong>non</strong></span> <span class='ocrx_word' id='word_1_757' title='bbox 1872 4973 2103 5019; x_wconf 90' lang='lat' dir='ltr'><strong>conten-</strong></span> 
     </span>
    </p>
   </div>
   <div class='ocr_carea' id='block_1_98' title="bbox 535 5050 2102 5124">
    <p class='ocr_par' dir='ltr' id='par_1_98' title="bbox 535 5050 2102 5124">
     <span class='ocr_line' id='line_1_98' title="bbox 535 5050 2102 5124; baseline 0.008 -23"><span class='ocrx_word' id='word_1_758' title='bbox 535 5050 726 5104; x_wconf 83' lang='lat' dir='ltr'><strong>tiosum</strong></span> <span class='ocrx_word' id='word_1_759' title='bbox 764 5066 822 5106; x_wconf 89' lang='lat' dir='ltr'><strong>se</strong></span> <span class='ocrx_word' id='word_1_760' title='bbox 851 5050 1102 5121; x_wconf 90' lang='lat' dir='ltr'><strong>objicere,</strong></span> <span class='ocrx_word' id='word_1_761' title='bbox 1146 5052 1241 5108; x_wconf 90' lang='lat' dir='ltr'><strong>sed</strong></span> <span class='ocrx_word' id='word_1_762' title='bbox 1281 5052 1509 5108; x_wconf 87' lang='lat' dir='ltr'><strong>docilem</strong></span> <span class='ocrx_word' id='word_1_763' title='bbox 1550 5054 1817 5124; x_wconf 69' lang='lat' dir='ltr'><strong>subjicere</strong></span> <span class='ocrx_word' id='word_1_764' title='bbox 1867 5056 2102 5113; x_wconf 82' lang='lat' dir='ltr'><strong>animum</strong></span> 
     </span>
    </p>
   </div>
   <div class='ocr_carea' id='block_1_99' title="bbox 530 5142 2105 5221">
    <p class='ocr_par' dir='ltr' id='par_1_99' title="bbox 530 5142 2105 5221">
     <span class='ocr_line' id='line_1_99' title="bbox 530 5142 2105 5221; baseline 0.007 -24"><span class='ocrx_word' id='word_1_765' title='bbox 530 5142 776 5208; x_wconf 72' lang='lat' dir='ltr'><strong>veritati,</strong></span> <span class='ocrx_word' id='word_1_766' title='bbox 830 5151 886 5196; x_wconf 92' lang='lat' dir='ltr'><strong>ut</strong></span> <span class='ocrx_word' id='word_1_767' title='bbox 929 5158 1023 5212; x_wconf 88' lang='lat' dir='ltr'><strong>pro</strong></span> <span class='ocrx_word' id='word_1_768' title='bbox 1072 5145 1217 5212; x_wconf 89' lang='lat' dir='ltr'><strong>pacis</strong></span> <span class='ocrx_word' id='word_1_769' title='bbox 1251 5146 1420 5214; x_wconf 90' lang='lat' dir='ltr'><strong>ipsius</strong></span> <span class='ocrx_word' id='word_1_770' title='bbox 1463 5156 1517 5201; x_wconf 91' lang='lat' dir='ltr'><strong>et</strong></span> <span class='ocrx_word' id='word_1_771' title='bbox 1565 5146 1838 5204; x_wconf 67' lang='lat' dir='ltr'><strong>charitatis</strong></span> <span class='ocrx_word' id='word_1_772' title='bbox 1883 5148 2059 5208; x_wconf 89' lang='lat' dir='ltr'><strong>fructu</strong></span> <span class='ocrx_word' id='word_1_773' title='bbox 2088 5194 2105 5221; x_wconf 89' lang='lat'><strong>,</strong></span> 
     </span>
    </p>
   </div>
   <div class='ocr_carea' id='block_1_100' title="bbox 532 5234 2106 5316">
    <p class='ocr_par' dir='ltr' id='par_1_100' title="bbox 532 5234 2106 5316">
     <span class='ocr_line' id='line_1_100' title="bbox 532 5234 2106 5316; baseline 0.007 -31"><span class='ocrx_word' id='word_1_774' title='bbox 532 5234 670 5300; x_wconf 79' lang='lat' dir='ltr'><strong>quod</strong></span> <span class='ocrx_word' id='word_1_775' title='bbox 699 5234 921 5290; x_wconf 78' lang='lat' dir='ltr'><strong>forsitan</strong></span> <span class='ocrx_word' id='word_1_776' title='bbox 950 5234 972 5267; x_wconf 83' lang='grc'><strong><em>⁸</em></strong></span> <span class='ocrx_word' id='word_1_777' title='bbox 1001 5236 1159 5291; x_wconf 88' lang='lat' dir='ltr'><strong>aliter</strong></span> <span class='ocrx_word' id='word_1_778' title='bbox 1185 5241 1388 5308; x_wconf 88' lang='lat' dir='ltr'><strong>sapitur</strong></span> <span class='ocrx_word' id='word_1_779' title='bbox 1416 5254 1573 5309; x_wconf 88' lang='lat' dir='ltr'><strong>quam</strong></span> <span class='ocrx_word' id='word_1_780' title='bbox 1602 5255 1727 5295; x_wconf 86' lang='lat' dir='ltr'><strong>vera</strong></span> <span class='ocrx_word' id='word_1_781' title='bbox 1758 5241 1889 5297; x_wconf 85' lang='lat' dir='ltr'><strong>fides</strong></span> <span class='ocrx_word' id='word_1_782' title='bbox 1918 5245 2106 5316; x_wconf 78' lang='lat' dir='ltr'><strong>exigit,</strong></span> 
     </span>
    </p>
   </div>
   <div class='ocr_carea' id='block_1_101' title="bbox 531 5326 2104 5409">
    <p class='ocr_par' dir='ltr' id='par_1_101' title="bbox 531 5326 2104 5409">
     <span class='ocr_line' id='line_1_101' title="bbox 531 5326 2104 5409; baseline 0.011 -32"><span class='ocrx_word' id='word_1_783' title='bbox 531 5336 784 5395; x_wconf 87' lang='lat' dir='ltr'><strong>purgetur</strong></span> <span class='ocrx_word' id='word_1_784' title='bbox 837 5342 867 5382; x_wconf 88' lang='lat' dir='ltr'><strong>a</strong></span> <span class='ocrx_word' id='word_1_785' title='bbox 910 5326 1173 5397; x_wconf 89' lang='lat' dir='ltr'><strong>Domino,</strong></span> <span class='ocrx_word' id='word_1_786' title='bbox 1235 5339 1293 5385; x_wconf 93' lang='lat' dir='ltr'><strong>ut</strong></span> <span class='ocrx_word' id='word_1_787' title='bbox 1345 5331 1461 5401; x_wconf 90' lang='lat' dir='ltr'><strong>plus</strong></span> <span class='ocrx_word' id='word_1_788' title='bbox 1498 5333 1552 5388; x_wconf 92' lang='lat' dir='ltr'><strong>in</strong></span> <span class='ocrx_word' id='word_1_789' title='bbox 1603 5347 1734 5403; x_wconf 90' lang='lat' dir='ltr'><strong>pace</strong></span> <span class='ocrx_word' id='word_1_790' title='bbox 1784 5334 2104 5409; x_wconf 80' lang='lat' dir='ltr'><strong>fructiﬁeet;</strong></span> 
     </span>
    </p>
   </div>
   <div class='ocr_carea' id='block_1_102' title="bbox 603 5526 1808 5608">
    <p class='ocr_par' dir='ltr' id='par_1_102' title="bbox 603 5526 1808 5608">
     <span class='ocr_line' id='line_1_102' title="bbox 603 5526 1808 5608; baseline 0.012 -28"><span class='ocrx_word' id='word_1_791' title='bbox 603 5528 619 5608; x_wconf 63' lang='grc' dir='ltr'><strong>ξ</strong></span> <span class='ocrx_word' id='word_1_792' title='bbox 806 5527 1028 5608; x_wconf 74' lang='lat' dir='ltr'><strong>Veron.,</strong></span> <span class='ocrx_word' id='word_1_793' title='bbox 1053 5533 1294 5608; x_wconf 75' lang='lat' dir='ltr'><strong>quidquid</strong></span> <span class='ocrx_word' id='word_1_794' title='bbox 1314 5533 1449 5608; x_wconf 87' lang='lat' dir='ltr'><strong>illud</strong></span> <span class='ocrx_word' id='word_1_795' title='bbox 1474 5545 1622 5605; x_wconf 85' lang='lat' dir='ltr'><strong>esset,</strong></span> <span class='ocrx_word' id='word_1_796' title='bbox 1646 5536 1808 5608; x_wconf 83' lang='lat' dir='ltr'><strong>quod.</strong></span> 
     </span>
    </p>
   </div>
   <div class='ocr_carea' id='block_1_103' title="bbox 599 5598 1601 5664">
    <p class='ocr_par' dir='ltr' id='par_1_103' title="bbox 599 5598 1601 5664">
     <span class='ocr_line' id='line_1_103' title="bbox 599 5598 1601 5664; baseline 0.009 -11"><span class='ocrx_word' id='word_1_797' title='bbox 599 5600 621 5632; x_wconf 83' lang='grc'><strong><em>²</em></strong></span> <span class='ocrx_word' id='word_1_798' title='bbox 648 5598 792 5654; x_wconf 86' lang='lat' dir='ltr'><strong>Idem</strong></span> <span class='ocrx_word' id='word_1_799' title='bbox 814 5599 958 5664; x_wconf 84' lang='lat' dir='ltr'><strong>cod,</strong></span> <span class='ocrx_word' id='word_1_800' title='bbox 991 5598 1326 5659; x_wconf 44' lang='lat' dir='ltr'><strong>c&#39;ondemuare</strong></span> <span class='ocrx_word' id='word_1_801' title='bbox 1354 5606 1601 5662; x_wconf 86' lang='lat' dir='ltr'><strong>doctores.</strong></span> 
     </span>
    </p>
   </div>
   <div class='ocr_carea' id='block_1_104' title="bbox 600 5668 1450 5745">
    <p class='ocr_par' dir='ltr' id='par_1_104' title="bbox 600 5668 1450 5745">
     <span class='ocr_line' id='line_1_104' title="bbox 600 5668 1450 5745; baseline 0.011 -22"><span class='ocrx_word' id='word_1_802' title='bbox 600 5669 621 5745; x_wconf 63' lang='grc' dir='ltr'><em>ξ</em></span> <span class='ocrx_word' id='word_1_803' title='bbox 652 5670 793 5745; x_wconf 74' lang='lat' dir='ltr'><strong>Idem</strong></span> <span class='ocrx_word' id='word_1_804' title='bbox 818 5668 961 5745; x_wconf 85' lang='lat' dir='ltr'><strong>eod_.,</strong></span> <span class='ocrx_word' id='word_1_805' title='bbox 994 5678 1035 5745; x_wconf 87' lang='lat' dir='ltr'><strong>s_t</strong></span> <span class='ocrx_word' id='word_1_806' title='bbox 1057 5674 1181 5745; x_wconf 80' lang='lat' dir='ltr'><strong>quid</strong></span> <span class='ocrx_word' id='word_1_807' title='bbox 1208 5677 1450 5745; x_wconf 83' lang='lat' dir='ltr'><strong>forsitan.</strong></span> 
     </span>
    </p>
   </div>
   <div class='ocr_carea' id='block_1_105' title="bbox 597 5738 1268 5812">
    <p class='ocr_par' dir='ltr' id='par_1_105' title="bbox 597 5738 1268 5812">
     <span class='ocr_line' id='line_1_105' title="bbox 597 5738 1268 5812; baseline 0.004 -13"><span class='ocrx_word' id='word_1_808' title='bbox 597 5738 625 5776; x_wconf 74' lang='grc'><strong>⁸</strong></span> <span class='ocrx_word' id='word_1_809' title='bbox 651 5740 799 5799; x_wconf 83' lang='lat' dir='ltr'><strong>Idem</strong></span> <span class='ocrx_word' id='word_1_810' title='bbox 826 5739 972 5812; x_wconf 88' lang='lat' dir='ltr'><strong>eod.,</strong></span> <span class='ocrx_word' id='word_1_811' title='bbox 996 5738 1268 5802; x_wconf 71' lang='lat' dir='ltr'><strong>Iacobum.</strong></span> 
     </span>
    </p>
   </div>
   <div class='ocr_carea' id='block_1_106' title="bbox 2212 4582 3781 4665">
    <p class='ocr_par' dir='ltr' id='par_1_106' title="bbox 2212 4582 3781 4665">
     <span class='ocr_line' id='line_1_106' title="bbox 2212 4582 3781 4665; baseline 0.011 -31"><span class='ocrx_word' id='word_1_812' title='bbox 2212 4582 2540 4652; x_wconf 75' lang='lat' dir='ltr'><strong>paenituerit,</strong></span> <span class='ocrx_word' id='word_1_813' title='bbox 2586 4586 2749 4654; x_wconf 79' lang='lat' dir='ltr'><strong>exigit</strong></span> <span class='ocrx_word' id='word_1_814' title='bbox 2786 4601 2814 4640; x_wconf 91' lang='lat' dir='ltr'><strong>a</strong></span> <span class='ocrx_word' id='word_1_815' title='bbox 2859 4589 3012 4643; x_wconf 89' lang='lat' dir='ltr'><strong>nobis</strong></span> <span class='ocrx_word' id='word_1_816' title='bbox 3059 4594 3357 4649; x_wconf 79' lang='lat' dir='ltr'><strong>reverentia</strong></span> <span class='ocrx_word' id='word_1_817' title='bbox 3400 4609 3559 4665; x_wconf 91' lang='lat' dir='ltr'><strong>quam</strong></span> <span class='ocrx_word' id='word_1_818' title='bbox 3607 4596 3781 4651; x_wconf 86' lang='lat' dir='ltr'><strong>eidem</strong></span> 
     </span>
    </p>
   </div>
   <div class='ocr_carea' id='block_1_107' title="bbox 2190 4676 3780 4757">
    <p class='ocr_par' dir='ltr' id='par_1_107' title="bbox 2190 4676 3780 4757">
     <span class='ocr_line' id='line_1_107' title="bbox 2190 4676 3780 4757; baseline 0.009 -28"><span class='ocrx_word' id='word_1_819' title='bbox 2190 4683 2410 4757; x_wconf 68' lang='lat' dir='ltr'><strong>sancta:</strong></span> <span class='ocrx_word' id='word_1_820' title='bbox 2439 4676 2726 4745; x_wconf 57' lang='lat' dir='ltr'><strong>Scriptura;</strong></span> <span class='ocrx_word' id='word_1_821' title='bbox 2749 4678 3032 4750; x_wconf 88' lang='lat' dir='ltr'><strong>debemus,</strong></span> <span class='ocrx_word' id='word_1_822' title='bbox 3068 4690 3124 4735; x_wconf 90' lang='lat' dir='ltr'><strong>ut</strong></span> <span class='ocrx_word' id='word_1_823' title='bbox 3151 4699 3450 4754; x_wconf 87' lang='lat' dir='ltr'><strong>quanquam</strong></span> <span class='ocrx_word' id='word_1_824' title='bbox 3479 4687 3579 4742; x_wconf 88' lang='lat' dir='ltr'><strong>hoc</strong></span> <span class='ocrx_word' id='word_1_825' title='bbox 3603 4697 3780 4744; x_wconf 88' lang='lat' dir='ltr'><strong>tacue-</strong></span> 
     </span>
    </p>
   </div>
   <div class='ocr_carea' id='block_1_108' title="bbox 2212 4769 3780 4850">
    <p class='ocr_par' dir='ltr' id='par_1_108' title="bbox 2212 4769 3780 4850">
     <span class='ocr_line' id='line_1_108' title="bbox 2212 4769 3780 4850; baseline 0.008 -27"><span class='ocrx_word' id='word_1_826' title='bbox 2212 4769 2301 4834; x_wconf 89' lang='lat' dir='ltr'><strong>rit,</strong></span> <span class='ocrx_word' id='word_1_827' title='bbox 2326 4786 2433 4824; x_wconf 93' lang='lat' dir='ltr'><strong>non</strong></span> <span class='ocrx_word' id='word_1_828' title='bbox 2460 4778 2637 4827; x_wconf 86' lang='lat' dir='ltr'><strong>tamen</strong></span> <span class='ocrx_word' id='word_1_829' title='bbox 2672 4774 2957 4829; x_wconf 88' lang='lat' dir='ltr'><strong>credamus</strong></span> <span class='ocrx_word' id='word_1_830' title='bbox 2989 4776 3131 4844; x_wconf 88' lang='lat' dir='ltr'><strong>quod</strong></span> <span class='ocrx_word' id='word_1_831' title='bbox 3177 4792 3298 4832; x_wconf 89' lang='lat' dir='ltr'><strong>eum</strong></span> <span class='ocrx_word' id='word_1_832' title='bbox 3338 4777 3560 4835; x_wconf 74' lang='lat' dir='ltr'><strong>laudare</strong></span> <span class='ocrx_word' id='word_1_833' title='bbox 3590 4783 3780 4850; x_wconf 89' lang='lat' dir='ltr'><strong>possit,</strong></span> 
     </span>
    </p>
   </div>
   <div class='ocr_carea' id='block_1_109' title="bbox 2212 4860 3781 4943">
    <p class='ocr_par' dir='ltr' id='par_1_109' title="bbox 2212 4860 3781 4943">
     <span class='ocr_line' id='line_1_109' title="bbox 2212 4860 3781 4943; baseline 0.007 -29"><span class='ocrx_word' id='word_1_834' title='bbox 2212 4860 2315 4915; x_wconf 90' lang='lat' dir='ltr'><strong>nisi</strong></span> <span class='ocrx_word' id='word_1_835' title='bbox 2339 4860 2408 4916; x_wconf 89' lang='lat' dir='ltr'><strong>de</strong></span> <span class='ocrx_word' id='word_1_836' title='bbox 2428 4869 2573 4919; x_wconf 88' lang='lat' dir='ltr'><strong>tanto</strong></span> <span class='ocrx_word' id='word_1_837' title='bbox 2602 4866 2885 4937; x_wconf 77' lang='lat' dir='ltr'><strong>sacrilegio</strong></span> <span class='ocrx_word' id='word_1_838' title='bbox 2916 4868 3283 4936; x_wconf 77' lang='lat' dir='ltr'><strong>pmoitentem.</strong></span> <span class='ocrx_word' id='word_1_839' title='bbox 3319 4869 3467 4925; x_wconf 80' lang='lat' dir='ltr'><strong>lianc</strong></span> <span class='ocrx_word' id='word_1_840' title='bbox 3498 4872 3660 4943; x_wconf 88' lang='lat' dir='ltr'><strong>igitur</strong></span> <span class='ocrx_word' id='word_1_841' title='bbox 3690 4873 3781 4927; x_wconf 77' lang='lat' dir='ltr'><strong>oli-</strong></span> 
     </span>
    </p>
   </div>
   <div class='ocr_carea' id='block_1_110' title="bbox 2214 4958 3780 5035">
    <p class='ocr_par' dir='ltr' id='par_1_110' title="bbox 2214 4958 3780 5035">
     <span class='ocr_line' id='line_1_110' title="bbox 2214 4958 3780 5035; baseline 0.006 -23"><span class='ocrx_word' id='word_1_842' title='bbox 2214 4958 2539 5012; x_wconf 83' lang='lat' dir='ltr'><strong>servantiam</strong></span> <span class='ocrx_word' id='word_1_843' title='bbox 2572 4970 2757 5014; x_wconf 85' lang='lat' dir='ltr'><strong>tenere</strong></span> <span class='ocrx_word' id='word_1_844' title='bbox 2790 4975 2887 5014; x_wconf 92' lang='lat' dir='ltr'><strong>nos</strong></span> <span class='ocrx_word' id='word_1_845' title='bbox 2914 4971 3126 5027; x_wconf 62' lang='lat' dir='ltr'><strong>Oportet</strong></span> <span class='ocrx_word' id='word_1_846' title='bbox 3152 4970 3207 5015; x_wconf 91' lang='lat' dir='ltr'><strong>et</strong></span> <span class='ocrx_word' id='word_1_847' title='bbox 3236 4963 3287 5017; x_wconf 93' lang='lat' dir='ltr'><strong>in</strong></span> <span class='ocrx_word' id='word_1_848' title='bbox 3325 4964 3408 5019; x_wconf 89' lang='lat' dir='ltr'><strong>his</strong></span> <span class='ocrx_word' id='word_1_849' title='bbox 3434 4980 3660 5035; x_wconf 91' lang='lat' dir='ltr'><strong>quorum</strong></span> <span class='ocrx_word' id='word_1_850' title='bbox 3690 4965 3780 5021; x_wconf 83' lang='lat' dir='ltr'><strong>do-</strong></span> 
     </span>
    </p>
   </div>
   <div class='ocr_carea' id='block_1_111' title="bbox 2209 5050 3777 5124">
    <p class='ocr_par' dir='ltr' id='par_1_111' title="bbox 2209 5050 3777 5124">
     <span class='ocr_line' id='line_1_111' title="bbox 2209 5050 3777 5124; baseline 0.004 -20"><span class='ocrx_word' id='word_1_851' title='bbox 2209 5050 2377 5104; x_wconf 82' lang='lat' dir='ltr'><strong>etrina</strong></span> <span class='ocrx_word' id='word_1_852' title='bbox 2410 5050 2460 5104; x_wconf 91' lang='lat' dir='ltr'><strong>in</strong></span> <span class='ocrx_word' id='word_1_853' title='bbox 2492 5050 2737 5106; x_wconf 85' lang='lat' dir='ltr'><strong>Ecclesia</strong></span> <span class='ocrx_word' id='word_1_854' title='bbox 2764 5052 2861 5107; x_wconf 88' lang='lat' dir='ltr'><strong>Dei</strong></span> <span class='ocrx_word' id='word_1_855' title='bbox 2892 5063 3106 5123; x_wconf 88' lang='lat' dir='ltr'><strong>recepta</strong></span> <span class='ocrx_word' id='word_1_856' title='bbox 3134 5064 3209 5109; x_wconf 90' lang='lat' dir='ltr'><strong>est</strong></span> <span class='ocrx_word' id='word_1_857' title='bbox 3234 5070 3249 5119; x_wconf 87' lang='lat'><strong>;</strong></span> <span class='ocrx_word' id='word_1_858' title='bbox 3295 5064 3352 5109; x_wconf 90' lang='lat' dir='ltr'><strong>ut</strong></span> <span class='ocrx_word' id='word_1_859' title='bbox 3374 5056 3417 5110; x_wconf 88' lang='lat' dir='ltr'><strong>si</strong></span> <span class='ocrx_word' id='word_1_860' title='bbox 3447 5056 3571 5124; x_wconf 89' lang='lat' dir='ltr'><strong>quid</strong></span> <span class='ocrx_word' id='word_1_861' title='bbox 3601 5071 3701 5111; x_wconf 88' lang='lat' dir='ltr'><strong>nos</strong></span> <span class='ocrx_word' id='word_1_862' title='bbox 3730 5058 3777 5111; x_wconf 89' lang='lat' dir='ltr'><strong>in</strong></span> 
     </span>
    </p>
   </div>
   <div class='ocr_carea' id='block_1_112' title="bbox 2212 5145 3779 5219">
    <p class='ocr_par' dir='ltr' id='par_1_112' title="bbox 2212 5145 3779 5219">
     <span class='ocr_line' id='line_1_112' title="bbox 2212 5145 3779 5219; baseline 0.003 -21"><span class='ocrx_word' id='word_1_863' title='bbox 2212 5158 2395 5198; x_wconf 90' lang='lat' dir='ltr'><strong>eorum</strong></span> <span class='ocrx_word' id='word_1_864' title='bbox 2438 5145 2614 5198; x_wconf 78' lang='lat' dir='ltr'><strong>verbis</strong></span> <span class='ocrx_word' id='word_1_865' title='bbox 2648 5145 2950 5212; x_wconf 83' lang='lat' dir='ltr'><strong>olTendet‘it,</strong></span> <span class='ocrx_word' id='word_1_866' title='bbox 2994 5148 3137 5217; x_wconf 90' lang='lat' dir='ltr'><strong>prius</strong></span> <span class='ocrx_word' id='word_1_867' title='bbox 3180 5162 3502 5219; x_wconf 63' lang='lat' dir='ltr'><strong>qumramus,</strong></span> <span class='ocrx_word' id='word_1_868' title='bbox 3551 5164 3619 5204; x_wconf 90' lang='lat' dir='ltr'><strong>ne</strong></span> <span class='ocrx_word' id='word_1_869' title='bbox 3649 5149 3779 5203; x_wconf 88' lang='lat' dir='ltr'><strong>forte</strong></span> 
     </span>
    </p>
   </div>
   <div class='ocr_carea' id='block_1_113' title="bbox 2213 5238 3778 5309">
    <p class='ocr_par' dir='ltr' id='par_1_113' title="bbox 2213 5238 3778 5309">
     <span class='ocr_line' id='line_1_113' title="bbox 2213 5238 3778 5309; baseline 0.003 -16"><span class='ocrx_word' id='word_1_870' title='bbox 2213 5254 2318 5293; x_wconf 91' lang='lat' dir='ltr'><strong>non</strong></span> <span class='ocrx_word' id='word_1_871' title='bbox 2352 5238 2452 5309; x_wconf 88' lang='lat' dir='ltr'><strong>ipsi</strong></span> <span class='ocrx_word' id='word_1_872' title='bbox 2493 5239 2795 5305; x_wconf 79' lang='lat' dir='ltr'><strong>veritatem,</strong></span> <span class='ocrx_word' id='word_1_873' title='bbox 2830 5241 2922 5295; x_wconf 89' lang='lat' dir='ltr'><strong>sed</strong></span> <span class='ocrx_word' id='word_1_874' title='bbox 2957 5258 3054 5297; x_wconf 91' lang='lat' dir='ltr'><strong>nos</strong></span> <span class='ocrx_word' id='word_1_875' title='bbox 3083 5256 3266 5296; x_wconf 88' lang='lat' dir='ltr'><strong>eorum</strong></span> <span class='ocrx_word' id='word_1_876' title='bbox 3298 5242 3645 5297; x_wconf 84' lang='lat' dir='ltr'><strong>intentionem</strong></span> <span class='ocrx_word' id='word_1_877' title='bbox 3681 5243 3778 5297; x_wconf 85' lang='lat' dir='ltr'><strong>nii-</strong></span> 
     </span>
    </p>
   </div>
   <div class='ocr_carea' id='block_1_114' title="bbox 2213 5333 3777 5411">
    <p class='ocr_par' dir='ltr' id='par_1_114' title="bbox 2213 5333 3777 5411">
     <span class='ocr_line' id='line_1_114' title="bbox 2213 5333 3777 5411; baseline 0.001 -21"><span class='ocrx_word' id='word_1_878' title='bbox 2213 5347 2317 5390; x_wconf 90' lang='lat' dir='ltr'><strong>nus</strong></span> <span class='ocrx_word' id='word_1_879' title='bbox 2347 5334 2616 5402; x_wconf 88' lang='lat' dir='ltr'><strong>potuimus</strong></span> <span class='ocrx_word' id='word_1_880' title='bbox 2636 5333 2901 5391; x_wconf 87' lang='lat' dir='ltr'><strong>invenire.</strong></span> <span class='ocrx_word' id='word_1_881' title='bbox 2926 5335 2991 5391; x_wconf 86' lang='lat' dir='ltr'><strong>Et</strong></span> <span class='ocrx_word' id='word_1_882' title='bbox 3017 5336 3467 5409; x_wconf 89' lang='lat' dir='ltr'><strong>quemadmodum</strong></span> <span class='ocrx_word' id='word_1_883' title='bbox 3498 5336 3628 5397; x_wconf 88' lang='lat' dir='ltr'><strong>illud</strong></span> <span class='ocrx_word' id='word_1_884' title='bbox 3651 5352 3777 5411; x_wconf 84' lang='lat' dir='ltr'><strong>Opus</strong></span> 
     </span>
    </p>
   </div>
   <div class='ocr_carea' id='block_1_115' title="bbox 2274 5542 2920 5613">
    <p class='ocr_par' dir='ltr' id='par_1_115' title="bbox 2274 5542 2920 5613">
     <span class='ocr_line' id='line_1_115' title="bbox 2274 5542 2920 5613; baseline 0.002 -16"><span class='ocrx_word' id='word_1_885' title='bbox 2274 5542 2295 5575; x_wconf 83' lang='grc'><strong><em>⁵</em></strong></span> <span class='ocrx_word' id='word_1_886' title='bbox 2322 5542 2463 5598; x_wconf 89' lang='lat' dir='ltr'><strong>Idem</strong></span> <span class='ocrx_word' id='word_1_887' title='bbox 2495 5542 2616 5598; x_wconf 90' lang='lat' dir='ltr'><strong>cod.</strong></span> <span class='ocrx_word' id='word_1_888' title='bbox 2640 5582 2656 5611; x_wconf 92' lang='lat'><strong>,</strong></span> <span class='ocrx_word' id='word_1_889' title='bbox 2686 5544 2920 5613; x_wconf 86' lang='lat' dir='ltr'><strong>ideoque.</strong></span> 
     </span>
    </p>
   </div>
   <div class='ocr_carea' id='block_1_116' title="bbox 2275 5614 2899 5687">
    <p class='ocr_par' dir='ltr' id='par_1_116' title="bbox 2275 5614 2899 5687">
     <span class='ocr_line' id='line_1_116' title="bbox 2275 5614 2899 5687; baseline 0.003 -18"><span class='ocrx_word' id='word_1_890' title='bbox 2275 5614 2299 5687; x_wconf 46' lang='grc' dir='ltr'>έ</span> <span class='ocrx_word' id='word_1_891' title='bbox 2325 5614 2467 5687; x_wconf 78' lang='lat' dir='ltr'><strong>Idem</strong></span> <span class='ocrx_word' id='word_1_892' title='bbox 2489 5615 2630 5687; x_wconf 83' lang='lat' dir='ltr'><strong>cod.,</strong></span> <span class='ocrx_word' id='word_1_893' title='bbox 2657 5615 2899 5687; x_wconf 72' lang='lat' dir='ltr'><strong>aliquem.</strong></span> 
     </span>
    </p>
   </div>
   <div class='ocr_carea' id='block_1_117' title="bbox 2274 5686 2975 5758">
    <p class='ocr_par' dir='ltr' id='par_1_117' title="bbox 2274 5686 2975 5758">
     <span class='ocr_line' id='line_1_117' title="bbox 2274 5686 2975 5758; baseline 0.009 -18"><span class='ocrx_word' id='word_1_894' title='bbox 2274 5686 2297 5719; x_wconf 71' lang='grc' dir='ltr'><strong><em>τ</em></strong></span> <span class='ocrx_word' id='word_1_895' title='bbox 2327 5686 2472 5743; x_wconf 82' lang='lat' dir='ltr'><strong>Idem</strong></span> <span class='ocrx_word' id='word_1_896' title='bbox 2500 5686 2647 5758; x_wconf 87' lang='lat' dir='ltr'><strong>cod.,</strong></span> <span class='ocrx_word' id='word_1_897' title='bbox 2675 5686 2975 5747; x_wconf 74' lang='lat' dir='ltr'><strong>laudaverit.</strong></span> 
     </span>
    </p>
   </div>
  </div>
