4104 6360
281 266 385 325 835

1136 264 1273 323 PRO
1308 262 1741 322 DEFENSIONE
1777 260 1995 320 TRIUM
2030 259 2343 324 CAPITUL.
2381 264 2513 323 LIB.
2553 262 2668 321 XII.

3454 263 3561 320 854

284 383 511 435 Samson
538 393 606 435 ex
635 377 829 437 divina
876 375 1170 446 Scriptura:
1210 378 1541 441 testimonio,
1577 386 1632 433 et
1664 392 1767 431 non
1796 391 1860 432 ex
1891 379 1937 436 Α
1962 375 2245 447 judicavit,
2292 372 2606 435 cunctorum
2637 394 2757 448 ane
2788 378 2840 434 in
2892 377 2982 447 illa
3023 376 3421 434 calumniantur
3454 380 3559 437 Ine-

290 482 469 529 nostra
502 471 892 528 consuetudine
916 471 1221 541 judicamus
1253 490 1265 525 :
1297 473 1369 526 ita
1409 480 1465 526 et
1511 470 1703 525 borum
1732 470 1873 525 dicta

283 584 350 624 ex
374 566 635 622 Ecclesia:
664 564 992 631 testimonio,
1026 577 1080 620 et
1108 580 1213 620 non
1254 580 1323 619 es
1349 573 1532 619 nostra
1575 563 1877 634 intelligen-

284 662 704 735 tiajudicemus.
734 660 792 717 Si
821 675 949 717 vero
970 670 1149 716 certus
1178 659 1393 716 illorum
1420 668 1503 715 est
1529 674 1706 726 error,
1737 657 1876 713 sicut

284 753 458 811 David
501 760 661 825 atque
712 753 916 818 Aaron,
965 768 1071 806 non
1110 752 1211 807 nisi
1249 766 1347 822 pro
1387 751 1508 820 ejus
1534 752 1877 821 correptione

285 844 575 902 credamus
634 843 802 898 fuisse
865 842 1146 909 laudatos,
1205 843 1319 897 sive
1372 840 1475 895 hoc
1527 841 1876 909 ostendatur,

286 935 742 1007 quemadmodum
758 935 1099 990 Theodorum
1140 950 1260 1006 qua:
1289 934 1466 989 minus
1495 945 1651 989 caute
1694 943 1879 1003 protu-

289 1030 427 1085 lerat
451 1029 785 1084 ostendimus
806 1028 1156 1093 emendasse;
1182 1028 1296 1082 sive
1325 1028 1427 1082 hoc
1458 1028 1597 1082 forte
1619 1043 1725 1082 non
1757 1041 1883 1095 pos-

288 1122 362 1177 sit
392 1122 667 1176 evidenter
708 1120 923 1175 cstendi
954 1135 969 1174 :
1003 1135 1126 1174 nam
1170 1120 1322 1174 aliter
1362 1119 1484 1173 illos
1516 1118 1752 1174 Ecclesia
1783 1117 1883 1173 Dei

289 1215 590 1284 approbare
633 1229 735 1269 non
770 1215 955 1281 possit.
989 1213 1139 1269 Sicut
1167 1222 1347 1268 autem
1377 1212 1537 1267 nimis
1567 1212 1878 1267 indecorum

291 1317 377 1360 est
406 1315 461 1361 et
488 1305 774 1370 oﬁensum,
809 1315 866 1358 ut
908 1318 1095 1359 eorum
1139 1311 1356 1373 peccata
1394 1302 1589 1370 quibus
1635 1304 1883 1356 testimo-

295 1401 445 1455 nium
480 1400 699 1470 justitim
730 1398 1006 1469 Scriptura
1052 1396 1148 1453 Dei
1189 1394 1479 1467 perhibuit,
1510 1393 1885 1450 curiosissime

297 1492 636 1561 requirentes
687 1501 1005 1547 enumerata
1051 1490 1406 1555 denotemus,
1462 1487 1588 1542 hinc
1642 1486 1887 1542 volentes

298 1585 471 1640 sancti
499 1592 659 1653 atque
705 1584 1108 1639 incontaminati
1132 1581 1304 1637 videri
1330 1598 1345 1635 :
1376 1581 1447 1635 ita
1480 1580 1637 1635 nimis
1666 1580 1909 1635 indeco-t

302 1692 421 1731 rum
452 1685 534 1730 est
570 1683 729 1745 atque
760 1675 1049 1741 offensum,
1076 1689 1132 1729 ut
1163 1674 1519 1744 ignorantiam
1556 1687 1742 1728 eorum
1771 1671 1892 1742 qui-

1980 473 2152 539 retici,
2203 475 2470 530 rationem
2516 474 2650 529 actis
2681 474 2949 529 inseruit?
2991 489 3111 528 cum
3141 473 3440 545 intelligere
3466 477 3562 532 tle-

1979 566 2157 631 beant,
2182 565 2325 635 quod
2352 566 2755 621 accusatoribus
2784 565 2884 619 lb;e
2918 566 3161 634 epistulae
3190 567 3319 621 nihil
3350 568 3403 622 ia
3436 585 3554 623 eam

1978 658 2376 729 opponentibus
2397 657 2442 727 ⁸,
2474 673 2696 714 necesse
2738 672 2840 714 non
2873 657 3119 714 habuerit
3160 660 3215 714 in
3247 661 3437 715 talibus
3467 662 3563 716 im-

1978 753 2199 808 morari.
2250 751 2403 819 Quod
2460 752 2508 805 si
2556 764 2837 822 propterea
2875 752 3297 808 succensendum
3358 767 3565 823 magna;

1979 845 2187 916 synodo
2210 854 2443 913 putetur,
2475 846 2601 915 quia
2633 845 2837 900 futuras
2858 845 3231 903 haereticorum
3261 848 3560 905 calumnias

1979 950 2088 990 non
2117 939 2410 1007 praevertit,
2443 936 2575 1003 ipsis
2598 951 2809 1006 quoque
2840 938 3116 1006 prophetis
3145 949 3305 1007 atque
3337 949 3559 1008 aposto-

1980 1027 2047 1082 lis
2066 1036 2444 1083 succenseatur
2469 1042 2689 1083 necesse
2711 1042 2815 1093 εει,
2839 1041 2960 1082 cum
2985 1027 3147 1082 Inita
3174 1028 3281 1083 sint
3306 1030 3354 1081 in
3379 1043 3563 1083 eorum

1982 1118 2181 1175 litteris
2211 1136 2440 1190 quorum
2464 1136 2586 1176 cum
2618 1121 2715 1188 ipsi
2739 1131 2955 1189 possent
2984 1121 3099 1173 sine
3118 1120 3223 1173 ulla
3249 1122 3565 1174 difﬁcultate

1984 1212 2223 1280 pandere
2265 1212 2553 1276 rationem,
2595 1210 2830 1265 maximo
2874 1224 3017 1264 nunc
3060 1210 3237 1263 studio
3290 1222 3451 1279 atque
3492 1211 3568 1264 la-

1985 1302 2118 1358 bore
2146 1303 2214 1358 ab
2260 1303 2703 1372 ingeniosissimis
2745 1312 2907 1374 atque
2943 1303 3271 1357 doctissimis
3294 1316 3569 1371 exponun-

1988 1403 2098 1450 tur.
2143 1395 2479 1466 Cognoscant
2525 1396 2704 1465 igitur,
2737 1395 2881 1464 quod
2933 1396 3016 1450 his
3060 1394 3460 1450 difﬁcultatibus
3508 1396 3574 1448 ﬁ-

1989 1486 2113 1542 dem
2158 1502 2223 1542 ac
2270 1489 2522 1558 pietatem
2570 1489 2826 1545 Ecclesiae
2874 1504 2985 1545 suae
3027 1486 3276 1543 Christus
3305 1494 3575 1543 exerceat.

1990 1580 2124 1636 Nam
2169 1582 2354 1653 utique
2386 1583 2554 1654 magis
2586 1584 2882 1653 prophetae,
2928 1582 3101 1653 magis
3139 1590 3295 1649 atque
3327 1580 3577 1651 apostoli,

1996 1675 2198 1729 futuras
2224 1690 2358 1744 quas
2390 1676 2760 1745 praevidebant
2788 1676 3228 1729 calumniantium
3250 1675 3333 1729 vel
3366 1689 3470 1728 mm
3498 1674 3582 1727 in-

301 1764 404 1823 bus
430 1767 798 1822 testimonium
838 1782 984 1823 sanae
1010 1766 1270 1822 doctrina
1303 1748 1557 1821 Ecclesia.
1575 1762 1670 1820 Dei
1709 1763 1890 1835 perhi-
1919 1762 1969 1823 B
1995 1766 2375 1837 telligentium,
2408 1779 2499 1823 aut
2530 1770 2766 1825 vitarent
2792 1780 2883 1822 aut
2932 1769 3208 1824 solverent
3234 1768 3576 1837 quaestiones.

304 1858 443 1924 buit,
468 1859 940 1929 scrupulosissime
964 1860 1353 1929 perquiramus,
1387 1866 1444 1912 et
1467 1857 1515 1912 si
1542 1871 1676 1929 quos
1700 1871 1889 1912 eorum

304 1952 821 2023 deprehenderirnus
853 1953 937 2007 vel
970 1934 1332 2021 putaverimus
1360 1964 1597 2018 errores,
1642 1950 1693 2004 in
1727 1964 1891 2004 unum

304 2057 588 2117 congesws
615 2044 955 2108 ventilemus,
1004 2043 1129 2099 hinc
1156 2044 1400 2097 volentes
1432 2041 1608 2097 videri
1639 2041 1784 2097 docti
1812 2048 1897 2095 at-

306 2150 414 2205 que
441 2134 711 2190 catholici.
760 2135 865 2189 Sed
895 2134 1346 2204 quemadmodum
1391 2133 1602 2188 illorum
1655 2142 1893 2201 peccata,

310 2228 383 2281 ita
412 2237 464 2282 et
496 2226 686 2281 horum
719 2228 765 2282 si
805 2242 907 2297 qua
950 2226 1224 2281 invenitur
1256 2226 1574 2295 ignorantia,
1610 2223 1811 2278 sufﬁcit
1842 2230 1899 2278 ut

307 2331 431 2374 cum
458 2318 682 2388 legimus
704 2316 1093 2385 improbemus,
1124 2316 1385 2384 Apostolo
1427 2314 1639 2368 dicente
1664 2329 1679 2367 :
1708 2311 1898 2365 Omnia

312 2412 546 2483 probate,
594 2414 730 2483 quod
758 2413 943 2467 bonum
968 2422 1039 2466 est
1071 2419 1230 2466 tenete
1271 2409 1321 2482 (ι
1342 2409 1522 2465 Thess.
1570 2425 1623 2477 v,
1654 2409 1768 2479 21).
1797 2412 1898 2463 At-

312 2518 417 2575 que
444 2513 500 2558 ut
524 2503 735 2558 illorum
765 2503 950 2571 vitam,
980 2518 1087 2557 non
1105 2518 1170 2557 ex
1195 2500 1515 2571 quihusdam
1539 2499 1899 2569 culpabilibus

315 2595 471 2651 factis
516 2596 773 2667 impiam,
811 2596 907 2652 sed
955 2611 1021 2651 ex
1063 2594 1186 2650 aliis
1234 2594 1402 2649 multo
1453 2592 1695 2663 pluribus
1736 2591 1901 2648 rectis

312 2684 532 2759 iustam,
580 2690 874 2746 secundum
918 2690 1210 2760 Scriptura:
1238 2690 1331 2744 Dei
1364 2688 1724 2745 testimonium
1757 2685 1904 2757 judi-

315 2794 500 2838 camus
535 2783 644 2838 :ita
675 2794 728 2840 et
760 2784 952 2838 horum
992 2783 1319 2849 doctrinam,
1354 2798 1458 2837 non
1488 2797 1555 2836 ex
1583 2780 1902 2851 quibusdam

318 2874 668 2943 culpabilibus
715 2875 872 2932 dictis
922 2875 1255 2939 hacreticam,
1306 2873 1403 2928 sed
1446 2888 1514 2929 ex
1564 2872 1684 2928 aliis
1735 2870 1906 2927 multo

319 2968 564 3040 pluribus
604 2970 767 3025 rectis
798 2967 1117 3024 catholicam
1164 2965 1458 3022 secundum
1507 2963 1768 3019 Ecclesiae
1811 2962 1905 3018 Dei

320 3059 685 3114 testimonium
710 3058 1034 3129 judicemus.
1060 3056 1215 3113 Unde
1241 3065 1423 3112 sancta
1448 3055 1685 3127 synodus
1714 3054 1908 3110 Orien-

1997 1862 2293 1917 Attendant
2323 1863 2463 1932 quod
2495 1861 2685 1918 Petrus
2712 1863 2989 1932 apostolus
3018 1861 3188 1915 dicat:
3209 1858 3583 1913 Dilectissimus

1995 1957 2156 2026 frater
2180 1966 2352 2009 noster
2382 1954 2608 2023 Paulus,
2639 1956 2917 2009 secundum
2961 1972 3071 2008 eum
3099 1970 3213 2024 qua:
3252 1955 3374 2008 data
3402 1965 3477 2008 est
3505 1952 3585 2008 illi

1996 2051 2303 2121 sapientiam
2330 2050 2535 2119 scripsit
2562 2050 2722 2113 vobis,
2757 2059 2811 2103 nt
2858 2052 2910 2103 in
2941 2052 3173 2103 omnibus
3219 2049 3462 2118 epistolis,
3508 2048 3587 2103 lo-

2001 2160 2158 2213 quens
2185 2144 2239 2196 in
2266 2143 2337 2196 eis
2367 2145 2428 2195 de
2448 2142 2528 2196 his
2547 2143 2602 2196 in
2630 2144 2810 2212 quibus
2840 2153 2959 2197 sunt
2984 2143 3223 2214 qnwdam
3252 2140 3479 2211 difﬂetlia
3508 2142 3589 2194 in-

2001 2234 2227 2300 tellectu,
2256 2250 2370 2305 qua:
2395 2236 2593 2289 indocti
2641 2246 2791 2305 atque
2819 2235 3081 2291 instabiles
3118 2243 3427 2306 pervertunt,
3459 2234 3589 2289 sicut

2007 2337 2053 2383 et
2083 2328 2659 2397 cwteras,Scriptnras,
2707 2329 2776 2381 ad
2806 2329 3072 2399 praprium
3111 2344 3261 2381 suum
3307 2329 3588 2382 interitum.

2010 2424 2119 2481 Vos
2145 2426 2303 2496 igitur
2334 2425 2694 2491 amantissimi,
2743 2427 3062 2493 prwscientes
3090 2431 3278 2487 cavete,
3320 2440 3382 2476 ne
3409 2423 3586 2490 infau-

2004 2528 2203 2573 storum
2223 2534 2394 2572 errore
2423 2518 2620 2572 seducti
2648 2516 2901 2569 decidatis
2927 2533 2959 2568 α
2988 2514 3401 2569 corroboratione
3434 2524 3592 2567 vestra

2004 2610 2094 2682 (II
2128 2611 2271 2666 Petr.
2302 2626 2380 2678 ιιι,
2415 2610 2631 2679 15-17).
2666 2608 2805 2664 Ecce
2832 2624 2939 2663 non
2971 2608 3144 2662 solum
3177 2621 3297 2662 cum
3336 2605 3593 2675 prtevide-

2007 2713 2128 2760 rent
2158 2719 2266 2758 non
2297 2705 2601 2759 vitaverunt
2631 2702 2857 2767 futuras,
2881 2702 2974 2756 sed
3004 2702 3165 2757 etiam
3196 2717 3317 2756 cum
3349 2714 3585 2770 praesen-

2009 2809 2091 2856 tes
2118 2801 2383 2868 viderent,
2419 2816 2524 2855 non
2568 2798 2722 2852 nobis
2762 2798 3111 2852 absolverunt
3139 2796 3478 2850 indoctorum
3511 2799 3593 2845 at-

2008 2910 2114 2965 que
2140 2894 2490 2958 instabilium,
2519 2907 2651 2962 quas
2673 2907 2737 2946 ex
2762 2906 2948 2947 eorum
2974 2889 3165 2944 litteris
3194 2893 3473 2958 opponunt
3494 2884 3596 2940 Eo-

2008 2986 2225 3055 clesite,
2280 2986 2626 3055 quaestiones.
2680 2983 2785 3039 Nec
2837 2980 3117 3055 quisquam
3170 2980 3276 3035 illis
3330 2979 3599 3049 imputare

2010 3081 2348 3136 Christianus
2376 3079 2557 3149 audet,
2586 3079 2727 3148 quod
2770 3079 2894 3133 talia
2935 3077 3097 3133 locuti
3127 3084 3253 3131 sunt
3279 3090 3400 3147 qua:
3428 3074 3590 3128 iidem

322 3151 390 3207 ίίδ
429 3150 735 3207 Τ¹¹θ⁰δ⁰⁵ί⁰
781 3150 1023 3205 scribens
1066 3149 1279 3205 dicem“
1311 3165 1326 3203 ³
1363 3167 1381 3201 ⁸
1420 3147 1700 3245 Sinam”?
1752 3145 1907 3245 quifit
1935 3153 1981 3217 Ο
2013 3175 2210 3230 indocti
2244 3183 2403 3245 atque
2458 3145 2735 3228 instabiles
2781 3186 2877 3242 pro
2934 3170 3238 3226 intellectus
3283 3145 3599 3224 difﬁcultate

322 3259 507 3314 quam,
548 3246 838 3314 imperator
886 3253 1095 3313 sancte,
1124 3244 1419 3299 obscurum
1457 3241 1652 3311 aliquis
1682 3239 1908 3296 inveniri

321 3334 469 3390 dicat
523 3334 577 3389 in
621 3334 1019 3399 Theodorivel
1059 3335 1287 3391 aliorum
1330 3334 1544 3397 litteris,
1598 3334 1701 3390 hoc
1740 3340 1914 3388 retra-

322 3427 455 3482 ctari
482 3428 844 3483 necessarium
874 3442 981 3483 non
1013 3438 1119 3483 est.
1151 3428 1391 3494 Quorum
1421 3425 1567 3483 enim
1596 3427 1707 3482 vita
1739 3425 1791 3481 in
1824 3441 1911 3481 sa-

324 3521 569 3578 cerdotio
615 3532 671 3577 et
713 3522 1017 3578 ministerio
1065 3522 1327 3591 optimum
1370 3519 1555 3575 habuit
1600 3520 1785 3586 ﬁnem,
1829 3518 1914 3573 his

324 3616 597 3689 prtelatam
625 3616 845 3687 gloriam
873 3615 1211 3682 dedicamus,
1248 3622 1304 3671 et
1330 3628 1440 3670 non
1468 3628 1536 3670 ex
1576 3612 1683 3669 illis
1710 3627 1806 3669 eos
1825 3611 1915 3682 ju-

327 3706 569 3764 dicamus
592 3714 661 3764 de
689 3706 883 3779 quibus
904 3706 1069 3779 aliqui
1091 3705 1347 3763 atrociter
1372 3718 1472 3763 eos
1491 3712 1768 3761 accusant.
1800 3722 1819 3756 ι

942 3840 1171 3898 CAPUT
1209 3840 1273 3897 ll.

334 3936 486 4004 Quod
527 3936 798 3993 retractari
824 3951 927 3991 non
963 3936 1193 4019 debeant
1219 3950 1280 4019 ea
1319 3949 1433 4005 qua:
1453 3934 1510 3989 in
1539 3934 1738 4006 synodo
1762 3933 1918 3988 semel

863 4016 982 4061 sunt
1013 4015 1309 4061 constituta.

404 4123 511 4182 Sed
540 4137 687 4191 ecce,
719 4121 864 4194 quod
884 4121 1132 4178 ultimum
1163 4119 1320 4176 nobis
1344 4119 1411 4175 ad
1441 4119 1919 4176 demonstrandam

334 4219 597 4277 rationem
629 4216 792 4273 totius
834 4228 1013 4271 causae
1048 4221 1416 4283 .remanserat,
1448 4214 1612 4270 etiam
1658 4214 1727 4270 de
1766 4213 1943 4269 laude'

336 4310 604 4369 Theodori
628 4306 990 4380 Mopsuesteni
1017 4306 1147 4362 satis
1173 4320 1444 4376 superque
1464 4305 1761 4371 docuimus,
1784 4306 1923 4362 hanc

336 4406 617 4477 epistolam
645 4404 789 4460 velut
817 4401 1130 4458 haereticam
1154 4401 1299 4470 juste
1335 4414 1442 4455 non
1484 4413 1648 4469 posse
1677 4398 1920 4468 culpari;

339 4512 437 4555 nos
480 4507 678 4564 tamen,
729 4494 871 4552 sicut
905 4492 1220 4565 praedictum
1266 4499 1371 4559 est,
1403 4506 1510 4546 non
1545 4492 1598 4546 in
1629 4500 1811 4546 nostra
1848 4505 1954 4544 raw

340 4590 508 4657 tione,
534 4603 838 4661 quanquam
860 4587 1106 4643 videatur
1133 4584 1357 4653 invicta,
1388 4584 1488 4640 sed
1518 4585 1570 4639 in
1602 4583 1926 4640 auctoritate

342 4682 514 4741 sancti
535 4682 748 4739 concilii
779 4696 887 4753 quo
909 4681 928 4714 ί
955 4689 1202 4751 suscepta
1242 4687 1348 4745 est,
1397 4677 1816 4735 constituimus’
1838 4677 1928 4732 ﬁr-

343 4776 608 4830 mitatem.
636 4774 881 4831 Sufficiat
905 4771 1065 4843 igitur
1085 4772 1422 4829 instructioni
1454 4773 1795 4841 parvulorum
1831 4786 1927 4824 no-

346 4873 601 4931 stt-orum,
630 4881 697 4921 ne
726 4865 1157 4921 scandalizentur
1205 4865 1259 4919 in
1290 4865 1374 4919 his
1401 4880 1519 4934 qua:
1552 4864 1617 4919 de
1646 4864 1735 4919 illa
1762 4863 1932 4919 conﬁ-

346 4966 431 5013 ets
462 4964 605 5023 sunt,
638 4955 777 5025 quod
804 4957 985 5011 omnia
1026 4955 1243 5010 diverso
1272 4963 1433 5024 atque
1461 4954 1763 5023 multiplici,
1795 4963 1852 5009 et
1879 4956 1930 5009 in

348 5052 664 5123 obsequium
690 5050 938 5107 veritatis
963 5047 1201 5119 undique
1229 5056 1584 5105 concurrente
1611 5062 1813 5117 genere
1836 5048 1931 5102 de-

352 5146 608 5202 lensionis
622 5144 970 5200 exclusimus.
997 5143 1106 5198 Nec
1135 5140 1275 5211 apud
1304 5156 1363 5197 se
1388 5148 1635 5211 reputent
1665 5140 1931 5205 dicentes,

349 5252 444 5293 cur
474 5252 580 5293 non
613 5237 780 5307 magis
819 5235 951 5290 illud
992 5232 1311 5301 concilium,
1358 5232 1499 5303 quod
1531 5233 1698 5304 ipsam
1737 5233 1938 5303 episto-

351 5332 455 5387 lam
494 5333 685 5389 merito
712 5338 872 5388 recta:
901 5329 1028 5386 ﬁdei
1068 5344 1229 5401 quam
1280 5328 1540 5396 continet,
1577 5328 1938 5386 orthodoxam

424 5523 451 5551 ⁸
475 5514 618 5571 Edit.
644 5514 836 5581 Leon.,
871 5512 1103 5568 etiamin
1131 5527 1209 5566 eo.

420 5582 452 5624 δ
472 5585 617 5642 Edit.
647 5585 844 5655 Leon.,
872 5585 1121 5655 majorem
1149 5584 1379 5655 fructum
1413 5591 1720 5655 conspectu.

429 5766 447 5837 ξ
475 5764 607 5822 Cod.
638 5765 860 5831 Veron.,
891 5783 925 5821 a
952 5782 1075 5837 quo.

429 5836 455 5875 ³
477 5837 623 5895 Idem
647 5838 795 5906 cod.,
825 5839 937 5910 ejus
964 5834 1337 5895 constituimus.

2012 3276 2418 3342 perverterent;
2446 3269 2538 3323 sed
2570 3268 2662 3323 Dei
2692 3267 2871 3337 potius
2894 3266 2944 3320 in
2970 3264 3071 3320 hoc
3094 3263 3351 3333 judicium
3382 3272 3601 3317 contre-

2014 3363 2209 3429 miscit,
2235 3361 2375 3432 quod
2409 3359 2715 3430 hujusmodi
2740 3357 3125 3414 tentationihus
3157 3356 3284 3411 illud
3316 3354 3601 3424 impletur,

2016 3465 2075 3512 ut
2105 3456 2193 3527 qui
2218 3456 2273 3510 in
2304 3454 2551 3509 sordibus
2580 3464 2662 3509 est
2690 3451 2967 3508 sordescat
2997 3450 3191 3515 adhuc,
3221 3449 3395 3518 justus
3422 3455 3601 3500 autem

2012 3550 2241 3621 iustiora
2264 3549 2447 3616 faciat,
2482 3557 2538 3604 et
2560 3556 2777 3603 sanctus
2807 3545 3074 3602 sanctiora
3104 3544 3289 3616 (Apoc.
3322 3557 3453 3605 uti,
3490 3539 3603 3610 ll).

2018 3640 2171 3698 Unde
2199 3641 2243 3696 si
2270 3654 2428 3712 quam
2458 3637 2815 3694 reverentiam
2845 3636 3136 3692 deferimus
3175 3636 3336 3690 etiam
3366 3630 3605 3704 synoda-

2018 3738 2159 3794 libus
2193 3737 2495 3793 consﬁtutis
2534 3735 2603 3790 ab
2644 3732 2879 3789 Ecclesia
2928 3729 3216 3786 universali
3260 3726 3518 3796 receptis,
3552 3724 3606 3779 in

2019 3831 2269 3887 omnibus
2296 3845 2415 3899 quae
2437 3829 2665 3883 obscura
2694 3828 2744 3880 in
2772 3826 2853 3881 eis
2884 3834 2938 3880 et
2960 3823 3027 3878 ad
3070 3819 3479 3891 intelligendum
3506 3818 3607 3872 dif-

2021 3925 2183 3981 licilia
2234 3924 2557 3993 reperimus,
2616 3921 2850 3974 divinam
2900 3918 3230 3973 voluntatem
3280 3925 3609 3986 cognoscere

2023 4025 2183 4086 atque
2203 4015 2501 4084 approbare
2523 4013 2801 4068 debemus.
2827 4010 3119 4081 Cognoscis
3142 4020 3342 4075 autem,
3375 4007 3609 4063 serenisw

2025 4108 2161 4163 sime
2207 4105 2535 4175 imperator,
2588 4106 2728 4174 quod
2783 4117 2888 4158 non
2944 4103 3211 4157 immerito
3266 4100 3611 4156 beatissimus

2026 4199 2136 4255 Leo
2182 4198 2499 4252 temerarios
2558 4210 2588 4251 a
2643 4195 3022 4251 retractatione
3090 4192 3361 4262 praedictre
3420 4190 3613 4262 synodi

2026 4291 2334 4359 coercebat,
2361 4304 2479 4344 cum
2512 4288 2676 4344 Leoni
2720 4285 2946 4357 principi
2981 4285 3241 4340 scriberet
3271 4283 3456 4338 dicens
3483 4297 3497 4336 :
3523 4280 3612 4336 Ni,

2029 4385 2105 4441 hil
2138 4398 2356 4452 prorsus
2384 4384 2453 4438 de
2478 4383 2615 4437 bene
2644 4380 2955 4448 compositis
2985 4384 3322 4433 retractetur.
3356 4374 3457 4443 Qui
3488 4390 3616 4430 rur-

2030 4490 2140 4543 sus,
2165 4491 2285 4530 cum
2312 4475 2380 4529 ah
2407 4490 2476 4530 eo
2502 4473 2613 4528 suis
2643 4470 2836 4528 litteris
2856 4467 3121 4537 ﬂagitaret
3144 4475 3474 4522 memoratus
3500 4466 3613 4520 Au-

2032 4581 2237 4641 gustus,
2293 4577 2349 4624 ut
2396 4568 2450 4623 in
2497 4566 2699 4636 regiam
2740 4564 3013 4618 civitatem
3044 4561 3268 4616 veniens
3313 4558 3514 4630 aliquid
3562 4558 3615 4611 in

2032 4665 2271 4735 ejusdem
2312 4660 2503 4733 synodi
2550 4657 2767 4715 statutis
2810 4656 2895 4712 vel
2926 4655 3247 4725 corrigeret,
3289 4654 3373 4709 vel
3403 4652 3618 4724 supple-

2033 4768 2136 4824 ret,
2170 4756 2312 4828 quod
2362 4754 2474 4809 fieri
2518 4754 2636 4808 sine
2675 4748 2978 4806 detestabili
3010 4748 3458 4820 przevaricatrone
3512 4762 3616 4800 non

2036 4861 2254 4922 posset;
2288 4848 2366 4904 sic
2409 4849 2458 4904 ei
2488 4845 2739 4903 rescribit
2773 4844 2966 4917 (Epist.
3009 4841 3134 4913 125)
3162 4861 3174 4895 :
3201 4859 3221 4894 ι
3255 4840 3483 4896 Litteras
3512 4840 3618 4893 cle-

2039 4945 2255 5001 mentiae
2284 4954 2408 5008 tuze,
2440 4941 2627 5010 plenas
2655 4942 2852 4993 virtute
2881 4938 3002 4993 ﬁdei
3034 4946 3089 4992 et
3120 4935 3323 4989 lumine
3353 4931 3618 4997 veritatis,

2042 5044 2359 5094 veneranter
2413 5034 2594 5103 accepi
2633 5049 2647 5086 :
2688 5033 2883 5101 quibus
2932 5042 3181 5099 cuperem
3233 5024 3284 5077 in
3327 5039 3393 5079 eo
3419 5032 3445 5060 ι
3479 5020 3620 5091 quod

2044 5129 2385 5203 praesentiam
2416 5144 2587 5184 meam
2621 5129 2791 5200 pietas
2828 5138 3008 5180 ve5tra
3047 5118 3402 5175 necessariam
3432 5116 3621 5170 existi-

2044 5238 2176 5293 mat,
2208 5224 2447 5291 obedire,
2483 5233 2542 5281 ut
2577 5223 2783 5301 majore
2812 5220 2984 5275 fructu
3026 5220 3373 5282 conspectum
3401 5208 3427 5247 δ
3454 5207 3618 5262 veStri

2047 5320 2349 5394 splendoris
2400 5300 2745 5391 assequerer;
2793 5312 2888 5372 sed
2935 5310 3104 5380 magis
3146 5304 3353 5363 vobis°
3392 5300 3624 5359 arbitror

2115 5517 2141 5549 ε
2167 5507 2310 5565 Edit.
2341 5505 2532 5573 Leon.,
2564 5504 2620 5559 id
2648 5501 2807 5557 vobis.

2126 5760 2147 5794 ³
2170 5761 2317 5818 Idem
2345 5754 2491 5821 cod.,
2519 5749 2658 5823 quod
2695 5741 3072 5823 accusatoribus
3104 5738 3214 5823 Iba:
3241 5734 3466 5810 episcopi
3490 5729 3626 5789 nihil

2058 5814 2187 5890 Ιιὶηέ
2201 5814 2595 5902 opponentibus,
2629 5835 2827 5877 necesse
2859 5832 2959 5872 non
2986 5814 3234 5871 habuerit.
