4104 6360
1570 359 1868 419 FACUNDI
1910 356 2123 417 EPISC.
2169 352 2673 416 llERMlANENSlS

3669 354 3777 413 836

512 476 820 542 placiturum
848 513 864 541 ,
918 472 1059 544 quod
1112 472 1415 545 eligendum
1476 474 1615 528 ratio
1672 473 2083 529 demonstravit.
2118 478 2164 536 Α
2196 474 2407 529 rissima
2436 475 2556 527 tuha
2584 488 2695 528 suae
2720 470 3053 526 auctoritatis
3074 471 3281 527 intonat
3302 468 3659 540 inquietorum
3680 488 3774 525 au—

511 567 639 622 Natn
668 582 788 621 cum
818 576 1003 621 sancto
1038 566 1267 636 spiritali
1302 575 1328 603 ι
1358 567 1536 621 studio
1568 566 1833 622 universas
1852 565 1881 605 ιι
1908 581 2090 635 pacem

511 658 769 713 Ecclesiae
817 657 1091 725 muniatis,
1124 658 1364 728 nihilque
1405 659 1475 712 sit
1512 658 1926 714 convenientius
1970 657 2093 717 fidei

511 750 882 815 defendendas,
929 766 1087 820 quam
1129 751 1214 805 his
1258 766 1376 820 quae
1425 765 1521 820 per
1571 751 1751 805 omnia
1791 751 2094 811 instruente

510 840 712 909 Spiritu
757 850 947 897 sancto
989 843 1538 913 irreprehensibiliter
1581 844 1801 898 definita
1844 854 1968 899 sunt
2013 845 2095 899 in-

511 932 755 990 haerere:
788 935 887 1004 ipsi
920 934 1223 990 videbimur
1259 937 1398 993 bene
1437 945 1637 992 statuta
1664 938 1991 1002 convellere,
2039 946 2095 993 et

512 1026 861 1083 auctoritates
893 1042 1027 1098 quas
1058 1028 1295 1083 Ecclesia
1344 1030 1662 1085 universalis
1714 1031 1958 1099 amplexa
1989 1032 2092 1096 est,

513 1117 577 1172 ad
612 1118 894 1175 arbitrium
940 1120 1205 1175 haereticus
1249 1122 1517 1189 petitionis
1566 1121 1889 1192 infringere,
1937 1130 2097 1191 atque

512 1208 583 1263 ita
615 1210 823 1264 nullum
853 1210 1174 1265 collidendis
1202 1213 1448 1266 ecclesiis
1490 1213 1705 1267 modum
1745 1228 1966 1282 ponere,
2001 1214 2093 1270 sed

514 1300 635 1355 data
667 1299 883 1356 licentia
913 1300 1231 1366 rebellandi,
1275 1303 1498 1365 dilatare
1539 1304 1707 1372 magis
1731 1319 1889 1373 quam
1913 1305 2095 1374 sopire

516 1393 824 1447 certamina.
868 1391 1021 1448 Unde
1051 1393 1171 1461 quia
1228 1404 1349 1464 post
1397 1396 1515 1448 illas
1567 1395 1852 1464 Ephesium
1907 1396 2095 1468 synodi

515 1481 839 1552 impietates,
880 1483 1073 1552 quibus
1116 1485 1359 1540 Dioscuri
1419 1486 1625 1541 scelere
1654 1487 1787 1542 fides
1830 1488 2095 1542 catholica

515 1571 763 1639 refutata,
788 1582 843 1627 et
866 1575 1189 1643 perversitas
1231 1574 1562 1645 Eutychiaua
1594 1588 1842 1648 suscepta
1875 1589 1978 1645 est,
2012 1581 2123 1634 ni~'

517 1660 591 1715 hil
623 1660 689 1716 ad
722 1664 1185 1723 conservationem
1216 1664 1339 1720 fidei
1369 1666 1689 1723 Christianas
1719 1670 1902 1725 utilius
1928 1674 2098 1740 potuit

516 1752 775 1822 ordinari,
818 1770 977 1825 quam
1026 1768 1085 1812 ut
1116 1758 1357 1826 praedicti
1396 1760 1603 1819 facinus
1644 1771 1827 1817 sancta
1859 1764 2096 1833 synodus

2196 565 2345 619 sibus
2377 564 2698 628 inhibendis,
2736 570 2792 617 et
2820 564 2952 617 dicit
2983 560 3176 630 (Epist.
3204 561 3329 631 78):
3360 578 3379 612 α
3408 562 3538 626 Qua:
3565 560 3771 630 patera-

2196 667 2276 713 cta
2308 668 2432 713 sunt
2474 670 2742 729 quaerere,
2784 672 2901 727 quae
2932 657 3164 723 perfecta
3206 665 3328 709 sunt
3371 664 3689 721 retractare,
3721 665 3777 711 et

2196 767 2314 822 qum
2344 761 2469 807 sunt
2517 752 2737 806 definita
2784 752 3109 816 convellere,
3144 750 3268 820 quid
3316 748 3457 805 aliud
3504 761 3584 804 est
3616 766 3775 820 quam

2196 844 2263 898 de
2293 842 2501 910 adeptis
2526 846 2749 914 gratiam
2780 858 2884 896 non
2911 840 3133 906 referre,
3168 844 3221 895 et
3265 839 3331 893 ad
3360 841 3655 895 interdictae
3688 858 3776 895 ar.

2199 935 2346 991 boris
2375 938 2551 991 cibum
2586 936 2858 1005 improbos
2887 934 3155 1005 appetitus
3196 933 3486 987 mortifera:
3515 933 3780 1003 cupidita-

2198 1028 2265 1081 tis
2288 1028 2615 1083 extendere?
2642 1046 2661 1080 ι
2695 1028 2887 1082 Verum
2916 1035 3089 1081 autem
3125 1025 3207 1080 hls
3253 1034 3408 1096 atque
3436 1026 3556 1079 aliis
3596 1026 3781 1080 mu’tis

2200 1119 2525 1190 liujusmndi,
2577 1136 2695 1190 quae
2746 1121 2911 1175 Lenni
2952 1119 3180 1190 principi
3218 1120 3517 1188 sa-pissime
3559 1118 3782 1187 seripsit

2198 1212 2287 1264 ille
2317 1214 2396 1267 vir
2431 1212 2548 1279 Del,
2600 1212 2775 1267 minus
2805 1228 2961 1282 quam
3006 1213 3151 1276 volo,
3183 1220 3237 1265 et
3264 1227 3422 1279 quam
3454 1227 3592 1265 mea:
3640 1210 3776 1265 alie-

2197 1304 2362 1357 ctioni
2387 1303 2559 1359 debeo
2586 1303 2968 1368 demonstravi,
3002 1311 3199 1372 quanta
3232 1302 3393 1357 fuerit
3423 1304 3539 1371 ejus
3572 1304 3748 1356 sollici

2202 1396 2330 1451 tudo
2356 1407 2514 1466 atque
2557 1396 2764 1451 cautela
2810 1410 2905 1466 pro
2931 1395 3276 1451 custodienda
3300 1394 3600 1449 reverentia
3626 1410 3781 1465 syno-

2198 1488 2394 1543 dalium
2428 1497 2773 1544 statutorum.
2824 1488 2956 1541 Nam
2988 1488 3039 1541 in
3088 1487 3192 1542 illis
3235 1486 3488 1541 omnibus
3531 1489 3781 1555 superius

2198 1581 2527 1644 memoratis,
2562 1594 2735 1650 neque
2778 1580 3001 1635 ulterius
3032 1586 3340 1645 retractare,
3386 1594 3560 1648 neque
3606 1580 3782 1631 discu-

2198 1681 2314 1727 tere
2357 1688 2414 1727 se
2465 1686 2623 1741 posse
2667 1672 2941 1740 professus
2987 1680 3070 1725 est
3107 1684 3169 1724 ea
3218 1684 3336 1739 quae
3372 1670 3542 1724 semel
3572 1668 3782 1726 fuerant

2206 1758 2630 1822 Chalcedonensi
2673 1765 2890 1821 definita
2938 1764 3192 1831 concilio,
3230 1765 3378 1818 velut
3428 1778 3548 1832 quae
3601 1762 3782 1817 nosset

518 1844 977 1903 Chalcedonensis
1026 1849 1301 1920 aboleret,
1349 1860 1405 1907 et
1456 1862 1599 1907 tanta
1656 1854 1767 1907 illic
1817 1857 2103 1911 haberetur
2135 1851 2179 1909 Β
2212 1875 2316 1915 non
2345 1870 2453 1914 tam
2482 1860 2716 1914 humano
2742 1875 2903 1929 quam
2931 1858 3111 1914 divino
3154 1856 3347 1928 spiritu
3382 1856 3695 1911 constituta.
3730 1854 3781 1908 In

519 1937 753 1993 ctelestis
784 1952 914 1994 cura
960 1939 1242 2009 doctrina),
1280 1951 1336 1995 ut
1384 1942 1519 1996 nihil
1554 1944 1606 1998 in
1646 1944 1958 2015 cujusquam
1987 1948 2101 2017 opis

518 2033 677 2087 nione
707 2033 993 2099 resideret,
1021 2034 1163 2105 quod
1191 2052 1219 2089 a
1248 2036 1716 2106 praedicationibus
1746 2040 1828 2094 vel
1862 2041 2105 2109 prophe-

518 2126 637 2180 ticis
668 2127 751 2181 vel
792 2128 1097 2198 apostolicis
1125 2130 1467 2187 dissonaret:
1501 2147 1563 2187 ea
1612 2132 1817 2188 scilicet
1852 2135 2102 2189 modera-

518 2217 663 2277 tione
692 2230 927 2289 servata,
962 2232 1019 2277 ut
1062 2222 1350 2279 rebellibus
1399 2234 1602 2281 tantum
1647 2242 1710 2282 ac
1741 2229 2105 2297 pertinacibus

517 2316 583 2372 ab
613 2316 870 2375 Ecclesiae
904 2319 1107 2374 unitate
1135 2319 1371 2389 rejectis,
1396 2323 1522 2375 nulli
1549 2331 1792 2378 correcto
1820 2324 1977 2378 venia
2010 2340 2107 2380 ne-

518 2420 739 2479 garetur
781 2429 795 2465 :
830 2411 957 2483 quid
1012 2412 1375 2482 probabilius?
1422 2416 1548 2484 qttid
1608 2416 1910 2487 religiosius
1957 2427 2104 2487 pute-

518 2499 588 2554 rit
619 2499 789 2565 pietas
819 2512 996 2558 vestra
1031 2503 1351 2570 decernere,
1384 2521 1544 2575 quam
1578 2516 1632 2562 ut
1668 2524 1789 2578 quae
1842 2524 1948 2564 non
1997 2521 2102 2566 tam

521 2589 773 2646 humanis
803 2608 960 2662 quam
990 2592 1187 2650 divinis
1224 2608 1349 2653 sunt
1392 2608 1593 2653 statuta
1634 2600 1885 2667 decretis,
1918 2603 2105 2658 nullus

519 2684 660 2741 ultra
703 2686 913 2742 sinatur
956 2689 1248 2757 impetere;
1303 2707 1370 2746 ne
1412 2707 1537 2749 vere
1577 2694 1721 2764 digni
1751 2698 1859 2749 sint
1900 2705 2102 2751 tantum

520 2777 627 2836 Dei‘
647 2796 840 2836 munus
881 2781 1153 2851 amittere,
1186 2784 1278 2854 qui
1304 2783 1371 2841 de
1398 2788 1622 2842 veritate
1660 2787 1825 2857 ipsius
1853 2792 1967 2847 ausi
1999 2790 2108 2848 fue-

520 2871 631 2927 rint
680 2873 962 2929 duhitare?
994 2893 1013 2927 i
1059 2875 1324 2946 Perspicis
1359 2880 1813 2947 quemadmodum
1865 2882 2103 2939 Leonem

523 2964 817 3038 principem
866 2976 1108 3034 moueat,
1148 2968 1235 3026 his
1279 2988 1399 3040 quae
1445 2987 1541 3042 per
1577 2977 1755 3030 omnia
1801 2978 2105 3034 instruente

522 3057 725 3128 Spiritu
757 3070 945 3116 sancto
976 3061 1027 3116 in
1060 3074 1356 3119 memorata
1388 3065 1595 3135 synodo
1620 3067 2105 3137 irrepreheusibili-

524 3159 604 3205 ter
633 3149 851 3207 definita
891 3162 1014 3208 sunt
1052 3152 1314 3209 inhaerere
1345 3165 1505 3224 atque
1543 3158 1855 3227 decernere,
1902 3169 1958 3216 ut
1982 3175 2101 3231 qua)

522 3257 629 3299 non
668 3256 773 3300 tam
819 3249 1064 3303 humanis
1110 3264 1269 3319 quant
1299 3248 1490 3306 divinis
1522 3261 1649 3307 sunt
1689 3262 1886 3308 statuta
1916 3229 2105 3310 decre-
2128 3229 2175 3291 ο

523 3334 613 3402 tis,
658 3336 837 3393 nullus
890 3338 1032 3393 ultra
1076 3339 1283 3395 sinatur
1335 3341 1614 3410 impetere.
1663 3344 1943 3411 Quomodo
1974 3360 2104 3417 ergo

523 3440 630 3481 non
664 3428 889 3497 profane
934 3439 1313 3498 retractantur,
1366 3442 1559 3488 utnon
1590 3434 1764 3493 dicam
1813 3438 2106 3505 reprehen-

524 3517 739 3584 dantttr,
785 3519 964 3577 divina
991 3521 1244 3577 decreta?
1272 3523 1377 3578 Sed
1405 3525 1523 3594 quis
1554 3524 1712 3596 hujus
1747 3526 1973 3583 Romani
2006 3543 2105 3584 an-

524 3610 705 3667 liSlilis
741 3614 1060 3683 gravitatem
1102 3630 1207 3673 non
1247 3618 1541 3686 praedicet?
1583 3621 1702 3690 quis
1750 3632 1946 3676 tantam
1978 3637 2104 3678 con-

525 3701 777 3757 stantiam
826 3718 932 3758 nou
978 3705 1246 3761 honoret?
1297 3710 1513 3765 Movere
1567 3711 1706 3765 hunc
1766 3722 1945 3780 posset
1998 3714 2108 3770 ullo

524 3791 687 3847 modo
715 3794 990 3850 saecularis
1021 3804 1258 3866 potestas
1288 3814 1318 3852 a
1349 3801 1614 3856 sententia
1646 3818 1749 3857 non
1779 3805 2109 3859 retractandi

523 3897 643 3953 qua:
680 3883 934 3941 divinitus
968 3886 1181 3943 fuerant
1210 3892 1520 3959 constituta,
1554 3909 1713 3965 quem
1756 3897 2107 3965 corporaliter

525 3973 647 4029 loco
674 3991 895 4033 movere
925 3994 1030 4034 non
1063 3983 1275 4050 potuit?
1303 3983 1617 4053 Splenderet
1646 3987 1891 4057 equidem
1923 3989 2107 4058 procul

526 4066 691 4122 dubio
741 4068 1043 4142 ubicunque
1093 4072 1177 4127 sol
1206 4085 1383 4141 esset;
1428 4078 1521 4131 sed
1561 4078 1612 4131 iu
1660 4079 1799 4134 ctelo
1837 4081 1918 4134 sol
1952 4081 2108 4152 longe

524 4156 840 4218 honoratius
884 4163 1152 4237 longeque
1199 4168 1502 4238 decentius,
1546 4172 1633 4226 ubi
1682 4174 1827 4230 locus
1869 4172 1986 4243 ejus
2025 4185 2110 4231 est

522 4265 763 4310 summus
785 4265 839 4311 et
859 4271 1125 4329 congruus
1148 4262 1415 4317 universis
1448 4264 1644 4331 pariter
1667 4264 2016 4334 illustrandis,
2040 4282 2109 4322 ne

524 4345 720 4401 inultos
762 4346 1000 4417 deserat,
1044 4366 1165 4407 cum
1195 4354 1431 4409 declinat
1479 4356 1545 4410 ad
1594 4356 1825 4427 aliquos.
1869 4357 2110 4429 Denique

525 4447 668 4493 tanta
696 4440 957 4498 libertatis
1002 4452 1162 4513 atque
1211 4447 1439 4503 rationis
1469 4450 1586 4515 ejus
1631 4450 1949 4505 auctoritate
1988 4466 2111 4520 per-

526 4542 705 4587 motus
729 4533 889 4590 etiatu
923 4535 1362 4607 religiosissimus
1393 4540 1659 4611 princeps,
1690 4556 2102 4612 supervacuam,

528 4624 658 4692 quin
691 4625 864 4699 potius
906 4627 1088 4682 multis
1136 4631 1454 4697 nocituram,
1490 4633 1835 4701 cupiditatem
1864 4635 2105 4705 deponit,
2136 4616 2187 4677 D

528 4724 581 4769 et
611 4723 864 4793 tanquam
907 4706 1051 4787 pacis
1081 4720 1241 4788 filius,
1276 4721 1377 4779 hoc
1423 4732 1476 4778 et
1508 4722 1625 4794 ipse
1654 4725 1912 4795 sequitur,
1957 4729 2107 4797 quod

528 4800 829 4874 eligendum
857 4810 994 4862 ratio
1038 4808 1450 4867 demonstravit.
1485 4812 1579 4868 Ille
1626 4823 1823 4881 tamen,
1853 4818 1997 4872 velut
2042 4834 2112 4874 aa-

529 4906 679 4955 terna
708 4898 824 4971 lege
853 4903 1103 4973 pracfixus
1131 4907 1184 4959 in
1214 4906 1445 4978 quodam
1476 4924 1586 4964 sua:
1606 4908 1879 4980 dignitatis
1906 4920 1960 4968 et
1981 4914 2110 4971 fidei

527 4985 889 5065 firmamento,
919 4995 997 5053 sic
1026 4995 1146 5053 luce
1170 4998 1413 5056 veritatis
1454 4999 1701 5071 irradiat,
1725 5009 1782 5059 et
1811 5005 1964 5074 quasi
1994 5006 2105 5063 cla-

605 5210 632 5273 !
652 5200 804 5273 Edit.
824 5200 1028 5273 _Leon.,
1050 5207 1102 5257 cf
1126 5202 1369 5271 spiritali.

597 5270 624 5310 δ
648 5271 790 5326 Edit.
822 5270 1021 5338 Lemn,
1041 5274 1095 5326 in
1118 5270 1427 5330 universum.

600 5340 974 5418 'Exciderunt
1016 5344 1257 5418 epistolae
1299 5345 1418 5418 diue
1462 5345 1677 5416 Leonis,
1730 5360 1955 5418 quarum
1986 5348 2099 5406 fra-

529 5421 754 5489 gmenta
770 5414 1142 5489 subjiciuntur.
1177 5415 1329 5470 Prior
1356 5417 1468 5471 haee
1492 5418 1557 5472 ad
1584 5414 1865 5489 episcupos
1894 5428 1950 5476 et
1986 5424 2100 5478 cle-

529 5484 667 5560 ricos
690 5481 980 5560 Egyptios
1007 5487 1227 5560 scripta,
1252 5490 1338 5556 qui
1373 5502 1403 5542 a
1434 5481 1712 5545 Timotheo
1734 5481 1932 5548 Eluro
1957 5493 2098 5560 pulsi

529 5551 1454 5631 Constantinopolinconfugerant,
1484 5576 1727 5631 eamque
1770 5561 1837 5615 ob
1878 5551 2097 5617 causam

528 5621 861 5678 confessores
881 5621 1272 5693 appellantur:
1288 5621 1558 5685 Posterior
1602 5621 1667 5685 ad
1697 5632 1925 5687 clericos
1957 5634 2099 5688 Con-

528 5693 1057 5776 stantinopolitanos.
1089 5696 1374 5770 Utriusque
1400 5701 1540 5758 ident
1561 5711 1677 5759 erat
1698 5716 2095 5776 argumentum,

596 5886 614 5920 ⁸
637 5883 769 5943 Cod.
805 5883 1022 5954 Verum,
1046 5884 1481 5956 disceptationem.

2206 1954 2284 2007 eis
2312 1962 2488 2007 autem
2516 1967 2636 2022 quae
2665 1952 2839 2007 adhuc
2879 1965 3303 2006 commemorare
3341 1947 3607 2017 disposui,
3650 1948 3782 2001 alios

2206 2045 2369 2100 etiam
2416 2047 2844 2116 qualemcunque
2879 2045 3296 2114 disputationem
3337 2044 3355 2075 ⁸
3385 2046 3453 2099 de
3490 2053 3783 2097 memorata

2205 2138 2415 2209 synodo
2443 2152 2562 2193 cum
2592 2137 2861 2193 haereticis
2892 2137 3026 2193 inire
3056 2135 3348 2206 prohibuit.
3380 2137 3624 2205 Namque
3667 2150 3786 2187 cum

2205 2231 2468 2286 scriberet
2491 2248 2594 2285 non
2626 2229 2797 2286 solum
2827 2230 3117 2301 episcopis,
3143 2230 3243 2286 sed
3274 2232 3436 2286 etiam
3466 2228 3679 2285 clericis
3702 2243 3786 2283 ca-

2207 2322 2415 2379 tholicis
2439 2332 2491 2378 et
2520 2322 2917 2379 confessoribns
2948 2338 3013 2377 ex
3056 2319 3291 2393 Egypto
3313 2331 3336 2361 ο
3364 2318 3504 2392 apud
3536 2320 3785 2375 Constan-

2206 2413 2483 2484 tittOpolitu
2507 2415 2838 2479 constitutis,
2871 2413 2950 2468 sic
2978 2427 3069 2468 eos
3099 2413 3375 2468 admonuit
3402 2428 3415 2466 :
3444 2428 3463 2464 ι
3496 2413 3654 2467 Omni
3688 2412 3785 2466 ita-

2205 2520 2311 2578 que
2341 2507 2609 2561 dilectioni
2640 2516 2836 2561 vestrae
2879 2504 3058 2559 studio
3086 2519 3149 2560 ac
3192 2505 3374 2560 labore
3401 2504 3683 2559 nitendum
3708 2512 3786 2559 est

2206 2617 2273 2657 ne
2304 2601 2411 2657 ulla
2440 2601 2808 2657 insidiantium
2840 2598 3158 2670 disceptatio
3189 2601 3355 2671 possit
3381 2598 3622 2665 admitti,
3655 2611 3788 2652 neve

2206 2698 2311 2751 hoc
2360 2697 2428 2751 ab
2462 2694 2733 2751 htrreticis
2764 2696 2937 2748 valeat
2976 2693 3227 2761 obtineri,
3276 2708 3381 2762 quo
3422 2690 3787 2760 evangelicam

2206 2788 2365 2844 fidem
2412 2788 2752 2843 manifestum
2784 2796 2870 2844 est
2904 2788 3223 2857 impugnari.
3266 2785 3397 2842 Nam
3444 2786 3788 2842 deflnitarutn

2206 2899 2386 2939 rerum
2417 2898 2548 2953 quas
2579 2892 2743 2936 tanta:
2774 2879 2966 2951 synodi
2996 2877 3079 2934 vel
3107 2878 3552 2935 Christianissimi
3591 2877 3789 2948 princi-

2211 2976 2292 3047 pis
2323 2976 2502 3030 sanxit
2548 2976 2858 3040 auctoritas,
2890 2984 2945 3029 et
2988 2972 3294 3044 apostolica:
3322 2972 3465 3028 sedis
3497 2974 3787 3028 conﬁrma-

2206 3070 2281 3124 vit
2311 3081 2585 3133 assensus,
2623 3063 2757 3121 nihil
2781 3075 2992 3134 oportet
3016 3064 3231 3132 discuti,
3267 3080 3332 3120 ne
3362 3072 3550 3120 contra
3581 3065 3661 3120 fas
3689 3065 3785 3119 all-

2207 3160 2333 3232 quid
2366 3158 2607 3215 videatur
2633 3156 2875 3228 infringi;
2913 3158 3241 3229 multumque
3280 3157 3403 3214 fidei
3436 3165 3497 3213 et
3537 3160 3789 3214 sacerdo-

2211 3250 2301 3304 tali
2332 3250 2649 3305 constantia:
2678 3249 2984 3319 derogatur,
3016 3249 3060 3303 si
3088 3263 3209 3303 cum
3255 3249 3335 3302 his
3364 3248 3455 3318 qui
3486 3247 3789 3303 homicidiis

2209 3352 2262 3398 et
2297 3342 2475 3397 furore
2504 3342 2694 3412 repleti
2725 3352 2871 3409 sunt,
2901 3355 2964 3395 ac
2993 3339 3179 3395 volunt
3206 3350 3519 3395 convertere
3550 3340 3787 3410 Evange-

2209 3435 2338 3489 lium
2380 3434 2600 3501 Christi,
2644 3442 2698 3489 et
2727 3433 2966 3489 facinore
2995 3448 3093 3488 suo
3132 3433 3242 3487 Deo
3290 3434 3589 3503 probantur
3618 3432 3785 3497 exosi,

2208 3526 2495 3596 superflua:
2542 3536 2594 3581 et
2628 3526 2911 3595 plurimum
2946 3525 3208 3579 nociturae
3254 3522 3623 3578 altercationis
3662 3538 3788 3577 con-

2210 3620 2386 3674 ﬂictus
2420 3620 2694 3674 habeatur.
2730 3636 2748 3670 ι
2794 3617 2903 3673 Leo
2936 3628 3043 3672 tam
3086 3616 3240 3672 fortis
3270 3632 3332 3672 ac
3363 3627 3665 3687 praepotens
3694 3631 3790 3671 nec

2209 3729 2321 3769 sua:
2344 3714 2520 3769 virtuti
2569 3712 2715 3780 fidit,
2750 3726 2847 3767 nec
2875 3710 2995 3766 aliis
3027 3711 3309 3781 permittit,
3351 3710 3418 3764 de
3464 3708 3627 3764 rebus
3653 3705 3788 3778 apud

2210 3807 2607 3863 Chalcedonam
2655 3808 2793 3862 sicut
2852 3806 2962 3862 Deo
3015 3804 3217 3875 placuit
3255 3804 3496 3859 definitis
3545 3804 3789 3857 altercari

2210 3903 2405 3958 saltem
2458 3910 2623 3972 atque
2660 3900 2983 3968 conﬂigere;
3012 3907 3068 3955 et
3117 3900 3300 3956 nescio
3327 3899 3418 3969 qui
3464 3906 3793 3969 praesumunt

2211 3996 2369 4051 etiam
2403 3996 2695 4049 decernere
2727 3992 3051 4062 congregati,
3090 4000 3146 4047 et
3187 3992 3401 4060 impiam
3434 4005 3631 4045 vocare
3680 3990 3792 4057 epi-

2212 4087 2406 4141 stolam
2438 4100 2596 4157 quam
2627 4084 2954 4141 catholicam
2994 4090 3177 4139 sancta
3206 4083 3294 4139 illa
3324 4091 3380 4139 et
3406 4096 3599 4151 magna
3631 4095 3793 4153 syno-

2211 4180 2311 4237 dus
2352 4180 2633 4255 judicavit.
2679 4181 2932 4237 Scribens
2963 4180 3123 4237 etiam
3156 4178 3506 4250 presbyteris,
3554 4175 3795 4232 diaconi-

2215 4274 2318 4331 bus
2363 4285 2416 4329 et
2446 4274 2659 4330 clericis
2689 4272 3292 4343 Constatttinnpolitatue
3320 4268 3597 4335 Ecclesize,
3626 4268 3790 4322 dicit:

2219 4385 2236 4419 ι
2262 4366 2530 4421 Habemus
2558 4364 2795 4435 pr0pitio
2842 4366 2951 4421 Deo
2990 4378 3239 4434 magnum
3286 4372 3342 4419 et
3374 4360 3637 4419 divinitus
3667 4374 3791 4431 pra:-

2213 4469 2454 4530 paratum
2527 4457 2973 4514 Christianissiini
3054 4455 3395 4528 imperatoris
3473 4453 3789 4509 auxilium:

2215 4567 2373 4622 quem
2395 4551 2610 4619 scriptis
2632 4550 2764 4604 meis
2792 4558 3047 4619 quantum
3070 4563 3229 4603 causa
3258 4546 3459 4619 expetit
3483 4543 3792 4607 obsecravi,

2215 4661 2283 4701 ne
2315 4643 2575 4714 improbis
2611 4642 2993 4713 parricidarum
3024 4640 3371 4710 petitionibus
3400 4638 3454 4692 in
3485 4638 3667 4707 aliquo
3687 4635 3793 4692 cie.

2219 4740 2432 4795 mentite
2474 4752 2585 4793 suae
2615 4737 2877 4807 praeberet
2918 4749 3220 4803 assensum,
3273 4747 3444 4799 neque
3486 4730 3594 4785 ullo
3640 4728 3793 4783 modo

2220 4833 2425 4889 sineret
2448 4835 2650 4883 sanctae
2698 4825 3153 4883 Chalcedonensis
3195 4822 3386 4897 synodi
3436 4820 3793 4883 definitiones,

2219 4937 2337 4993 qua;
2365 4934 2493 4976 vere
2518 4920 2587 4976 de
2627 4918 2933 4976 cmlestihus
2962 4917 3210 4988 prodiere
3251 4915 3507 4981 decretis,
3546 4922 3794 4979 tanquam

2221 5011 2530 5068 necessaria
2584 5009 2968 5066 retractatione
3014 5007 3207 5064 violari
3243 5019 3403 5062 :cum
3460 5002 3793 5059 insidiatores

2218 5219 2404 5267 contra
2433 5211 2773 5269 Timotheum
2800 5207 3158 5279 parricidam,
3174 5205 3262 5273 qui
3296 5200 3677 5279 Alexandrina
3701 5214 3789 5255 se-

2216 5282 2298 5336 dis
2346 5283 2715 5349 pervasiunem
2768 5274 2996 5335 P'roterii
3050 5276 3196 5333 (:de
3228 5274 3543 5349 cumularet,
3597 5280 3651 5326 et
3698 5285 3791 5339 pro

2214 5343 2418 5425 synodo
2452 5351 2943 5425 Chalcedonensi,“
2974 5363 3134 5425 q_uam
3177 5343 3549 5425 Oppugnabat,
3603 5350 3666 5425 ut
3712 5348 3791 5425 est

2214 5413 2355 5492 apud
2386 5424 2693 5497 Liberalem
2720 5438 2839 5492 cap.
2992 5413 3131 5497 Tum
3172 5413 3300 5485 ergo
3326 5413 3790 5497 scriptasliquet,

2212 5489 2332 5549 cum
2362 5509 2391 5548 a
2421 5495 2597 5549 Leone
2624 5489 2866 5562 Augusto
2901 5493 2967 5549 de
3002 5489 3192 5549 eadem
3222 5503 3283 5547 re
3314 5489 3477 5545 missa
3508 5494 3600 5562 est
3624 5497 3791 5562 ency-

2208 5565 2345 5619 clica
2377 5566 2659 5636 adeunti”~
2696 5553 3018 5636 provincias,
3049 5576 3171 5636 quae
3200 5568 3317 5629 post
3350 5555 3618 5636 synodum
3647 5553 3790 5636 edi}!

2209 5636 2403 5704 legitur
2444 5622 2565 5690 cum
2607 5622 2880 5704 rescriptis
2914 5622 3332 5707 provinciarum,
3378 5622 3446 5682 de
3488 5626 3684 5707 quibus
3712 5622 3792 5678 di-

2207 5698 2353 5764 ctum
2384 5716 2468 5765 est
2493 5707 2591 5764 lib.
2616 5720 2676 5776 tt,
2713 5698 2893 5762 et'hoc
2914 5704 3034 5775 ipso
3063 5703 3241 5772 capite
3267 5700 3459 5755 iterum
3490 5698 3719 5753 dicetur.
