4104 6360
284 294 391 360 83⁸)

1152 296 1286 366 PRO
1315 298 1746 368 DEFENSIONE
1780 308 1995 369 TRIUM
2023 312 2338 375 CAPITUL.
2384 320 2511 381 LIB.
2545 322 2658 381 ΧΠ.

3479 322 3581 390 Sos

285 402 502 491 piorum
531 404 639 473 'Iad
670 417 773 475 hoc
803 419 1095 492 subrepere
1124 424 1265 481 velle
1307 424 1652 483 manifestum
1684 428 1771 492 sit,
1820 441 1877 485 ut
1904 435 1955 493 Α
1984 433 2103 501 quis
2149 438 2316 492 semel
2338 436 2575 507 judicuta
2607 458 2670 499 ac
2708 450 2856 500 recte
2899 443 3157 515 disposita
3201 448 3482 506 revolvere
3522 463 3576 509 et

286 522 489 568 statuta
521 512 845 582 evangelicis
873 508 1422 586 praedicatimiibus‘et
1460 521 1677 576 Patrum
1708 521 1881 578 tradi-

285 608 529 664 tionibus
578 612 930 666 consonantia
978 628 1116 667 novu
1164 614 1358 672 t‘aciant
1404 618 1613 673 inﬁrma
1654 604 1881 691 judicio,

285 703 394 755 ιη’
424 702 547 755 dum
593 698 911 773 disceptatio
962 704 1283 774 admittitur,
1334 712 1626 767 auctoritas
1676 714 1883 768 aufera-

286 806 395 853 tur.
430 815 449 850 ι
485 798 623 867 Quid
658 814 785 871 ergo
815 816 874 857 se
913 801 1097 859 dicunt
1130 802 1341 861 novitim
1380 807 1668 879 diligentire
1702 828 1884 883 reper-

295 900 445 948 tores
494 892 683 947 novitii
722 892 867 949 ‘suo
910 892 1127 952 decreto
1175 898 1670 958 Clialcedonensein
1722 920 1884 978 syno-

281 983 414 1039 dum
449 984 827 1054 conﬁrinasse,
863 988 1015 1059 cujus
1046 998 1243 1047 statuta
1271 993 1594 1062 evangelicis
1626 994 1883 1066 praedica-

282 1075 523 1131 tionibus
564 1085 619 1131 et
660 1076 874 1132 Patrum
920 1080 1295 1137 traditionibus
1341 1087 1715 1153 constmantia,
1768 1103 1882 1142 ma-

279 1185 419 1238 gnus
496 1169 582 1225 hic
659 1169 856 1227 Christi
921 1174 1175 1231 sacerdos
1241 1193 1377 1233 novo
1458 1181 1631 1249 potius
1710 1182 1884 1238 sensit

280 1262 604 1319 inﬁrmanda
634 1263 872 1335 judicio?
903 1269 1033 1333 Quae
1080 1269 1293 1339 quidem
1343 1272 1480 1327 sicut
1526 1272 1726 1329 ﬁrmari
1775 1292 1879 1331 non

280 1357 547 1427 indigent,
604 1360 673 1413 ita
718 1359 976 1415 inﬁrmari
1020 1379 1125 1417 non
1168 1375 1415 1434 possunt.
1473 1366 1875 1439 Verumtamen,

278 1461 543 1520 quantum
590 1453 641 1507 in
669 1452 788 1508 istis
836 1464 919 1509 est
949 1459 1442 1528 praesumptoribus,
1482 1476 1618 1515 novo
1647 1477 1710 1518 ea
1740 1460 1881 1519 fece-

281 1554 411 1597 runt
436 1543 643 1598 inﬁrma
672 1545 897 1615 judicio,
933 1549 1094 1602 etiam
1126 1549 1170 1603 si
1204 1549 1333 1605 nihil
1376 1552 1706 1607 centrarium
1730 1550 1877 1623 jndi-

284 1647 520 1693 cassent.
554 1638 707 1694 Unde
740 1639 1041 1695 Marcianus
1073 1658 1286 1714 quoque
1325 1642 1622 1714 imperator
1642 1657 1765 1714 post
1792 1664 1880 1703 sa-

275 1728 557 1782 cerdotum
586 1730 909 1784 sententiam
942 1730 1142 1801 aliquid
1185 1740 1419 1790 tractare
1464 1734 1685 1805 impium
1727 1736 1879 1795 duxit

1987 526 2205 596 publice
2230 530 2506 600 disputare
2533 538 2808 593 contendit
2835 554 2849 603 ;
2880 551 2927 591 et
2953 539 3036 594 iSti
3064 541 3251 596 dicunt
3282 541 3578 603 honorasse

1988 614 2275 691 synodum,
2311 623 2378 677 de
2410 624 2564 695 cujus
2587 628 2793 698 judicio
2816 629 3192 701 judicaverunt
3228 650 3241 687 :
3270 635 3377 690 imo
3419 637 3576 708 cujus

1983 710 2245 780 judicium
2298 712 2677 784 dissolvi-Mes,
2732 722 2948 792 impiam
2995 736 3320 781 vocaverunt
3372 730 3579 797 episto-

1989 804 2116 870 lam,
2151 820 2308 875 Quam
2343 810 2708 877 pronuntiavit
2742 812 2826 866 illa
2865 814 3223 883 catholicam;
3276 828 3327 871 et
3360 828 3578 873 sancto-

1986 915 2102 954 rum
2158 898 2375 957 Patrum
2436 908 2757 960 sententiam
2813 906 3137 965 labefactare
3178 912 3422 966 nituntur
3466 913 3580 982 cpio

1986 978 2159 1061 scopi,
2192 995 2259 1050 de
2289 1013 2390 1066 qua
2422 982 2725 1052 Marcianus
2758 990 3007 1073 princeps
3050 1001 3255 1057 nemini
3283 1004 3368 1059 vel
3395 978 3579 1077 dispu-

1986 1080 2100 1139 tare
2131 1086 2390 1155 permisit.
2426 1087 2503 1142 Sit
2546 1086 2664 1158 ejus
2706 1091 2965 1144 memoria
2998 1091 3049 1145 in
3086 1089 3574 1162 benedictionibus,

1983 1185 2038 1230 et
2069 1178 2166 1231 ista
2197 1192 2301 1233 vox
2332 1179 2380 1234 ei
2411 1195 2507 1249 pro
2528 1180 2735 1236 talibus
2765 1181 2972 1236 meritis
3002 1197 3218 1252 semper
3246 1199 3275 1239 a
3309 1195 3420 1241 toto
3450 1182 3577 1242 red-

1984 1254 2173 1321 datur:
2202 1282 2297 1337 per
2349 1285 2505 1340 quem
2545 1286 2661 1353 pou
2711 1272 2883 1326 solum
2915 1264 3218 1343 desperata:
3269 1277 3577 1347 reipublicae

1982 1354 2149 1426 salus,
2185 1376 2368 1417 verum
2414 1362 2574 1419 etiam
2626 1362 2886 1421 Ecclesiae
2912 1362 3004 1421 diu
3053 1382 3331 1425 concussae
3363 1370 3577 1441 requies

1982 1446 2105 1506 data
2132 1463 2235 1507 esu

2598 1609 2829 1667 CAPUT
2869 1612 2955 1669 Ill.

1984 1700 2134 1770 Quod
2179 1701 2471 1772 principum
2510 1703 2577 1757 sit
2607 1705 2659 1759 in
2684 1706 2853 1761 causis
2880 1706 3004 1774 fidei
3051 1707 3394 1763 obedientiam
3432 1708 3578 1764 exhi-

2053 1774 2189 1859 b'ere,
2238 1791 2340 1859 non
2374 1790 2434 1829 ea
2471 1776 2571 1830 sibi
2606 1792 2857 1859 usurpet-8
2886 1795 3002 1859 qua;
3026 1790 3141 1859 sunt
3168 1783 3379 1859 proprio
3406 1797 3577 1837 sacer,

274 1827 441 1890 atque
466 1822 810 1892 sacrilegum,
845 1838 944 1879 nec
972 1824 1224 1896 cuiquam
1245 1828 1410 1884 semel
1437 1826 1675 1900 judicata
1702 1844 1873 1890 recte-
1902 1829 1952 1890 Β
2051 1822 2433 1913 ἂῐιξίηιζῖιῦεξῑ
2452 1822 2699 1919 dempti;
2732 1822 2997 1904 Εἶανεῖαιξῖ
3014 1861 3062 1905 ει
3108 1822 3297 1906 Lemni;
3344 1856 3575 1922 impera.

277 1926 388 1981 que
428 1911 688 1981 disposita
720 1913 1025 1989 revolvere,
1063 1928 1115 1972 et
1145 1917 1211 1973 de
1241 1916 1323 1974 his
1355 1920 1570 1990 publice
1597 1920 1874 1993 disputare

278 2003 547 2071 permisit,
579 2006 669 2076 qui
701 2020 799 2060 suo
844 2006 1023 2064 edicto
1054 2009 1304 2067 omnibus
1348 2011 1737 2072 discessionem
1784 2033 1876 2081 eo-

278 2109 399 2151 rum
424 2113 543 2165 qua:
573 2096 915 2154 Chalcedone
945 2097 1188 2181 judicata
1235 2115 1358 2157 sunt
1390 2121 1613 2176 negans,
1653 2126 1671 2159 ς
1711 2108 1869 2181 Vere,

278 2188 377 2254 ait,
405 2189 597 2259 impius
626 2201 680 2245 et
706 2192 998 2262 sacrilegus
1028 2201 1111 2249 est
1137 2180 1225 2267 qui
1254 2203 1375 2265 post
1414 2206 1492 2253 tot
1530 2184 1872 2263 sacerdotum

202 2285 217 2293 '
277 2284 601 2338 sententiam
626 2283 863 2355 Opinioni
886 2302 997 2341 sua:
1025 2284 1227 2358 aliquid
1254 2290 1595 2346 tractandum
1629 2294 1868 2367 reliquit.

280 2373 555 2431 Extrema:
586 2377 781 2447 quippe
808 2377 1096 2434 dementiae
1125 2390 1206 2435 est
1238 2381 1289 2436 in
1313 2382 1490 2439 medio
1511 2395 1565 2440 et
1589 2387 1871 2457 perspicuo

277 2467 369 2521 die
418 2468 844 2524 commentitium
892 2471 1071 2527 lumen
1119 2472 1696 2548 inquirere:quisquis
1751 2489 1873 2550 post

278 2558 561 2614 veritatem
592 2571 858 2632 repertam
895 2558 1096 2633 aliquid
1129 2565 1354 2622 ulterius
1381 2568 1620 2637 discutit,
1650 2572 1871 2628 menda-

276 2648 427 2707 cium
453 2652 665 2721 quzerit.
692 2649 860 2707 Nemo
886 2654 1066 2724 itaque
1099 2652 1178 2710 vel
1221 2656 1452 2713 clericus
1480 2659 1565 2714 vel
1606 2661 1865 2730 militans,

278 2748 334 2795 et
361 2740 586 2797 alterius
617 2742 902 2813 cujuslibet
927 2744 1276 2818 conditionis,
1302 2748 1369 2803 de
1400 2748 1506 2805 ﬁde
1532 2748 1863 2823 Christiana,

276 2835 492 2907 publice
536 2841 877 2912 congregatis
903 2842 1116 2915 p0pulis
1161 2853 1216 2900 et
1251 2845 1596 2905 audientibus
1625 2858 1864 2909 tractare

273 2942 565 3000 praesumat
612 2932 664 2987 in
695 2942 988 3003 posterum,
1019 2944 1076 2991 et
1119 2936 1221 2993 hoc
1250 2938 1509 2996 tumultus
1536 2950 1592 2997 et
1630 2944 1868 3013 perﬁdiae

273 3022 614 3080 occasionem
673 3027 972 3098 requirens.
1024 3026 1157 3084 Nam
1208 3028 1457 3101 injuriam
1497 3032 1623 3090 facit
1663 3036 1867 3108 judicio

272 3116 694 3188 religiosissima:
727 3120 942 3193 synodi,
964 3123 1011 3178 si
1036 3122 1155 3193 quis
1183 3125 1351 3181 semel
1373 3125 1610 3198 judicata
1639 3144 1701 3186 ac
1719 3142 1866 3190 recte

2053 1922 2243 1970 torum.

2051 2007 2315 2080 Cognovit
2343 2008 2435 2065 ille
2465 2011 2660 2081 quibus
2711 2012 2763 2067 in
2813 2012 2989 2069 causis
3032 2022 3274 2070 uteretur
3317 2013 3578 2088 principis

1977 2110 2265 2172 potestate,
2309 2110 2364 2158 et
2406 2103 2460 2157 in
2502 2103 2693 2173 quibus
2718 2103 3000 2160 exhiberet
3028 2106 3390 2163 obedientiam
3420 2107 3577 2187 Chri-

1976 2196 2155 2250 stiani.
2190 2193 2256 2249 Et
2284 2194 2425 2262 ideo,
2457 2212 2524 2252 ne
2547 2196 2743 2267 impius
2773 2206 2931 2269 atque
2960 2200 3260 2270 sacrilegus
3282 2200 3575 2275 videretur,

1977 2298 2097 2359 post
2121 2299 2199 2344 tot
2227 2288 2569 2345 Sacerdotum
2599 2293 2924 2347 sententiam
2964 2294 3203 2365 opinioni
3244 2311 3357 2350 sua:
3393 2295 3525 2351 nihil
3554 2292 3577 2363 ἓ

1976 2380 2209 2454 reliquit.
2265 2383 2416 2440 Sicut
2465 2385 2553 2455 qui
2609 2386 2925 2442 meminerat
2973 2386 3150 2442 exitus
3208 2387 3350 2443 Oziae
3388 2386 3430 2455 ⁸,
3485 2388 3575 2461 quj

1975 2486 2260 2549 postquam
2317 2476 2600 2547 praevaluit
2648 2479 2830 2534 multis
2878 2479 3151 2549 gentibus,
3201 2489 3254 2535 et
3292 2478 3466 2535 factus
3494 2491 3576 2536 est

1973 2568 2261 2639 gloriosus,
2284 2568 2575 2625 exaltatum
2603 2578 2687 2625 est
2720 2586 2814 2626 cor
2843 2569 2989 2641 ejus,
3020 2580 3079 2626 ut
3105 2571 3382 2627 incensum
3408 2570 3576 2644 pone-

1972 2674 2055 2720 ret
2076 2680 2237 2735 super
2259 2665 2452 2733 altare,
2482 2665 2626 2735 quod
2658 2681 2763 2731 non
2792 2667 2991 2723 licebat
3017 2668 3120 2724 nisi
3153 2671 3283 2725 solis
3320 2669 3575 2726 sacerdo-

1972 2758 2113 2814 tibus
2156 2758 2281 2814 ﬁliis
2325 2761 2502 2815 Aaron
2535 2777 2550 2815 :
2582 2770 2800 2837 propter
2847 2758 2991 2831 quod
3042 2762 3159 2833 ejus
3211 2764 3573 2820 obstinatissi-

1972 2868 2113 2908 mam
2168 2852 2398 2910 frontem
2448 2869 2608 2927 quam
2658 2855 2967 2911 reverentia
3020 2856 3372 2928 deseruerat,
3424 2860 3572 2935 lepra

1970 2944 2232 3001 confudit.
2263 2945 2452 3003 Sciens
2486 2948 2650 3019 igitur
2685 2948 2779 3005 ille
2813 2951 3241 3007 modestissimus
3284 2953 3568 3031 princeps,

1970 3038 2117 3096 Ozim
2146 3040 2256 3111 regi
2288 3056 2393 3095 non
2424 3040 2644 3113 impune
2674 3041 2925 3112 cessisse,
2953 3044 3077 3115 quia
3105 3043 3408 3100 sacriﬁcare
3432 3060 3571 3117 prte—

1969 3130 2218 3202 sumpsit,
2246 3130 2388 3201 quod
2442 3129 2648 3187 licitum
2695 3143 2778 3188 est
2804 3132 3015 3204 singulo
3054 3134 3247 3206 cuique
3286 3136 3445 3191 etiam
3478 3151 3570 3193 se-

272 3206 534 3278 disposita
566 3211 848 3267 revolvere
870 3223 923 3267 et
954 3212 1165 3283 publice
1198 3215 1475 3287 disputare
1500 3218 1799 3277 contendit.
1835 3242 1855 3277 ι
1888 3215 1937 3281 ε
1968 3224 2125 3279 cundi
2157 3222 2364 3279 ordinis
2395 3222 2664 3280 sacerdoti
2686 3233 2711 3262 ι
2746 3242 2761 3279 z
2794 3228 2964 3282 multo
3000 3228 3169 3298 magis
3214 3228 3435 3300 impune
3460 3227 3568 3284 sibi

270 3296 339 3359 Et
365 3298 523 3365 infra,
553 3309 834 3372 postquam
863 3302 1106 3360 diversas
1130 3322 1226 3376 pro
1251 3318 1708 3385 transgressorum
1734 3329 1865 3371 con-

277 3390 485 3447 ditione
515 3396 705 3449 statuit
727 3411 911 3466 pinnas
936 3414 951 3453 :
980 3415 998 3449 ι
1022 3394 1278 3456 Universa
1299 3417 1447 3473 ergo,
1466 3404 1655 3475 inquit,
1680 3423 1800 3481 qua:
1833 3424 1865 3466 a

270 3496 459 3543 sancta
492 3490 699 3569 synodo
728 3487 1072 3548 Chalcedone
1102 3502 1296 3550 statuta
1330 3505 1457 3552 sunt
1485 3500 1745 3556 custodiri
1771 3500 1867 3559 de-

269 3576 455 3647 beant,
480 3580 614 3635 nihil
645 3591 832 3652 postea
864 3580 1118 3640 dubitari.
1144 3585 1255 3642 Hoc
1279 3587 1461 3660 itaque
1491 3604 1692 3649 nostrae
1714 3609 1865 3652 com-

270 3674 460 3728 moniti
486 3676 891 3747 tranquillitatis
921 3680 1120 3749 edicto,
1150 3680 1419 3739 abstinete
1448 3684 1688 3757 profanis
1716 3692 1864 3745 voci-

273 3764 394 3831 bus,
425 3776 479 3821 et
522 3767 745 3825 ulterius
776 3768 997 3828 definite
1039 3773 1107 3828 de
1146 3773 1347 3832 divinis
1386 3776 1685 3848 disputare,
1715 3783 1861 3853 quod

268 3857 419 3911 nefas
463 3866 587 3913 est:
619 3861 743 3930 quia
781 3877 886 3917 non
927 3864 1101 3919 solum
1128 3864 1309 3923 divino
1331 3867 1536 3939 judicio
1579 3885 1861 3942 peccatum

271 3948 371 4003 hoc
394 3960 551 4020 prout
575 3953 847 4010 credimus
881 3956 1157 4028 punietur,
1190 3975 1376 4017 verum
1399 3964 1558 4018 etiam
1590 3966 1770 4037 legum
1806 3978 1863 4027 et

264 4038 500 4111 jndicum
547 4046 867 4102 auctoritate
915 4050 1274 4106 coercebitur.
1318 4072 1337 4105 ›
1380 4052 1520 4110 Ecce
1558 4057 1862 4119 Marcianus

266 4134 538 4205 princeps,
568 4153 729 4194 verus
766 4140 1078 4211 reipublicae
1127 4153 1281 4214 pater
1321 4156 1374 4201 et
1419 4163 1575 4204 verus
1606 4152 1861 4212 Ecclesia:

264 4228 426 4295 ﬁlius,
478 4234 895 4290 sacerdotalium
940 4252 1046 4293 non
1094 4238 1346 4309 praevius,
1397 4242 1491 4297 sed
1539 4244 1860 4316 pedisequus

266 4322 633 4392 decretorum,
691 4327 868 4384 edicto
914 4346 1013 4386 suo
1064 4332 1376 4403 pronuntiat
1423 4338 1566 4407 quod
1612 4340 1857 4411 quisquis

268 4427 389 4485 post
440 4421 717 4477 veritatem
770 4434 1042 4495 repertam
1092 4426 1291 4496 aliquid
1342 4428 1570 4486 ulterius
1608 4432 1851 4505 discutit,

265 4508 601 4565 mendacium
631 4514 855 4585 quaerit;
909 4525 962 4570 et
995 4525 1115 4586 post
1156 4516 1297 4573 hanc
1336 4516 1454 4592 ejus
1500 4527 1873 4596 sententiam,,.

1968 3318 2161 3373 cedere
2219 3334 2327 3373 non
2366 3334 2525 3396 posse
2564 3320 2839 3391 cognovit,
2886 3321 2970 3377 vel
3025 3338 3143 3390 quae
3193 3323 3303 3394 jam
3358 3322 3428 3379 de
3465 3322 3570 3405 ﬁde

1968 3408 2274 3468 Christiana
2318 3411 2422 3467 rite
2470 3411 2682 3467 fuerant
2732 3413 3025 3470 constituta
3081 3408 3375 3484 discutere,
3427 3412 3570 3499 quod

1968 3502 2276 3561 nullatenus
2297 3504 2450 3572 licet;
2485 3507 2566 3560 vel
2592 3520 2767 3561 novos
2789 3506 3119 3563 constituere
3145 3520 3400 3576 canones,
3425 3504 3571 3579 quod

1969 3618 2078 3659 non
2110 3604 2215 3659 nisi
2246 3602 2428 3660 multis
2455 3612 2510 3660 et
2533 3606 2585 3660 in
2616 3621 2778 3663 unum
2806 3606 3145 3678 congregatis
3187 3607 3342 3678 primi
3365 3606 3569 3671 ordinis

1965 3696 2345 3753 sacerdotibus
2372 3696 2518 3753 licet.
2555 3697 2635 3752 0b
2674 3696 2777 3753 hoc
2810 3700 2990 3772 itaque
3032 3698 3115 3754 vir
3157 3706 3485 3769 temperans,
3516 3707 3571 3755 et

1965 3804 2063 3846 suo
2090 3799 2375 3847 contentus
2400 3791 2605 3861 otficio,
2631 3792 3119 3853 ecclesiasticorum
3161 3807 3429 3848 canonum
3474 3808 3570 3849 ex-

1965 3893 2182 3938 secutor
2204 3898 2326 3939 esse
2356 3883 2556 3950 voluit,
2588 3899 2693 3939 non
2726 3884 3008 3951 conditor,
3039 3899 3145 3940 non
3183 3893 3447 3940 exactor:
3474 3885 3566 3954 qui

1966 3989 2067 4031 nec
2094 3984 2304 4030 remoto
2335 3974 2672 4046 praeiudicio,
2702 3974 2843 4045 quod
2873 3975 3131 4032 violentia
3159 3975 3402 4032 Dioscori
3428 3974 3569 4045 apud

1966 4066 2240 4137 Ephesum
2284 4068 2529 4138 religioni
2572 4067 2773 4123 inferre
2822 4076 3153 4138 tentaverat,
3198 4083 3389 4124 novam
3444 4066 3569 4125 ﬁdei

1963 4159 2202 4229 regulam
2230 4168 2417 4215 contra
2442 4159 2560 4226 ejus
2599 4172 2842 4214 errorem
2884 4157 3001 4228 ipse
3047 4158 3343 4230 constituit,
3395 4173 3569 4235 neque

1962 4250 2308 4307 Chalcedone
2337 4267 2365 4306 a
2399 4251 2648 4309 Patribus
2676 4251 3023 4306 constitutam
3055 4251 3335 4307 retractari
3371 4251 3566 4324 coegit.

1968 4345 2163 4401 Verum
2213 4360 2320 4400 non
2365 4342 2534 4399 solius
2563 4342 2708 4399 Oziae
2751 4343 2894 4413 regis
2924 4344 3097 4412 exitu,
3131 4357 3437 4413 quanquam
3482 4341 3568 4398 ni-

1964 4439 2128 4495 mium
2180 4424 2504 4504 metuendo,
2549 4436 2853 4497 Marcianus
2895 4434 3189 4507 imperator
3239 4434 3409 4507 potuit
3457 4445 3567 4492 tum

1963 4529 2245 4597 moveri“;
2296 4529 2391 4585 sed
2438 4530 2616 4585 Chore
2668 4542 2901 4601 quoque,
2964 4527 3171 4585 Dathan
3210 4537 3265 4586 et
3309 4528 3566 4585 Abiron:

263 4598 330 4655 ab
359 4602 597 4661 Ecclesia
640 4605 735 4663 Dei
766 4620 1060 4681 receptam,
1108 4613 1291 4670 nescio
1321 4617 1410 4687 qui
1451 4630 1510 4674 se
1536 4618 1742 4691 jactant
1772 4621 1855 4681 in-
1881 4601 1936 4669 D
1964 4639 2189 4698 quorum
2214 4622 2390 4679 Chore
2409 4623 2532 4678 licet
2557 4621 2622 4677 de
2654 4598 2780 4683 filiis
2810 4632 2955 4677 esset
2978 4620 3106 4677 Levi
3133 4662 3149 4689 ,
3190 4622 3281 4692 qui
3310 4637 3378 4677 ex
3417 4620 3567 4677 omni

261 4692 453 4749 sulcnti
480 4696 815 4755 discussione
847 4700 1118 4759 invenisse
1148 4705 1371 4763 alteram
1409 4710 1719 4771 veritatem.
1755 4716 1851 4774 llle

263 4784 431 4838 dicit:
458 4785 709 4858 lnjuriam
735 4793 857 4848 facit
878 4793 1079 4867 judicio
1110 4797 1525 4871 religiosissima:
1551 4809 1766 4881 synodi,
1800 4813 1848 4871 si

340 5016 679 5100 IPerspicue
732 5024 954 5100 secundi
1022 5028 1226 5086 ordinis
1288 5036 1625 5094 sacerdotem
1690 5052 1850 5100 vocat

263 5088 670 5171 presbyterum,
698 5098 943 5171 et__p_aulo
970 5107 1091 5171 post
1138 5103 1293 5170 primi
1339 5088 1847 5168 ordiiiisV‘s'acerdoﬂ-j

265 5172 364 5227 tes,
396 5166 698 5231 episcopos.
728 5166 997 5243 ﬁic‘enim
1043 5166 1292 5243 distingui
1341 5178 1469 5231 olim
1517 5166 1848 5241 solitosiob-

261 5244 649 5317 servatum_est
684 5237 752 5317 ad
784 5237 1104 5317 _Sidonium__
1131 5237 1231 5298 lib:
1260 5258 1339 5309 tv,
1370 5248 1529 5317 epist.
1581 5237 1847 5313 25.166.)

262 5312 328 5397 et
358 5305 1031 5397 segu_ndi__ordinisbomo
1055 5305 1552 5397 digtusupfesbyter
1583 5305 1642 5377 in
1659 5305 1847 5397 ’δῇἶιῦί

261 5375 332 5430 do
356 5389 396 5430 it
416 5374 725 5449 Symmachi
766 5394 917 5452 papa
951 5395 1072 5453 cap.
1106 5374 1179 5440 6':
1210 5374 1379 5458 Nefas
1420 5374 1561 5446 dictu
1584 5374 1847 5456 institi-

334 5594 349 5624 ¹
374 5592 740 5672 Cod.Veron.,
759 5602 974 5658 insidias
995 5605 1288 5672 impiorum.
1305 5605 1421 5663 Alia
1445 5609 1602 5664 lectio
1619 5610 1838 5665 insidia-

261 5669 651 5750 tores_.p-ioruni,
682 5669 841 5750 quam
864 5689 930 5750 ex
966 5669 1217 5750 Facundo
1247 5674 1297 5732 in
1323 5683 1564 5750 margine
1585 5683 1828 5747 epistolzn

259 5738 648 5816 sancti_Le_onis
687 5738 781 5799 151
814 5747 1087 5803 adnotavit
1122 5738 1482 5816 Quesnellius,
1514 5738 1653 5807 inter
1676 5738 1835 5810 falsas

258 5808 722 5893 amandar‘inposse
748 5816 959 5893 videtur
982 5834 996 5883 ;
1023 5808 1304 5877 non‘ettim
1337 5838 1454 5880 eam
1472 5808 1629 5893 juxta
1660 5808 1827 5883 nostri

258 5878 461 5939 codicis
491 5878 652 5942 ﬁdem
680 5885 961 5946 Facundus
983 5878 1272 5957 expressit.

1965 4711 2359 4793 populo'lsrael
2382 4716 2560 4781 electi,
2592 4722 2649 4770 et
2682 4729 2853 4781 sacro
2899 4714 3082 4787 templi
3121 4716 3421 4771 ministerio
3452 4714 3567 4772 fue-

1962 4823 2086 4875 rant
2112 4812 2389 4884 deputati;
2422 4819 2602 4867 tamen
2626 4809 2879 4881 quoniam
2912 4808 3075 4866 simul
3122 4823 3311 4867 omnes
3340 4822 3566 4881 usurpa-

3568 4915 3581 5023 ξ

1955 5050 2364 5125 ῃαιιοηςιιιιαέε
2386 5042 2892 5125 connectitsummm
2921 5044 3280 5125 pontifex,“
3310 5028 3576 5125 hominem.

1955 5113 2170 5173 secundi
2199 5113 2251 5171 in
2282 5116 2513 5169 Ecclesia
2541 5116 2738 5168 ordinis
2782 5130 2885 5169 non
2914 5115 3095 5169 teneri.
3149 5114 3215 5169 Et
3248 5114 3389 5181 apud
3437 5113 3564 5167 Hin-

1962 5205 2206 5245 cmarntn
2265 5188 2423 5256 epist.
2472 5187 2536 5249 7,
2588 5201 2708 5253 cap.
2740 5186 2809 5243 20
2838 5202 2856 5255 _:
2900 5183 3045 5257 Etsi
3077 5186 3138 5241 de
3195 5183 3563 5257 episcOpisuita

1955 5262 2181 5314 admissa
2207 5252 2345 5324 sunt,
2371 5258 2434 5311 de
2481 5252 2786 5327 presbyteris
2836 5252 3070 5311 uidelicet
3111 5252 3323 5311 secundi
3363 5252 3559 5311 ordinis

1952 5334 2075 5388 viris
2106 5349 2207 5387 non
2236 5330 2542 5385 dimittenda
2566 5338 2705 5384 sunt.

2025 5616 2045 5651 ³
2068 5612 2216 5681 hiem
2251 5614 2396 5681 cod.,
2433 5620 2501 5667 et.

2020 5686 2040 5719 '
2065 5680 2209 5742 idem
2244 5680 2393 5752 cod.,
2424 5683 2636 5737 nouitio.

2015 5756 2037 5788 ⁸
2066 5758 2208 5814 idem
2242 5757 2388 5817 cod.,
2426 5753 2555 5828 nihil
2577 5752 2906 5828 tractandam
2932 5752 3161 5828 reliquit.

2013 5830 2034 5862 ⁸
2070 5831 2209 5885 Idem
2242 5828 2389 5891 cod.,
2424 5827 2565 5893 regis
2594 5824 2757 5880 Ozite.

2014 5916 2030 5935 ο
2052 5902 2198 5958 idem
2221 5899 2371 5965 cod.,
2406 5908 2515 5955 tum
2544 5898 2773 5955 moneri;
