4104 6360
557 381 661 439 859

1616 362 1910 426 FACUNDI
1954 360 2163 421 EPISC.
2209 354 2711 415 llERMIANENSlS

3716 368 3836 428 μθ

554 506 678 554 runt
705 494 935 551 officium
981 486 1342 555 sacerdotum,
1395 494 1451 542 ut
1500 485 1782 540 immolare
1830 481 1942 536 Deo
1969 477 2133 534 aude-
2162 477 2216 539 Α
2245 487 2339 543 pro
2366 473 2646 546 Synagoga
2674 469 2849 541 loqui,
2878 476 2934 526 et
2966 469 3019 525 in
3058 468 3154 525 Dei
3201 468 3357 527 laude
3394 466 3559 532 verba
3592 474 3829 548 jactare,

554 604 627 642 re
654 597 689 651 ι,
721 585 863 656 quod
888 583 1054 639 multo
1084 581 1257 636 minus
1279 590 1361 634 est
1387 592 1545 649 quam
1585 577 1655 632 de
1685 575 1791 630 fide
1830 571 2131 629 Christiana

553 681 860 745 decernere,
888 691 1043 733 teme
1071 675 1394 731 dehiscentis
1420 671 1654 741 absorpti
1679 682 1887 733 voratu,
1918 681 2056 722 novo
2082 672 2137 720 et

552 771 802 840 singulari
848 785 946 824 suo
1000 769 1162 823 exitio
1205 765 1523 835 stupendum
1575 761 1783 817 cunctis
1832 759 2135 827 exemplum

554 860 1031 932 prmsumptoribus
1082 858 1432 927 reliquerunt.
1501 853 1783 922 Quomodo
1845 866 1972 921 ergo
2034 848 2136 903 sibi

552 954 688 1007 laico
713 954 995 1023 religiosus
1017 961 1072 1006 et
1101 950 1317 1019 sapiens
1340 949 1629 1015 imperator
1650 944 1897 999 crederet
1918 943 2135 1012 impune

553 1060 852 1109 ce~surum,
878 1044 962 1098 vel
990 1053 1295 1097 sanctorum
1326 1040 1540 1094 Patrum
1567 1052 1686 1106 quae
1712 1035 1777 1089 de
1803 1032 2029 1103 tidejztm
2054 1031 2139 1086 de-

554 1146 697 1191 creta
743 1136 952 1191 fuerant
982 1144 1277 1189 retractare
1332 1132 1413 1185 vel
1472 1144 1609 1184 nova
1662 1130 1773 1197 ipse
1820 1126 2132 1193 decernere,

551 1240 674 1280 cum
709 1226 825 1280 [iliis
851 1224 1001 1289 Levi,
1024 1223 1074 1280 id
1104 1234 1186 1279 est
1222 1221 1416 1287 Cbore,
1459 1229 1513 1276 et
1554 1219 1636 1273 his
1666 1218 1752 1287 qui
1783 1233 1902 1272 eum
1933 1216 1999 1271 de
2040 1228 2134 1269 sua

556 1316 695 1370 tribu
736 1316 903 1371 secuti
954 1330 1109 1379 sunt,
1159 1313 1404 1383 quamvis
1459 1314 1509 1367 in
1551 1310 1733 1379 templi
1764 1309 2035 1364 servitium
2067 1307 2135 1363 de

556 1408 750 1477 populo
771 1406 1029 1477 segregati
1060 1406 1099 1474 ⁸,
1131 1405 1224 1459 sed
1255 1411 1311 1458 et
1341 1400 1566 1468 Dathan,
1600 1411 1654 1456 et
1685 1398 1978 1464 Abiron,id
1994 1396 2134 1468 quod

556 1499 1038 1570 incomparabiliter
1083 1499 1257 1553 minus
1304 1512 1425 1552 csse
1481 1495 1860 1565 probavimus,
1916 1493 2134 1562 impune

554 1606 657 1647 non
681 1591 876 1646 cessit?
896 1590 1288 1645 Priecesserant
1315 1588 1560 1659 equidem
1594 1586 1754 1642 multa
1781 1587 1956 1655 populi
1993 1586 2134 1640 illius

552 1692 607 1738 et
664 1698 852 1752 magna
916 1692 1151 1753 peccata,
1213 1690 1270 1736 et
1328 1681 1468 1751 quod
1524 1681 1762 1735 omnium
1796 1692 2134 1748 peccatorum

552 1778 841 1831 maximum
882 1777 1213 1843 crederetur,
1271 1773 1584 1828 idololatriae
1629 1786 1845 1842 quoque
1893 1771 2136 1841 profana-

2235 580 2355 621 cum
2379 566 2656 622 dicerent:
2685 565 2821 621 Certi
2868 574 3026 620 estote
3048 607 3063 632 ,
3087 568 3225 635 quod
3269 567 3322 621 in
3368 570 3505 622 omni
3543 570 3832 644 Synaguga

2237 676 2407 715 omnes
2447 662 2611 716 sant-ti
2657 672 2815 725 sunt,
2859 672 2906 714 et
2955 670 3030 716 est
3080 661 3330 715 Dominus
3369 662 3422 715 in
3468 661 3618 718 illis:
3648 676 3696 718 et
3738 682 3830 718 uos

2234 768 2392 821 quare
2441 752 2667 821 premitis
2715 754 3049 825 Synagogant
3093 753 3304 806 Domini
3345 753 3533 824 (Num.
3566 772 3656 811 xvt
3683 798 3699 822 ,
3729 756 3834 829 δη

2237 843 2342 899 Sed
2373 860 2477 899 non
2507 846 2706 900 idcirco
2740 846 2909 915 potuit
2950 844 3233 915 jusnﬁcari
3278 848 3565 915 superbia,
3602 864 3728 916 qua:
3773 852 3833 904 in

2237 934 2626 1003 operimentum
2658 935 2741 990 sui
2787 946 3127 1003 contemptus
3170 938 3290 989 talia
3338 936 3477 991 s-det
3500 938 3830 994 obtendere.

2236 1029 2422 1084 Nullus
2460 1032 2601 1085 enim
2644 1033 2834 1086 melius
2876 1031 3040 1087 Deum
3085 1031 3283 1096 laudat,
3314 1047 3472 1102 quam
3512 1035 3557 1084 is
3587 1034 3677 1103 qui
3710 1034 3837 1102 ejus

2239 1121 2290 1176 in
2318 1139 2375 1177 se
2398 1123 2655 1193 judicium
2687 1124 2947 1194 probans,
2979 1125 3119 1195 quod
3152 1125 3270 1178 aliis
3300 1136 3379 1180 est
3410 1125 3676 1180 creditum
3724 1142 3833 1179 non

2237 1226 2482 1284 usurpat.
2511 1215 2628 1271 lam
2660 1232 2787 1273 vero
2814 1222 2860 1271 si
2893 1228 2946 1272 et
2976 1218 3118 1271 illius
3142 1219 3391 1286 praecepti
3419 1233 3629 1272 memor
3668 1219 3835 1271 fuisse

2237 1307 2535 1363 credendus
2560 1317 2644 1363 est
2673 1311 2692 1340 ³
2720 1353 2735 1378 ,
2776 1309 2916 1379 quod
2960 1310 3028 1364 de
3070 1309 3199 1379 ipsis
3246 1308 3447 1365 Levitis
3488 1310 3615 1363 filiis
3660 1308 3837 1363 Caatb

2237 1399 2471 1454 dicitur:
2508 1398 2628 1455 Non
2675 1410 2879 1469 tangent
2930 1412 3136 1466 sancta,
3193 1418 3254 1455 ne
3294 1403 3581 1455 moriantur
3634 1400 3831 1471 (Nam.

2239 1509 2393 1561 xvnt,
2447 1495 2534 1563 5);
2588 1494 2856 1562 quomodo
2910 1508 2969 1547 se
3023 1492 3271 1549 crederet
3320 1494 3833 1546 condemnationem

2238 1594 2453 1638 aeterna:
2502 1583 2688 1638 mortis
2740 1584 2992 1654 ellugere,
3050 1584 3094 1637 si
3140 1586 3206 1637 de
3252 1583 3552 1637 Christiana
3612 1582 3719 1636 fide
3750 1582 3834 1637 vel

2240 1689 2378 1728 nova
2405 1674 2742 1738 decerneret,
2771 1676 2855 1728 vel
2876 1676 2985 1743 jam
3005 1674 3219 1730 decreta
3246 1673 3569 1729 discuteret?
3601 1672 3712 1729 Sed
3746 1688 3836 1740 pa-

2241 1778 2358 1817 rum
2381 1772 2488 1828 est,
2513 1779 2618 1818 non
2647 1773 2864 1834 tangere
2889 1774 3072 1818 sancta
3093 1805 3108 1829 ,
3149 1763 3338 1833 quibus
3387 1763 3639 1817 indicitur
3668 1765 3834 1818 etiam

552 1869 696 1922 tione
736 1869 1128 1923 contaminatus
1178 1880 1298 1920 cum
1347 1880 1445 1920 suo
1490 1865 1769 1920 sacerdote
1806 1863 1915 1933 jam
1944 1864 2131 1917 luerat.
2168 1851 2210 1911 Β
2241 1872 2345 1911 non
2377 1856 2577 1921 videre,
2609 1858 2745 1912 sicut
2769 1856 3023 1925 scriptum
3047 1864 3164 1911 est:
3199 1855 3265 1910 Et
3299 1855 3498 1909 locutus
3528 1864 3602 1909 est
3654 1855 3834 1908 Domi-

551 1958 681 2014 Nam
735 1969 1015 2029 postquam
1069 1957 1401 2013 liberationis
1440 1973 1552 2011 suae
1592 1971 1752 2012 causa
1807 1953 2136 2010 mirabilibus

552 2048 719 2119 plagis
765 2060 1021 2103 vastatam
1074 2048 1206 2102 vidit
1252 2047 1581 2118 IEgyptum,
1631 2057 1686 2103 et
1749 2062 1843 2116 per
1900 2045 2134 2101 medium

552 2156 698 2197 mare
717 2142 860 2197 sicco
886 2142 1019 2210 pede
1049 2140 1315 2207 transivit,
1350 2141 1475 2195 fecit
1496 2142 1543 2195 ei
1573 2141 1917 2210 extorquenti
1953 2140 2133 2194 Aaron

553 2232 774 2287 vitulum
808 2234 858 2287 in
884 2231 1122 2298 Cboreb,
1153 2241 1199 2286 et
1229 2232 1563 2287 adoraveruut
1602 2232 1867 2304 sculptile,
1890 2241 1937 2285 et
1966 2242 2133 2287 muta-

552 2332 729 2378 verunt
754 2324 969 2394 gloriam
1006 2339 1150 2378 suam
1179 2324 1232 2377 in
1265 2324 1647 2377 similitudinem
1676 2324 1821 2376 vituli
1866 2326 2135 2377 comeden-

554 2418 616 2471 tis
645 2419 816 2488 fenum
857 2414 1031 2489 (Psal.
1077 2432 1164 2485 cv,
1208 2416 1297 2484 19,
1337 2414 1455 2487 20),
1488 2414 1768 2470 dicentes:
1797 2414 1869 2467 Hi
1910 2425 2028 2468 sunt
2065 2414 2139 2469 dii

553 2509 647 2574 tui,
674 2506 857 2578 Israel,
885 2509 969 2579 qui
999 2518 1047 2562 te
1067 2508 1349 2562 eduxerunt
1376 2507 1439 2560 de
1467 2505 1699 2577 Egypto
1734 2504 1931 2576 (Exod.
1962 2521 2136 2572 xxxu,

554 2599 640 2670 4);
673 2608 727 2655 et
753 2601 929 2656 Aaron
974 2600 1258 2656 :edilicavit
1307 2600 1473 2654 altare
1514 2610 1638 2653 ante
1668 2614 1810 2663 eum,
1839 2608 1890 2652 et
1920 2597 2139 2651 adduxit

555 2690 1033 2760 bolocaustomata,
1057 2703 1113 2749 et
1134 2694 1323 2748 obtulit
1354 2692 1583 2746 hostiam
1624 2691 1837 2757 salutis,
1860 2701 1913 2747 et
1943 2704 2139 2745 conse-

555 2787 632 2843 dit
660 2787 884 2857 populus
912 2787 1232 2842 manducare
1262 2796 1316 2841 et
1345 2785 1549 2850 bibere,
1575 2794 1630 2840 et
1658 2784 1892 2840 surrexit
1932 2784 2135 2839 ludere.

556 2878 664 2935 Nec
695 2890 896 2946 tamen,
919 2894 1038 2936 cum
1072 2881 1125 2935 in
1151 2880 1229 2935 eis
1251 2878 1616 2933 vindicaretur
1643 2878 1747 2933 hoc
1771 2882 1969 2933 malum
1989 2919 2005 2945 ,
2036 2878 2141 2934 tale

558 2972 763 3044 aliquid
791 2973 985 3029 factum
1015 2981 1099 3028 est
1136 2974 1290 3043 quale
1326 2975 1380 3027 in
1428 2974 1661 3028 vindicta
1703 2975 2142 3043 praesumptionis

556 3066 767 3123 illorum
818 3068 1043 3139 legimus
1087 3068 1317 3135 factum,
1367 3077 1422 3122 ut
1465 3081 1625 3137 poena
1669 3067 1953 3138 singularis
1983 3079 2143 3137 atque

559 3161 816 3218 mirabilis
855 3163 1123 3234 singulare
1167 3173 1613 3234 praesumptorum
1669 3163 1843 3217 scelus
1894 3162 2144 3218 ostende-

2239 1966 2335 2005 nus
2367 1952 2434 2003 ad
2462 1949 2674 2019 Moysen
2715 1959 2761 2004 et
2802 1950 2973 2004 Aaron
3011 1951 3183 2004 dicens
3212 1964 3233 2003 .°
3267 1948 3442 2003 Nolite
3479 1949 3778 2019 disperdere
3806 1966 3833 2002 ει

2239 2043 2372 2098 tribu
2398 2059 2491 2098 sua
2522 2043 2712 2111 plebem
2741 2042 2903 2097 (ἐσαιή
2941 2043 3005 2096 de
3047 2043 3211 2096 medio
3251 2040 3539 2095 Levitarum
3561 2057 3581 2094 :
3611 2040 3711 2093 hoc
3758 2045 3835 2109 fa-

2239 2134 2335 2187 cite
2353 2134 2446 2200 eis,
2478 2142 2524 2187 et
2552 2134 2733 2197 vivent,
2785 2144 2828 2187 et
2858 2150 2959 2187 non
2998 2134 3276 2187 morientur
3318 2131 3678 2186 accedentibus
3734 2133 3833 2184 illis

2238 2225 2309 2279 ad
2338 2236 2515 2281 sancta
2534 2236 2845 2281 sanctorum.
2878 2230 3047 2281 Aaron
3081 2236 3128 2281 et
3165 2228 3262 2295 ﬁlii
3301 2228 3409 2298 ejus
3454 2228 3831 2297 ingrediantur,

2243 2330 2288 2374 et
2313 2322 2551 2375 ordinent
2581 2337 2699 2387 eos,
2727 2336 3133 2390 unumquemque
3184 2329 3334 2389 prout
3376 2318 3621 2390 portandi
3666 2318 3833 2372 locum

2239 2415 2409 2481 liabet,
2443 2424 2490 2469 et
2516 2431 2616 2469 non
2645 2416 2830 2469 intrent
2860 2412 3087 2468 desubito
3116 2414 3284 2467 videre
3306 2422 3539 2467 simrtum
3564 2411 3588 2443 ³
3642 2410 3830 2480 (Nam.

2240 2523 2319 2573 tv,
2353 2507 2544 2577 17-19)
2575 2524 2590 2561 :
2625 2522 2757 2562 neve
2787 2508 2956 2576 potuit
2981 2506 3146 2562 exitio
3173 2520 3270 2560 suo
3305 2513 3506 2560 terrere
3538 2504 3832 2573 principem

2238 2599 2625 2655 Christianum.
2658 2601 2755 2668 Qui
2787 2615 2906 2655 cum
2936 2598 3001 2654 de
3042 2598 3202 2654 domo
3244 2596 3408 2667 patris
3438 2597 3558 2667 ejus
3598 2595 3831 2651 adduce-

2241 2701 2391 2747 retur
2445 2706 2568 2747 arca
2610 2706 2771 2761 super
2815 2692 3111 2761 plaustrum
3151 2705 3344 2743 novum
3385 2688 3660 2758 imposita,
3701 2703 3831 2758 quo-

2245 2785 2387 2839 niam
2412 2800 2532 2839 cum
2562 2785 2904 2840 ealcitrarent
2927 2785 3091 2838 boves
3132 2783 3370 2839 extendit
3392 2796 3637 2848 manum,
3666 2792 3721 2837 et
3750 2789 3832 2836 te-

2244 2878 2359 2931 nuit
2380 2892 2497 2932 eam
2521 2893 2588 2933 nc
2619 2876 2852 2942 caderet,
2884 2876 3048 2931 iratus
3073 2885 3155 2932 est
3188 2876 3548 2946 indignatione
3577 2873 3831 2929 Dominus

2243 2981 2428 3027 contra
2452 2987 2611 3038 eum,
2638 2972 2775 3026 sicut
2806 2970 3079 3038 Scriptura
3122 2970 3251 3025 dicit
3281 2986 3293 3023 :
3326 2968 3395 3022 Et
3432 2969 3681 3038 percussit
3721 2983 3832 3021 eum

2243 3080 2397 3134 super
2427 3064 2708 3118 temeritate
2733 3078 2751 3117 :
2776 3063 2863 3131 qui
2886 3073 3111 3116 mortuus
3138 3072 3211 3117 est
3242 3062 3309 3116 ibi
3324 3064 3480 3134 juxta
3512 3077 3693 3114 arcam
3730 3060 3832 3114 Do-

2246 3158 2372 3211 mini
2396 3155 2481 3228 (fl
2502 3156 2629 3229 Reg.
2656 3172 2730 3223 vi,
2753 3156 2807 3225 7)
2833 3172 2846 3208 :
2872 3163 2994 3209 etut
3020 3154 3315 3209 formidinis
3338 3165 3554 3210 aeterna:
3579 3152 3833 3209 memoria

557 3263 656 3310 ret.
684 3254 907 3325 Propter
934 3256 1075 3325 quod
1104 3258 1262 3311 etiam
1286 3255 1494 3327 Moyses
1519 3256 1589 3310 ibi
1618 3254 1787 3310 dicit:
1814 3254 1880 3308 In
1902 3256 1997 3308 ltoc
2016 3256 2143 3309 scie-
2168 3235 2213 3295 Ο
2252 3252 2475 3320 posteris
2504 3266 2714 3319 quoque
2758 3250 3143 3319 relinqueretur
3162 3291 3174 3315 ,
3222 3258 3468 3304 voeatum
3498 3257 3581 3303 cst
3631 3262 3829 3303 nomen

558 3348 876 3418 tisquoniam
904 3349 1149 3403 Dominus
1165 3349 1298 3402 misit
1322 3364 1401 3402 me
1422 3354 1591 3419 facere
1618 3348 1788 3402 omnia
1826 3364 1981 3418 opera
2019 3348 2141 3415 ista,

560 3448 608 3492 et
638 3440 873 3506 quoniam
896 3456 996 3493 non
1033 3458 1065 3493 a
1103 3454 1182 3493 me
1220 3440 1355 3509 facio
1377 3456 1397 3500 ;
1422 3441 1465 3493 si
1492 3441 1768 3494 secundum
1795 3449 2005 3494 mortem
2037 3456 2147 3493 ont-

563 3531 704 3583 nium
732 3530 991 3583 hominum
1018 3532 1297 3584 morientur
1342 3532 1447 3595 isti,
1481 3540 1526 3584 et
1569 3535 1613 3584 si
1654 3532 1934 3584 secundum
1966 3530 2145 3584 visita-

563 3623 749 3677 tionem
791 3623 1015 3676 omnium
1056 3623 1321 3676 hominum
1368 3623 1592 3677 visitatio
1643 3625 1740 3677 erit
1783 3623 2015 3690 illorum,
2043 3640 2146 3678 non

567 3711 817 3767 Dominus
866 3714 1001 3767 misit
1048 3730 1125 3767 me
1161 3712 1348 3784 (Num.
1381 3729 1494 3780 xvt,
1526 3716 1621 3784 28,
1659 3713 1775 3785 29).
1820 3714 1932 3770 lllic
1968 3721 2142 3770 Aaron

564 3822 801 3862 summus
822 3807 1072 3862 sacerdos
1101 3819 1155 3861 et
1183 3806 1432 3861 formavit
1466 3807 1724 3872 vitulum,
1772 3816 1824 3862 et
1866 3806 2150 3861 aedificavit

565 3900 757 3967 altare,
788 3909 843 3955 et
862 3900 1038 3954 attulit
1070 3901 1558 3967 holocaustomata,
1590 3910 1645 3954 et
1672 3901 1863 3955 obtulit
1894 3902 2146 3967 hostiam;

566 3993 709 4047 unde
736 3994 991 4061 scriptum
1014 4000 1097 4047 est
1125 4010 1138 4046 :
1172 3990 1312 4047 Vidit
1341 3990 1551 4062 Moyses
1586 3995 1857 4063 papulum,
1887 3994 1973 4064 qui
2000 3995 2151 4048 dissi-

569 4092 717 4151 patus
744 4094 838 4138 est.
873 4082 1142 4156 Dissipavit
1170 4086 1301 4138 enim
1331 4100 1413 4139 eos
1434 4086 1629 4151 Aaron,
1665 4095 1718 4139 ut
1750 4095 1908 4141 essent
1940 4086 1993 4140 in
2018 4103 2149 4156 gau-

569 4177 709 4230 dium
737 4179 1041 4231 advcrsariis
1082 4179 1185 4231 suis
1215 4177 1408 4248 (Exod.
1458 4194 1607 4233 mm
1629 4219 1645 4246 ,
1682 4177 1776 4251 25)
1804 4198 1817 4232 :
1842 4189 1896 4235 et
1941 4180 2151 4234 veniam

566 4268 693 4324 facti
717 4271 1082 4339 consequitur.
1107 4268 1221 4324 Illic
1251 4280 1426 4324 autem
1468 4267 1646 4325 Chore
1665 4310 1678 4334 ,
1703 4270 1911 4325 Dathan
1939 4280 1995 4326 et
2023 4271 2152 4325 Abi-

569 4375 690 4424 ron,
724 4362 965 4430 quamvis
999 4360 1110 4416 Deo
1140 4375 1267 4416 vero
1303 4360 1705 4429 sacrificarent,
1730 4362 1852 4432 quia
1886 4373 2059 4417 tamen
2085 4362 2156 4418 ad

572 4468 753 4509 eorum
785 4469 887 4509 non
936 4455 1236 4523 pertinebat
1280 4454 1536 4520 ofﬁcium,
1579 4470 1717 4510 novo
1759 4467 1814 4512 et
1857 4456 2154 4512 incredibili

570 4543 832 4611 supplicio
875 4547 1189 4613 puniuntur;
1235 4552 1543 4615 tantumque
1574 4547 1821 4614 penditur
1877 4548 2016 4617 apud
2072 4548 2155 4602 di—

575 4634 752 4686 Villam
802 4632 1087 4704 justitiam,
1137 4635 1182 4689 si
1230 4634 1283 4689 in
1328 4636 1443 4705 ejus
1486 4635 1757 4705 obsequiis
1804 4638 1951 4705 ordo
1992 4653 2151 4707 quem

579 4726 851 4779 constituit
896 4734 1240 4781 conservetur
1267 4727 1336 4795 ⁸,
1392 4735 1452 4781 ιιι
1501 4727 1737 4783 deterius
1788 4728 1890 4783 hoc
1929 4729 2151 4799 judicet,

568 4822 734 4890 'quant
765 4820 809 4875 si
838 4818 985 4875 falsis
1010 4821 1112 4875 diis
1139 4819 1279 4889 quod
1310 4821 1409 4875 soli
1439 4819 1540 4889 ipsi
1563 4820 1785 4875 debetur
1816 4823 2153 4893 obsequium,

579 4913 871 4969 deferatur.
907 4913 1233 4968 Videbantur
1260 4914 1337 4968 illi
1365 4914 1583 4984 quidem
1606 4914 1767 4969 divini
1802 4915 2005 4972 ordinis
2029 4931 2157 4972 con-

580 5017 896 5079 temptores,
948 5022 1070 5063 cum
1124 5007 1459 5078 insurgerent
1506 5007 1561 5064 in
1605 5007 1824 5079 Moysen
1867 5021 1920 5065 et
1950 5010 2157 5078 Aaron,

655 5206 679 5234 ἰ
708 5195 888 5267 Vulg.,
921 5194 1189 5251 Percmsio
1214 5194 1356 5252 0m.

658 5383 673 5412 ¹
702 5380 830 5453 Cod.
858 5380 1087 5453 Veron”
1118 5382 1413 5453 segregatis.
1435 5448 1479 5453 __
1579 5449 1591 5453 _
1775 5451 1783 5453 ᾗ
2062 5430 2065 5431 ν

656 5453 675 5482 ³
711 5452 850 5506 Idem
878 5452 1032 5516 cod.,
1059 5448 1387 5521 mem'or'fuit
1425 5448 1721 5504 Marcianus
1750 5451 2031 5522 Augustus,
2062 5448 2167 5504 imo

660 5523 707 5573 ia
737 5538 925 5573 memor
954 5524 1107 5573 fuisse
1136 5523 1411 5573 credendus
1440 5530 1535 5573 est.
1556 5522 1716 5573 auod.

588 5523 707 5591 quia
737 5538 925 5574 memor
952 5524 1107 5591 fuisse
1136 5523 1411 5575 credendus
1440 5530 1535 5586 est,
1556 5523 1716 5589 quod.

662 5590 683 5620 ³
711 5591 849 5645 Idem
881 5596 1022 5657 cod.,
1056 5605 1304 5658 sanctum,
1331 5602 1376 5645 ct
1405 5608 1505 5645 non
1538 5592 1836 5646 morientur.
1873 5590 2012 5656 Quid
2036 5590 2165 5644 Osia

593 5660 732 5732 ﬁlius
761 5662 1367 5732 Aminadabparumneoe
1393 5663 1576 5732 putuit.
1604 5663 1909 5731 Legendum
1934 5671 2015 5717 est
2035 5663 2168 5717 Oza:

594 5731 853 5787 llebraice
876 5742 1000 5797 mu;
1030 5730 1212 5787 Cra-ce
1237 5737 1360 5798 οζά.
1399 5730 1561 5787 Filius
1597 5730 1788 5787 dicitur
1816 5732 2082 5787 Abinadab
2112 5734 2167 5789 in

665 5894 694 5929 ⁸
718 5891 1020 5970 [tegendum
1054 5889 1283 5962 videtur,
1313 5906 1413 5945 non
1432 5899 1773 5949 conservetur.

2250 3343 2350 3397 loci
2384 3344 2528 3397 illius
2550 3342 2657 3397 Oza
2694 3351 2719 3379 ι
2751 3342 2794 3393 ⁸.
2825 3342 3047 3411 l‘rOptcr
3088 3341 3229 3411 quod
3279 3342 3436 3396 etiam
3483 3338 3687 3408 David,
3746 3336 3832 3409 qui

2248 3449 2365 3489 eam
2413 3434 2743 3489 laetabundus
2789 3435 3060 3488 adducens
3124 3432 3459 3502 praecedebat
3509 3446 3630 3486 cum
3691 3431 3833 3485 omni

2247 3523 2433 3593 Israel,
2471 3527 2719 3580 extimuit
2758 3526 3043 3580 Dominum
3077 3525 3126 3579 in
3170 3526 3257 3579 illa
3303 3525 3390 3579 die
3428 3524 3617 3578 dicens
3653 3541 3664 3574 :
3703 3524 3835 3589 Quo-

2248 3619 2401 3673 modo
2425 3620 2739 3689 ingredietur
2768 3635 2888 3672 arca
2920 3618 3128 3672 Domini
3144 3621 3212 3671 ad
3244 3633 3322 3671 me
3344 3614 3395 3687 (1
3406 3617 3428 3669 l
3462 3618 3591 3687 Reg.
3638 3631 3717 3679 vt,
3746 3614 3837 3685 9)!

2250 3724 2304 3769 et
2328 3714 2498 3768 noluit
2526 3715 2794 3768 divertere
2816 3712 2880 3766 ad
2922 3728 2980 3767 se
3005 3728 3182 3767 arcam
3214 3711 3445 3765 Domini.
3475 3710 3532 3765 Si
3559 3709 3840 3764 exiStima-

2251 3808 2450 3863 tionem
2479 3807 2659 3863 cordis
2691 3808 2827 3862 male
2858 3808 3163 3878 prmsuinpti
3194 3808 3490 3878 sequimur,
3523 3822 3705 3860 nonne
3727 3820 3841 3858 nn-

2249 3904 2331 3973 gis
2362 3903 2493 3957 illud
2524 3902 2861 3971 plectendum
2885 3900 3184 3967 videbitur,
3219 3914 3396 3953 arcam
3431 3899 3637 3952 DOtltllli
3679 3914 3837 3968 quam

2251 3996 2469 4065 putabat
2520 4008 2639 4048 esse
2684 4008 2953 4057 casuram,
3006 4008 3111 4047 non
3155 3992 3433 4046 continere
3474 4004 3593 4045 cum
3622 3988 3844 4059 posset?

2254 4086 2359 4142 Sed
2386 4101 2480 4157 pro
2509 4084 2672 4140 divini
2706 4085 2897 4139 timore
2930 4084 2950 4114 '
2985 4082 3265 4153 praecepti,
3307 4097 3414 4136 non
3465 4096 3559 4149 pro
3613 4090 3846 4134 temera-

2255 4181 2454 4235 riorutn
2485 4179 2811 4248 susiiicione,
2866 4178 3106 4247 judicare
3154 4176 3433 4231 debemus.
3483 4174 3614 4228 Nam
3666 4174 3714 4228 is
3756 4174 3846 4241 qui

2256 4271 2457 4326 Levitis
2497 4270 2797 4325 nuntiatum
2837 4284 2957 4323 esse
3002 4268 3303 4323 didicerat:
3338 4266 3458 4321 Non
3497 4275 3847 4337 tangenlsam

2257 4372 2361 4428 cta,
2391 4378 2453 4415 ne
2494 4367 2799 4429 moriantur,
2856 4360 3122 4428 quomodo
3181 4358 3415 4428 legitime
3442 4365 3622 4425 posset
3674 4359 3847 4409 inter-

2260 4458 2395 4513 dicta
2420 4454 2750 4524 contingere,
2785 4453 2871 4523 qui
2906 4452 3029 4508 licet
3074 4454 3125 4505 in
3157 4450 3399 4504 districto
3428 4447 3685 4515 temporis
3714 4446 3845 4501 arti-

2260 4554 2398 4621 culo,
2449 4568 2553 4607 non
2590 4552 2871 4621 repentino
2920 4564 3115 4619 pavore
3160 4548 3393 4600 nutantis
3425 4558 3564 4598 arere
3616 4543 3845 4609 moveri,

2259 4645 2352 4699 sed
2401 4644 2741 4700 observantia
2770 4642 2790 4673 ⁸
2832 4641 2997 4696 divini
3046 4639 3295 4710 praecepti
3347 4636 3566 4692 retineri
3626 4634 3846 4689 debuit!

2258 4738 2390 4793 Cum
2422 4738 2581 4808 igitur
2610 4738 2714 4792 Oza
2735 4777 2750 4801 ,
2782 4751 2885 4789 non
2916 4748 2981 4789 ex
3020 4733 3294 4801 proposito
3319 4731 3647 4798 consilioque
3677 4738 3846 4781 trans-

2259 4845 2493 4900 gressus,
2524 4828 2616 4883 sed
2648 4827 2869 4897 inopino
2898 4835 2953 4882 et
2980 4827 3199 4880 fortuito
3228 4839 3356 4879 casu
3388 4830 3727 4892 praeventus,
3753 4833 3847 4887 pro

2260 4925 2378 4979 solo
2408 4922 2711 4977 inconsulto
2737 4930 2878 4975 tactu
2910 4928 3206 4974 extremum
3236 4932 3346 4972 suae
3370 4914 3690 4970 temeritatis
3721 4926 3848 4978 sup-

2263 5016 2479 5087 plicium
2508 5014 2610 5069 luit
2634 5031 2646 5066 :
2672 5029 2772 5083 qua
2803 5010 3063 5082 probabili
3091 5010 3300 5066 ratione
3331 5006 3627 5064 Marcianus
3666 5009 3845 5073 Augu-

2273 5384 2415 5431 testu
2450 5377 2709 5432 Hebraico
2749 5382 2806 5431 et
2828 5373 3051 5443 Vulgata
3081 5370 3339 5434 editione,
3372 5366 3425 5421 in
3457 5362 3641 5421 Graeca
3669 5370 3847 5418 autem

2270 5448 2578 5514 Aminadab,
2608 5449 2699 5502 lib.
2725 5446 2766 5500 ll
2794 5447 2949 5515 Reg.,
2976 5459 3093 5509 cap.
3119 5456 3195 5515 AVI.

2344 5517 2366 5548 ⁸
2396 5520 2537 5574 ldcm
2565 5506 2714 5583 cod.,
2747 5506 3002 5586 percussio
3034 5506 3181 5567 Ozia.
3217 5508 3521 5581 Legendum
3554 5506 3683 5563 01a.

2345 5589 2367 5621 '
2395 5590 2537 5644 Idem
2564 5593 2711 5654 cod.,
2743 5596 2935 5641 tenore.

2345 5661 2365 5692 ‘
2384 5661 2529 5717 Idem
2550 5659 2697 5729 cod.,
2726 5657 2908 5715 sedula
2934 5656 3269 5712 observantia.
