4104 6360
143 321 279 369 an
1041 303 1176 362 PRO
1215 297 1638 360 DEFENSIONE
1678 291 1892 351 TRIUM
1922 289 2237 350 CAPlTUL.
2272 289 2403 346 LID.
2443 285 2557 341 XII.
3352 277 3458 333 8ίὲ

142 439 318 494 stus,
356 439 475 497 qum
503 423 643 495 apud
696 419 1086 477 Chalcedonam
1132 418 1418 474 constituta
1462 423 1586 468 sunt
1617 413 1657 477 ¹,
1708 409 1762 463 in
1793 409 1844 470 Α
1873 407 1954 462 vel
2003 396 2166 460 unﬁm
2219 404 2427 474 apicem
2482 411 2791 497 possumus,
2826 402 2933 497 aut
2962 407 3320 497 commovere,
3371 404 3464 448 aut

147 489 622 588 discepiationem
650 527 899 568 revocare
931 507 1309 581 prtcsutneret?
1340 506 1446 561 Sed
1467 505 1609 560 enim
1636 516 1770 570 pra:-
1874 507 2208 552 commutare
2255 510 2444 551 eorum
2492 509 2611 564 qua:
2639 492 2777 563 apud
2825 490 2972 545 illam
3011 489 3225 545 deﬁnita
3255 498 3400 544 sunt.

153 577 516 663 dictatoribus
542 605 796 670 veritatis,
829 577 977 673 quasi
1011 601 1197 664 bobus,
1229 601 1294 653 de
1325 597 1517 668 quibus
1538 595 1767 649 dicitur:
1877 588 1944 642 Et
1969 590 2160 642 iterum
2185 603 2199 640 :
2228 603 2248 638 ι
2281 583 2574 653 Quoniam,
2606 583 2747 638 sicut
2786 580 2884 637 soli
2913 579 3050 634 nihil
3080 581 3256 634 minus
3281 589 3363 634 est
3395 577 3463 632 ad

158 695 318 755 Bovi
341 696 606 750 trituranti
649 711 707 748 os
741 709 842 746 non
884 691 1161 761 inii-maliis
1196 689 1244 760 (Ι
1277 688 1394 743 Cor.
1422 702 1494 746 ιι.
1527 683 1606 755 9),
1635 697 1772 737 non-

160 804 466 859 nunquam
495 768 682 843 contra
708 784 979 839 stimulum
1012 780 1410 837 calcitrantihus
1439 777 1647 832 videtur
1675 775 1775 828 Ec-

165 881 380 948 clesia,
405 879 556 948 cujus
577 877 648 932 illi
674 886 916 931 vectores
944 875 1295 940 doctoresque
1318 869 1519 935 ’,vclut
1545 881 1663 921 arca
1689 865 1775 918 illa

168 981 418 1035 nutare;
448 969 541 1024 sed
576 983 679 1021 non
709 977 792 1022 est
822 963 940 1020 Ou-
971 963 1132 1018 olﬁcii
1175 961 1472 1016 continere.
1518 955 1779 1012 Prmcedit

170 1065 342 1120 illam
369 1076 497 1116 suus
525 1059 709 1123 David,
742 1059 829 1129 qui
863 1057 1078 1111 deducit
1118 1055 1394 1108 exsultans
1419 1069 1436 1106 :
1466 1051 1578 1120 ipse
1619 1062 1780 1102 manu

174 1159 350 1213 fortis
381 1155 714 1210 invisibiliter
744 1168 858 1208 eam
891 1152 1053 1221 regit,
1087 1165 1180 1222 per
1206 1163 1340 1218 quos
1370 1161 1488 1200 eam
1518 1143 1626 1213 regi
1649 1157 1782 1195 con-

177 1246 395 1305 stituit.
423 1249 487 1303 Et
513 1247 631 1302 ideo
661 1260 848 1301 nutare
893 1241 1107 1315 quidem
1149 1249 1356 1309 potest,
1402 1238 1595 1292 cadere
1643 1251 1782 1288 nuu-

182 1357 361 1412 quam
391 1347 586 1410 potest.
616 1337 755 1392 Nihil
788 1339 945 1405 ig'tur
977 1335 1140 1388 habes
1160 1375 1175 1400 ,
1205 1332 1333 1394 01a,
1381 1329 1524 1400 quod
1568 1325 1786 1380 simula-

183 1434 352 1488 tione
375 1433 473 1502 piae
495 1429 868 1484 sollicitudinis
897 1425 1170 1480 excuseris
1188 1465 1201 1486 ,
1227 1422 1349 1492 quia
1380 1420 1561 1474 divino
1584 1417 1786 1486 judicio

184 1541 304 1595 pro
328 1523 630 1579 temeritate
675 1519 986 1589 perculeris.
1045 1517 1136 1570 llis
1179 1524 1356 1568 autem
1398 1521 1559 1581 atque
1605 1508 1785 1577 hujus-

189 1617 355 1673 modi
387 1614 684 1670 rationibus
713 1621 765 1666 et
793 1609 1054 1678 exemplis
1078 1617 1311 1676 augusta:
1338 1603 1612 1658 memoria:
1655 1600 1791 1653 Mar-

189 1709 417 1762 cianum
445 1705 831 1759 communitum
856 1710 912 1756 et
939 1703 1185 1754 edoctum
1212 1696 1375 1749 fuisse
1411 1691 1666 1746 credibile
1685 1700 1787 1752 εει,

1876 678 2350 733 demonstrandum
2383 675 2503 744 quia
2528 675 2607 728 sol
2637 683 2747 739 est;
2779 673 2857 728 sic
2896 682 2952 727 et
2979 686 3168 741 magna
3199 681 3253 726 et
3280 681 3469 725 sancta

1878 781 1934 826 et
1978 770 2263 825 universali
2303 766 2509 838 synodo
2555 763 2982 820 Chalcedonensi
3024 764 3202 817 minus
3254 762 3472 832 quidem

1881 863 2142 917 bonorum
2171 861 2300 914 nihil
2325 859 2544 913 omnino
2569 868 2672 921 est,
2700 870 2873 926 neque
2899 855 3266 912 additamento
3291 855 3474 924 aliquo

1881 964 2024 1025 eget,
2058 969 2230 1024 neque
2257 952 2608 1014 detractione,
2641 951 2708 1006 ab
2731 949 2930 1017 Spiritu
2954 959 3142 1003 sancto
3185 948 3349 1004 veluti
3393 946 3476 1002 di-

1883 1049 2009 1102 vino
2036 1047 2265 1117 quodam
2293 1045 2409 1100 sole
2438 1045 2459 1076 '
2487 1042 2720 1096 condita.
2754 1040 2961 1095 Etenim
2990 1040 3081 1108 qui
3114 1041 3166 1094 in
3190 1054 3252 1094 ea
3283 1054 3476 1094 secun-

1884 1140 2009 1194 dum
2041 1148 2248 1208 tempus
2277 1137 2515 1192 damnati
2541 1143 2686 1199 sunt,
2717 1133 2922 1204 indigni
2948 1132 3296 1188 sacerdotalis
3326 1132 3476 1186 ordi-

1887 1232 1970 1287 nis
1992 1229 2243 1301 judicati,
2275 1230 2498 1284 decreto
2522 1243 2585 1282 ac
2609 1226 2809 1297 judicio
2843 1223 3020 1294 magni
3064 1223 3159 1278 Dci
3205 1222 3348 1277 velut
3377 1223 3478 1276 im-

1889 1326 1960 1394 pii
1990 1325 2329 1379 condemnati
2362 1329 2506 1376 sunt.
2545 1319 2647 1388 Qui
2692 1335 2820 1374 vero
2868 1320 2922 1372 in
2954 1332 3018 1372 ea
3060 1316 3293 1386 suscepti
3330 1327 3476 1380 sunt,

1891 1417 2140 1485 injustam
2172 1424 2224 1470 et
2267 1413 2598 1485 tyrannicam
2638 1421 2762 1467 ante
2805 1410 3136 1466 sustinentes
3175 1407 3480 1477 inscriptio-

1893 1523 2039 1571 nem,
2059 1506 2342 1561 confestim
2370 1507 2587 1560 decreto
2608 1503 2779 1558 sancti
2811 1501 3044 1571 Spiritus
3068 1499 3212 1567 juste
3249 1498 3481 1567 suscepti

1895 1606 2058 1652 sunt:
2085 1598 2139 1652 in
2167 1598 2359 1666 quibus
2388 1605 2472 1651 est
2515 1603 2570 1649 et
2617 1604 2924 1649 nostroxum
2955 1602 3254 1662 temporum
3293 1605 3482 1646 secun-

1898 1690 1998 1745 dus
2047 1690 2204 1754 Abel,
2237 1689 2424 1744 beatus
2456 1687 2756 1742 Flavianus.
2798 1705 2817 1739 ι
2863 1685 2944 1742 Ad
2975 1684 3091 1740 ltrec
3136 1684 3317 1740 omnia
3359 1699 3484 1738 ton-

193 1812 275 1852 ne
301 1793 512 1864 imperii
540 1793 642 1848 sibi
669 1792 940 1847 commissi
971 1791 1218 1844 decorem
1246 1785 1404 1839 alieni
1431 1783 1592 1836 orticii
1635 1796 1792 1834 usur-
1829 1787 1871 1845 Β
1903 1790 2238 1852 tempserunt
2267 1781 2564 1847 attendere,
2593 1779 2684 1850 qui
2728 1778 2796 1834 de
2837 1777 3103 1833 sententia
3141 1784 3302 1830 tanta:
3328 1789 3486 1845 syno-

190 1889 425 1959 pzitione
465 1887 712 1942 fwdaret.
757 1883 909 1952 Quod
965 1882 1009 1935 si
1062 1881 1224 1935 etiam
1271 1878 1449 1930 minus
1472 1875 1588 1943 ejus
1617 1873 1796 1927 animo

192 1996 329 2050 qua:
376 1978 790 2034 memoravimus
823 1979 1168 2029 occurrerent
1208 1968 1264 2035 ³,
1297 1968 1598 2021 modestum
1622 1965 1796 2018 virum

193 2087 306 2126 sua
353 2071 534 2142 procul
581 2070 742 2124 dubio
770 2068 905 2122 ratio
938 2065 1276 2133 temperavit,
1324 2076 1426 2129 qua
1463 2060 1700 2128 cogitare
1745 2066 1801 2110 et

196 2178 375 2218 nosse
407 2161 654 2216 facillime
703 2158 910 2228 potuit,
963 2155 1162 2210 Christi
1206 2151 1372 2206 solius
1416 2165 1536 2204 esse
1579 2164 1799 2218 regnum

196 2268 334 2306 cum
391 2251 689 2305 sacerdotio
728 2247 884 2303 simul
926 2245 1124 2300 habere
1175 2260 1188 2294 :
1247 2241 1498 2311 quoniam
1546 2239 1647 2295 etsi
1686 2240 1802 2308 qui-

197 2343 334 2395 dam
361 2343 590 2410 regesin
632 2341 748 2409 ejus
779 2337 991 2394 venturi
1033 2334 1252 2404 ﬁguram
1289 2331 1591 2388 sacerdotio
1635 2330 1802 2385 functi

199 2442 360 2498 Sunt,
386 2436 564 2483 tamen
591 2444 709 2484 eum
736 2428 1028 2498 :manilesm
1077 2427 1166 2482 lux
1193 2427 1406 2481 veniret
1438 2424 1488 2478 in
1523 2421 1798 2489 mundum,

200 2520 434 2573 umbras
465 2534 743 2573 removens
767 2517 1062 2573 futurorum
1086 2557 1101 2583 ,
1132 2517 1261 2570 nulli
1290 2515 1443 2570 alteri
1475 2512 1623 2568 dedit
1661 2514 1802 2582 quo-.l

202 2611 317 2665 sibi
362 2609 632 2678 singulare
682 2609 941 2672 servavit;
975 2607 1071 2661 sed
1125 2608 1178 2660 in
1231 2607 1474 2660 diversos
1521 2602 1659 2657 dona
1710 2615 1803 2655 sua

204 2699 573 2763 distribuens,
607 2697 683 2752 sic
709 2713 826 2768 qua:
861 2697 1072 2765 propria
1110 2706 1234 2749 sunt
1275 2691 1630 2757 sacerdotii‘,
1669 2691 1808 2760 ι·εεί-

205 2793 317 2846 bus
362 2791 656 2846 interdixit.
688 2789 947 2856 Quocirca
985 2786 1434 2856 quemadmodum
1472 2785 1554 2839 vir
1595 2784 1810 2851 sapiens

209 2896 328 2935 non
365 2882 638 2948 profanum
664 2880 927 2948 judicaret
970 2879 1070 2930 hoc
1098 2876 1238 2930 velle
1265 2874 1464 2938 videri,
1492 2873 1632 2943 quod
1663 2874 1810 2926 solus

207 2983 298 3026 est
332 2970 612 3025 Christus?
660 2969 764 3023 Sed
799 2983 920 3022 cum
953 2969 1034 3022 vel
1073 2967 1294 3022 decreto
1334 2966 1502 3020 sancti
1536 2975 1591 3019 et
1633 2964 1809 3033 magni

211 3063 458 3128 concilii,
491 3063 576 3115 vtl
604 3066 918 3114 auctoritate
944 3060 1107 3128 ipsius
1144 3059 1399 3127 principis
1437 3056 1716 3120 Marciani,
1742 3057 1809 3110 ab

1900 1874 1954 1927 di
1985 1874 2097 1928 ausi
2122 1883 2246 1928 sunt
2271 1873 2540 1940 judicare,
2572 1872 2942 1926 existimantes
2989 1869 3110 1940 quia
3162 1869 3246 1923 vel
3298 1868 3488 1923 deess-

1902 1967 1976 2018 illi
2021 1965 2192 2033 potuit
2239 1962 2438 2033 aliquid
2491 1961 2632 2032 quod
2681 1961 2950 2030 supplere,
3002 1959 3085 2014 vel
3143 1959 3317 2014 inesse
3346 1957 3485 2027 quod

1901 2055 2192 2109 emendare
2235 2053 2514 2108 deberent.
2567 2051 3026 2106 Considerandum
3074 2065 3206 2105 vero
3252 2059 3334 2103 est
3371 2064 3490 2117 qua:

1904 2144 2103 2198 fuerint
2153 2144 2244 2198 illo
2293 2153 2539 2212 tempore
2577 2141 2893 2198 Christiana:
2939 2141 3198 2196 libertatis
3248 2139 3302 2193 in
3333 2155 3489 2210 quant

1903 2249 2089 2290 Sumus
2117 2235 2289 2289 vocati
2318 2248 2598 2304 responsa,
2631 2248 2752 2288 cum
2788 2232 2898 2287 Leo
2935 2231 3370 2301 religiosissimus
3398 2233 3490 2286 itu-

1905 2333 2142 2395 perator,
2173 2341 2280 2381 non
2307 2325 2374 2381 de
2405 2325 2684 2394 temporali
2717 2333 2980 2394 potestate
3004 2339 3162 2394 quam
3191 2334 3490 2394 acceperat,

1905 2417 2215 2471 sacerdotes
2266 2416 2361 2471 Dei
2411 2424 2668 2481 terreret,
2699 2416 2794 2470 sed
2826 2416 3002 2485 potius
3037 2425 3224 2470 contra
3249 2417 3493 2470 timorem

1907 2503 2199 2559 humanum
2233 2505 2478 2560 timorem
2526 2505 2607 2559 eis
2651 2505 2742 2559 Dei
2785 2506 3168 2574 omnipotentis
3209 2506 3494 2561 incuteret.

1907 2596 2151 2651 Aitenim
2179 2594 2571 2664 :tRespondete
2601 2595 2716 2651 sine
2737 2595 2912 2664 aliquo
2945 2597 3136 2652 timore
3159 2596 3414 2664 humano,
3442 2610 3496 2652 et

1907 2689 2023 2744 sine
2048 2689 2214 2758 gratia
2244 2688 2470 2756 alicujus
2498 2696 2552 2742 et
2577 2687 2721 2752 odio,
2743 2698 2867 2743 ante
2893 2690 3076 2744 oculos
3101 2698 3304 2744 tantum
3335 2691 3497 2744 timo-

1908 2794 2020 2834 rem
2043 2779 2134 2834 Dei
2155 2780 2532 2848 omnipotentis
2546 2789 2824 2848 ponentes.
2849 2799 2867 2832 ›
2887 2780 2996 2835 Nec
3008 2782 3106 2835 sibi
3119 2795 3213 2836 eos
3235 2784 3495 2837 rationem

1911 2871 2079 2940 ipsius
2104 2884 2216 2926 sua:
2247 2870 2610 2940 responsionis
2639 2870 2858 2925 daturos
2899 2886 3021 2926 esse
3069 2873 3408 2940 prtcmonuit,
3441 2884 3502 2926 ιιι

1910 2963 2014 3018 dici
2046 2963 2270 3018 forsitan
2300 2967 2489 3033 possit,
2527 2963 2628 3018 hoc
2657 2978 2754 3019 eos
2783 2965 3124 3034 respondisse
3150 3005 3166 3030 ,
3195 2965 3337 3035 quod
3383 2966 3504 3036 ejus

1912 3057 2092 3110 animo
2124 3057 2442 3125 placiturum
2470 3057 2773 3123 crederent,
2805 3056 2892 3125 qui
2919 3056 2996 3110 eis
3024 3056 3158 3110 dixit
3196 3074 3207 3108 :
3248 3075 3268 3110 ι
3305 3058 3500 3114 Scituri

213 3156 600 3208 haereticorum
667 3152 1038 3208 collisionibus
1113 3152 1460 3220 requiescens
1527 3148 1806 3219 Ecclesia,
1841 3153 1886 3215 Ο
1919 3146 2061 3217 quod
2094 3147 2292 3202 divinae
2340 3147 2606 3217 majestati
2649 3147 2714 3204 de
2759 3163 2916 3203 causa
2963 3148 3266 3218 ltujusmodi
3309 3151 3506 3207 dabitis

217 3256 414 3316 postea
460 3246 637 3299 Leone
698 3245 750 3298 in
793 3243 1076 3312 imperium
1123 3241 1474 3306 succedente,
1514 3255 1698 3295 rursus
1725 3255 1817 3294 eo-

216 3353 346 3393 rum
380 3337 696 3391 factionibus
728 3337 1057 3404 pulsarctur;
1083 3336 1269 3390 volens
1297 3350 1393 3389 eos
1427 3349 1530 3388 non
1575 3348 1672 3388 sua
1703 3345 1818 3387 tan-

219 3435 370 3491 tum,
401 3426 495 3480 sed
521 3427 789 3480 communi
816 3425 1065 3480 Ecclesia:
1096 3427 1444 3496 reSponsione
1471 3424 1814 3490 contundere,

221 3518 335 3573 hoc
364 3525 418 3573 et
448 3517 562 3586 ipse
585 3516 708 3571 fecit
737 3516 880 3586 quod
911 3518 1289 3586 imperatorem
1338 3517 1518 3572 decuit
1559 3516 1822 3571 Christia-

221 3622 383 3672 num,
419 3617 474 3661 ut
506 3622 599 3678 per
629 3609 1068 3678 metropolitanos
1097 3610 1379 3680 episcopos
1412 3610 1619 3665 litteras
1655 3625 1818 3680 gene-

225 3698 374 3753 rales
405 3698 659 3766 mitteret,
681 3701 967 3756 consulens
1007 3701 1074 3756 de
1122 3701 1406 3756 Timotheo
1454 3702 1822 3756 Alexandrino

229 3789 490 3859 episcopo
519 3791 818 3859 parricida,
870 3793 956 3848 vel
1001 3791 1069 3847 de
1115 3793 1539 3848 Chalcedonensi
1569 3795 1820 3859 concilio,

231 3891 296 3934 ut
334 3881 773 3936 convenientibus
799 3897 981 3937 secum
1019 3883 1348 3954 coepiscopis
1380 3885 1491 3939 suis
1535 3892 1590 3938 et
1615 3885 1825 3939 clericis

233 3985 334 4027 sua
360 3973 709 4041 responsione
735 3974 1010 4043 signarent
1036 3975 1161 4043 quid
1188 3977 1266 4028 eis
1300 3975 1591 4029 videretur.
1623 3974 1826 4038 Quibus

234 4065 439 4120 litteris
470 4066 569 4121 hoc
594 4081 808 4137 quoque
837 4066 1192 4136 adjiciendum
1216 4066 1496 4135 judicavit,
1516 4065 1783 4121 utdicert-t
1810 4084 1823 4120 :

237 4154 584 4223 ﬂespondete
606 4157 722 4210 sine
750 4156 928 4225 aliquo
961 4156 1179 4221 timore,
1209 4164 1266 4210 et
1303 4155 1420 4209 sine
1460 4156 1628 4224 gratia
1659 4155 1826 4208 alicu-

239 4245 328 4315 jus
353 4255 407 4300 et
425 4247 571 4313 odio,
607 4260 730 4302 ante
751 4249 935 4301 oculos
959 4256 1132 4301 tamen
1172 4247 1416 4301 timorem
1469 4247 1560 4300 Dei
1588 4247 1832 4312 omnipo-

242 4338 406 4392 tentis
455 4347 748 4406 ponentes,
799 4337 986 4394 scituri
1032 4337 1171 4407 quod
1203 4333 1404 4392 'divinte
1452 4337 1716 4405 majestati
1765 4338 1831 4391 de

243 4440 406 4482 causa
436 4427 739 4497 bujusmodi
761 4429 957 4484 dabitis
981 4430 1262 4482 rationem.
1305 4429 1396 4482 liis
1421 4444 1549 4498 ergo
1574 4430 1827 4496 acceptis,

1919 3241 2200 3296 rationem.
2242 3258 2260 3292 ι
2288 3239 2439 3306 Quod
2467 3241 2557 3294 ille
2589 3241 2838 3310 princeps
2860 3256 2964 3294 non
2997 3257 3091 3310 pro
3113 3242 3224 3296 sola
3247 3243 3508 3298 Christia-

1921 3347 2002 3386 na:
2031 3331 2304 3401 religionis
2333 3331 2610 3402 disciplina
2660 3341 2714 3386 et
2769 3331 3106 3387 observantia
3152 3332 3354 3390 dixisse
3393 3349 3510 3390 cre-

1920 3426 2128 3481 dendus
2157 3435 2260 3491 est,
2291 3442 2475 3482 verum
2507 3428 2666 3482 etiam
2707 3427 2845 3496 quod
2879 3428 3018 3482 nulla
3065 3439 3374 3483 coactorum
3415 3429 3510 3484 de—

1919 3528 2189 3573 cretorum
2216 3532 2336 3574 esse
2360 3518 2527 3588 possit
2557 3520 2878 3585 auctoritas,
2913 3528 2967 3573 et
3013 3528 3267 3574 extremas
3307 3519 3376 3574 sit
3417 3535 3513 3574 va-

1923 3611 2102 3666 nitatis
2145 3611 2224 3667 vel
2254 3610 2492 3680 proferre
2536 3610 2794 3666 adversus
2823 3610 3053 3679 aliquem
3079 3650 3092 3673 ,
3139 3611 3224 3666 vel
3270 3611 3513 3682 recipere

1924 3706 2243 3760 sententiam
2275 3704 2524 3774 potestati
2555 3717 2866 3760 concessam
2903 3721 2916 3756 :
2948 3719 3068 3758 cum
3097 3713 3152 3759 et
3200 3705 3372 3774 ipsum
3410 3720 3512 3758 no-

1927 3811 2048 3850 tnen
2080 3796 2360 3851 sententia:
2387 3806 2590 3864 pereat,
2620 3794 2836 3862 quando
2866 3808 2970 3848 non
3000 3793 3128 3847 illud
3159 3793 3355 3847 dicitur
3369 3794 3512 3861 quod

1927 3889 2174 3940 sentitur.
2205 3886 2356 3941 Unde
2393 3900 2490 3939 nec
2521 3884 2722 3954 aliquid
2760 3893 3040 3953 praestatur
3069 3898 3245 3938 causae.
3294 3883 3362 3938 de
3408 3899 3514 3954 qua

1928 3976 2006 4031 sic
2035 3977 2194 4031 fuerit
2221 3975 2551 4044 judicatum,
2593 3982 2649 4029 et
2675 3975 3164 4029 contradicentibus
3195 3975 3419 4030 multum
3447 3991 3515 4030 ex

1931 4067 2033 4120 hoc
2066 4067 2332 4121 ﬁrmitatis
2359 4065 2590 4121 accedit.
2639 4065 2982 4120 Convincitur
3033 4067 3178 4121 enim
3230 4082 3336 4121 non
3370 4077 3518 4121 recte

1931 4155 2156 4223 quisque
2179 4154 2484 4224 judicasse,
2516 4154 2656 4224 quod
2697 4153 3052 4222 compelfente
3089 4156 3195 4208 alio
3235 4155 3515 4225 judicavit.

1935 4248 2068 4302 llinc
2098 4247 2383 4317 aliquando
2408 4247 2519 4316 jam
2549 4247 2864 4300 Cntlltll‘bala
2891 4246 2990 4300 fuit
3023 4247 3282 4314 Ecclesia,
3311 4261 3430 4304 cum
3464 4256 3519 4303 in

1933 4352 1993 4391 ea
2026 4339 2125 4392 sibi
2157 4337 2430 4392 saecularis
2458 4344 2694 4405 potestas
2733 4351 2826 4406 per
2856 4337 3228 4406 imperatorem
3259 4337 3522 4394 Constan-

1937 4427 2064 4481 tium
2092 4428 2230 4494 quod
2262 4428 2309 4481 ei
2340 4442 2445 4482 non
2472 4427 2653 4481 datum
2675 4437 2757 4482 est
2789 4438 3090 4493 usurparet.
3123 4428 3226 4483 Pro
3263 4446 3368 4499 quo
3394 4431 3522 4488 bea-

246 4517 410 4573 iidem
443 4520 834 4589 metrOpolitani
862 4536 984 4575 cum
1033 4521 1145 4574 suis
1196 4519 1434 4589 collegis,
1482 4519 1621 4574 sicut
1677 4534 1825 4575 erant
1862 4519 1908 4578 Ι)
1938 4530 2022 4572 ιιιε
2053 4519 2286 4573 ΙΙίῐει-ἱιιε
2314 4517 2367 4573 in
2399 4517 2624 4587 epistola
2651 4518 2803 4588 cujus
2836 4529 3038 4589 partem
3069 4521 3121 4575 in
3152 4521 3362 4578 decimo
3385 4524 3523 4579 libro

247 4611 585 4676 commoniti,
617 4611 688 4666 de
735 4628 828 4666 sua
859 4613 1082 4682 quisque
1120 4613 1392 4680 provincia
1438 4613 1831 4681 responderunt

250 4709 357 4755 tam
389 4703 641 4757 cancordi
671 4711 830 4771 atque
867 4704 1130 4758 constanti
1178 4704 1441 4759 sententia
1463 4743 1479 4770 ,
1510 4719 1667 4775 quam
1698 4707 1832 4759 solet

254 4796 454 4850 multos
480 4795 632 4849 unire
658 4795 880 4862 spiritus
921 4798 1182 4852 veritatis.
1222 4797 1354 4852 Nam
1385 4798 1509 4853 licet
1546 4813 1577 4853 e
1606 4798 1832 4853 diversis

256 4885 520 4952 longeque
545 4884 862 4939 distantibus
893 4889 1024 4942 locis
1060 4887 1214 4952 data,
1266 4889 1398 4942 nihil
1429 4898 1602 4943 tamen
1631 4889 1832 4943 habue-

256 4985 382 5031 runt
421 4976 662 5028 omnium
720 4991 978 5045 responsa
1019 4979 1313 5042 diversum,
1362 4981 1554 5049 quibus
1583 4980 1833 5034 decreve-

259 5075 379 5123 runt
410 5066 865 5121 irretractabiliter
903 5083 1024 5124 esse
1054 5070 1400 5125 custodienda
1431 5070 1837 5124 Chalcedonen-

261 5164 334 5219 sis
363 5165 576 5218 tlecreta
600 5162 810 5217 concilii
839 5183 852 5218 :
886 5173 1265 5233 protestantes,
1289 5166 1423 5218 sicut
1449 5166 1584 5219 libro
1609 5169 1843 5218 secundo

263 5257 366 5327 jam
413 5253 860 5323 memoravimus,
910 5264 1068 5325 atque
1119 5255 1359 5311 dicentes
1390 5274 1402 5311 :
1439 5275 1456 5308 ι
1487 5256 1668 5327 Neque
1698 5256 1802 5312 iota
1827 5257 1847 5287 ⁸

338 5505 354 5536 ⁸
371 5501 506 5557 Cod.
521 5503 745 5568 Veron.,
769 5503 1042 5558 constituta
1064 5512 1179 5555 sunt
1205 5502 1254 5554 in
1279 5502 1491 5554 concilio
1513 5511 1766 5557 rectorum
1793 5509 1838 5552 ει

269 5575 652 5644 congregatione
678 5589 863 5644 magna
884 5590 1034 5643 opera
1069 5573 1268 5625 Domini
1298 5574 1547 5642 exquisita
1585 5575 1634 5627 in
1665 5589 1837 5626 omnes

269 5643 543 5698 voluntates
569 5647 698 5713 ejus,
729 5643 782 5696 iri
813 5644 1241 5713 disceptationem.

339 5717 359 5745 ¹
389 5713 531 5783 idem
555 5712 698 5776 cod.,
725 5712 1210 5783 doctoresqueaunt,
1234 5715 1384 5770 velut.

339 5785 358 5817 ³
384 5781 526 5839 ldetn
556 5782 700 5846 cod.,
733 5781 1075 5837 occurrerunt.

250 5907 292 5936 ιι
549 5871 820 5932 Ριτιιοι..
868 5872 1120 5933 LXVII.

1939 4612 2252 4681 promlimus
2273 4653 2288 4678 ,
2322 4612 2532 4666 dicebat
2559 4629 2570 4663 :
2601 4629 2618 4662 ι
2658 4610 2783 4665 Post
2813 4614 3037 4666 multum
3067 4624 3122 4669 et
3165 4631 3379 4686 gravem
3410 4633 3524 4673 om-

1939 4705 2085 4760 nium
2118 4717 2359 4760 nostrum
2388 4705 2458 4758 ob
2498 4719 2590 4757 eas
2629 4719 2716 4759 res
2745 4719 2864 4774 quae
2904 4705 3203 4777 irreligiose
3231 4708 3299 4762 ab
3343 4709 3526 4778 impiis

1938 4799 2260 4868 gerebantur
2289 4797 2552 4862 dolorem,
2585 4812 2648 4850 ex
2673 4811 2739 4850 eo
2768 4797 2902 4850 intra
2936 4811 3033 4851 nos
3063 4806 3264 4852 tantum
3294 4813 3527 4854 commu-

1941 4892 2030 4945 nio
2055 4890 2317 4943 dominica
2348 4891 2671 4952 continetur,
2701 4903 2765 4941 ex
2797 4903 2901 4957 quo
2928 4889 3008 4941 his
3041 4889 3528 4958 perturbationibus
3596 4883 3602 4890 ’

1940 4983 2126 5036 vexari
2151 4978 2392 5035 Ecclesia
2417 4989 2589 5045 empta
2612 4989 2714 5044 est,
2732 4989 2788 5033 ut
2807 4980 3322 5049 exsulcntepiscopi,
3347 4980 3526 5036 demu-

1943 5081 2121 5125 tentur
2151 5070 2483 5133 sacerdotes,
2518 5067 2698 5136 plebes
2741 5080 3060 5136 terreantur,
3093 5071 3224 5125 ﬁdes
3255 5072 3526 5139 periclite-

1949 5172 2052 5227 tur,
2088 5166 2319 5214 hutnano
2350 5161 2570 5214 arbitrio
2593 5176 2655 5215 ac
2677 5169 2941 5230 potestate
2965 5161 3220 5216 doctrina:
3247 5160 3529 5214 dominica:

1953 5255 2169 5311 decreta
2213 5263 2534 5310 statuantur.
2589 5273 2607 5306 ι
2663 5255 2864 5310 idcirco
2909 5255 3066 5324 igitur
3113 5255 3212 5325 pia:
3258 5255 3530 5310 memoria

2016 5499 2034 5528 "
2068 5500 2206 5555 idem
2238 5499 2384 5567 cod.,
2418 5501 2682 5571 sicutth
2708 5498 2913 5567 prapria
2947 5507 3063 5571 sum
3088 5501 3230 5571 regni
3258 5502 3532 5556 sacerdoti~

1947 5571 2056 5693 gas,
2098 5572 2170 5624 ita
2220 5586 2333 5638 quae
2379 5570 2590 5639 propria
2638 5579 2753 5622 sunt
2801 5569 3069 5623 sacerdotii
3125 5569 3325 5643 regibus
3371 5572 3531 5628 inter-

1986 5652 2096 5693 imit.

1986 5652 2096 5693 urit.

2020 5712 2040 5741 ⁸
2067 5711 2204 5764 Idem
2235 5709 2382 5773 cod.,
2410 5726 2565 5761 unum
2589 5709 2709 5763 iota.

2021 5780 2044 5812 ⁸
2075 5781 2214 5836 Idem
2240 5780 2386 5847 (ζυίΙἸ
2414 5782 2536 5834 sale.

3014 5871 3093 5931 27
