4104 6360
568 324 674 383 845

1648 316 1941 376 FACUND!
1982 316 2190 376 EPISC.
2230 316 2740 377 HERMIANENSIS

3764 318 3870 372 8“

570 443 679 499 Leo
704 439 938 511 quietem
967 449 1075 490 non
1104 430 1443 489 conturbavit
1472 429 1759 498 Ecclesiae,
1791 433 1913 501 quia
1942 446 2049 487 non
2070 446 2169 487 suo
2198 435 2246 495 Α
2273 432 2457 487 dinem
2502 447 2609 487 non
2655 426 2994 501 sequuntur?
3023 426 3190 484 Porro
3219 443 3340 486 cum
3367 429 3419 485 in
3444 430 3550 499 his,
3589 445 3715 503 qua:
3760 441 3876 488 tam

569 529 798 588 arbitrio
820 542 881 584 ac
912 533 1173 598 potesnitc
1212 526 1557 595 praesumpsit
1586 524 1844 579 doctrina:
1884 521 2167 580 dominica:

570 624 787 681 decreta
815 629 1074 683 statuere,
1106 630 1208 673 nec
1231 615 1516 686 quidquam
1540 613 1669 669 solis
1700 613 1963 670 creditum
1987 627 2167 668 sacer-

568 712 786 769 dotibus
821 707 1124 779 usurpavit.
1158 706 1294 762 llinc
1322 704 1490 759 etiam
1518 718 1638 774 quas
1678 702 2011 774 temporibus
2048 702 2167 773 ejus

568 804 787 861 deﬁnita
806 807 950 868 sunt,
973 798 1090 856 sine
1116 797 1275 855 ullius
1297 795 1576 852 violentias
1601 794 1910 850 causatione
1935 792 2165 848 ﬁdenter

574 896 846 955 haereticis
895 900 1291 964 opponuntur:
1329 887 1582 959 quoniam
1634 885 1809 943 sciens
1860 884 2001 956 quod
2048 890 2169 953 post

570 991 858 1048 adventum
880 984 1093 1043 Domini
1117 984 1350 1056 gentiles
1375 992 1577 1037 tantum
1596 980 1864 1051 principes
1883 977 2167 1048 imperium

571 1086 731 1143 simul
754 1081 1225 1151 sacerdotiumque
1263 1086 1575 1144 tenuerunt,
1613 1074 1875 1146 judicavit
1922 1088 2030 1130 non
2070 1072 2165 1127 de-

574 1196 699 1239 cere
724 1180 1023 1252 principem
1049 1175 1411 1233 Chrissianum
1436 1172 1577 1245 quod
1602 1170 1700 1226 fuit
1727 1169 2015 1240 aliquando
2039 1184 2169 1240 gen-

574 1274 769 1330 tilium.
801 1269 956 1339 Quod
982 1270 1025 1324 si
1057 1267 1320 1324 dominari
1350 1274 1626 1336 appeteret
1668 1262 1791 1317 ﬁdei
1818 1262 2165 1328 Christiana),

578 1362 724 1434 quod
760 1377 860 1418 nec
903 1360 1195 1432 Apostolus
1225 1355 1504 1429 appetivit,
1536 1355 1626 1425 qui
1654 1354 1825 1410 dixit:
1859 1352 1982 1408 Non
2034 1354 2169 1406 enim

578 1457 903 1512 dominamur
931 1453 1055 1523 ﬁdei
1093 1461 1290 1520 vestrm,
1338 1451 1426 1505 sed
1471 1450 1737 1520 adjutores
1776 1463 1952 1503 sumus
1994 1443 2169 1517 gaudii

577 1546 727 1602 vestri
755 1542 842 1616 (11
871 1542 990 1599 Cor.
1025 1559 1063 1609 t,
1094 1544 1211 1613 9.5),
1256 1542 1403 1611 prius
1445 1541 1559 1609 ipse
1608 1538 1748 1609 quod
1791 1537 1839 1594 ei
1888 1536 2169 1593 videbatur

576 1652 676 1708 pro
700 1636 851 1692 libito
878 1649 977 1691 suo
1008 1634 1330 1699 decernens,
1361 1641 1546 1701 postea
1578 1644 1910 1699 supervacue
1944 1628 2010 1683 ad
2043 1627 2170 1683 sub-

470 1790 475 1795 ,
576 1726 924 1783 scribendum
953 1722 1152 1779 Christi
1179 1720 1490 1778 sacerdotes
1518 1720 1828 1786 adduceret,
1860 1728 1917 1775 et
1954 1726 2169 1789 cogeret

2272 525 2527 580 Marciani
2566 524 2822 595 principis
2864 537 3024 593 quam
3055 522 3253 578 Leonis
3296 524 3634 594 temporibus
3664 525 3879 581 consti-

2269 625 2383 671 tuta
2414 624 2559 683 sunt,
2598 615 2730 670 nihil
2766 614 2996 670 habeant
3036 613 3491 686 Semicutychlani
3538 616 3692 687 quod
3730 632 3877 687 que-

2270 717 2477 775 rantur,
2530 722 2625 762 cur
2682 706 2918 762 fautores
2948 720 3134 762 eorum
3177 720 3311 760 nova
3372 707 3766 763 retractatione
3823 708 3877 764 in

2272 803 2485 857 irritum
2517 816 2578 857 ea
2607 800 2876 856 deducere
2896 798 3219 853 voluerunt?
3250 797 3497 871 Nunquid
3536 801 3685 857 enim
3725 801 3880 856 Mar-

2269 893 2455 949 cianus
2481 908 2543 948 ac
2571 891 2682 947 Leo
2711 893 2778 947 ad
2815 891 3240 948 conﬁrmandam
3272 893 3607 963 praecipitem
3654 905 3881 949 senten-

2272 989 2398 1043 tiam
2430 1002 2581 1042 suam
2616 986 2844 1041 concilia
2872 986 3293 1057 congregabant,
3320 1002 3643 1056 rursumque
3661 988 3881 1051 mutati,

2275 1093 2373 1147 pro
2403 1079 2485 1132 sui
2512 1078 2675 1131 animi
2706 1076 3118 1144 discursationc,
3150 1077 3411 1147 cogebant
3443 1076 3539 1132 Dei
3560 1078 3881 1132 sacerdotes

2278 1170 2503 1240 pristina
2538 1180 2745 1226 mutare
2774 1169 3015 1235 decreta,
3046 1179 3101 1225 ut
3126 1170 3176 1222 in
3210 1167 3497 1223 ludibrium
3527 1167 3797 1239 gravitas,
3826 1178 3882 1222 et

2273 1266 2324 1320 in
2357 1265 2658 1319 satietatem
2696 1264 2905 1319 veniret
2954 1262 3313 1332 exspectanda
3344 1269 3665 1317 reverenter
3717 1276 3879 1332 syno-

2269 1354 2406 1411 dalis
2428 1354 2759 1410 auctoritas?
2784 1353 2861 1408 lili
2888 1368 3160 1422 nunquam
3184 1351 3641 1420 dispensationem
3671 1350 3884 1406 divino-

2274 1462 2392 1501 rum
2426 1453 2888 1501 sacramentorum
2917 1444 3172 1500 Ecclesize
3203 1443 3650 1515 przedicatoribus
3698 1444 3885 1497 abstu-

2272 1541 2471 1595 lerunt.
2506 1538 2769 1606 Quoniam
2798 1539 3042 1593 Sciebant
3070 1537 3234 1607 quod,
3260 1536 3399 1592 sicut
3426 1536 3480 1615 in
3507 1535 3885 1590 adlilOlliliOItC

2277 1649 2461 1703 regum
2481 1648 2575 1702 per
2590 1631 2936 1687 Salomonem
2954 1630 3208 1684 Dominus
3221 1629 3381 1683 dixit:
3398 1626 3671 1682 Rectorem:
3690 1627 3883 1682 teinsti-

2274 1732 2478 1780 tucrunt
2499 1726 2521 1778 ?
2544 1740 2604 1779 ne
2634 1723 2930 1777 extollart‘s:
2959 1721 3081 1776 Esto
3098 1723 3148 1775 in
3165 1722 3290 1786 illis,
3309 1722 3454 1788 quasi
3480 1735 3617 1773 unus
3642 1718 3881 1787 exipsis,

575 1818 664 1874 his
690 1832 812 1888 quae
849 1816 965 1887 ipse
1015 1815 1364 1870 adinvenerat
1411 1828 1599 1868 manus
1637 1812 1961 1868 assentorias
2012 1810 2161 1866 dare.
2198 1814 2243 1871 Β
2271 1833 2447 1870 curam
2480 1813 2691 1868 illorum
2720 1813 2923 1883 adhibe,
2955 1823 3001 1867 et
3022 1813 3097 1868 sic
3125 1810 3684 1883 considera“(Ercli.
3716 1826 3881 1874 xxxn,

578 1907 683 1974 Qui
709 1906 757 1963 si
782 1920 846 1962 ea
871 1915 1119 1976 tanquam
1144 1902 1356 1959 concilii
1404 1903 1618 1957 decreta
1660 1900 2019 1971 susciperent,
2050 1915 2168 1970 quae

580 1999 738 2056 unius
788 1997 912 2054 laici
970 2006 1152 2053 essent
1203 1995 1499 2066 composita
1552 1993 1848 2060 Voluntate,
1910 1999 2169 2047 statueret

583 2092 767 2149 omnia
795 2090 881 2146 cui
912 2090 980 2145 de
1011 2088 1207 2144 talibus
1233 2087 1410 2144 causis
1439 2087 1686 2157 judicare
1724 2100 1828 2141 non
1876 2084 2168 2155 competit;

591 2185 668 2241 illi
704 2197 833 2240 vero
863 2182 997 2237 nihil
1025 2181 1380 2237 decernerent
1410 2179 1601 2248 quibus
1628 2177 1884 2246 competit
1904 2175 2169 2246 judicare.

580 2277 791 2335 Memor
836 2276 998 2332 etiam
1051 2270 1337 2345 praedictus
1384 2271 1677 2341 Augustus,
1724 2267 1866 2339 quod
1909 2281 2170 2337 nusquam

590 2381 833 2429 coactum
863 2368 1155 2426 concilium
1200 2366 1303 2422 nisi
1352 2364 1569 2420 falsitati
1608 2362 1989 2432 subscripsit‘,
2036 2362 2177 2416 sicut

580 2465 637 2519 in
682 2463 925 2519 Arimino
965 2459 1165 2516 factum
1207 2468 1291 2514 est
1330 2455 1649 2513 Constantio
1696 2453 2073 2525 compellente,
2122 2461 2176 2507 et

582 2553 726 2624 apud
757 2552 1031 2623 Ephesum
1075 2551 1417 2621 opprimente
1469 2548 1758 2613 Dioscoro,
1807 2544 2175 2603 conﬁrmatio-

584 2659 707 2703 nem
737 2644 860 2701 ﬁdei
901 2644 1241 2701 sacerdotum
1289 2642 1492 2699 dimisit
1542 2641 1804 2708 examini,
1850 2656 2081 2711 quorum
2123 2649 2178 2696 et

583 2736 869 2795 commissa
898 2745 982 2793 est
1010 2735 1301 2807 potestati:
1344 2750 1463 2805 quae
1497 2745 1625 2789 tunc
1654 2749 1779 2788 vere
1813 2732 1951 2787 facta
1995 2731 2175 2788 credi-

584 2838 692 2900 tur,
719 2830 766 2885 si
795 2843 899 2883 non
932 2827 1205 2883 saecularis
1236 2825 1521 2897 potestatis
1547 2825 1827 2881 sententire
1865 2823 2177 2878 subscriba-

584 2932 692 2979 tur.
727 2920 888 2978 Aliud
915 2928 1003 2976 est
1026 2919 1193 2986 enim,
1224 2934 1345 2975 cum
1395 2919 1448 2973 in
1498 2918 1727 2974 concilio
1760 2916 1935 2971 locum
1982 2914 2179 2986 judicis

585 3014 725 3072 inter
749 3013 884 3069 alios
909 3011 1191 3083 episcopos
1212 3012 1438 3082 quisque
1464 3016 1675 3077 tenens,
1701 3007 1843 3079 quod
1865 3008 2030 3064 sentit
2054 3007 2181 3061 sub-

588 3109 879 3179 scriptione
929 3106 1209 3176 designat;
1252 3103 1401 3160 aliud
1444 3112 1647 3164 antem,
1676 3116 1798 3158 cum
1843 3105 1982 3156 sicut
2030 3101 2181 3155 testis

2278 1911 2329 1974 l,
2354 1907 2452 1977 2),:
2483 1910 2559 1962 sic
2586 1907 2800 1977 proprie
2827 1905 2894 1960 de
2923 1905 3273 1975 prmdicatore
3300 1903 3465 1959 divini
3507 1903 3662 1959 verbi
3696 1920 3879 1957 rursus

2284 1998 2423 2053 idem
2446 1997 2702 2051 Dominus
2725 1997 2774 2050 in
2799 1996 3088 2066 Evangelio
3102 1995 3236 2050 dixit
3262 2013 3275 2049 ;
3302 1994 3427 2063 Quis
3453 2004 3608 2065 putas
3630 2008 3705 2049 est
3717 1997 3880 2061 ﬁdelis

2275 2089 2597 2159 dispensator
2621 2098 2668 2142 et
2692 2088 2939 2156 prudens,
2972 2104 3120 2150 quem
3151 2086 3408 2141 constituit
3446 2086 3707 2140 Dominus
3738 2106 3880 2156 super

2280 2180 2534 2252 familiam
2555 2196 2723 2249 suam,
2746 2189 2800 2234 ut
2819 2180 2902 2233 det
2923 2180 3026 2233 illis
3050 2180 3101 2233 in
3126 2191 3353 2250 tempore
3372 2180 3527 2233 tritici
3552 2182 3879 2233 mensuram!

2277 2272 2469 2328 Beatus
2498 2274 2583 2328 ille
2604 2289 2780 2327 servus
2800 2288 2948 2341 quem
2971 2288 3084 2325 cum
3120 2273 3307 2328 venerit
3334 2269 3610 2338 Dominus,
3636 2273 3880 2326 inuenerit

2276 2368 2351 2419 ita
2397 2363 2669 2433 facientem
2717 2362 2871 2435 (Luc.
2916 2378 3008 2430 xu,
3042 2363 3135 2429 42,
3166 2358 3285 2433 45).
3316 2361 3446 2431 Quas
3492 2363 3659 2419 verba
3711 2365 3880 2418 Evan-

2281 2458 2409 2529 gelii
2437 2457 2709 2530 quomodo
2732 2457 3015 2528 religiosos
3061 2467 3115 2513 et
3155 2458 3428 2527 sapientes
3474 2458 3758 2529 principes
3785 2473 3883 2513 non

2282 2558 2588 2619 moverent,
2633 2565 2700 2605 ne
2747 2565 2807 2607 se
2857 2549 2987 2605 tanti
3038 2548 3237 2620 negotii
3280 2550 3535 2619 periculis
3588 2550 3882 2605 insolenter

2280 2644 2624 2714 ingererent?
2653 2642 2889 2699 Primum
2918 2644 3061 2714 quod
3094 2644 3194 2699 iste
3225 2658 3415 2699 servus
3464 2658 3572 2699 non
3606 2655 3877 2715 erogatur,

2281 2736 2376 2792 scd
2416 2736 2758 2806 dispensator
2805 2736 3001 2793 dicitur
3039 2751 3069 2791 a
3109 2736 3340 2792 Domino
3382 2738 3715 2793 constitutus
3756 2755 3769 2790 :
3802 2736 3884 2792 cui

2282 2828 2692 2900 vigilantissima
2728 2829 3057 2884 discretione
3091 2843 3226 2899 opus
3254 2836 3340 2884 est
3380 2838 3439 2884 ut
3480 2829 3709 2883 unicum
3734 2828 3755 2859 δ
3786 2827 3882 2882 sibi

2287 2922 2530 2979 ofﬁcium
2566 2919 2920 2991 probabiliter
2957 2921 3129 2991 possit
3168 2919 3417 2990 implere.
3469 2917 3598 2974 Ideo
3628 2933 3740 2972 non
3772 2929 3887 2972 tan-

2288 3024 2401 3070 tum
2431 3014 2628 3081 ﬁdelis,
2661 3028 2845 3069 verum
2876 3012 3039 3068 etiam
3074 3014 3313 3084 prudens
3346 3026 3373 3065 a
3406 3010 3639 3065 Domino
3684 3008 3885 3079 quavi-

2289 3117 2375 3163 tur
2409 3126 2422 3161 :
2456 3107 2549 3178 qui
2592 3121 2698 3162 non
2743 3107 3026 3176 mqualiter
3072 3105 3290 3161 familia:
3335 3103 3440 3160 sibi
3473 3103 3696 3159 credita:
3722 3142 3742 3169 ,
3789 3116 3886 3157 nec

588 3200 891 3266 adducitur,
915 3206 971 3253 et
996 3197 1138 3268 quod
1159 3204 1243 3252 est
1271 3195 1533 3261 deterius,
1570 3194 1759 3250 nolens
1786 3191 1982 3263 placito
2005 3192 2181 3247 alieno
2208 3192 2255 3256 C
2288 3201 2480 3257 eodem
2536 3200 2699 3256 modo
2752 3207 2971 3270 eroget;
3022 3198 3119 3255 sed
3165 3197 3436 3265 omnibus,
3485 3211 3585 3266 pro
3623 3196 3889 3265 cujusque

591 3291 905 3349 subscribit.
937 3288 1093 3345 Unde
1123 3290 1249 3344 licet
1276 3287 1471 3342 falsum
1496 3300 1692 3342 nomen
1723 3284 2059 3356 synodalium
2089 3282 2179 3337 de-

587 3389 858 3437 cretorum
886 3377 1188 3449 huiusmodi
1219 3377 1501 3447 scriptura:
1525 3375 1833 3446 praeferant,
1859 3374 1924 3428 ad
1964 3374 2068 3428 hoc
2097 3383 2179 3427 ta-

592 3485 713 3529 mea
742 3470 1045 3538 proﬁciunt,
1080 3476 1138 3525 ut
1172 3469 1460 3524 ostendant
1484 3468 1673 3538 quales
1698 3481 1874 3523 causae
1908 3467 2019 3522 sint
2061 3467 2179 3538 qui-

588 3563 691 3620 bus
718 3561 823 3617 nisi
845 3560 1156 3631 compulsus
1182 3574 1340 3616 nemo
1371 3559 1719 3628 subscripsit;
1751 3558 1939 3630 quales
1970 3559 2047 3614 illi
2090 3558 2179 3628 qui

590 3654 931 3712 subscribere
981 3654 1392 3723 compulerunt,
1440 3660 1493 3708 et
1548 3651 1737 3721 quales
1791 3649 1880 3719 qui
1932 3649 2179 3705 humanae

592 3744 1000 3815 prmsumptioni
1032 3750 1334 3800 cesserunt.
1381 3741 1494 3798 Hoc
1521 3757 1732 3812 quoque
1776 3756 1883 3797 non
1932 3742 2180 3798 nesciens

592 3839 734 3895 idem
761 3835 1198 3908 religiosissimus
1217 3835 1529 3904 imperator,
1552 3833 1691 3904 quod
1713 3835 1866 3905 pauci
1895 3834 2181 3889 admodum

594 3932 823 3995 ratione,
856 3928 1007 3984 tttttlti
1040 3943 1169 3984 vero
1202 3928 1523 3983 auctoritate
1550 3926 1849 3993 ducantur,
1881 3943 1986 3981 non
2010 3928 2183 3981 solum

595 4036 703 4076 non
726 4032 1067 4090 extorquere,
1096 4020 1189 4074 sed
1226 4034 1324 4074 nec
1356 4020 1551 4088 perire
1585 4019 1811 4073 tentavit
1855 4018 2185 4073 sententiam

595 4114 936 4169 sacerdotum
964 4127 978 4178 ;
1005 4119 1063 4166 ut
1089 4111 1212 4166 dum
1246 4112 1298 4165 in
1326 4125 1521 4180 causa,
1554 4109 1680 4164 licet
1719 4110 1830 4180 jatn
1868 4110 2081 4164 decreta
2133 4118 2188 4166 et

597 4206 908 4273 manifesta,
938 4221 1123 4261 eorum
1153 4204 1324 4275 magis
1354 4204 1499 4274 eligit
1543 4210 1859 4273 exspectare
1900 4202 2185 4272 judicium,

599 4299 747 4356 omni
778 4297 998 4368 populo,
1028 4304 1285 4368 quantam
1324 4294 1683 4351 reverentiam
1731 4293 2049 4349 sacerdotali
2096 4308 2189 4347 au-

596 4389 832 4446 ctoritati
858 4388 1070 4444 deferre
1098 4386 1309 4452 debeat,
1343 4386 1461 4456 ipsa
1485 4399 1580 4439 sua
1605 4385 2005 4455 exspectatione
2032 4400 2188 4440 mon-

597 4490 750 4538 stret.
780 4480 935 4547 Quod
983 4478 1029 4534 si
1070 4480 1218 4549 prior
1248 4478 1350 4532 hoc
1380 4477 1521 4546 quod
1567 4492 1778 4548 aequum
1822 4485 1938 4533 erat
1992 4476 2192 4533 consti-

2285 3303 2445 3364 captu
2478 3302 2533 3349 et
2567 3292 2757 3348 habitu
2810 3292 3008 3348 mentis
3048 3290 3371 3346 dominicam
3414 3289 3698 3345 moderate
3727 3297 3887 3356 atque

2286 3383 2668 3449 convenienter
2721 3383 3000 3453 dispenset
3041 3396 3336 3437 annonam.
3387 3380 3590 3436 Deinde
3634 3380 3783 3450 quod
3832 3381 3885 3435 in

2285 3485 2527 3546 tempore
2563 3476 2883 3532 admonetur
2937 3473 3099 3530 tritici
3148 3473 3280 3529 dare
3332 3486 3667 3528 mensuram.
3732 3471 3891 3540 Sapo

2287 3571 2430 3625 enim
2459 3582 2579 3639 qua:
2610 3576 2909 3638 opportune
2951 3565 3155 3635 prolata
3183 3563 3419 3620 salubria
3462 3563 3666 3629 forent,
3701 3563 3888 3617 incon-

2287 3676 2422 3732 grue
2451 3671 2692 3730 tempore
2722 3666 3042 3714 nocuerunt.
3086 3656 3228 3728 Ergo
3268 3665 3326 3712 et
3367 3653 3746 3725 opportunitas
3788 3655 3887 3708 ob-

2286 3753 2547 3810 servanda
2578 3761 2683 3820 est,
2714 3762 2772 3808 ut
2803 3752 2857 3807 in
2885 3762 3126 3821 tempore
3171 3750 3330 3807 tritici
3370 3764 3624 3805 mensura
3673 3748 3893 3804 familia

2287 3846 2644 3916 dispensetur.
2684 3844 2742 3902 Si
2793 3844 2914 3914 quis
2957 3843 3116 3915 igitur
3145 3842 3336 3899 horum
3383 3841 3749 3912 periculorum
3797 3854 3894 3894 ne-

2288 3940 2456 4003 scius,
2482 3954 2604 3994 cum
2636 3938 2805 3995 videri
2828 3937 3021 4007 doctus
3045 3936 3269 4009 appetit,
3298 3936 3613 4005 importune
3644 3948 3715 3989 ac
3745 3933 3891 3988 nulla

2289 4030 2521 4085 utilitate
2563 4027 2856 4094 suadente,
2899 4026 3213 4098 spontaneis
3266 4024 3661 4097 quasstiouibus
3707 4022 3892 4079 Eccle-

2291 4122 2427 4176 siam
2458 4120 2662 4187 turbat,
2693 4120 2780 4175 bie
2824 4134 2931 4176 non
2963 4119 3302 4189 dispensator
3328 4117 3545 4174 familia
3575 4115 3897 4185 dominica,

2291 4215 2385 4269 sed
2436 4214 2724 4284 dissipator
2768 4223 2852 4270 est
2896 4222 2951 4268 et
2997 4213 3378 4285 mysteriorum
3432 4212 3531 4268 Dei
3590 4210 3894 4281 dispersu.

2294 4304 2448 4374 Quod
2473 4306 2547 4361 illi
2586 4304 2860 4375 principes
2890 4319 3011 4361 esse
3054 4305 3379 4370 timuerunt;
3427 4312 3481 4359 et
3520 4302 3758 4371 idcirco,
3786 4317 3893 4359 non

2295 4405 2501 4452 tantum
2559 4396 2684 4466 quia
2724 4395 2866 4451 vires
2921 4410 3110 4450 eorum
3159 4395 3447 4465 superabat
3495 4396 3629 4449 tanti
3690 4392 3893 4465 negotii

2298 4488 2629 4561 magnitudo,
2659 4502 2847 4542 verum
2887 4488 3049 4542 etiam
3076 4487 3201 4556 quia
3246 4502 3354 4542 non
3392 4496 3739 4555 acceperant,
3785 4500 3893 4541 non

603 4586 754 4627 tuere
774 4571 956 4637 vellet,
979 4580 1033 4625 et
1052 4580 1237 4641 postea
1260 4582 1503 4637 quaerere
1528 4569 1902 4638 episcoporum
1925 4569 2190 4624 sententia
2222 4566 2271 4629 D
2299 4582 2401 4637 sibi
2460 4589 2865 4650 assumpsemm
2932 4578 3093 4650 huius
3146 4577 3562 4648 dispensationis
3627 4578 3890 4635 οωεεηη,

598 4662 743 4733 quod
770 4662 1127 4717 constituerat
1170 4658 1437 4726 roborari,
1472 4661 1714 4729 quamvis
1738 4660 1939 4729 justum
1982 4659 2194 4730 religio-

603 4765 829 4822 sumque
857 4752 1156 4818 decretum,
1205 4751 1392 4807 multis
1438 4760 1618 4807 tamen
1668 4752 1870 4807 iaceret
1911 4753 2001 4807 tali
2052 4767 2192 4821 prae—

600 4846 912 4918 sutnptione
937 4853 1268 4916 suspectum.
1296 4845 1603 4914 Promptius
1626 4844 1767 4900 enim
1795 4844 2109 4900 crederetur
2127 4844 2195 4899 ab

600 4942 681 4998 eis
712 4942 807 5013 qui
836 4940 1013 4996 minus
1042 4953 1270 5009 capaces
1296 4946 1423 4994 sunt
1448 4938 1674 4993 rationis
1721 4937 1860 5007 quod
1893 4952 1998 4992 non
2054 4936 2194 4993 veri-

602 5034 698 5092 tati
727 5033 1057 5091 obedissent.
1082 5031 1139 5089 Si
1170 5031 1258 5104 qui
1285 5033 1428 5087 enim
1449 5033 1471 5063 ²
1501 5029 1721 5087 decreto
1750 5030 2196 5099 subscripsESsent

600 5128 865 5200 episcopi,
907 5126 1002 5183 sed
1035 5124 1212 5196 potius
1259 5122 1545 5195 temporali
1585 5122 1891 5178 timuissent
1940 5124 2195 5177 resistere

603 5224 885 5294 potestati,
933 5230 1096 5293 atque
1122 5220 1194 5276 ita
1222 5219 1368 5276 veris
1395 5217 1559 5276 rebus
1581 5233 1698 5289 quae
1732 5217 1913 5273 multis
1943 5225 2026 5272 est
2052 5217 2197 5274 utilis

603 5314 957 5384 abrogaretur
981 5312 1294 5368 auctoritas.
1326 5310 1393 5365 Et
1427 5311 1547 5381 quis
1579 5310 1851 5379 explicare
1880 5316 2060 5378 potest
2080 5324 2198 5377 qua:

606 5407 748 5464 mala
776 5414 1176 5477 consequentur
1211 5417 1306 5462 eos
1336 5403 1427 5475 qui
1470 5405 1668 5461 divina:
1706 5402 2079 5474 dispositionis
2111 5418 2198 5459 or-

680 5601 708 5632 ι
734 5594 963 5660 κάθισον,
994 5591 1220 5662 conﬁde.

682 5772 701 5843 ἦ
723 5769 859 5843 Cod.
892 5769 1125 5843 Ver_on.,‘
1143 5767 1512 5843 subscripserit.

682 5842 703 5875 ⁸
732 5841 877 5899 idem
907 5839 1053 5907 cod.,
1079 5839 1209 5911 ejus.

2298 4673 2453 4730 Unde
2501 4674 2632 4729 nihil
2674 4682 2757 4729 est
2799 4688 2969 4744 quare
3016 4672 3265 4729 dicantur
3312 4672 3523 4728 inﬁrma
3567 4672 3653 4728 vel
3713 4672 3893 4726 minis

2299 4764 2490 4821 idonea
2520 4779 2640 4836 quas
2667 4774 2853 4821 contra
2887 4766 3170 4822 haereticos
3191 4779 3381 4821 eorum
3407 4772 3535 4819 sunt
3561 4763 3893 4833 temporibus

2297 4856 2621 4921 constituta;
2652 4857 2908 4927 quoniam
2935 4866 3085 4912 extra
3113 4856 3373 4927 judicium
3400 4863 3562 4925 atque
3599 4856 3889 4910 auctorita.

2301 4955 2412 5003 tem
2459 4948 2802 5003 sacerdotum
2830 4955 2983 5016 gesta
3018 4954 3143 5002 sunt
3166 4986 3185 5015 ,
3226 4961 3453 5017 quorum
3484 4945 3813 5001 sententiam
3840 4951 3893 4998 et

2308 5038 2413 5109 ipsi
2456 5038 2727 5109 principes
2766 5037 3154 5108 sequebantur,
3201 5051 3313 5092 non
3352 5036 3697 5092 immemores
3748 5031 3894 5104 qood

2304 5130 2757 5205 quemadmodum
2801 5131 2993 5187 Petrus
3033 5129 3310 5199 apostolus
3350 5126 3536 5185 dicens
3571 5142 3585 5178 :
3635 5123 3804 5180 Deum
3824 5123 3894 5177 tio

2305 5231 2457 5289 mete,
2489 5238 2659 5291 regem
2693 5221 3031 5289 honori/irate
3070 5218 3121 5291 (Ι
3152 5218 3298 5273 Petr.
3321 5232 3381 5284 tt,
3415 5216 3533 5287 17),
3586 5230 3694 5271 non
3744 5212 3896 5268 laici!

2308 5322 2538 5381 tantum,
2596 5312 2689 5368 sed
2724 5311 2857 5381 ipsis
2885 5326 3101 5382 quoque
3138 5307 3510 5366 sacerdOtibus
3550 5303 3895 5363 commendet

2309 5403 2584 5477 principes
2646 5404 2956 5470 honorare;
3012 5403 3090 5458 sic
3142 5401 3303 5458 etiam
3351 5413 3475 5456 cum
3530 5396 3728 5456 Paulus
3776 5391 3895 5465 ejus

2381 5764 2402 5796 ⁸
2436 5763 2578 5817 Idem
2605 5761 2751 5829 cod.,
2785 5764 3006 5828 couﬁae.

2386 5833 2409 5867 ⁸
2433 5833 2575 5891 ldetn
2600 5832 2749 5898 cod.,
2778 5832 3086 5901 injunctum.
