4104 6360
243 278 364 346 διε

1149 278 1289 337 PRO
1327 274 1757 337 DEFENSIONE
1795 274 2008 333 TRIUM
2048 273 2366 336 CAPITUL.
2409 274 2541 335 LIB.
2570 275 2688 336 Xll.

3434 269 3536 325 εις

248 395 618 470 ωροθιοιιις
668 394 987 455 Christianis
1043 399 1293 456 omnibus
1362 400 1559 471 legitur
1626 401 1848 456 dicens:
1880 399 2082 461 Arunt
2109 396 2431 453 orthodoxi?
2459 412 2527 453 an
2556 395 2824 454 habebant
2852 395 3068 469 quidem
3112 395 3348 453 divinam
3392 412 3545 455 com~

265 488 488 551 Obedite
508 489 1011 561 prepositisttestris,
1040 498 1088 544 et
1122 492 1380 563 subjacete
1409 494 1515 555 eis;
1558 489 1586 544 Ι
1593 490 1672 561 psi
1721 490 1855 543 enim

265 581 580 659 pervigilant
618 582 767 652 quasi
813 583 1064 637 rationem
1105 582 1357 637 reddituri
1416 599 1509 650 pro
1581 582 1855 636 animabus

260 678 448 730 castris
462 690 483 739 ;
508 681 567 727 stt
590 687 703 727 cum
727 674 919 743 gaudio
948 674 1041 728 hoc
1072 675 1288 743 faciant,
1322 690 1421 726 non
1446 683 1695 745 gementes
1718 689 1738 727 :
1761 672 1857 726 hoc

258 765 409 821 enim
436 780 540 819 non
565 765 770 834 expedit
801 766 942 820 vobis
969 764 1161 837 (Hebr.
1202 780 1321 831 χιιι,
1358 764 1469 835 l7),
1496 780 1603 821 non
1649 773 1855 822 tantum

270 855 502 927 plebeia:
528 854 878 925 multitudini,
900 869 1071 925 neque
1083 856 1211 911 solis
1236 855 1569 925 proceribus,
1598 855 1694 912 sed
1724 856 1857 926 ipsis

266 960 487 1017 quoque
512 946 728 1017 regibus
750 945 1101 1002 demandatur
1122 955 1180 1002 ut
1200 945 1456 1002 obediant
1473 955 1527 1003 et
1547 948 1858 1017 snbjaccant

271 1040 577 1111 praepositis
608 1040 862 1096 Ecclesiae
889 1038 1115 1107 Christi,
1148 1054 1379 1111 suasque
1424 1040 1633 1097 animas
1679 1054 1860 1096 sacer-

266 1134 458 1189 dotum
489 1133 685 1189 rationi
713 1133 1033 1190 commissas
1062 1133 1380 1202 intelligant,
1414 1134 1460 1190 si
1492 1150 1597 1190 non
1628 1134 1860 1190 inaniter

270 1225 568 1296 iunguntur
597 1226 813 1281 nomine
841 1225 1167 1283 Christiano.
1203 1225 1431 1297 Ideoque
1460 1228 1729 1283 neminem
1774 1242 1861 1281 sa-

264 1318 549 1373 cerdotum
595 1317 927 1386 premebant,
974 1326 1031 1372 ut
1060 1332 1180 1374 cum
1220 1318 1415 1389 gaudio
1454 1318 1695 1374 facerent
1738 1332 1860 1372 om-

268 1408 381 1474 nia,
399 1417 456 1464 et
476 1423 587 1464 non
612 1416 909 1480 gementes,
938 1410 1194 1480 quoniam
1222 1412 1323 1465 hoc
1351 1410 1452 1465 sibi
1475 1425 1581 1466 non
1606 1411 1860 1481 expedire

260 1501 529 1572 Apostolo
578 1501 905 1556 admonente
954 1500 1265 1557 credebant.
1302 1500 1430 1557 lnde
1462 1511 1542 1557 est
1572 1501 1716 1573 quod
1765 1516 1862 1556 eo-

260 1592 515 1648 rundem
556 1592 896 1649 sacerdotum
926 1592 1158 1649 decretis
1187 1591 1347 1648 modo
1389 1600 1709 1663 premuntur
1751 1591 1863 1645 ba:-

260 1684 443 1754 retici,
476 1684 600 1756 quia
625 1685 725 1755 ipsi
755 1699 784 1740 a
806 1685 1000 1757 quibus
1031 1684 1322 1741 constituta
1375 1693 1501 1741 sunt
1543 1698 1651 1739 non
1689 1684 1861 1741 offen-

259 1778 466 1837 dtmtur
486 1780 507 1813 ⁸
529 1780 797 1853 oppressi.

887 1888 1118 1948 CAPUT
1156 1889 1246 1946 IV.

261 2006 424 2077 Quod
470 2006 611 2063 Zeno
642 2007 919 2075 imperator
962 2008 1025 2061 de
1065 2008 1215 2062 rebus
1256 2007 1378 2074 ﬁdei
1415 2007 1690 2061 decernere
1729 2023 1863 2076 prie-

342 2094 565 2203 ;tttlmens,
620 2077 900 2133 Ecclesium
933 2079 1172 2132 diuturno
1202 2087 1246 2132 et
1275 2080 1414 2149 gravi
1442 2078 1714 2133 schismate
1755 2077 1874 2132 tur?

417 2151 507 2203 vit.

417 2151 507 2204 vit.

344 2242 421 2297 Ea
450 2255 582 2297 vero
620 2254 743 2311 qua:
774 2248 957 2312 postea
984 2240 1130 2296 Zeno
1160 2239 1451 2309 imterator
1465 2247 1513 2308 ι,
1547 2240 1747 2297 calcata
1778 2255 1863 2297 re-

268 2337 510 2394 verentia
541 2333 749 2391 ordinis
777 2334 894 2401 Dei,
935 2348 1033 2405 pro
1073 2332 1173 2389 suo
1210 2332 1435 2389 arbitrio
1480 2347 1545 2389 ac
1594 2343 1860 2404 potestate

270 2427 532 2494 decrevit,
564 2427 682 2498 quis
710 2425 977 2497 accipiat?
1006 2423 1137 2493 Quis
1163 2424 1409 2481 attendat
1439 2426 1492 2480 in
1535 2425 1729 2496 quibus
1769 2440 1863 2495 po-

268 2528 435 2577 testas
482 2518 877 2574 inconsiderata
915 2532 1022 2573 non
1064 2517 1208 2589 quod
1258 2517 1565 2588 expediret,
1609 2516 1707 2573 sed
1758 2516 1862 2571 sibi

272 2614 478 2680 liceret,
511 2613 771 2681 attendit,
810 2626 910 2667 nec
953 2612 1218 2669 intellexit
1257 2612 1402 2682 quod
1453 2625 1561 2667 non
1616 2609 1862 2667 conlusio

270 2706 434 2761 faciat
480 2706 773 2760 unitatem?
818 2703 949 2759 Nam
1001 2704 1046 2759 si
1100 2705 1274 2758 unitas
1320 2717 1427 2759 non
1483 2704 1861 2759 litereticorum

267 2796 648 2861 conversione,
672 2793 766 2849 sed
794 2795 1044 2863 contagio
1082 2802 1139 2848 ct
1182 2792 1567 2850 commixtione
1619 2794 1863 2849 facienda

272 2893 378 2952 est,
408 2884 509 2942 cur
532 2888 788 2959 Acepbali
821 2895 1048 2953 tantum,
1099 2895 1154 2941 et
1192 2902 1313 2941 non
1359 2901 1549 2943 omnes
1596 2885 1861 2952 haeretici,

272 2976 687 3033 admitterentur
710 2978 765 3032 in
794 2977 1090 3033 Eeciesiam
1121 2978 1233 3032 suis
1254 2976 1531 3033 erroribus
1554 2978 1575 3010 '
1602 2992 1711 3033 non
1737 2985 1864 3033 ante

272 3065 557 3135 damnatis,
582 3082 757 3139 neque
778 3069 1008 3138 receptis
1036 3068 1435 3127 definitionibus
1461 3082 1581 3140 qua:
1606 3068 1864 3126 adversus

1958 489 2395 557 municationem,
2419 490 2513 546 sed
2540 506 2697 546 unam
2717 506 2838 545 cum
2862 489 3101 545 Ecclesia
3126 507 3230 546 non
3250 489 3545 547 habebant?

1959 580 2172 651 Ergone
2203 589 2427 650 possunt
2456 581 2572 635 duae
2617 581 2813 637 divinae
2860 579 3373 637 connnunicationes
3422 596 3544 636 esse

1959 671 2341 728 dissentientes
2380 671 2446 725 ad
2488 672 2715 726 invicem
2755 671 2962 741 sibique
3009 671 3331 727 contrarize?
3360 672 3465 727 Sed
3497 674 3545 728 si

1958 779 2099 819 unus
2127 773 2211 820 est
2240 763 2379 819 Deus
2410 763 2643 818 Zenonis
2663 761 2704 829 ⁸,
2732 777 2833 815 una
2864 772 2945 817 est
2973 770 3025 818 et
3045 762 3223 817 divina
3250 762 3547 817 communi.

1957 857 2119 911 catio.
2142 855 2295 923 Quod
2319 856 2363 910 si
2384 855 2505 909 dua:
2533 864 2585 909 et
2611 870 2641 909 a
2674 868 2732 910 se
2761 854 3142 911 dissentientes
3174 856 3366 911 divina:
3390 871 3544 911 com-

1961 948 2349 1003 municationes
2377 946 2648 1010 dicuntur,
2670 946 3010 1017 cansequitur
3036 956 3212 1002 utnon
3239 948 3414 1002 solum
3438 946 3547 1001 duo

1961 1056 2083 1097 esse
2104 1041 2198 1108 dii,
2217 1040 2310 1096 sed
2341 1041 2407 1094 ab
2433 1038 2659 1094 invicem
2683 1054 2895 1109 quoque
2921 1038 3208 1096 dissentire
3233 1042 3545 1097 credantur.

1962 1131 2031 1186 Et
2057 1133 2181 1202 quid
2215 1130 2338 1186 mali
2371 1145 2474 1186 non
2500 1128 2527 1167 δ
2560 1132 2831 1199 Angustus
2866 1132 3034 1200 prima
3063 1141 3299 1201 potestas
3341 1133 3546 1200 saeculi,

1962 1239 2084 1279 cum
2115 1232 2166 1280 te
2194 1239 2297 1280 non
2319 1225 2562 1293 cogitans
2593 1222 2790 1277 divina:
2820 1222 3091 1277 subditam
3123 1224 3397 1292 potestati,
3445 1235 3549 1278 ιρις

1962 1316 2138 1371 minos
2167 1315 2259 1371 tibi
2287 1315 2531 1385 prtelixos
2555 1313 2887 1370 excesseris?
2907 1312 3246 1369 Orthodoxos
3269 1330 3353 1384 ap;
3375 1316 3549 1371 ettans

1962 1410 2031 1465 ab
2082 1408 2322 1465 Ecclesia
2372 1408 2466 1464 Dei
2524 1408 2935 1475 dissentientes,
2982 1416 3036 1463 et
3085 1408 3309 1463 alterius
3355 1408 3551 1465 divinat

1964 1504 2464 1559 communicationis
2504 1501 2640 1558 dicis
2675 1516 2796 1558 esse
2844 1501 3153 1571 participes.
3183 1500 3313 1570 Quae
3361 1502 3405 1556 si
3450 1504 3552 1557 hoc

1964 1597 2162 1667 ipsum,
2197 1596 2339 1668 quod
2373 1596 2465 1652 tibi
2514 1596 2692 1651 omnia
2738 1596 2929 1664 licent,
2960 1597 3231 1651 caminum
3273 1611 3396 1652 esse
3450 1607 3553 1652 tum

1964 1687 2299 1757 probationis
2336 1687 2683 1758 intelligeres,
2737 1687 2899 1743 etiam
2954 1687 3122 1757 ipsius
3153 1702 3406 1758 purpura:
3445 1704 3552 1757 qua

1895 1792 1943 1851 Β
1969 1781 2181 1836 vestiris
2210 1781 2414 1850 specie,
2442 1780 2491 1834 id
2520 1788 2602 1835 est
2628 1779 2809 1835 ciilore
2837 1793 3051 1849 semper
3078 1778 3373 1843 admonita,
3403 1779 3552 1836 velut

1968 1872 2020 1926 in
2056 1872 2232 1928 medio
2262 1871 2495 1926 ﬂammae
2544 1880 2593 1926 te
2631 1871 2882 1927 crederes
2932 1871 3300 1926 CtJﬂSllllilalli.
3354 1871 3553 1927 lterum

1966 1978 2096 2020 vero
2137 1962 2266 2019 dicit
2303 1981 2317 2018 :
2365 1983 2382 2017 ι
2419 1963 2611 2020 Sancta
2653 1964 2799 2019 enim
2848 1974 3021 2018 mater
3068 1973 3253 2018 nostra
3308 1963 3552 2020 Ecclesia

1966 2056 2106 2111 sicut
2130 2056 2376 2126 proprios
2401 2056 2539 2113 filios
2568 2073 2660 2113 vos
2687 2058 2930 2128 suscipit,
2982 2059 3366 2128 amp!ectimini
3403 2074 3544 2114 eam.

1968 2147 2248 2204 Desiderat
2272 2149 2417 2204 enim
2443 2161 2559 2219 post
2590 2149 2806 2220 longum
2841 2158 3048 2221 tempus
3074 2150 3285 2206 dulcem
3315 2162 3551 2206 vestram

1966 2254 2153 2295 vocem
2185 2238 2391 2295 audire.
2424 2239 2656 2309 Adjicite
2698 2256 2793 2296 vos
2833 2257 2960 2312 ergo
3003 2242 3100 2296 illi.
3141 2261 3159 2295 ι
3212 2243 3330 2310 Quo
3378 2242 3552 2298 fructu

1965 2349 2097 2407 rogo
2128 2335 2521 2405 ampleCtatttur
2554 2334 2889 2390 Ecclesiam?
2918 2352 3024 2407 quo
3053 2337 3223 2391 fructu
3248 2352 3306 2393 se
3335 2337 3411 2392 illi
3455 2339 3554 2392 ad-

1960 2425 2171 2498 jiciant,
2199 2442 2321 2483 cum
2346 2437 2400 2484 et
2421 2428 2489 2483 ab
2516 2444 2579 2485 ea
2609 2440 2918 2500 segregatos
2948 2440 3099 2486 vocet
3124 2431 3472 2496 orthodoxos,
3500 2442 3554 2487 et

1966 2520 2163 2575 divina:
2188 2521 2690 2576 communicationis
2730 2522 3018 2592 participes
3045 2536 3167 2578 esse
3199 2521 3417 2577 credat?
3442 2522 3552 2577 Sed

1965 2611 2092 2683 quid
2139 2612 2312 2667 adhuc
2356 2621 2595 2683 potestas
2642 2613 2911 2668 mundana
2956 2613 3057 2667 sibi
3109 2622 3164 2669 et
3216 2629 3321 2669 non
3360 2613 3554 2672 rationi

1966 2704 2244 2760 conlidens
2274 2714 2395 2774 agat
2421 2703 2669 2774 accipite.
2694 2703 2826 2758 Nam
2855 2703 3040 2759 volens
3075 2703 3278 2760 eisdem
3310 2704 3549 2759 Semicu-

1970 2795 2237 2869 tychianis
2262 2794 2596 2862 satisfacere,
2627 2796 2676 2850 in
2710 2794 2813 2851 hoc
2840 2796 3019 2851 edicto
3059 2795 3219 2850 (idem
3261 2810 3413 2850 suam
3460 2809 3553 2848 ex-

1968 2893 2169 2961 posuit,
2199 2888 2458 2961 prolitens
2484 2888 2625 2959 quod
2664 2888 2961 2956 Nictenum,
3000 2885 3552 2956 Constantinopolita-

1968 3002 2118 3053 nnm,
2150 2983 2477 3055 Ephesinum
2501 2981 2787 3039 concilium
2814 2980 3143 3050 susciperet;
3168 2986 3352 3035 tacens
3373 2988 3551 3033 autem

1968 3079 2035 3135 de
2086 3075 2541 3145 Chalcedonensi,
2591 3083 2648 3130 et
2693 3072 2918 3128 duarum
2965 3072 3164 3128 Christi
3236 3080 3551 3127 naturarum

272 3171 487 3214 errores
540 3174 729 3216 eorum
772 3161 1079 3216 constituite
1114 3160 1284 3223 sunt?
1316 3158 1617 3217 EXhOPWiS
1654 3161 1852 3232 qnipi‘e
1882 3183 1929 3247 ο
1965 3171 2355 3248 professionem
2384 3166 2693 3239 refugiens:
2728 3164 2881 3235 quasi
2912 3180 3017 3219 non
3045 3163 3284 3221 antidoto
3317 3164 3553 3218 sanandi

270 3260 597 3307 memoratos
631 3252 933 3321 Acephalos
986 3252 1053 3308 ad
1094 3253 1395 3310 Ecclesiatn
1436 3253 1632 3311 reverti
1680 3254 1860 3325 priore

271 3342 392 3398 loco
417 3342 498 3398 sie
519 3342 688 3399 dicit:
726 3361 744 3395 ι
780 3343 995 3401 Flavius
1036 3343 1184 3400 Zeno
1233 3343 1373 3415 pius,
1420 3345 1613 3415 victor,
1662 3346 1858 3403 trium-

270 3438 486 3507 phator,
518 3439 786 3496 maximus
813 3453 1030 3511 semper
1068 3440 1341 3511 Augustus
1383 3439 1703 3498 orthodoxis
1741 3444 1859 3511 epi-

269 3532 470 3603 scOpis,
500 3532 938 3589 archimandritis
978 3543 1031 3590 et
1067 3533 1297 3605 populis,
1327 3549 1425 3606 per
1451 3535 1858 3605 Alexandriam,

273 3636 326 3684 et
354 3643 449 3698 per
477 3627 794 3701 Egyptum,
825 3639 878 3685 et
906 3629 1263 3701 Pentapolim,
1311 3638 1367 3688 et
1400 3630 1623 3704 Libyam
1653 3635 1860 3689 consti-

271 3718 421 3775 tutis.
457 3740 477 3774 ι
505 3721 569 3776 Et
592 3728 870 3792 postquam
894 3735 988 3777 eos
1010 3722 1218 3777 vocavit
1238 3722 1590 3792 orthodoxos,
1622 3738 1861 3779 commo-

269 3816 363 3866 net
389 3820 450 3866 ut
485 3810 757 3867 socientur
798 3812 1072 3879 Ecclesiae,
1123 3813 1306 3870 dicens
1340 3832 1354 3868 :
1404 3831 1425 3866 ι
1458 3812 1859 3887 Conjungintini

274 3902 433 3973 igitur
460 3904 614 3958 matri
645 3904 873 3973 spiritali
918 3902 1192 3972 Ecclesiae,
1228 3914 1288 3961 ut
1333 3921 1437 3961 una
1474 3906 1655 3963 divina
1702 3924 1861 3966 com-

273 3993 635 4050 municatione
659 3994 933 4050 fruamini.
969 4012 989 4047 ι
1020 3994 1065 4050 0
1095 3996 1269 4050 virum
1314 3997 1634 4067 prudentem
1676 4008 1731 4056 et
1760 4016 1861 4055 un-

271 4086 432 4158 dique
459 4086 929 4158 circumspectum,
960 4088 1049 4155 qui
1072 4087 1331 4144 incubare
1361 4092 1705 4161 praesumpsit
1740 4092 1864 4149 ofli-

272 4180 357 4235 cio
409 4180 786 4236 sacerdoxuml
836 4180 1179 4236 Ortltodoxos
1234 4190 1389 4237 vocat
1438 4184 1766 4253 Acepbalos,
1818 4185 1863 4240 si

273 4274 407 4329 nihil
447 4274 610 4340 aliud,
660 4274 728 4329 ab
774 4273 1011 4330 Ecclesia
1053 4282 1352 4344 separatos.
1398 4274 1507 4331 Cur
1553 4276 1716 4346 igitur
1767 4292 1865 4334 eos

273 4366 519 4423 hortatur
547 4378 605 4425 ut
644 4367 1038 4439 conjungantur
1087 4367 1246 4422 matri
1294 4365 1543 4437 spiritali,
1599 4369 1643 4424 si
1689 4384 1755 4425 ex
1801 4384 1863 4424 ca

274 4458 523 4529 disjuncti
545 4469 959 4530 permanserunt
1005 4458 1338 4515 orthodoxi"
1375 4460 1445 4516 Ut
1492 4475 1619 4528 una,
1667 4462 1857 4533 inquit.

1963 3262 2073 3326 sint
2100 3262 2364 3328 morbidi,
2393 3261 2487 3317 sed
2519 3259 2587 3316 ad
2618 3258 2843 3314 aliorum
2884 3256 3191 3327 contagium
3238 3255 3554 3328 colligendi.

1962 3358 2205 3428 Cumque
2234 3353 2493 3422 scriptum
2520 3350 2621 3407 sit:
2655 3348 2918 3420 Loquebar
2947 3350 3001 3403 in
3029 3348 3330 3404 testimoniis
3360 3348 3462 3402 tuis
3503 3349 3557 3402 in

1963 3458 2237 3519 conspectu
2258 3462 2450 3520 regum,
2470 3454 2519 3501 et
2540 3459 2641 3499 non
2662 3442 3011 3513 confundebar
3037 3440 3209 3513 (Psal.
3233 3456 3416 3511 cxvnt,
3438 3441 3558 3513 46),

1965 3557 2063 3601 rex
2092 3539 2523 3598 confundebatur
2562 3534 2616 3592 in
2653 3545 2951 3606 conspectu
2999 3533 3364 3605 subjectormn
3408 3533 3557 3605 loqui

1964 3637 2109 3710 quod
2152 3648 2340 3692 verum
2389 3642 2493 3689 est.
2538 3630 2652 3686 lioc
2692 3628 3001 3685 merebatur
3032 3628 3101 3685 de
3140 3628 3347 3699 justitia
3377 3628 3557 3683 divina

1965 3729 2063 3787 Dei
2088 3733 2448 3797 contemptor,
2476 3730 2534 3779 ut
2560 3724 2648 3793 qui
2680 3719 2799 3791 ejus
2829 3719 3008 3775 ordini
3036 3720 3284 3776 subditus
3315 3734 3437 3775 esse
3466 3735 3560 3774 no-

1966 3822 2088 3890 luit,
2115 3820 2360 3876 subditos
2389 3822 2687 3872 vereretur.
2718 3814 2818 3880 Qui
2845 3813 3003 3868 etiam
3027 3810 3168 3867 aliud
3197 3812 3434 3867 deterius
3461 3811 3525 3864 ad
3544 3840 3561 3853 -

1966 3915 2101 3971 dens
2126 3913 2225 3980 ait,
2258 3931 2275 3962 ι
2305 3910 2447 3982 quod
2475 3916 2673 3963 sanctae
2705 3920 2824 3975 qua:
2846 3903 3041 3973 ubique
3075 3910 3257 3959 essent
3282 3900 3561 3957 catholica!

1967 4006 2246 4071 Eaelesiae,
2277 4012 2331 4059 et
2361 4000 2449 4073 qui
2481 4001 2559 4055 eis
2587 4004 2887 4068 praeessent
2925 3995 3037 4050 Deo
3071 3994 3332 4050 amabiles
3377 4008 3562 4049 sacer.

1966 4100 2123 4154 dotes
2192 4111 2298 4151 non
2344 4093 2501 4149 aliter
2547 4089 2849 4147 crederent.
2888 4107 2905 4141 ι
2938 4086 3100 4154 Quasi
3140 4088 3378 4142 omnium
3424 4085 3561 4140 ﬁdes

1967 4186 2333 4243 Ecclesiarum
2362 4198 2427 4239 ex
2462 4180 2578 4251 ejus
2620 4178 2897 4235 voluntate
2942 4178 3229 4247 penderet,
3264 4187 3318 4233 et
3354 4178 3560 4232 nemini

1968 4279 2159 4334 liceret
2210 4275 2369 4331 aliter
2416 4275 2637 4328 credere
2680 4286 2841 4342 quam
2872 4271 3190 4339 prazcipcret
3244 4274 3559 4342 imperator.

1968 4367 2217 4434 Videbat,
2258 4378 2318 4422 ut
2357 4363 2615 4431 arbitror,
2652 4363 2914 4433 quosdam
2957 4362 3195 4429 timidos,
3243 4363 3326 4416 vel
3378 4377 3559 4417 rerum

1969 4459 2346 4532 temporalium
2369 4456 2615 4527 cupidos,
2660 4454 2761 4511 sibi
2796 4453 2996 4521 favere,
3022 4464 3078 4509 et
3104 4469 3170 4509 ex
3198 4454 3303 4508 illis
3330 4461 3558 4509 etetcros

273 4550 456 4605 divina
485 4552 973 4607 communicatione
1015 4551 1286 4606 fruatnini.
1318 4550 1568 4622 Nunquid
1618 4553 1735 4608 sine
1775 4554 1859 4609 di-
1895 4567 1939 4627 ί)
1967 4554 2303 4610 mstimabat:
2338 4550 2530 4622 quibus
2561 4550 2661 4604 etsi
2694 4561 2879 4602 vocem
2910 4545 3348 4601 contradictionts
3378 4546 3563 4600 abslu~

275 4642 397 4699 vina
422 4645 910 4700 communicatione
940 4642 1102 4700 iidem
1132 4644 1295 4700 alicui
1320 4643 1340 4675 ³
1379 4658 1409 4698 a
1443 4644 1574 4713 Deo,
1620 4647 1703 4700 isti
1748 4647 1858 4702 fue-

351 4828 376 4855 ιι
405 4817 636 4872 Zenonis
665 4816 980 4885 llenoticon,
1011 4820 1123 4874 sive
1143 4819 1438 4888 Unitivum,
1470 4828 1526 4875 ut
1574 4820 1854 4877 Liberatus

276 4886 678 4955 interpretatur,
703 4889 902 4942 editum
926 4889 993 4941 ad
1020 4886 1431 4953 Alexandrinos,
1461 4891 1615 4959 cujus
1649 4893 1736 4945 hic
1765 4906 1858 4946 ca-

282 4961 392 5028 pita
436 4959 678 5028 quaedam
730 4960 1089 5028 excutiuntur,
1144 4959 1331 5015 Grazce
1371 4960 1636 5028 integrum
1697 4962 1860 5017 habet

282 5021 541 5097 Evagrius
574 5027 677 5097 lib.
702 5043 757 5081 ιιι
790 5021 1208 5097 ιιίειοτίτε,’ρερ.
1249 5029 1352 5095 24;
1387 5021 1623 5086 Latinam
1654 5032 1858 5085 versio—

283 5046 541 5097 bvagrtus
574 5046 664 5081 ιιυ.
702 5046 757 5081 ιιι
791 5046 1056 5096 Historiae,
1088 5046 1147 5083 ca
1191 5068 1208 5085 .
1249 5046 1352 5095 24;
1387 5046 1623 5086 Latinam
1654 5046 1855 5085 versio—

283 5114 405 5154 nem
435 5096 905 5168 altamiLiberatus
940 5111 1060 5168 cap.
1108 5046 1195 5154 ιέ).
1229 5100 1371 5154 ldem
1414 5099 1529 5168 ejus
1582 5099 1855 5154 scribendi

280 5179 553 5224 auctorem
581 5167 781 5223 Zenoni
807 5167 1059 5222 Acacium
1091 5170 1256 5224 fuisse
1305 5167 1463 5223 tradit
1494 5184 1611 5237 cap.
1650 5170 1749 5232 l7;
1794 5171 1862 5225 ab

280 5241 476 5296 Aeacio
540 5242 656 5308 ipso
708 5240 962 5294 dictatum
1026 5240 1282 5308 quosdam
1336 5240 1631 5295 afﬁrmasse
1681 5248 1865 5294 narrat

280 5310 639 5380 Theophanes
692 5311 746 5365 in
778 5310 1064 5365 Chronico.
1092 5308 1237 5375 Τότε,
1268 5311 1457 5379 inquit,
1500 5315 1584 5365 καὶ
1632 5312 1859 5367 ἑνωτικόν

282 5384 484 5441 ἐποίησε
500 5387 685 5447 Ζήνων,
697 5386 782 5437 καὶ
792 5403 960 5437 natura
965 5388 1067 5453 χοῦ
1091 5381 1387 5453 ἐξέπεμψεν,
1404 5382 1505 5437 ἀπὸ
1521 5381 1749 5438 Ἀκακίου
1765 5390 1863 5436 τῶν

284 5454 1243 5527 ιςωνσταντινουπόλεῳςᾼύπᾳγοριυοέγ,
1270 5457 1337 5513 ὡς
1363 5455 1487 5527 φασί
1512 5474 1659 5513 τινες.
1686 5454 1863 5527 lieno-

286 5526 390 5578 tico
420 5532 638 5594 recepto
665 5524 872 5579 contusi
905 5524 1134 5594 primum
1158 5524 1492 5581 Alexandriae
1518 5540 1641 5581 cum
1683 5524 1857 5579 tme-

358 5713 374 5743 ⁸
408 5712 541 5767 Cod.
577 5714 796 5775 Verum,
824 5714 1177 5768 ostenduntur.

355 5784 375 5816 ¹
411 5785 551 5839 idem
580 5784 722 5851 cod.,
756 5788 1029 5840 Istcrcsibtts

1967 4647 2123 4715 lerat,
2168 4646 2407 4699 animum
2442 4648 2588 4698 certe
2636 4646 2844 4695 mutare
2889 4652 2994 4693 non
3035 4638 3227 4708 potuit.
3267 4636 3377 4695 Nec
3419 4636 3560 4694 enim

1969 4820 2090 4877 ticis
2117 4818 2438 4883 orthodoxi;
2466 4826 2575 4871 tum
2604 4815 2799 4872 exinde
2831 4814 3298 4883 Constantinorioli
3347 4825 3402 4871 et
3447 4817 3561 4871 An-

1967 4893 2204 4951 tiochiae.
2234 4904 2296 4945 ac
2327 4898 2439 4944 toto
2463 4888 2678 4942 demum
2710 4889 2932 4943 Oriente
2962 4888 3108 4942 labes
3130 4888 3319 4942 eadem
3351 4899 3556 4940 secuta.

1971 4965 2151 5019 Victor
2180 4960 2515 5015 Tononensis
2545 4976 2558 5012 :
2586 4959 2654 5012 P.
2684 4959 2744 5013 C.
2777 4958 3081 5013 Theudorici
3113 4956 3178 5012 V.
3202 4957 3259 5010 li.
3286 4957 3560 5011 orientales

1967 5033 2211 5103 episcopi,
2240 5039 2424 5101 prwter
2446 5044 2658 5096 paucos,
2685 5028 3130 5103 per_Hert_otic_un_t
3154 5026 3375 5103 Zenonis
3393 5097 3402 5103 _
3421 5042 3561 5103 cant-

1966 5094 2209 5157 munio'ne
2233 5094 2381 5169 atque
2410 5094 2656 5153 consensu
2685 5094 2868 5167 polluti
2892 5099 3033 5151 Petri
3066 5096 3425 5169 Alexandrini,
3455 5094 3560 5147 Pe-

1966 5175 2034 5225 tri
2062 5166 2381 5239 Antioclténi,
2415 5180 2464 5225 et
2488 5170 2664 5223 Acacii
2688 5166 3258 5239 Constantinopolitani
3284 5166 3561 5239 episcopo-

1966 5259 2100 5307 rum,
2135 5242 2332 5312 synodo
2368 5237 2775 5295 Cltalcedonrnsi
2816 5243 3135 5312 renuntiant.
3163 5237 3242 5292 De
3282 5238 3403 5312 hoc.
3432 5238 3559 5289 item

1968 5307 2252 5368 Facundus
2291 5321 2479 5368 contra
2522 5312 2815 5367 Matianum
2846 5327 2857 5362 :
2888 5309 3028 5361 Zeno
3066 5309 3348 5379 imperator
3387 5307 3558 5374 ipsum

1968 5384 2240 5438 concilium
2260 5385 2585 5453 promulgata
2612 5384 2799 5451 sprevit
2835 5379 3019 5432 edicto.

2041 5456 2065 5493 δ
2094 5456 2273 5520 Forte,
2304 5456 2435 5523 agis.

2054 5708 2075 5739 ³
2108 5710 2248 5762 Idem
2280 5706 2426 5772 cod.,
2457 5707 2508 5759 id
2534 5715 2605 5759 cst
2635 5704 2810 5757 alieni.

2045 5779 2071 5849 ‘7
2094 5779 2152 5834 ln
2182 5779 2371 5835 eodem
2402 5777 2519 5833 cod.
2560 5776 2711 5832 deest
2740 5772 2982 5830 Zenonis.
