4104 6360
514 196 615 250 Μῗ

1582 187 1883 247 FACUNN
1920 186 2137 247 EPISC.
2171 186 2675 282 ιιειιΜιΑΝΕΝειξ

3687 189 3822 252 848

512 308 743 382 amplius
788 306 984 379 aliquid
1018 304 1196 362 mundi
1232 311 1468 377 potestas
1497 305 1641 363 valet
1684 307 1740 364 in
1784 307 1868 364 his
1911 321 2047 379 quos
2076 323 2106 364 a
2135 311 2185 373 Α
2212 309 2331 382 ipso
2360 320 2589 381 tantum,
2620 318 2874 383 eiusque
2898 307 2967 365 ad
2997 308 3198 379 ipsum,
3229 306 3362 365 ﬁdes
3390 308 3654 368 amoti“
3679 320 3826 368 εει.

513 405 682 462 libera
714 403 833 459 ﬁdei
863 402 1157 458 assertione
1200 403 1512 469 retraxerit,
1548 402 1650 458 nisi
1682 412 1738 459 ut
1762 404 1821 460 in
1854 403 1991 459 illud
2023 404 2107 462 in-

514 496 699 551 cidant
726 494 864 566 quod
895 492 1151 547 Dominus
1186 492 1259 547 ait
1287 510 1299 545 :
1332 492 1435 558 Qui
1459 509 1537 547 nte
1562 494 1817 549 eruburrit
1836 506 1883 550 et
1915 511 2107 551 scruto-

513 602 603 641 rzes
632 601 784 649 meos,
838 583 971 637 hunc
1004 579 1170 637 l’ilius
1212 584 1429 639 'iontinis
1471 586 1726 641 erubescet
1764 603 1881 641 cum
1914 589 2106 642 ocnrrit

513 682 569 734 in
598 681 861 750 majestate
897 693 992 731 sua
1012 717 1028 743 ,
1056 686 1103 729 ct
1152 675 1343 742 Patris,
1384 686 1429 731 et
1461 687 1761 732 sanctorum
1807 680 2109 751 angelorum

515 772 666 843 (Luc.
691 786 765 839 tv,
786 770 902 840 26).
934 768 1154 840 Aliquos
1179 768 1477 840 igiturjus‘
1509 769 1793 825 mundanae
1826 771 2108 841 potestatis

512 860 771 917 Ecclesia:
803 861 945 915 valet
974 859 1206 928 auferre,
1237 861 1440 915 nullum
1475 872 1650 917 tamen
1681 862 1781 917 sibi
1805 863 2106 932 acquirere.

514 953 703 1010 Melius
726 969 854 1025 ergo
886 964 969 1011 est
1000 964 1055 1009 ut
1081 964 1255 1010 semet
1283 954 1419 1009 intra
1461 955 1687 1011 limitem
1730 970 1883 1011 suum
1934 957 2107 1013 conti-

515 1056 664 1113 ucat,
694 1061 853 1117 quem
892 1061 1014 1101 cum
1054 1045 1466 1118 tranSgrcditur,
1507 1046 1732 1117 perdere
1773 1046 1968 1103 multos
2007 1060 2107 1118 po-

517 1148 644 1205 test,
676 1138 870 1194 lucrari
900 1138 1190 1194 nemiuem.
1222 1137 1354 1193 Nam
1379 1147 1434 1193 et
1470 1153 1595 1195 suas
1640 1138 1836 1194 habent
1864 1138 2108 1196 ofﬁcinas

518 1228 604 1284 vel
633 1228 871 1285 artifices
918 1228 1096 1283 omnia
1133 1244 1250 1298 qua:
1280 1244 1345 1284 ex
1391 1230 1668 1300 proposito
1711 1229 1908 1286 docere
1958 1230 2110 1289 vide-

516 1335 660 1376 mus.
696 1320 979 1392 Nunquam
1008 1320 1147 1376 cnim
1172 1332 1241 1377 tte
1272 1322 1508 1398 t_cxtrino
1551 1336 1846 1393 personare
1887 1321 2110 1377 incudcs

517 1415 843 1481 audivimus,
892 1425 946 1470 et
987 1415 1167 1487 ignem
1212 1415 1321 1471 illic
1367 1415 1420 1470 in
1471 1415 1779 1472 fornacibus
1826 1417 2105 1473 anhelare.

516 1506 800 1579 Nunquam
845 1509 1206 1577 comperimus
1248 1524 1277 1564 a
1309 1520 1493 1566 sutore
1536 1510 1819 1581 quaesitum
1858 1526 1977 1581 qua:
2025 1525 2109 1566 cu-

514 1597 711 1670 iusque
740 1597 958 1656 fabrica:
985 1599 1303 1672 longitudini
1336 1602 1613 1672 pr0portio
1652 1602 1949 1657 latitudinis
1977 1616 2108 1657 con-

2208 414 2310 462 ret.
2343 406 2547 473 Quibus
2568 405 2660 462 ille
2681 403 2968 473 credulus,
2996 401 3323 459 existimavit
3348 419 3445 473 per
3468 405 3823 476 singularem

2208 498 2550 568 sapientiam,
2568 513 2725 568 quam
2744 496 2798 553 ei
2822 506 3017 568 praeter
3037 505 3404 554 assentatores
3428 512 3588 554 nemo
3608 500 3827 554 tribue-

2212 602 2328 659 rat,
2360 591 2605 663 inveuire
2635 607 2695 647 se
2726 605 2884 661 posse
2932 589 3194 645 rationem
3237 588 3495 646 facienda:
3534 591 3775 653 unitatis
3798 631 3825 656 ,

2209 698 2369 754 quam
2402 682 2579 738 nullus
2600 692 2723 739 ante
2753 697 2851 752 per
2890 691 2970 737 tot
3001 692 3241 752 tempora
3270 682 3504 753 potuerit
3531 682 3827 741 invenire.

2211 774 2454 844 Denique
2483 774 2563 831 sic
2593 774 2645 830 in
2678 782 2977 830 memorato
3000 773 3138 828 dixit
3156 773 3336 829 edicto
3370 791 3384 828 :
3421 792 3442 826 ι
3470 772 3828 847 Coaptenms

2213 865 2454 922 membra
2484 867 2775 931 membris,
2806 880 2928 936 quae
2956 864 3207 920 inimicus
3228 865 3353 921 boni
3375 881 3443 922 ex
3467 867 3641 921 multo
3664 878 3826 923 tcm-
3912 848 3924 857 ’

2211 974 2341 1030 pore
2370 974 2623 1029 separare
2654 959 2927 1015 festinavit
2958 977 2970 1011 :
3000 959 3103 1015 scit
3128 959 3271 1015 enim
3300 960 3557 1030 quoniam
3586 961 3632 1017 si
3666 962 3830 1016 inte-

2211 1065 2365 1121 grum
2398 1050 2652 1107 Ecclesia:
2696 1065 2894 1121 corpus
2924 1051 3237 1123 impugnet,
3288 1051 3444 1107 facile
3495 1063 3828 1123 superatur.

2214 1142 2291 1197 Ex
2311 1140 2410 1197 hac
2432 1157 2561 1212 ergo
2580 1140 2844 1198 divisione
2855 1143 3097 1212 contigit,
3116 1158 3212 1213 per
3232 1152 3407 1198 tantas
3428 1143 3832 1214 generationes

2212 1242 2482 1289 tantorum
2512 1248 2776 1289 annorum
2801 1274 2818 1299 ,
2864 1244 2923 1289 ut
2952 1235 3039 1289 alii
3068 1234 3288 1305 quidem
3338 1234 3555 1291 lavacro
3585 1251 3828 1305 regene—

2210 1327 2433 1383 rationis
2462 1327 2691 1382 fraudati
2724 1326 2791 1382 de
2822 1326 2922 1381 bac
2939 1326 3042 1380 vita
3066 1324 3429 1392 discederent,
3456 1345 3476 1379 i
3512 1336 3572 1381 et
3588 1336 3827 1382 caetera.

2211 1420 2363 1487 Quod
2394 1420 2793 1474 consentiamus
2827 1417 3200 1488 prtedicationi
3228 1417 3482 1489 potentia:
3502 1418 3823 1484 saecuhris,

2211 1529 2331 1586 quae
2361 1521 2486 1583 post
2516 1521 2687 1567 tantas
2734 1509 3111 1582 generationes
3138 1552 3153 1576 ,
3184 1509 3418 1566 fallendo
3459 1511 3548 1565 vel
3583 1502 3829 1567 tacendo

2212 1606 2356 1676 quod
2384 1620 2567 1660 verum
2598 1614 2703 1669 est,
2744 1602 2920 1658 facere
2968 1617 3028 1657 se
3057 1616 3215 1673 posse
3243 1602 3474 1658 credidit
3498 1604 3770 1659 unitatem
3802 1622 3823 1670 ;

515 1692 750 1760 veniret,
798 1702 855 1750 et
899 1704 1096 1765 quanta
1152 1695 1433 1765 utriusque
1488 1706 1811 1766 congrueret
1860 1694 2104 1750 altitudo.
2140 1688 2184 1749 Β
2213 1696 2456 1752 dicemus
2476 1694 2637 1751 etiam
2670 1709 2803 1762 nos,
2832 1694 2976 1764 quod
3004 1694 3106 1749 nisi
3151 1696 3419 1766 aggregati
3449 1696 3623 1752 simus
3649 1697 3826 1768 Euty-

516 1786 782 1855 Quoniam
821 1786 942 1842 illi‘
974 1788 1177 1859 integre
1220 1787 1361 1843 Scire
1407 1776 1652 1858 pessunt,
1697 1789 1788 1859 qui
1834 1789 1903 1843 ab
1947 1788 2115 1859 ipsius

516 1878 650 1935 artis
672 1888 796 1935 sunt
827 1879 1249 1951 prmccptoribus
1280 1880 1531 1936 instituti.
1559 1880 1699 1937 Solm
1728 1881 1782 1937 in
1804 1891 2114 1953 contemptu

518 1980 646 2027 sunt
674 1971 869 2028 divina:
899 1973 1115 2040 litterae,
1144 1988 1265 2043 qure
1297 1987 1394 2028 nec
1424 1987 1575 2029 suam
1607 1974 1844 2030 scholam
1884 1990 1980 2030 nec
2003 1991 2116 2031 ma-

519 2061 719 2133 gistros
748 2064 1001 2130 habeant,
1026 2080 1078 2119 et
1106 2062 1172 2120 de
1194 2064 1387 2136 quibus
1417 2064 1740 2135 peritissime
1754 2066 2029 2137 disputare
2055 2080 2116 2122 se

521 2158 710 2215 credat
751 2159 840 2229 qui
904 2173 1176 2230 nunquam
1230 2158 1474 2225 didicit.“
1511 2159 1716 2215 Deinde
1761 2175 1884 2216 cum
1937 2160 2116 2231 palatii

520 2264 700 2307 causae
722 2248 1157 2307 translerantur’
1186 2250 1253 2306 ad
1280 2249 1595 2317 Ecclesiam,
1626 2251 1893 2322 quomodo
1924 2252 2117 2309 Eccle»

523 2342 620 2398 site
647 2356 864 2399 causam
890 2341 957 2396 ad
991 2328 1242 2412 palati/um
1266 2341 1654 2398 transiercbat?
1686 2342 2119 2411 l‘0strcmo‘nun-

522 2432 653 2504 quid
700 2434 812 2506 jam
850 2433 1135 2490 domuerat
1175 2433 1260 2489 vel
1318 2442 1604 2504 pacaverat
1644 2447 1837 2489 omnes
1876 2433 2118 2490 infensas

520 2528 836 2599 rcipublica:
868 2528 1124 2584 barbaras
1153 2526 1434 2583 nationes?
1458 2526 1566 2596 jam
1600 2541 1694 2596 per
1733 2525 1973 2581 diversas
2018 2525 2118 2581 im-

523 2618 660 2689 perii
692 2619 775 2674 sui
804 2619 1107 2689 provincias
1134 2618 1435 2675 sedittoncs
1457 2632 1520 2673 ac
1557 2617 1885 2674 seditionum
1923 2632 2115 2674 causas

521 2710 855 2766 abstulerat?
900 2710 1011 2781 jam
1053 2711 1261 2766 cunctis
1306 2709 1664 2766 criminalium
1708 2710 1829 2766 sive
1880 2710 2117 2767 civilium

520 2816 805 2858 causarum
832 2800 1069 2872 querelis
1091 2801 1502 2858 convenientem
1524 2801 1748 2857 dederat
1770 2800 1928 2857 ﬁnem
1945 2802 2115 2857 2Com

521 2894 684 2967 igitur
708 2894 794 2951 his
817 2910 923 2951 non
947 2894 1237 2963 sufﬁceret,
1263 2896 1458 2966 quibus
1475 2910 1632 2952 nemo
1652 2895 1898 2951 sufﬁcere
1921 2905 2115 2966 potest,

521 2992 814 3063 qucmodo,
834 2990 878 3046 si
900 2992 1158 3062 cogitaret
1186 3002 1331 3047 tanta
1354 2991 1454 3047 loci
1478 2992 1559 3046 sui
1578 2989 1832 3062 pericula,
1855 2990 1989 3046 etde
2010 3006 2119 3046 om-

2217 1789 2449 1859 chianis,
2474 1791 2738 1858 integrum
2783 1804 2891 1843 non
2928 1790 2998 1844 sit
3042 1802 3240 1859 corpus
3285 1789 3565 1845 Ecclesiae.
3597 1790 3707 1847 Sed
3737 1806 3823 1847 va

2216 1882 2372 1937 nubis
2403 1890 2486 1937 est
2510 1921 2525 1946 ,
2552 1881 2596 1937 si
2628 1880 2832 1951 absque
2860 1880 3147 1950 Acepltalis
3171 1890 3390 1937 truncos
3418 1897 3517 1937 nos
3539 1883 3822 1939 credimus

2219 1972 2560 2031 remansisse.
2591 1972 2834 2045 Cumque
2874 1974 3219 2029 beatissimus
3248 1973 3358 2030 Leo
3399 1974 3609 2030 diceret
3635 1992 3652 2031 :
3681 1975 3819 2031 Nam

2218 2065 2369 2121 nullo
2391 2065 2552 2120 modo
2576 2063 2689 2120 ﬁeri
2720 2073 2894 2135 potest
2934 2075 2994 2121 ut
3021 2065 3117 2136 qui
3142 2064 3339 2122 divinis
3366 2067 3569 2122 audent
3594 2078 3817 2123 contra-

2219 2158 2401 2215 dicere
2450 2156 2838 2223 sacramentis,
2889 2158 3067 2228 aliqua
3099 2157 3254 2214 nobis
3298 2158 3683 2215 communione
3712 2174 3817 2214 so—

2217 2249 2455 2317 ciemur;
2488 2251 2581 2307 ille
2608 2249 3037 2307 contradictores
3060 2250 3112 2305 in
3137 2250 3434 2307 Ecclesium
3464 2251 3647 2318 misit,
3678 2252 3819 2306 dans

2217 2353 2463 2401 sanctum
2484 2341 2728 2409 canibus,
2759 2352 2815 2400 et
2842 2342 3233 2400 conculcandas
3270 2352 3396 2401 ante
3422 2359 3625 2415 porcos
3645 2346 3819 2415 proji-

2218 2437 2367 2493 eicns
2397 2438 2739 2509 margaritas.
2766 2434 3013 2508 Denique
3043 2438 3096 2492 in
3127 2435 3272 2506 ipsos
3300 2446 3659 2493 temeratores
3679 2451 3815 2491 eou-

2220 2532 2359 2587 versi
2389 2530 2737 2600 disruperunt
2763 2544 2879 2596 eos,
2903 2541 2957 2585 et
2987 2529 3055 2584 ab
3078 2528 3314 2584 Ecclesia
3336 2528 3663 2584 diviserunt.
3686 2528 3816 2583 Pro-

2220 2630 2339 2692 pter
2356 2620 2500 2691 qttod
2530 2620 2692 2676 etiam
2726 2619 2928 2690 grande
2952 2634 3015 2675 ac
3061 2619 3374 2674 diuturnum
3414 2618 3657 2674 schisma
3681 2627 3705 2655 ³
3733 2618 3814 2671 ia-

2219 2721 2364 2767 ctum
2392 2722 2494 2780 εει,
2521 2711 2691 2767 donec
2723 2712 3031 2766 misericors
3069 2708 3214 2765 Deus
3246 2724 3344 2780 per
3364 2716 3563 2764 vestra:
3594 2709 3818 2778 pietatis

2220 2802 2574 2861 ministerium
2598 2816 2693 2859 eos
2720 2799 2970 2873 redderet
2998 2802 3210 2856 unitati.
3243 2799 3394 2857 Unde
3426 2808 3482 2854 et
3524 2802 3815 2853 maximam

2219 2896 2446 2969 gloriam
2471 2896 2746 2953 consecuti
2767 2897 2919 2959 estis,
2948 2908 3111 2965 quam
3136 2902 3197 2948 ut
3224 2892 3278 2948 in
3310 2893 3471 2947 ﬁnem
3497 2890 3818 2947 custodiatis

2221 2997 2471 3061 Optamus
2492 3029 2508 3055 ,
2539 2988 2673 3043 nihil
2704 2997 2925 3057 agentes
2951 2985 3076 3042 huic
3104 2983 3433 3056 praedicabili
3463 2982 3605 3037 iacto
3638 2992 3819 3036 vestro

522 3084 683 3140 nibus
707 3098 766 3140 se
779 3083 1042 3140 rationem
1069 3083 1177 3139 Deo
1200 3083 1449 3140 crederet
1472 3084 1831 3151 redditurum,
1849 3084 2009 3139 etiam
2027 3098 2119 3154 pc-
2142 3077 2189 3140 C
2223 3081 2574 3141 contrarium.
2607 3080 2716 3137 Sed
2743 3078 3096 3137 memineritis
3122 3092 3245 3149 qua:
3289 3084 3418 3132 tunc
3440 3074 3604 3131 fuerit
3633 3075 3819 3129 laetitia

523 3177 714 3233 riculis
745 3191 804 3233 se
839 3176 1032 3234 alienis
1058 3176 1425 3247 innuergcret,
1456 3177 1540 3233 vel
1576 3177 1621 3231 si
1660 3178 1817 3234 talctn
1861 3192 2121 3249 prtrsum-

525 3273 763 3343 ptionem
789 3272 968 3329 divina
990 3271 1194 3343 iustitia
1226 3288 1331 3329 non
1353 3272 1670 3328 damnaret?
1697 3272 1789 3329 llis
1809 3282 1987 3330 autem
2010 3290 2043 3329 n
2082 3289 2116 3329 n

526 3375 834 3436 contentus,
873 3366 975 3422 hoc
1004 3379 1217 3437 quoque
1253 3366 1320 3420 ad
1371 3364 1620 3435 injuriam
1673 3378 1877 3421 sancta:
1923 3366 2116 3437 synodi

529 3458 986 3515 Chalcedonensis
1006 3458 1201 3527 adjecit
1220 3457 1439 3514 dicens:
1468 3475 1486 3508 ς
1514 3457 1759 3513 Adunatc
1774 3472 1904 3528 ergo
1923 3473 2040 3527 vos,
2064 3459 2121 3515 in

529 3550 677 3606 nullo
707 3549 1031 3605 dubitantes.
1080 3549 1205 3605 llazc
1234 3551 1378 3605 enim
1418 3547 1736 3617 scripsimus
1775 3550 1928 3606 vobis
1952 3592 1970 3618 ,
2011 3566 2117 3607 non

528 3640 847 3697 inuovantcs
880 3638 1070 3707 ﬁdem,
1102 3639 1199 3696 sed
1240 3648 1298 3694 ut
1328 3639 1481 3695 vobis
1504 3638 1956 3697 satisfaccrcmus.
1988 3642 2118 3698 0m-

532 3748 655 3790 nem
688 3749 816 3789 vero
844 3733 1003 3789 aliter
1030 3732 1329 3804 sapientem
1349 3773 1366 3799 ,
1395 3734 1508 3788 sive
1540 3747 1680 3789 nunc
1699 3773 1715 3801 ,
1747 3735 1860 3789 sive
1882 3734 2121 3805 quando-

533 3842 672 3899 que,
702 3828 819 3883 sive
862 3825 1237 3893 Chalcedone,
1287 3827 1403 3882 sive
1432 3826 1484 3881 in
1532 3841 1847 3897 quacunque
1874 3829 2079 3899 synodo
2104 3868 2119 3895 ,

530 3917 1067 3974 anatltematitatnus.
1109 3934 1128 3969 ι
1166 3916 1248 3971 Ad
1281 3917 1383 3973 hoc
1422 3926 1602 3973 autem
1635 3918 2005 3973 detestandum
2048 3920 2123 3973 fa-

532 4013 686 4069 cinus
717 4010 1045 4066 adulantium
1077 4008 1321 4065 laudibus
1347 4024 1471 4065 cum
1512 4008 1781 4065 credimus
1811 4012 2120 4080 excitatum,

533 4121 653 4161 cum
686 4105 736 4161 ei
774 4103 1020 4160 dicerent
1045 4142 1062 4169 ,
1113 4101 1560 4174 quemadmodum
1592 4102 1803 4169 Solent,
1834 4103 1976 4173 quod
2006 4119 2123 4157 om-

534 4210 632 4252 nes
660 4209 787 4251 suus
817 4193 1133 4251 dccessorcs
1179 4194 1443 4264 sapientia
1467 4201 1527 4250 ct
1567 4192 1827 4264 religione
1851 4196 2127 4265 prmcelle-

533 4297 645 4356 vet;
678 4286 821 4359 quod
867 4286 1051 4344 nullus
1078 4287 1129 4343 ei
1174 4294 1359 4357 posset
1388 4286 1444 4341 in
1496 4285 1791 4353 universis,
1823 4287 1915 4357 qui
1945 4297 2129 4343 esseut

535 4382 621 4441 vel
646 4382 909 4453 fuissent,
966 4380 1061 4439 Dei
1088 4380 1455 4439 sacerdotibus
1494 4378 1797 4453 comparari
1838 4383 2027 4452 :quod
2069 4383 2121 4439 iu

2220 3176 2405 3248 populi
2443 3172 2763 3242 Christiani,
2815 3187 2939 3228 cum
2991 3180 3134 3227 totus
3175 3168 3471 3226 catholicus
3524 3167 3676 3222 orbis
3722 3178 3819 3220 vos

2220 3282 2567 3345 paternorum
2598 3269 2939 3326 decretorum
2966 3266 3219 3323 cu-todes
3238 3308 3253 3333 ,
3281 3280 3379 3320 vos
3406 3272 3819 3335 recuperatores

2221 3366 2370 3437 pacis
2392 3362 2769 3421 ecclesiastica:
2794 3405 2812 3428 ,
2843 3376 2940 3417 vos
2981 3360 3168 3416 violati
3191 3358 3395 3415 ordinis
3424 3359 3546 3427 ejus
3575 3358 3818 3411 vindices
3912 3424 3922 3432 θ

2222 3455 2559 3528 praedicaret.
2592 3455 2636 3511 Ο
2657 3468 2818 3527 quam
2844 3454 3083 3509 suaviter
3109 3467 3306 3508 nomen
3335 3459 3573 3506 vestrum
3605 3465 3706 3519 per
3725 3464 3820 3504 ora

2223 3548 2555 3605 laudantium
2583 3546 2888 3604 ferebatur!
2919 3560 3081 3617 quam
3102 3554 3285 3615 gratus
3310 3544 3453 3598 illius
3485 3540 3822 3598 memorandi

2221 3639 2385 3696 veStri
2408 3638 2586 3710 operis
2611 3646 2728 3695 erat
2751 3636 2992 3693 auditus!
3039 3636 3105 3692 Et
3134 3635 3253 3691 ideo
3279 3635 3648 3703 considerate,
3670 3649 3822 3705 quae.

2222 3748 2445 3798 sumus,
2485 3741 2541 3787 et
2593 3731 2808 3796 videte,
2855 3731 2969 3786 sive
2996 3743 3117 3800 qua:
3145 3743 3239 3784 vos
3284 3728 3379 3784 illo
3401 3738 3667 3798 tempore,
3709 3726 3825 3783 sive

2224 3840 2343 3897 quae
2381 3823 2648 3894 principes
2678 3822 2980 3877 Marcianus
3009 3831 3065 3877 et
3088 3820 3198 3877 Leo
3227 3820 3561 3891 temporibus
3584 3818 3704 3873 suis
3729 3834 3825 3887 per

2225 3918 2527 3974 ordinatum
2546 3916 2878 3972 sacerdotale
2896 3913 3132 3971 ofﬁcium
3160 3913 3446 3985 gesserint,
3473 3921 3524 3969 et
3547 3928 3672 3984 qua:
3693 3926 3827 3968 con-

2228 4019 2308 4065 tra
2339 4008 2509 4081 egerit
2549 4008 2717 4074 Zeno,
2747 4006 2944 4062 divina:
2976 4006 3346 4077 dispositionis
3371 4004 3562 4060 ordine
3591 4003 3828 4066 calcato,

2225 4114 2280 4156 et
2323 4102 2499 4157 alieno
2538 4100 2764 4156 abutens
2793 4098 3008 4166 ofﬁcio,
3052 4114 3174 4154 cum
3223 4097 3569 4155 adulantibus
3618 4095 3827 4159 credit,

2226 4212 2348 4250 cum
2380 4210 2567 4251 eorum
2594 4210 2651 4248 se
2677 4194 2929 4249 laudibus
2957 4194 3184 4248 mstimat
3208 4231 3224 4259 ,
3254 4207 3377 4250 cum
3406 4191 3508 4247 illis
3533 4190 3829 4261 praeconiis

2227 4286 2470 4343 elevatur
2498 4286 2693 4356 quibus
2738 4286 2959 4340 omnino
3004 4293 3262 4355 gravatur
3304 4273 3662 4338 bumﬁnitas:
3720 4296 3831 4336 uott

2231 4383 2515 4442 attendens
2542 4383 2681 4455 quod
2714 4375 3004 4454 Apostolus
3026 4382 3323 4438 admonens
3353 4377 3485 4435 dixit
3519 4395 3533 4433 :
3560 4377 3706 4450 Opus
3732 4393 3831 4431 au-

609 4578 637 4606 ιι
672 4535 971 4633 Annorum,
993 4574 1052 4620 ut
1080 4570 1265 4637 contra
1291 4562 1583 4637 lliutianttm
1604 4560 1816 4637 scribit.
1840 4573 2007 4632 prope
2028 4559 2118 4637 40,
2149 4567 2199 4629 ι)
2229 4564 2429 4637 Adjerit
2448 4606 2463 4631 ,
2485 4564 2678 4635 inquit,
2715 4565 2791 4620 rir
2835 4559 3049 4637 illustris
3081 4558 3436 4637 (Laurentius)
3488 4575 3639 4637 omne
3680 4558 3831 4612 nubi-

540 4654 569 4693 a
601 4637 795 4694 Felicis
823 4638 886 4692 III
921 4632 1255 4707 pontiﬁcatu
1277 4634 1342 4687 ad
1372 4633 1943 4707 llormisdam“usque.
1966 4632 2122 4703 cujus

540 4708 874 4779 temporibus
899 4703 950 4762 in
987 4705 1420 4779 communionem
1473 4705 1671 4779 recepti
1709 4703 2030 4779 Orientales,
2072 4713 2128 4779 et

538 4774 933 4849 pax-Ecclesia:
982 4776 1188 4849 reddita
1233 4784 1316 4849 est
1351 4790 1494 4849 anno
1544 4774 1746 4849 Christi
1797 4774 1924 4839 5l9,
1973 4775 2127 4849 adni-

540 4844 690 4906 tente
742 4849 1005 4920 imprimis
1038 4846 1178 4916 apud
1215 4845 1496 4920 iustitium
1543 4846 1917 4920 imperatorem
1964 4844 2130 4920 Justi—

541 4923 700 4977 niano
735 4914 845 4975 tum
880 4914 1307 4974 adliuc‘comite.
1345 4917 1569 4986 Vigilius
1602 4918 1651 4969 in
1700 4918 1975 4988 encyclicu
2012 4934 2024 4968 :
2060 4914 2131 4968 Et

539 4993 654 5047 ideo
685 4994 728 5047 si
755 5009 909 5046 causa
957 4989 1203 5044 Ecclesite
1229 4989 1521 5050 ordinatur,
1570 4998 1624 5040 ut
1665 5004 1837 5057 pacein
1890 4990 1936 5042 ei
1977 5002 2130 5055 quant

540 5062 781 5119 avunculi
824 5064 903 5119 sui
933 5061 1193 5133 piissimus
1238 5061 1475 5133 princeps
1522 5062 1638 5128 ['ecit
1682 5059 2031 5133 temporibus,
2082 5065 2132 5133 et

539 5141 694 5190 modo
721 5128 978 5197 restituat,
1020 5149 1113 5201 ego
1157 5128 1487 5185 sacramentis
1528 5146 1657 5197 opus
1690 5145 1794 5201 non
1827 5130 2019 5201 habeo,
2045 5128 2133 5181 sed

539 5210 709 5261 statim
730 5205 997 5277 egredior.
1013 5199 1237 5258 Exstant
1255 5201 1547 5277 lustiniani
1574 5199 1933 5277 gratttlatorite
1952 5201 2022 5277 de
2042 5212 2135 5277 pa:

539 5290 604 5332 ce
631 5267 922 5332 constituta
967 5273 1159 5329 littera:
1204 5273 1267 5326 ad
1300 5267 1660 5326 llormisdain.
1699 5270 1885 5323 Exstat
1912 5276 1964 5322 et
1993 5267 2131 5322 Aviti

545 5346 865 5401 Viennensis
901 5346 967 5399 ad
1014 5343 1274 5399 Joannem
1306 5342 1961 5406 Constantitmpolitanum
1984 5340 2130 5404 ejus-

542 5418 663 5470 dem
722 5416 1022 5486 argumenti
1073 5424 1129 5469 et
1178 5411 1834 5486 gratulationiscpistola
1879 5410 2123 5486 nandum

541 5488 685 5541 edita
708 5528 723 5553 ,
754 5478 859 5558 qua
890 5487 1154 5556 publicam
1182 5478 1267 5542 ves
1298 5498 1361 5540 ea
1404 5497 1532 5553 pace
1578 5480 1815 5535 laetitiam
1860 5478 2119 5534 declarat.

617 5648 633 5675 '
663 5642 795 5697 Cod.
832 5642 1057 5706 Veram.
1089 5644 1184 5697 vis.

616 5716 637 5746 ⁸
664 5716 806 5770 idem
832 5714 979 5778 cod.,
1014 5717 1105 5768 Itoc
1127 5715 1337 5778 inteqrr.

2239 4630 2347 4689 lunt
2376 4637 2516 4707 quod
2545 4630 2761 4705 quietem
2801 4636 3127 4691 orientalium
3158 4635 3462 4707 papularum
3483 4630 3724 4707 ambigua
3744 4645 3832 4682 ca-

2236 4701 2428 4779 liganti:
2450 4701 2736 4777 fuseaverat
2760 4748 2774 4775 ,
2796 4701 3168 4779 redintegrataé
3198 4701 3339 4779 pacis
3366 4703 3640 4779 serenitate
3660 4701 3833 4755 deter-

2235 4773 2350 4831 sum
2379 4795 2395 4831 :
2422 4773 2468 4833 et
2497 4795 2607 4832 eam
2633 4773 2767 4831 cunt
2786 4773 3021 4831 Romano
3037 4775 3264 4829 antistite
3286 4776 3371 4829 eos
3393 4773 3580 4826 habere
3605 4787 3824 4825 concor-

2236 4850 2376 4901 diam
2403 4890 2417 4914 ,
2483 4864 2640 4920 quam
2686 4848 2816 4901 velut
2876 4848 3105 4920 geminos
3154 4846 3517 4920 apostolorum
3565 4842 3831 4920 print-ipes

2237 4921 2429 4974 mundo
2453 4913 2716 4989 assignare
2744 4913 3028 4971 conveniat.
3062 4913 3379 4981 Quis'enim,
3427 4916 3519 4989 qn_i
3546 4914 3627 4989 vel
3651 4913 3833 4989 entheo

2238 4990 2367 5044 licus
2389 4992 2490 5044 dici
2538 4983 2700 5057 potest
2721 5030 2736 5053 ,
2768 4990 2831 5041 de
2864 5000 3122 5041 tantarum
3151 5003 3212 5040 ac
3260 4983 3445 5057 talium
3471 4983 3831 5057 Ecclesierttns

2240 5077 2492 5140 pureum
2522 5056 2743 5132 gaudeat
2764 5103 2777 5125 ,
2809 5077 2933 5140 quas
2956 5058 3101 5140 velut
3130 5063 3181 5109 in
3209 5056 3335 5140 caelo
3366 5056 3831 5140 posituru‘rfltﬂgio-

2240 5077 2365 5130 pace
2393 5077 2492 5114 non
2522 5071 2743 5132 gaudeat
2764 5103 2777 5125 ,
2809 5077 2933 5140 quas
2963 5071 3101 5111 t'etut
3130 5073 3181 5109 ttt
3209 5071 3335 5110 meto
3366 5071 3590 5125 positum
3620 5071 3831 5192 vergin-

2236 5132 2315 5184 uis
2343 5134 2549 5201 signum
2579 5147 2670 5195 pro
2698 5145 2900 5201 gemino
2924 5129 3089 5181 sidere
3130 5127 3658 5201 ntundus_aspertat_?
3724 5200 3729 5201 ν
3754 5141 3831 5178 itis

2237 5218 2339 5254 non
2370 5198 2553 5254 riterite
2575 5198 2851 5253 delectetur
2881 5199 3253 5265 inﬁrmantium
3281 5198 3453 5251 reditu
3480 5198 3835 5266 incolumique

2234 5281 2392 5337 statu,
2422 5288 2539 5325 cum
2563 5272 2677 5323 aliis
2706 5270 2878 5323 avibus
2905 5275 3043 5323 intra
3072 5271 3294 5322 claustra
3314 5269 3556 5331 sulcatis,
3590 5269 3686 5321 illa
3714 5282 3835 5336 qua

2236 5344 2357 5395 vitio
2385 5343 2600 5395 errantis
2624 5341 2825 5394 arbim’i
2871 5341 3038 5409 fuerat
3066 5351 3281 5412 evagata
3311 5383 3325 5408 ,
3356 5340 3641 5395 calcuulus
3668 5340 3835 5391 cautis

2239 5414 2418 5467 lwtitia
2448 5414 2721 5484 plaudente
2769 5412 3073 5467 revocatur?

2317 5637 2336 5667 ³
2367 5636 2506 5694 ldctn
2531 5638 2676 5707 cod.,
2707 5654 2808 5694 non
2834 5642 3236 5709 tratts[.rautttr.
