4104 6360
321 350 445 409 849

1172 369 1303 428 ιιιιο
1335 373 1762 434 DEFENSIONE
1840 379 2011 439 num
2050 378 2364 437 CAPITUL.
2408 382 2517 442 LIB
2552 385 2670 443 ΧΠ.

3480 386 3585 445 εδδ

316 473 589 523 “meum
616 471 791 540 probet
836 480 1214 554 unusquisque,
1261 498 1309 541 et
1356 499 1476 544 tunc
1528 494 1581 546 in
1630 495 1896 560 semetipso
1919 497 1971 559 Α
1996 496 2313 565 Apostolus:
2352 498 2563 555 Obedite
2596 481 2882 573 propositis
2905 502 3105 571 vestris,
3126 512 3176 560 et
3202 487 3582 576 suaja’cete'eia:

314 556 533 627 gloriam
553 560 752 617 habebit
776 574 828 619 et
853 583 952 622 non
980 570 1033 624 in
1057 574 1219 630 altero
1246 577 1389 648 (Gal.
1433 597 1506 650 Vl,
1535 582 1635 653 ηε
1690 586 1743 640 id
1786 556 1891 657 est,

313 654 373 702 ut
394 649 702 708 testimonio
728 670 843 711 sua
878 663 1222 721 conscientiae
1273 669 1401 726 tidat
1424 714 1439 739 ,
1473 649 1585 729 non
1626 685 1681 732 ut
1710 691 1775 733 eo
1803 649 1895 734 re;

310 735 440 793 licto
483 740 745 810 glorietur
773 747 828 801 in
873 742 969 807 ore
1016 752 1305 813 laudantis.
1356 735 1435 815 Et
1469 765 1650 820 suavis
1678 767 1896 837 quidem

308 829 603 884 assentatio
633 831 842 890 videtur
864 877 880 903 ,
911 839 1007 895 sed
1034 846 1336 911 perniciose
1377 853 1636 922 recipitur
1668 829 1895 912 z-amara

308 930 439 973 vero
466 930 844 996 nonnunquam
868 930 1067 989 veritas
1089 977 1105 1002 ,
1136 950 1350 1008 semper
1378 941 1515 1000 bene
1544 953 1722 1004 tamen
1752 947 1894 1005 acci-

306 1010 577 1111 pientibus
607 1019 836 1076 salubris
856 1034 959 1080 est.
988 1025 1079 1083 llla
1106 1030 1380 1090 blanditur
1406 1045 1465 1093 et
1507 1037 1740 1111 decipit,
1775 1040 1893 1098 haec

303 1102 527 1174 castigat
554 1116 608 1162 et
636 1112 871 1181 corrigit.

939 1260 1163 1322 CAPUT
1215 1267 1276 1323 V.

305 1359 762 1451 Conclusiotgt‘ius
784 1375 976 1451 operis,
1023 1394 1142 1434 cum
1172 1386 1423 1449 νανωηεεί
1450 1388 1520 1442 ad
1539 1388 1895 1451 Iustinianum

538 1449 596 1494 ut
618 1441 894 1500 Theodosii
918 1454 1150 1522 exemplo
1174 1441 1400 1511 errorem
1419 1441 1678 1530 agnoscat.

380 1529 552 1596 Quam
585 1533 635 1587 si
691 1543 936 1594 tenerent
986 1545 1257 1613 magniﬁci
1300 1552 1641 1622 sacerdotes,
1690 1566 1745 1613 et
1787 1574 1895 1616 non

307 1619 433 1677 inde
449 1622 647 1681 ι-ειιεηι
674 1624 888 1697 placere
911 1633 1268 1705 principibus,
1290 1641 1433 1697 unde
1447 1619 1661 1713 parasiti
1682 1648 1896 1708 fallaces

307 1711 538 1772 incautis
584 1720 762 1775 solent
790 1726 1035 1792 patronis
1057 1727 1317 1799 illudere,
1360 1711 1633 1806 nunquam
1682 1741 1734 1794 in
1760 1757 1892 1797 con-

310 1807 583 1864 tumeliam
631 1826 833 1869 sanetae
862 1818 1054 1887 synodi
1102 1820 1559 1884 Chalcedonensis
1596 1830 1844 1891 dicerent
1876 1854 1890 1890 :

1997 590 2101 660 ipsi
2130 590 2264 644 enim
2286 582 2599 662 pervigilant
2619 609 2767 664 quasi
2798 595 3046 649 rationem
3070 595 3323 651 reddituri
3352 611 3444 664 pro
3471 595 3586 650 arti-

1997 683 2177 738 mabus
2198 684 2380 740 vestris
2423 684 2612 755 (Hebr.
2662 702 2777 753 xm,
2828 688 2943 757 l7).
2978 688 3112 745 illnc
3143 689 3335 746 iterum
3379 688 3585 746 dictum

1999 785 2080 831 est
2102 793 2117 830 :
2142 774 2212 832 Et
2233 778 2456 847 portabit
2484 778 2655 833 Aaron
2698 790 2904 851 peccata
2944 796 3119 836 eorum
3149 782 3346 856 (Exod.
3388 797 3586 858 xxvm,

1998 868 2113 939 38).
2146 873 2514 945 Quapropter,
2544 876 2590 931 si
2624 877 2892 948 principes
2936 894 3041 934 non
3067 878 3227 936 alieni
3254 889 3379 936 sunt
3404 894 3435 935 a
3480 894 3583 951 po-

1998 963 2128 1034 pulo
2151 963 2265 1031 Dei,
2297 974 2351 1021 et
2380 980 2477 1034 pro
2521 967 2653 1034 ipsis
2695 984 2915 1041 quoque
2954 972 3177 1027 olicrtur
3218 972 3582 1042 sacriﬁcium.

1998 1057 2309 1115 sacerdotes
2346 1060 2507 1115 etiam
2556 1059 2792 1130 ipsorum
2842 1073 3056 1132 peccata
3104 1074 3319 1135 portent
3359 1080 3589 1125 necesse

1998 1158 2100 1205 est.
2135 1150 2201 1205 Et
2222 1151 2346 1206 ideo
2367 1166 2466 1207 nec
2490 1154 2778 1209 temeritati
2808 1169 2905 1211 nec
2927 1157 3244 1227 arrogantia:
3269 1157 3586 1228 deputetur,

1997 1241 2044 1295 si
2072 1240 2323 1297 sacerdos
2364 1243 2526 1297 etiam
2559 1244 2848 1315 principem
2880 1260 3104 1315 pecca'e
3145 1245 3443 1315 prohibeat.
3477 1248 3591 1302 llu-

1998 1349 2189 1389 manus
2216 1335 2361 1389 enim
2384 1348 2564 1391 sermo
2592 1346 2672 1392 est
2701 1346 2756 1393 et
2780 1339 2925 1394 omni
2956 1339 3270 1409 acceptione
3291 1341 3480 1411 dignus
3506 1340 3586 1396 diu
3629 1381 3633 1385 .

1998 1425 2171 1481 centis
2206 1440 2222 1480 :
2250 1425 2365 1481 Non
2392 1440 2648 1497 aggraves
2693 1442 2832 1485 onus
2868 1444 3048 1486 meum
3078 1431 3219 1499 quod
3250 1430 3460 1501 suscepi
3492 1445 3590 1501 pro

1999 1526 2085 1571 tua
2110 1516 2284 1573 salute
2312 1518 2650 1588 portandum.
2681 1518 2798 1575 Non
2827 1523 2971 1576 enim
3002 1530 3083 1577 est
3127 1522 3271 1577 aliud
3302 1538 3429 1578 cum
3458 1523 3589 1578 dicit

1996 1608 2248 1676 cuiquam
2297 1610 2591 1678 sacerdos,
2668 1611 2785 1669 Noli
2838 1627 3092 1683 peccare,
3135 1630 3295 1685 quam
3325 1614 3370 1669 si
3416 1614 3582 1680 dicat,

1983 1697 2277 1757 'Sarcinam
2323 1717 2484 1774 quam
2530 1719 2629 1774 pro
2674 1711 2728 1760 te
2767 1706 3008 1762 sustineo
3048 1705 3159 1762 noli
3210 1720 3455 1778 gravare.
3508 1707 3587 1763 Ac

1997 1808 2095 1863 per
2106 1795 2205 1850 hoc
2219 1794 2263 1851 si
2279 1795 2524 1867 princeps
2536 1811 2747 1869 quoque
2762 1813 2856 1868 pro
2870 1798 2982 1854 suis
3005 1800 3237 1868 peccatis
3262 1800 3590 1855 intercesso-

313 1915 334 1949 ι
365 1899 420 1954 Si
454 1902 573 1970 quis
594 1903 721 1959 dicit
750 1882 951 1965 rectam
978 1926 1099 1970 esse
1125 1916 1192 1971 ad
1222 1917 1408 1976 Marim
1440 1882 1895 1998 impianivepisto;
1929 1882 1974 1944 Β
2004 1900 2119 1942 rem
2145 1887 2263 1942 “In
2309 1887 2505 1998 hab?”
2533 1890 2904 1998 “eam???”
2936 1891 3096 1947 etiam
3127 1892 3180 1998 in
3210 1892 3589 1998 mimici“

306 1990 414 2046 iam
440 2034 456 2060 ,
484 2004 714 2053 autenm
760 1998 1029 2071 defendit,
1059 2016 1113 2063 et
1139 2024 1247 2065 non
1289 1990 1705 2076 anathematizat
1724 1990 1893 2094 eam,

305 2084 592 2143 anathema
639 2089 740 2157 sit,
782 2110 802 2145 ι
855 2110 1031 2167 neque
1069 2109 1369 2161 statuerent
1422 2117 1482 2163 ut
1525 2110 1570 2164 si
1620 2114 1739 2183 quis
1787 2084 1894 2173 non

284 2176 721 2236 anathematizat
750 2181 1095 2244 Theodorum
1127 2191 1474 2265 Mopsuestia:
1496 2241 1509 2265 ,
1541 2210 1594 2257 et
1613 2176 1735 2273 ejus
1760 2206 1893 2279 dog-

303 2275 451 2322 mata
479 2310 494 2335 ,
526 2285 725 2343 eosque
755 2275 846 2345 qui
864 2288 960 2334 aut
987 2282 1183 2339 similia
1216 2285 1319 2356 ipsi
1346 2304 1637 2359 sapuerunt
1674 2306 1769 2352 aut
1808 2275 1895 2355 sa-

305 2360 494 2432 piunt,
538 2376 723 2423 essent
762 2371 1069 2431 anathema.
1099 2376 1155 2433 in
1182 2394 1322 2448 quo,
1366 2383 1507 2439 sicut
1531 2388 1890 2462 ostendimus,

302 2470 411 2510 non
442 2458 614 2515 solum
641 2475 993 2525 memoratam
1023 2472 1285 2541 synodum
1316 2474 1812 2539 Chalcedonensem
1837 2495 1893 2542 et

304 2546 727 2621 Antiochenam,
775 2572 963 2613 verum
1009 2562 1170 2619 etiam
1218 2567 1413 2635 prioris
1464 2575 1726 2643 temporis
1768 2594 1892 2649 qua:

297 2636 587 2698 Theodoro
628 2649 1046 2708 communicavit
1101 2655 1430 2733 Ecclesium,
1485 2674 1648 2737 atque
1697 2684 1888 2729 omnes

297 2742 595 2799 praesentes
626 2736 678 2793 in
700 2754 928 2812 corpore
958 2743 1157 2802 Christi
1188 2748 1406 2819 ﬁdeles,
1436 2755 1530 2825 qui
1556 2736 1610 2813 et
1638 2759 1887 2831 dogmata

296 2836 353 2880 et
376 2843 571 2884 nomen
600 2831 718 2902 ejus
747 2834 996 2905 ignorant
1018 2882 1033 2907 ,
1068 2841 1162 2896 sed
1190 2852 1244 2899 et
1271 2855 1487 2905 sanctas
1512 2864 1577 2907 ac
1598 2851 1886 2916 familiares

296 2919 514 2977 Christo
544 2939 835 2997 personas,
864 2930 1119 3003 ipsosque
1147 2940 1420 3007 apostolos
1444 2985 1460 3011 ,
1485 2953 1542 3000 et
1565 2947 1884 3008 catholicam

296 3011 455 3068 fidem
477 3016 580 3071 sub
625 3020 971 3079 anathemate
996 3025 1416 3091 damnaverunt.
1450 3035 1517 3091 Et
1543 3036 1673 3096 hinc
1699 3055 1760 3097 se
1785 3057 1886 3113 pu-

297 3114 410 3160 tant
431 3111 768 3169 excusabiles
787 3154 807 3181 ,
832 3116 976 3186 quod
1003 3117 1106 3175 hoc
1137 3135 1245 3177 non
1271 3137 1368 3180 sua
1395 3137 1587 3197 sponte
1614 3111 1878 3207 fecerunt,

287 3198 387 3252 sed
410 3199 639 3257 alienam
670 3204 889 3263 fuerunt
910 3212 1079 3266 secuti
1106 3217 1428 3273 sententiam
1470 3238 1484 3275 :
1509 3220 1685 3281 minus
1708 3234 1881 3284 atten-

2002 1980 2381 2051 castigatorem
2412 1979 2555 2038 ferre
2582 1997 2689 2038 non
2718 1983 3056 2055 dedignatur,
3088 1992 3148 2040 ut
3174 1999 3271 2055 pro
3301 1983 3392 2039 illo
3420 1984 3586 2039 inter-

1999 2071 2199 2127 cedens
2229 2073 2401 2142 possit
2429 2073 2605 2129 audiri
2638 2092 2649 2127 ε
2683 2090 2750 2131 ne
2778 2075 2986 2130 dicatur
3000 2076 3049 2131 ei
3070 2076 3212 2147 quod
3240 2074 3485 2131 Jeremize
3504 2074 3585 2130 di-

1997 2172 2143 2218 ctum
2174 2172 2295 2219 est:
2328 2164 2455 2219 Noli
2485 2180 2633 2220 orare
2662 2182 2753 2236 pro
2796 2165 2989 2235 populo
3029 2167 3151 2231 hoc,
3185 2175 3234 2221 et
3263 2182 3326 2221 ne
3346 2166 3582 2237 postula-

2000 2256 2126 2311 veris
2166 2257 2399 2314 misereri
2426 2256 2591 2326 illius,
2627 2268 2676 2313 et
2714 2276 2814 2314 non
2843 2261 3116 2316 accesseris
3140 2262 3209 2315 ad
3240 2278 3321 2315 me
3357 2276 3452 2331 pro
3476 2262 3582 2324 eis,

1995 2348 2120 2417 quia
2149 2363 2251 2402 non
2280 2348 2556 2404 exaudiam
2585 2359 2633 2405 te
2660 2348 2817 2419 (lea,
2848 2367 2964 2417 vui,
3003 2352 3116 2424 16).
3153 2352 3304 2420 Quod
3337 2361 3581 2409 metuens

1996 2438 2168 2493 beatae
2215 2439 2603 2495 recordationis
2653 2440 2824 2512 major
2870 2434 3206 2498 Theodosius
3246 2442 3579 2513 imperator,

1993 2530 2151 2599 cujus
2196 2522 2409 2601 semper
2466 2531 2831 2587 memorabilis
2860 2532 2963 2587 erit
3008 2532 3063 2588 in
3111 2532 3348 2591 Ecclesia
3378 2530 3581 2588 Christi

1994 2624 2252 2680 memoria
2272 2666 2287 2691 ,
2311 2640 2613 2696 quanquam
2638 2640 2781 2696 smpe
2803 2625 2870 2681 de
2892 2632 3203 2698 magnorum
3227 2626 3578 2682 barbarorum

1995 2717 2194 2787 prteliis
2234 2716 2383 2773 etde
2429 2716 2783 2773 maximorum
2814 2729 3163 2789 tyrannorum
3210 2718 3577 2789 triumphave-

1992 2814 2081 2882 rit,
2119 2827 2225 2868 non
2255 2819 2431 2867 tamen
2459 2827 2524 2869 ex
2554 2812 2926 2883 hujuscemodi
2955 2814 3301 2869 victoriarum
3324 2812 3578 2885 frequen-

1991 2905 2096 2975 tia,
2146 2906 2200 2961 in
2250 2905 2445 2978 quibus
2468 2906 2740 2979 Trajano,
2788 2908 2897 2963 lilio
2938 2908 3233 2978 gehennae,
3276 2908 3578 2979 comparari

1988 3013 2095 3054 non
2123 3005 2323 3069 potest,
2347 3013 2529 3054 veram
2558 2998 2752 3055 meruit
2777 2998 3037 3070 gloriam;
3061 3000 3158 3056 sed
3180 3001 3247 3057 de
3274 3000 3499 3071 supplici
3522 3008 3577 3057 et

1988 3090 2199 3161 publica
2244 3090 2451 3160 peccati
2477 3091 2560 3146 sui
2587 3090 2903 3161 paenitentia
2924 3131 2940 3158 ,
2976 3106 3135 3161 quam
3165 3102 3469 3164 expugnato
3491 3107 3576 3146 rc-

1984 3183 2091 3253 gali
2124 3182 2336 3255 fastigio
2368 3183 2575 3255 placide
2600 3195 2761 3254 atque
2790 3184 3068 3240 humiliter
3086 3184 3321 3241 antistite
3350 3184 3575 3241 Ambro-

287 3290 481 3348 dcntcs
548 3296 690 3363 quod
757 3310 999 3368 pastores
1909 3268 1956 3333 Ο
1988 3275 2083 3391 sic,
2096 3277 2393 3383 “inﬁma
2419 3276 2776 3391 ³³⁸⁰⁸¹³ἷ⁸κῗ

270 3393 538 3455 pastores
560 3388 771 3448 debeat.
798 3391 951 3450 Unde
980 3412 1081 3454 nec
1100 3414 1254 3457 error
1276 3413 1550 3473 pastorum
1579 3388 1880 3484 gregi,_sed

287 3480 468 3550 gregis
497 3483 835 3554 pastoribus,
868 3487 912 3541 si
941 3504 1047 3547 non
1076 3497 1384 3565 arguerint,
1437 3480 1757 3570 imputatur.
1796 3507 1879 3565 Ad

289 3570 625 3628 lizcchielcm
670 3574 927 3635 Dominus
955 3581 1086 3639 dicit
1128 3600 1141 3637 :
1188 3584 1296 3642 Fili
1320 3591 1560 3662 hominis,
1592 3598 1882 3666 speculato-

286 3678 394 3718 rem
423 3666 542 3721 dedi
571 3677 619 3722 te
649 3669 826 3725 domui
853 3671 1039 3743 Israel,
1070 3686 1117 3732 et
1140 3682 1321 3738 dudies
1347 3700 1412 3739 ea:
1435 3702 1525 3742 ore
1546 3705 1656 3745 meo
1684 3708 1878 3749 sermo-

283 3772 421 3811 nem.
448 3754 515 3813 lu
539 3775 599 3814 eo
620 3777 737 3816 cum
767 3764 944 3821 dixero
970 3774 1244 3839 precatori,
1269 3773 1531 3847 Morieris,
1558 3792 1604 3836 et
1634 3799 1737 3838 non
1762 3786 1877 3853 fue-

279 3849 353 3902 ris
378 3848 577 3906 locutus
623 3866 677 3907 ut
702 3868 872 3911 cat-eat
900 3859 1087 3930 impius
1114 3877 1146 3916 a
1186 3865 1270 3918 via
1297 3884 1433 3935 sua;
1463 3871 1553 3926 ille
1591 3875 1795 3941 quidem
1818 3878 1872 3932 in

279 3940 547 4011 iniquitate
562 3960 658 4001 sua
687 3949 950 4017 morietur,
973 3955 1274 4024 sanguinem
1292 3968 1464 4012 autent
1489 3961 1603 4032 ejus
1630 3966 1694 4018 de
1718 3982 1874 4022 manu

275 4041 371 4085 tua
418 4034 695 4104 requirant.
758 4037 835 4094 Tu
880 4052 1052 4096 autent
1103 4046 1151 4099 si
1194 4049 1498 4117 pra'dixeris
1536 4053 1697 4124 impia
1737 4060 1874 4115 viam

275 4141 425 4180 suam
464 4126 693 4199 iniquam
717 4170 733 4197 ,
765 4140 813 4186 et
841 4147 944 4187 non
973 4145 1234 4191 avertatur
1273 4139 1338 4193 ab
1382 4157 1443 4197 ea
1474 4145 1526 4209 ¹;
1551 4145 1640 4200 ille
1666 4149 1872 4218 quidem

274 4217 329 4276 in
357 4218 628 4289 iniquitate
654 4238 750 4277 sua
787 4226 1055 4295 morietur,
1087 4240 1136 4284 et
1182 4239 1238 4284 tu
1276 4233 1503 4291 animum
1554 4217 1696 4294 luant
1742 4240 1869 4295 libe-

273 4309 651 4381 rabis(l:'aeclt.
680 4328 766 4380 Ill,
803 4316 889 4382 l7,
924 4317 1036 4388 19).
1082 4319 1164 4375 Ad
1223 4321 1365 4380 hanc
1419 4335 1601 4383 autem
1645 4331 1866 4388 domum

198 4458 207 4461 Α
276 4400 439 4457 lsrael
468 4414 675 4460 certum
704 4417 789 4463 est
817 4407 978 4464 etiam
1002 4411 1269 4484 principes
1293 4416 1472 4487 populi
1500 4421 1791 4490 pertinere,
1811 4433 1872 4482 et

272 4490 402 4563 ipsis
433 4511 649 4568 quoque
689 4501 1058 4570 speculatores
1086 4518 1214 4561 esse
1238 4511 1555 4578 prmpositos
1588 4529 1602 4566 :
1633 4528 1862 4582 quorum

268 4587 456 4656 culpas
482 4590 526 4643 si
573 4604 671 4660 pro
713 4593 1083 4665 acceptatione
1112 4611 1463 4667 personarum
1494 4600 1865 4663 dissimulave-

266 4682 376 4737 rint
406 4682 770 4751 sacerdotes,
799 4686 929 4755 ipsis
973 4688 1159 4757 procul
1202 4688 1368 4748 dubio
1414 4702 1669 4766 tanquam
1714 4699 1864 4759 COIIi'.

268 4769 521 4824 bentibus
567 4773 926 4831 ascribcatur.
979 4780 1133 4844 Quod
1175 4780 1223 4836 si
1268 4791 1322 4838 et
1352 4785 1683 4843 concedatur
1719 4789 1861 4859 quod

269 4858 348 4917 eis
380 4873 487 4912 non
517 4859 680 4916 fuerit
710 4867 921 4921 vetandi
956 4867 1216 4939 facultas,
1262 4875 1385 4944 quis
1412 4878 1695 4933 concedat.
1718 4858 1862 4950 quod

266 4950 347 5005 eis
376 4946 608 5005 defuerit
634 4950 832 5007 vitandi
859 4960 1143 5023 potestas?
1191 4969 1356 5030 atque
1401 4964 1523 5020 ideo
1553 4966 1635 5020 vel
1675 4968 1720 5022 si
1736 4946 1861 5025 non

264 5048 558 5110 potuerunt
600 5040 721 5098 huic
748 5044 1032 5113 prohibere
1080 5064 1153 5105 ne
1181 5049 1401 5119 ﬁerent,
1434 5063 1727 5123 potuerunt
1755 5060 1860 5113 sal-

260 5141 368 5189 tctn
396 5132 669 5191 dcciinate
691 5150 759 5191 ne
782 5135 1040 5192 iacerent.
1062 5140 1171 5196 (Zur
1193 5150 1373 5198 autem
1399 5146 1676 5213 sacerdos,
1698 5149 1854 5218 cujus

258 5236 340 5281 est
368 5224 549 5297 populi
574 5238 789 5300 peccata
815 5238 1049 5299 portare,
1068 5234 1218 5289 oneri
1246 5250 1345 5291 suo
1371 5250 1475 5293 non
1497 5239 1764 5306 consulat,
1794 5251 1857 5297 ut

257 5331 474 5375 nomen:
505 5334 600 5390 pro
646 5320 804 5390 cujus
833 5322 1071 5392 peccatis
1093 5324 1253 5382 ollert
1296 5328 1625 5385 sacrificium
1672 5333 1857 5401 prohi-

256 5408 379 5465 beat
396 5423 426 5465 ει
449 5411 705 5481 peccato?
726 5412 998 5484 Scriptum
1019 5430 1104 5473 est
1132 5418 1275 5474 enim
1306 5437 1318 5472 :
1344 5419 1411 5475 Et
1426 5422 1648 5492 portabit
1685 5424 1857 5481 Aaron

254 5497 451 5563 iudicia
479 5499 706 5566 ﬁliarum
736 5499 905 5556 Israel
935 5501 1134 5575 (Exod.
1176 5522 1365 5571 xsvnu,
1406 5508 1521 5578 9.9).
1547 5507 1599 5563 In
1630 5525 1740 5579 quo
1769 5512 1850 5566 in-

252 5587 543 5658 telligimus
569 5591 693 5660 quia
728 5608 827 5664 pro
854 5597 1089 5665 peccatis
1112 5600 1296 5669 populi
1316 5600 1624 5658 sacerdotes
1640 5600 1850 5673 judica-

252 5679 472 5737 buntur.
508 5681 658 5745 Unde
693 5695 750 5742 et
776 5685 907 5744 illud
938 5689 1080 5761 quod
1136 5692 1294 5763 supra
1329 5694 1847 5755 memoraviniusait

322 5914 337 5946 ‘
366 5913 443 5973 Co
458 5916 497 5972 tl.
534 5906 752 5987 Veron,
772 5929 819 5976 et
853 5938 950 5979 non
982 5940 1186 5982 aversus
1216 5924 1318 5998 fuci
1334 5927 1368 5983 it
1403 5924 1466 5982 ao
1494 5941 1576 5984 ea.

1984 3368 2305 3427 tisfactionis
2335 3380 2546 3442 tempus
2583 3370 2655 3427 ab
2694 3371 2951 3428 Ecclesia:
2976 3370 3353 3429 communione
3395 3385 3574 3428 remo-

1984 3470 2071 3517 tus
2100 3461 2361 3533 implevit.
2392 3462 2484 3519 l’ie
2520 3463 2809 3519 admodum
2837 3464 3065 3521 credens
3089 3475 3144 3522 et
3186 3466 3456 3536 sapienter
3483 3465 3572 3522 in-

1983 3553 2271 3626 telligens,
2326 3554 2472 3627 quod
2522 3570 2631 3612 non
2686 3570 2751 3612 ex
2804 3557 3087 3629 temporali
3143 3566 3411 3629 potestate
3465 3573 3572 3630 qua

1978 3646 2155 3703 fuerat
2184 3648 2345 3704 etiam
2372 3649 2745 3708 sacerdotibus
2773 3651 2867 3708 Dei
2900 3655 3221 3725 praepositus
3245 3698 3261 3723 ,
3293 3657 3479 3712 sed‘ex
3503 3672 3593 3713 eo.

1979 3740 2266 3809 pervenire
2289 3751 2473 3812 posset
2515 3743 2598 3799 ad‘
2630 3746 2817 3813 vitam,
2847 3749 2990 3817 quod
3033 3748 3137 3803 illis
3163 3760 3275 3804 erat
3298 3750 3413 3818 ipse
3441 3750 3569 3805 sub-

1974 3830 2172 3901 jectus.
2204 3832 2358 3889 Unde
2387 3834 2716 3891 credendum
2765 3846 2848 3893 est
2889 3839 3013 3909 quia
3046 3840 3091 3894 si
3120 3856 3265 3895 nunc
3291 3840 3433 3897 Deus
3468 3843 3568 3896 ali-

1975 3936 2135 3991 quem
2164 3922 2511 3979 kmbrosium
2552 3929 2868 3994 suscitaret,
2900 3930 3061 3984 etiam
3094 3931 3431 4002 Theodosius
3461 3948 3568 3990 non

1977 4012 2220 4072 deesset.
2258 4015 2367 4071 Sed
2389 4031 2513 4073 cum
2561 4019 2836 4077 minor-est
2865 4021 3119 4093 exigendi
3143 4023 3360 4095 tidu‘cia,
3392 4026 3577 4083 minor.

1975 4114 2031 4161 et
2058 4106 2320 4163 reddendi
2358 4109 2597 4168 devotio.
2640 4111 2757 4170 Non
2787 4124 2870 4172 est
2896 4126 3074 4173 autem
3105 4136 3329 4192 magnus
3357 4133 3579 4182 amator

1976 4200 2250 4271 veritatis,
2294 4203 2385 4258 cui
2413 4218 2533 4259 eam
2583 4222 2831 4276 persona:
2877 4215 3219 4270 commendat
3247 4220 3564 4276 auctoritas.

1974 4289 2085 4347 Sed
2133 4292 2388 4362 quoniam
2436 4296 2503 4351 ad
2543 4297 2830 4372 illud‘quo
2876 4302 3018 4375 ιοηεί
3067 4312 3333 4368 sermonis
3357 4317 3563 4376 ambitu

1974 4382 2329 4442 tendebamus
2374 4387 2663 4460 aliquando
2712 4406 3027 4465 perventum
3060 4411 3164 4473 est,
3217 4406 3442 4466 obsecro
3474 4421 3562 4481 te,

1958 4474 2395 4538 clementissime
2444 4482 2766 4557 imperator,
2827 4506 2925 4562 per
2989 4502 3451 4561 mansuetudinem
3509 4521 3565 4564 et

1969 4569 2290 4627 modestiam
2312 4571 2548 4647 Christi,
2575 4588 2635 4634 ut
2657 4578 2933 4653 indignum
2964 4602 3050 4645 me
3078 4604 3185 4648 non
3225 4592 3565 4667 indigneoac-

1891 4659 1944 4720 D
1969 4662 2137 4733 cipias
2157 4679 2339 4737 neque
2362 4682 2625 4742 spernas;
2655 4673 2788 4730 Nam
2817 4678 2861 4733 si
2893 4693 3019 4736 vera
3056 4693 3185 4739 sunt
3227 4659 3565 4756 quaevdicun-

1967 4762 2087 4821 tur,
2110 4770 2223 4810 non
2245 4757 2368 4813 ideo
2394 4760 2607 4823 debent
2633 4765 2822 4839 ahjici,
2846 4770 2989 4841 quod
3018 4787 3082 4829 ea
3125 4776 3277 4834 vobis
3314 4781 3561 4851 ali‘jeetus

1963 4847 2219 4906 insinuat.
2250 4852 2391 4921 Quid
2420 4855 2561 4912 enim
2591 4865 2681 4913 tua
2712 4859 2936 4917 interest
2965 4880 3061 4935 per
3087 4869 3241 4939 cujus
3271 4886 3332 4927 os
3364 4847 3455 4928 tibi
3481 4876 3559 4929 lo~

1962 4953 2163 5012 quatur
2197 4949 2428 5014 veritas,
2479 4965 2601 5020 quae
2649 4953 2940 5026 aliquando
2968 4959 3128 5015 etiam
3162 4978 3257 5031 per
3283 4979 3343 5018 os
3388 4967 3555 5022 asina:

1962 5032 2110 5103 loqui
2158 5035 2374 5106 dignata
2419 5043 2559 5099 esti.
2595 5044 2749 5113 Quod
2784 5048 2833 5103 si
2879 5048 3088 5106 Nathan
3120 5054 3375 5124 propheta
3407 5074 3553 5127 quae-

1961 5127 2161 5182 rendus
2219 5129 2465 5189 videatur
2515 5140 2725 5207 quoties
2773 5142 3022 5214 princeps
3074 5129 3404 5217 delique’rit,
3462 5151 3554 5210 ubi

1959 5232 2105 5274 nunc
2136 5220 2471 5285 inveniemus
2503 5226 2744 5298 Nathan,
2776 5243 2835 5285 ut
2862 5233 3131 5302 princeps.
3155 5239 3304 5306 argui
3337 5243 3508 5307 possit
3532 5284 3547 5308 ,

1958 5325 2119 5381 quem
2154 5327 2404 5383 peccasse
2448 5331 2661 5376 certum
2711 5332 2807 5377 est-
2839 5334 2899 5378 ut
2942 5324 3150 5381 David?
3204 5328 3270 5384 Et
3308 5332 3429 5387 ideo
3460 5334 3551 5403 qui

1960 5405 2202 5474 peccavit
2230 5423 2338 5463 non
2367 5409 2835 5468 alterumNatban
2865 5427 3102 5487 quaerat,
3132 5422 3387 5490 quoniam
3419 5436 3549 5496 puto

1958 5495 2105 5566 quod
2134 5513 2235 5554 nec
2259 5499 2375 5569 ipse
2403 5514 2695 5571 praesumat
2718 5506 2925 5563 meritis
2953 5524 3012 5566 se
3039 5512 3353 5584 comparare
3373 5520 3545 5575 sancti

1959 5588 2149 5646 David.
2179 5590 2454 5662 Siquidem
2480 5610 2585 5651 non
2610 5611 2777 5668 regno
2803 5608 3008 5657 tantum
3036 5646 3050 5672 ,
3076 5605 3168 5660 sed
3195 5606 3246 5662 in
3270 5607 3383 5678 ipsa
3411 5626 3546 5681 quo.-

1954 5699 2061 5757 que
2080 5685 2360 5757 prophetia
2381 5687 2536 5759 cujus
2562 5688 2901 5752 solummodo
2922 5694 3149 5757 habebat
3169 5701 3568 5763 auctoritatem.
