4104 6360
542 347 644 412 861

1610 339 1910 429 FACUNDI
1942 290 2160 395 arise.
2200 328 2727 391 nanutANENSIs
2805 388 2811 398 ,

3730 333 3870 392 852

550 464 761 525 Natlian
779 504 795 533 ,
824 462 993 519 multo
1016 461 1187 518 luerat
1216 454 1571 517 excellentior
1597 470 1693 512 rex
1739 452 1926 511 David.
1951 451 2020 507 Et
2047 446 2137 504 ille
2163 445 2217 506 Δ
2242 444 2396 500 rillus
2419 444 2670 513 accedat,
2694 444 2786 516 qui
2814 442 2935 515 ejus
2962 444 3181 504 decreto
3208 446 3575 516 consentiens,
3596 454 3659 504 et
3676 446 3869 505 simia!

545 561 898 619 vehementer
927 558 1210 627 increpans
1231 561 1518 625 peccatum
1532 550 1814 623 ,prodebat
1841 547 2137 614 occultum;

545 667 650 710 nos
672 659 851 706 autem
884 650 985 706 hoc
1010 650 1285 721 supplices
1315 646 1547 719 petimus
1579 641 1877 704 emendari,
1905 639 2047 711 quod
2094 638 2142 694 si

549 744 780 801 velimus
804 743 981 801 celare
1002 758 1106 798 non
1137 756 1424 814 possumus
1439 782 1453 803 ,
1475 753 1575 795 nec
1595 748 1982 807 exaggeramus
1999 732 2143 805 quod

549 853 663 895 non
692 837 744 893 in
767 837 966 893 multos
995 844 1389 907 peccatumest.
1419 835 1486 890 Et
1516 848 1622 888 non
1653 832 1759 888 tale
1781 829 1983 902 aliquid
2010 828 2145 899 peti-

546 945 676 990 mus
704 931 938 1003 corrigi,
967 931 1126 996 quale
1158 928 1258 984 fuit
1288 927 1429 999 quod
1459 924 2018 982 excommunicatione
2055 920 2144 976 ul-

546 1023 864 1082 ciscebatur
908 1022 1250 1078 Ambrosius.
1303 1020 1435 1075 Illud
1468 1019 1610 1075 enim
1634 1058 1650 1084 ,
1682 1017 1950 1086 quamvis
1981 1014 2148 1069 fuerit

544 1115 695 1173 male
724 1123 959 1186 gestum,
1002 1113 1265 1173 creditum
1318 1121 1495 1166 tamen
1524 1117 1643 1166 erat
1668 1104 1963 1163 Theodosii
1994 1113 2144 1175 pote-

552 1210 705 1265 stati.
746 1206 902 1276 Quod
944 1214 1129 1263 autem
1172 1219 1317 1260 nunc
1365 1203 1563 1258 factum
1597 1210 1702 1268 est,
1730 1200 1811 1257 vel
1843 1200 1887 1255 si
1936 1208 2145 1254 rectum

548 1304 765 1369 luisset,
796 1310 943 1358 recte
970 1316 1079 1355 non
1107 1298 1264 1355 ﬁeret
1297 1315 1310 1352 :
1343 1296 1469 1368 quia
1515 1294 1649 1350 nulli
1677 1308 1862 1363 regum
1894 1292 2019 1348 hinc
2048 1292 2150 1345 ali-

549 1395 683 1465 quid
708 1409 903 1466 agere,
932 1393 1026 1449 sed
1056 1392 1184 1447 solis
1215 1388 1686 1446 estsacerdotibus
1716 1386 1922 1441 datum.
1948 1384 2148 1438 Verum

551 1487 636 1545 sic
696 1501 911 1557 quoque
952 1496 1297 1555 praecavens,
1342 1495 1411 1536 ne
1439 1479 1627 1536 videar
1668 1492 1998 1543 mensuram,
2042 1490 2148 1530 non

553 1580 774 1650 quidem
805 1579 991 1647 ofﬁcii,
1040 1575 1136 1633 sed
1167 1574 1347 1631 meriti
1396 1573 1500 1629 mei
1556 1581 1965 1643 transgressus,
2015 1565 2151 1622 nihil

552 1672 683 1730 hinc
713 1673 978 1741 imputare
1025 1683 1369 1741 przesumam.
1417 1665 1533 1721 Iloe
1577 1673 1785 1719 tantum
1834 1660 2153 1731 simpliciter

552 1780 712 1836 rogo,
744 1771 807 1818 ut
843 1763 964 1818 illos
996 1763 1141 1831 ipsos
1165 1775 1301 1830 quos
1329 1760 1382 1814 in
1415 1760 1514 1813 isto
1543 1757 1761 1812 decreto
1792 1753 1993 1810 novitio
2023 1766 2151 1822 pro-

2245 537 2539 610 prohihens
2579 538 2828 608 quaedam
2866 536 3149 594 Theodori
3192 536 3337 593 dicta
3379 538 3680 609 redargui,
3707 538 3873 594 dixit

2247 631 2391 703 quod
2416 631 2757 688 occasionem
2782 632 3023 688 tacerent
3045 632 3319 690 contrario
3336 632 3573 702 dogmati
3590 672 3610 700 ,
3633 648 3749 702 quo
3775 639 3871 687 ω-

2246 726 2517 782 nebantur
2542 725 2599 780 hi
2628 724 2722 796 qui
2766 738 2885 780 eam
2918 723 3269 781 condemnari
3299 723 3573 781 volebant.
3605 722 3871 779 Accedat

2247 819 2407 876 etiam
2440 820 2631 876 beatus
2669 819 2894 875 Proelus
2923 818 3582 889 Constantinopolitanus,
3612 818 3712 889 qui
3742 830 3873 871 non

2247 913 2423 969 solum
2480 913 2678 983 pariter
2721 913 2892 969 vetuit
2927 911 3166 969 abdicari
3214 911 3555 967 Theodorum
3583 952 3601 977 ,
3654 923 3869 964 verum

2251 1006 2412 1062 etiam
2446 1014 2673 1063 teStatus
2701 1013 2789 1062 est
2833 1006 2978 1077 quod
3007 1020 3132 1064 eum
3181 1020 3285 1063 nec
3332 1006 3510 1062 vivum
3554 1004 3873 1075 aliquando

2249 1098 2566 1168 culpaverit.
2599 1097 2836 1153 Accedat
2863 1099 3024 1154 etiam
3074 1098 3401 1153 venerabilis
3444 1098 3693 1153 Domnus
3741 1097 3871 1150 An-

2251 1189 2562 1253 tiochenus,
2608 1188 2701 1260 qui
2747 1187 2832 1243 sui
2890 1187 3195 1244 decessoris
3239 1187 3461 1243 Joannis
3508 1188 3873 1271 aliorumque

2253 1280 2672 1350 praecedentium
2706 1280 3034 1350 collegarum
3064 1280 3382 1334 sententiam
3428 1289 3654 1347 tenens,
3688 1281 3871 1351 Euty-

2250 1374 2340 1429 cbi
2390 1374 2697 1443 Apolinaris
2753 1371 3131 1429 heresiarcha:
3204 1372 3535 1443 impietatem
3583 1386 3871 1429 renovare

2253 1467 2481 1523 tentanti
2501 1512 2514 1534 ,
2542 1475 2596 1523 et
2624 1465 2693 1521 ob
2722 1466 2824 1522 hoc
2852 1466 3142 1521 Diodorum
3165 1476 3327 1537 atque
3348 1465 3698 1521 Theodorum
3723 1478 3864 1518 ana-

2255 1561 2604 1616 thematizare
2629 1559 3009 1629 praesumenti,
3045 1558 3253 1628 primus
3282 1558 3479 1612 restitit
3506 1558 3573 1610 ad
3618 1556 3866 1625 impera-

2254 1658 2433 1707 torem
2460 1649 2827 1707 Theodosium
2858 1648 3119 1705 scribens.
3150 1648 3357 1715 Quibus
3380 1646 3634 1701 omnibus
3657 1688 3673 1711 ,
3707 1655 3767 1698 ut
3790 1644 3868 1699 de

2254 1757 2485 1815 persona
2512 1741 2787 1797 Theodori
2810 1739 3251 1811 pmjudicaretur
3273 1732 3705 1793 Chalcedone‘nsi
3728 1749 3865 1790 con-

553 1860 803 1915 havimus
851 1871 972 1914 esse
1017 1856 1333 1919 damnatos,
1399 1850 1545 1907 tideli
1593 1859 1774 1906 mente
1822 1846 2150 1903 consideres.
2184 1844 2231 1905 B
2260 1837 2401 1902 ciliO.
2434 1849 2589 1903 neque
2637 1832 2924 1888 anathema
2944 1831 3157 1887 dictum
3204 1840 3321 1898 est,
3352 1829 3493 1901 quod
3538 1841 3641 1884 suo
3668 1842 3862 1883 exem-

553 1946 827 2019 lmprimis
854 1948 1160 2016 Philippum
1183 1955 1239 2001 et
1266 1944 1529 2000 Thomam
1578 1940 1775 1996 Christi
1805 1939 2099 2010 discipulos
2131 1978 2146 2003 ,

556 2043 655 2111 qui
681 2040 752 2095 oh
777 2040 879 2096 hoc
906 2039 1191 2095 anathema
1224 2037 1348 2092 facti
1396 2044 1523 2092 sunt
1564 2034 1709 2106 quod
1738 2030 2027 2102 aliquando
2072 2030 2155 2085 his

560 2145 685 2204 qua:
718 2130 914 2186 dicitur
942 2130 1187 2200 sapuisse
1224 2127 1543 2183 Theodorus
1592 2126 1785 2181 similia
1840 2130 2155 2194 sapuerunt.

563 2224 776 2283 Deinde
805 2232 1020 2279 sanctos
1042 2222 1229 2278 Patres
1256 2220 1347 2291 qui
1377 2218 1718 2274 Chalcedona
1760 2222 2155 2282 convenerant,

563 2325 619 2372 et
650 2315 933 2385 epistolam
984 2314 1090 2369 11η
1136 2309 1561 2368 reverentissimi
1591 2308 1831 2378 episcopi
1863 2321 1956 2376 per
2004 2320 2158 2361 suam

560 2406 890 2464 sententiam
919 2413 1120 2461 rectam
1144 2417 1267 2459 esse
1291 2401 1577 2467 dixerunt;
1612 2414 1711 2455 nec
1740 2398 2162 2454 anathematiza-

564 2506 770 2553 verunt
807 2495 1151 2552 Theodorum
1198 2491 1566 2564 dlopsuestiae,
1598 2506 1812 2548 eum'ex
1856 2505 1915 2545 ea
1948 2488 2161 2545 recitari

563 2587 757 2645 laudes
804 2589 923 2658 ejus
970 2588 1219 2643 audirent
1267 2601 1283 2641 :
1333 2588 1550 2656 insuper
1599 2592 1654 2640 et
1705 2583 1988 2653 epistolam
2020 2580 2163 2637 beati

564 2679 766 2737 Leonis
797 2678 1007 2734 illarum
1056 2676 1405 2748 epistolardm
1434 2674 1683 2744 exemplo
1733 2674 1819 2729 vel
1853 2673 2163 2735 testimonio

568 2768 928 2827 defenderunt
949 2808 964 2833 ,
989 2769 1041 2823 in
1071 2766 1265 2839 quibus
1296 2774 1349 2822 et
1368 2764 1624 2821 defensus
1643 2775 1724 2820 est
1745 2764 1887 2820 idem
1915 2764 2165 2820 Theodo-

566 2876 662 2919 rus
690 2871 745 2918 et
786 2861 1056 2916 laudatus.
1097 2859 1337 2927 Quorum
1371 2856 1756 2913 venerabilium
1804 2844 2025 2910 Patrium
2056 2855 2163 2926 pri-

566 2970 719 3013 mum
762 2962 1119 3010 memoratum
1153 2952 1388 3007 Leonem
1434 2947 1614 3003 animo
1643 2946 2043 3015 contemplare,
2073 2947 2162 3015 qui

570 3054 798 3118 propter
827 3044 970 3117 quod
1002 3043 1312 3114 approbatis
1335 3040 1502 3112 gestis
1528 3039 1772 3111 ejusdem
1798 3037 2005 3093 concilii
2030 3053 2165 3107 pra:-

573 3142 775 3197 dictam
825 3154 931 3195 non
976 3136 1448 3192 anatheniatizavit
1505 3133 1824 3203 epistolam,
1871 3145 1994 3187 cum
2048 3130 2164 3198 ipso

2256 1928 2367 1997 plo,
2401 1926 2516 1982 sive
2548 1924 2888 1995 testimonio,
2936 1924 3024 1981 vel
3068 1923 3291 1979 decreto
3342 1921 3744 1994 prohibuerunt
3789 1934 3860 1977 ne

2259 2030 2353 2077 aut
2390 2021 2492 2091 ipsi
2557 2029 2650 2075 aut
2699 2018 3041 2090 dogmatibus
3070 2016 3187 2087 ejus
3236 2014 3522 2071 anathema
3551 2014 3855 2069 diceretur.

2259 2116 2369 2173 Sed
2413 2128 2543 2171 ecce
2571 2128 2669 2169 nos
2700 2155 2715 2180 ,
2744 2113 2993 2182 religiose
3041 2110 3335 2180 imperator
3360 2152 3375 2177 ,
3408 2121 3744 2179 quocunque
3772 2107 3853 2162 ni-

2261 2224 2326 2266 su
2380 2216 2459 2264 tot
2504 2216 2719 2263 sanctas
2768 2205 3200 2273 reverendasque
3233 2215 3495 2272 personas
3523 2200 3576 2255 in
3631 2213 3855 2268 ωηερε-

2261 2311 2405 2358 ctum
2430 2311 2535 2357 tum
2565 2301 2764 2355 mentis
2793 2297 3119 2353 adduximus
3146 2313 3160 2349 :
3190 2294 3313 2366 quis
3341 2293 3520 2358 dabit,
3552 2302 3615 2347 ut
3642 2299 3697 2345 tu
3727 2305 3858 2360 quo-

2262 2407 2366 2461 que
2388 2392 2739 2448 considerans
2782 2389 2927 2461 quod
2975 2403 3041 2444 ex
3084 2388 3191 2444 illis
3238 2387 3349 2442 sint
3395 2385 3484 2441 isti
3514 2383 3854 2439 condemnati

2263 2487 2353 2556 qui
2388 2487 2439 2539 in
2490 2483 2899 2555 regeneratione
2923 2485 3191 2550 iustorum
3218 2520 3234 2546 ,
3283 2493 3406 2534 cum
3453 2476 3663 2533 sederit
3694 2475 3858 2531 Filius

2266 2578 2500 2634 hominis
2528 2578 2579 2631 in
2609 2577 2739 2632 sede
2768 2575 3066 2645 majestatis
3095 2586 3229 2639 sum,
3262 2572 3528 2628 sedebunt
3549 2578 3606 2625 et
3636 2568 3737 2639 ipsi
3766 2582 3857 2622 su-

2266 2688 2363 2742 per
2408 2671 2569 2727 sedes
2622 2668 2906 2726 duodecim
2973 2667 3278 2740 judicantes
3343 2662 3634 2719 duodecim
3690 2660 3858 2715 tribus

2264 2764 2460 2833 Israel,
2511 2762 2616 2818 illis
2665 2760 2837 2817 oculis
2893 2761 2945 2815 in
3003 2773 3099 2814 eos
3149 2756 3397 2812 intendas
3449 2753 3652 2825 quibus
3711 2760 3766 2807 te
3795 2752 3860 2805 ab

2265 2860 2344 2913 eis
2395 2872 2499 2911 non
2558 2854 2773 2910 dubitas
2823 2850 3212 2921 iudicandum,
3293 2860 3399 2901 non
3469 2844 3670 2914 quibus
3721 2855 3863 2895 nunc

2266 2948 2465 3004 Christi
2515 2946 2824 3002 sacerdotes
2873 2941 3140 3011 conSpicis
3187 2938 3253 2993 ad
3294 2947 3507 3004 tempus
3556 2933 3657 2988 tibi
3688 2931 3863 3001 subje-

2264 3052 2379 3096 ctos
2400 3041 2425 3094 ?
2450 3041 2657 3093 Intuere
2679 3038 2839 3108 igitur
2852 3035 3021 3091 oculis
3039 3032 3160 3088 tidei
3176 3045 3280 3103 qua
3303 3027 3478 3084 credis
3490 3025 3546 3081 in
3559 3025 3862 3092 Christum,

2268 3133 2412 3188 velut
2440 3133 2493 3186 in
2535 3131 2760 3200 quadam
2806 3127 3013 3184 caelesti
3062 3125 3208 3181 curia
3236 3121 3601 3185 considentes,
3653 3131 3866 3173 summo

572 3232 1005 3291 Chalcedonensi
1028 3231 1299 3286 concilioa
1323 3243 1431 3299 quo
1453 3228 1693 3297 judirata
1722 3234 1805 3283 est
1829 3226 2156 3291 orthodoxa,
2188 3215 2231 3277 C
2267 3238 2317 3284 et
2374 3226 2547 3296 primo
2594 3226 2714 3280 loco
2756 3223 3061 3290 Philippuln
3108 3227 3166 3274 ει
3214 3216 3481 3274 Thomam
3531 3212 3865 3268 reverendos

572 3328 860 3384 anathema
902 3324 1071 3381 factus
1114 3333 1216 3379 est.
1260 3321 1585 3377 Orientalem
1617 3335 1831 3389 quoque
1858 3316 2118 3390 synodum
2146 3358 2162 3383 ,

575 3436 737 3491 quam
771 3435 803 3474 a
830 3416 1227 3488 sapientissimo
1271 3414 1477 3469 Joanne
1507 3412 1842 3468 Antiocbcno
1871 3424 2164 3482 congrega-

580 3520 689 3569 tam
720 3553 737 3579 ,
761 3520 817 3567 et
843 3527 875 3566 a
895 3508 1322 3566 Chalcedonensi
1344 3507 1573 3562 concilio
1602 3505 1950 3574 approbatam
1980 3514 2166 3558 osten-

581 3604 759 3659 dimus
782 3604 1024 3666 intuere,
1048 3599 1193 3670 quod
1229 3600 1245 3630 ²
1278 3613 1381 3653 non
1414 3598 1587 3653 solum
1621 3611 1727 3651 non
1753 3594 2169 3649 anathematiza-

580 3697 662 3753 vit
683 3695 1028 3752 Theodorum
1076 3694 1415 3763 Mopsuestia:
1446 3702 1498 3747 et
1529 3690 1647 3760 ejus
1671 3690 1915 3759 dogmata
1944 3729 1958 3752 ,
1983 3704 2167 3743 verum

581 3788 744 3845 etiam
774 3785 1215 3845 anathematizari
1242 3784 1537 3855 prohibuit,
1572 3798 1637 3838 eo
1666 3780 1806 3853 quod
1838 3781 2002 3835 multa
2021 3780 2164 3835 simi-

579 3880 706 3936 liter
731 3879 871 3935 dicta
917 3887 975 3935 et
1018 3877 1085 3932 ab
1121 3877 1240 3931 aliis
1267 3874 1628 3931 anterioribus
1672 3881 1726 3927 et
1771 3871 2015 3941 gloriosis
2050 3871 2171 3942 ejus

579 3970 830 4028 Patribus
859 3970 1153 4025 inveniret.
1180 3968 1273 4023 Cui
1322 3974 1521 4021 sancta:
1567 3962 1919 4018 Orientalium
1965 3964 2171 4033 synodo

582 4062 732 4117 velut
752 4059 1133 4131 praesidentem
1162 4056 1343 4128 aspice
1370 4055 1629 4112 Joannem
1681 4051 2165 4121 Constantinopoli-

548 4164 551 4169 '
582 4164 771 4212 tanum
795 4195 811 4222 ,
834 4153 1105 4209 Theodori
1134 4148 1562 4218 condiscipulum
1582 4188 1598 4215 ,
1633 4156 1687 4201 et
1718 4144 2031 4213 Gregorium
2072 4143 2174 4198 Na-

584 4246 901 4302 zianzenum
938 4264 949 4297 ε
983 4258 1213 4314 quorum
1240 4243 1520 4298 sententiae
1546 4251 1883 4308 congruens,
1916 4235 2174 4291 adversus

583 4338 945 4396 calumniosos
979 4335 1237 4392 Ecclesiae
1264 4333 1676 4391 conturbatores
1720 4327 1960 4400 ejusdem
2000 4330 2176 4384 Theo-

582 4432 705 4489 dori
722 4431 919 4502 scripta
946 4430 1207 4486 defendit.
1241 4427 1377 4482 lluic
1408 4426 1616 4498 synodo
1642 4425 1804 4481 etiam
1854 4424 2041 4479 beatus
2073 4423 2177 4494 (Ty-

656 4590 676 4621 ¹
701 4587 838 4644 Cod.
877 4587 1099 4653 Veron.,
1138 4600 1272 4655 quis.

2269 3320 2559 3389 apostolos.
2580 3314 2823 3386 sequenti
2846 3313 3040 3369 deinde
3067 3310 3257 3367 ordine
3280 3321 3467 3363 omnes
3486 3320 3722 3377 quorum
3746 3318 3867 3359 sen-

2270 3414 2464 3469 tentias
2512 3408 2950 3472 memoravimus,
2989 3404 3257 3474 simulque
3306 3402 3591 3456 damnatos
3620 3410 3748 3453 esse
3775 3395 3868 3450 do-
3914 3379 3925 3389 ’

2269 3508 2499 3565 culmus.
2533 3501 2875 3559 beatissimos
2905 3499 3092 3553 Patres
3118 3513 3130 3550 :
3159 3494 3354 3565 quibus
3403 3492 3529 3547 licet
3576 3504 3679 3559 pro
3710 3495 3865 3542 tanta

2271 3614 2449 3653 causae
2478 3597 2670 3652 merito
2710 3594 2872 3648 verba
2906 3592 3125 3646 minime
3165 3585 3545 3643 commendare
3573 3582 3863 3654 possimus,

2270 3694 2393 3762 quia
2422 3704 2522 3745 nec
2565 3701 2784 3757 persona
2818 3674 3079 3754 permisit,
3112 3680 3228 3751 quis
3270 3690 3448 3734 tamen
3498 3690 3690 3732 eorum
3744 3688 3866 3728 eon-

2273 3782 2639 3841 demnationis
2684 3780 2929 3833 conscius
2956 3774 3080 3842 ,vel
3125 3773 3341 3828 tacitum
3383 3768 3529 3827 ferre
3582 3767 3757 3837 possit
3784 3780 3864 3820 as-

2273 3889 2511 3949 pectum,
2543 3890 2661 3928 cuni
2696 3871 2924 3925 tideliter
2981 3867 3365 3937 intelligcnieni
3407 3861 3577 3930 magis
3633 3864 3869 3914 terreant

2274 3974 2390 4040 ipso
2416 3967 2672 4024 silentio?
2720 3964 2980 4020 Videntur
3008 3963 3148 4016 enim
3184 3974 3275 4028 per
3312 3957 3413 4012 huc
3467 3952 3870 4009 condemnatio-

2275 4077 2397 4117 nem
2426 4073 2599 4121 suain,
2635 4055 2735 4110 nisi
2767 4052 3079 4123 quantocius
3102 4049 3373 4105 auferatur
3400 4088 3415 4114 ,
3455 4043 3642 4101 futuro
3668 4042 3874 4112 judicio

2278 4166 2608 4216 reservasse,
2639 4150 2791 4219 cujus
2821 4158 2873 4202 et
2907 4140 3311 4200 irretractabilis
3342 4139 3446 4194 crit
3483 4134 3779 4198 sententia,
3825 4138 3879 4186 et

2277 4248 2394 4300 sine
2426 4247 2529 4301 line
2553 4252 2868 4315 perpetuum
2898 4235 3041 4309 quod
3068 4232 3390 4290 sententiam
3418 4226 3583 4284 fuerit
3610 4237 3877 4281 consecu-

2280 4349 2412 4394 tum.

584 4720 3873 4781 πεπρ-,Μ

1459 4887 1832 4951 SYNOPSIS
1890 4890 2299 4958 CHRONICA
2364 4889 2755 4955 ANNORUM
2815 4886 2959 4949 Vlll

822 5114 841 5133 ο
941 5051 1221 5123 Prae-ipim
1254 5065 1466 5124 quaque
1496 5051 1730 5125 digerens
1761 5059 1808 5108 et
1837 5052 2128 5123 illustrant,
2160 5071 2273 5126 qua:
2310 5059 2364 5114 in
2390 5057 2545 5112 trium
2574 5051 2939 5126 Capitulorum
2966 5063 3125 5103 causa
3150 5046 3492 5120 contigerunt.

656 5217 807 5274 Anno
834 5214 1027 5272 Christi
1050 5212 1179 5270 546.
1207 5212 1537 5270 Justinianus
1573 5212 1863 5283 imperator
1892 5209 2169 5268 Theolori

585 5307 938 5369 Caesariensis
966 5305 1205 5377 episcopi
1234 5318 1398 5360 suasu
1429 5303 1621 5359 librum
1649 5302 1763 5359 edit
1790 5301 2049 5357 adversus
2078 5301 2177 5356 tria

585 5399 860 5470 Capitula,
888 5411 1185 5469 eorumque
1204 5394 1539 5452 damnationi
1565 5394 1817 5449 Mennam
1839 5391 1944 5447 CP.
1970 5400 2025 5447 et
2044 5392 2179 5446 alios

584 5489 922 5562 patriarchas
950 5504 1072 5545 cum
1096 5488 1365 5559 episcopis
1394 5489 1504 5544 suis
1527 5486 1867 5541 subscribere
1893 5485 2057 5556 cogit.
2086 5484 2168 5540 Ἦ·

586 5580 771 5652 gilium
796 5580 958 5635 etiam
982 5579 1172 5635 eadem
1201 5594 1269 5635 ex
1297 5593 1460 5635 causa
1487 5577 1653 5631 Roma
1681 5585 1894 5633 evocat.

656 5670 807 5727 Anno
843 5669 1035 5727 Christi
1078 5670 1204 5728 547.
1231 5670 1462 5741 Vigilius
1504 5668 1692 5724 urbem
1737 5666 1937 5737 regiam
1975 5667 2183 5737 ingresv

589 5777 683 5819 sus
708 5777 804 5817 vui
844 5760 1101 5817 kalendas
1133 5761 1450 5828 Februarii,
1496 5761 1744 5817 Mennam
1785 5768 1840 5815 et
1868 5760 2001 5816 alios
2028 5759 2180 5829 Capi-

602 5856 829 5920 talorum
856 5856 1200 5921 damnatores
1226 5872 1263 5941 ~at
1288 5852 2003 5947 communionejuspendit.
2036 5853 2159 5916 Men

2286 5229 2409 5268 nam
2435 5224 2640 5284 postea,
2657 5210 2957 5269 Tlieodorie
2979 5210 3114 5280 Aug.
3141 5213 3350 5275 rogatu,
3368 5202 3421 5257 in
3442 5195 3877 5255 communionem

2285 5307 2478 5377 recipit
2509 5306 2594 5362 die
2624 5305 2691 5359 23
2718 5303 2882 5358 Junii.
2914 5301 3249 5357 Justinianus
3279 5296 3477 5349 frustra
3507 5294 3616 5347 vim
3662 5287 3881 5344 adhibet

2288 5405 2396 5451 uta
2422 5397 2609 5464 Vigilio
2637 5396 3039 5451 damnatioaem
3072 5397 3407 5460 extorqueat.

2360 5490 2507 5543 Anno
2527 5489 2718 5543 Christi
2742 5486 2864 5543 543.
2883 5485 3109 5554 Vigilius
3131 5484 3272 5550 pacis
3290 5480 3472 5537 studio
3495 5478 3562 5533 ad
3579 5474 3882 5533 damnanda

2290 5581 2534 5649 Capitula
2583 5579 2810 5649 inﬂexus
2840 5589 3163 5634 conventum
3198 5575 3362 5630 habet
3385 5573 3771 5644 episcoporum
3800 5567 3884 5625 cui

2294 5671 2580 5728 Facundos
2620 5671 2895 5736 interfuit,
2928 5680 2983 5726 et
3011 5684 3162 5724 suam
3194 5678 3633 5736 unumquemque
3667 5670 3887 5717 senten-

2296 5763 2425 5819 tiam
2455 5763 2658 5832 scripto
2687 5761 2930 5832 proferre
2956 5762 3128 5830 jubet.
3162 5756 3363 5815 Allatas
3393 5759 3459 5812 ad
3486 5772 3548 5814 se
3578 5754 3889 5825 responsio-

2295 5870 2394 5917 nes
2426 5853 2806 5921 episcoporum
2852 5853 3018 5914 mittit
3060 5852 3114 5910 in
3166 5849 3453 5915 palatium:
3498 5858 3554 5908 et
3599 5845 3891 5910 iudicatum
