4104 6360
265 267 397 326 853Δ⁴
931 321 936 326 ,
1431 262 1632 320 LIBER
1669 261 1886 319 CONTB

1916 261 1944 318 λ
1980 259 2356 319 MOCIANUM.
3427 252 3537 310 85}

268 390 385 458 ipse
410 384 476 440 ad
507 383 753 439 "tentiam
776 375 998 438 sabbato
1019 384 1205 436 sancto
1221 377 1449 450 profert,
1474 379 1527 434 in
1549 393 1654 450 quo
1674 377 1852 433 Theo-
1877 380 1926 440 Α
1956 386 2107 446 gates
2137 385 2491 441 sacramento,
2526 376 2662 432 redit
2683 375 2736 432 iu
2768 373 2983 430 domum
3012 369 3391 426 Placidianatu.
3427 371 3537 428 Sed

269 481 460 537 dorum
487 475 923 548 Mepsuestenum
953 489 1074 530 cum
1103 463 1439 543 dogmatibus
1469 469 1609 538 suis,
1638 471 1850 539 lbzeque
1955 468 2140 524 multis
2169 483 2379 523 rursum
2409 467 2619 538 injuriis
2643 467 2865 522 affectus
2884 506 2899 532 ,
2925 473 2979 521 et
3015 462 3220 547 insidiis
3244 460 3535 534 appetitus,

272 569 576 641 epistolam,
609 575 666 622 et
691 566 888 636 scripta
917 563 1264 626 Theodoreti,
1291 562 1442 618 salva
1468 561 1657 632 synodi
1685 559 1849 616 Cltal-
1955 557 2118 616 noctu
2157 559 2348 616 iterum
2392 561 2494 616 sub
2534 561 2711 616 natale
2751 557 2946 616 Christi
2983 555 3379 613 Chalcedonem
3408 555 3564 615 abiit,

269 658 594 719 ccdonensis
639 657 980 722 reverentia,
1028 654 1346 718 damnabat,
1398 653 1571 717 Afris,
1619 651 1849 724 Illyriis,
1953 649 2022 705 ad
2051 660 2293 706 sanctam
2325 650 2697 720 Euphemiam.
3133 669 3138 675 υ

272 753 566 818 Daituatis,
598 751 824 820 aliisque
863 751 919 804 in
950 749 1106 804 trium
1139 745 1498 818 Capitulorum
1540 743 1855 800 defensione
1983 821 1988 825 Δ
2027 745 2175 796 Anno
2204 740 2396 796 Citriin
2420 740 2546 797 552.
2589 742 2728 798 Missi
2769 758 2800 796 a
2841 740 3142 797 Justiniano
3189 740 3254 796 ad
3287 754 3541 796 revocan-

272 841 662 921 perstantibus.
1955 833 2082 888 dum
2117 833 2366 904 Vigilium
2390 841 2666 889 senatores
2706 848 2800 889 sex
2827 849 2856 887 ν
2889 832 3146 888 kalendas
3175 831 3542 889 Februariire

303 927 307 932 ’
348 940 497 993 Anno
526 935 716 992 Christi
743 933 867 991 549.
916 934 1163 990 Rusticus
1191 941 1244 988 ct
1271 931 1616 988 Sebastianus
1645 930 1856 985 diaconi
1959 923 2156 979 infecta
2195 923 2443 979 redeunt.
2478 923 2672 978 Missus
2711 923 2871 977 etiam
2918 925 3143 981 seorsint
3181 925 3348 980 semel
3385 932 3546 992 atque

275 1028 380 1085 sub
409 1028 532 1083 anni
562 1026 843 1082 exordium
880 1041 909 1080 a
938 1025 1128 1096 Vigilio
1154 1024 1444 1090 deﬁciunt,
1485 1031 1540 1080 et
1561 1023 1855 1094 judicatum
1958 1012 2151 1068 iterum
2183 1012 2375 1068 Petrus
2403 1012 2818 1080 referendarius,
2851 1014 3024 1082 primo
3051 1029 3171 1069 cum
3202 1014 3386 1070 charta
3417 1030 3547 1070 con-

278 1123 671 1190 ίίηρυεηιηιρε,
692 1119 937 1186 “sinum
969 1133 1065 1188 per
1087 1117 1409 1186 provincias,
1442 1125 1692 1185 tanquam
1723 1130 1855 1183 sy“.
1960 1102 2195 1159 tittne'iis
2221 1103 2273 1158 in
2303 1102 2553 1173 Vigilium
2600 1102 2792 1158 referta
2830 1103 2998 1173 pridie
3026 1101 3280 1159 kalendas
3301 1145 3316 1168 ,
3347 1103 3545 1159 deinde

277 1211 366 1266 odi
411 1209 866 1266 Chalcedonensis
905 1209 1368 1280 praevaricatorem
1411 1207 1693 1264 infamant.
1743 1207 1858 1275 Qua
1961 1205 2016 1250 ω
2047 1194 2113 1249 ad
2161 1194 2390 1249 ΐοάίίιηιι
2427 1195 2729 1262 θκεῖῐδΐθῐν
2777 1193 2951 1264 Pridie
2994 1208 3182 1249 "0035-
3224 1193 3388 1250 Νοιίίε
3417 1209 3548 1250 Ve")

277 1303 348 1358 ,ιε
371 1317 430 1358 τε
453 1300 647 1356 missus
671 1301 738 1355 ab
764 1301 1050 1356 Αυηιῑειηο
1079 1298 1380 1355 Αι-ειειιεηςί
1409 1299 1742 1366 Anastasius,
1777 1297 1861 1352 lit.
1963 1288 2236 1344 Februarii
2268 1289 2492 1359 Vigilius
2526 1287 2851 1360 encyclieam
2892 1287 2961 1343 de
3000 1285 3392 1343 calamitatibus
3433 1287 3550 1341 suis

280 1405 422 1449 teras
453 1393 647 1463 Vigilio
670 1393 843 1447 attulit
873 1393 1045 1462 pridie
1069 1391 1192 1447 ldus
1214 1391 1399 1446 Julias.
1963 1381 2184 1447 scribit,
2234 1378 2688 1449 depositionisque
2734 1376 3054 1433 sententiam
3102 1378 3155 1431 iu
3198 1375 3545 1431 Theodorum

353 1485 504 1538 Αηηο
545 1483 732 1538 eius,“
774 1483 899 1538 550,
932 1483 1155 1554 νῑείιῑυς
1194 1482 1566 1538 γθιθηιῖηῑθηο
1605 1481 1862 1552 episcopo
1963 1489 2122 1545 quam
2151 1480 2275 1528 ante
2305 1488 2396 1528 sex
2431 1486 2644 1527 menses
2674 1470 3011 1537 condiderat,
3044 1469 3246 1541 profert
3269 1470 3320 1523 in
3351 1468 3544 1523 lucem.

279 1573 518 1647 Scythia!
567 1590 634 1630 xv
665 1573 918 1630 kalendas
958 1575 1192 1645 Aprilis,
1239 1584 1293 1629 et
1336 1573 1630 1630 Aureliano
1670 1574 1860 1629 Arela-
1968 1566 2170 1621 Edictis
2215 1565 2451 1634 posthaec
2499 1563 2722 1620 sublatis
2769 1578 2799 1618 a
2858 1563 3188 1630 Justiniano,
3248 1561 3551 1633 libellisque

177 1680 224 1708 tv
280 1667 419 1723 tensi
452 1682 510 1720 nt
547 1665 800 1721 kalendas
826 1666 944 1721 Maii
989 1665 1267 1731 rescribit,
1301 1665 1499 1720 docens
1544 1665 1595 1718 in
1624 1665 1860 1733 judicato
1969 1659 2092 1713 fidei
2130 1664 2183 1713 et
2232 1655 2558 1726 paenitentiae
2593 1656 2784 1711 oblatis
2829 1672 2860 1710 a
2902 1655 3091 1711 Menna
3114 1697 3129 1721 ,
3167 1653 3450 1710 Theodoro
3493 1659 3552 1710 et

282 1773 381 1812 suo
406 1755 538 1812 nihil
560 1757 851 1811 admissum
875 1757 1036 1812 fuisse
1066 1765 1249 1811 contra
1271 1755 1534 1826 synodum
1563 1754 1860 1809 Chalcedo-
1893 1748 1942 1808 B
1971 1749 2112 1815 aliis,
2142 1747 2481 1804 Chalcedone
2508 1747 2690 1803 relicta
2722 1749 2858 1804 redit
2885 1744 3420 1815 Constantinopolim.

281 1865 527 1906 nensem.
554 1850 774 1907 Rustico
796 1863 850 1907 et
878 1851 1195 1908 Sebastiano
1223 1849 1339 1906 falsi
1373 1850 1607 1905 rumoris
1630 1849 1865 1904 auctori-
2038 1841 2188 1896 Ληηο
2237 1839 2426 1895 Christi
2465 1837 2592 1896 555-
2639 1839 3014 1895 ProleSSioncS
3060 1837 3177 1894 alia!
3220 1837 3415 1908 Vigilio
3465 1837 3552 1892 die

283 1944 386 1999 bus
405 1943 601 2015 gradus
625 1943 707 2000 sui
737 1944 995 2000 honorem
1021 1952 1075 2000 et
1103 1941 1456 1999 ministerium
1484 1941 1724 2012 abrogat.
1757 1939 1862 1996 Ur-
1967 1935 2440 2007 Theopltaniorum
2486 1935 2643 1990 editae
2674 1949 2706 1988 a
2754 1931 3072 2003 patriarchis
3092 1973 3108 1999 ,
3160 1930 3419 2003 Eutychio
3462 1932 3551 2000 qui

281 2046 442 2107 gente
468 2051 630 2106 porro
654 2036 976 2103 Iustiniano,
1008 2045 1065 2091 ut
1094 2036 1337 2092 absolute
1366 2050 1428 2090 ac
1448 2036 1565 2089 sine
1592 2027 1870 2089 mentione
1969 2030 2172 2086 Henna:
2210 2036 2420 2083 mortuo
2459 2035 2822 2094 successerat,
2873 2024 3186 2096 Apoliuario
3226 2032 3283 2080 et
3324 2025 3549 2079 Domno.

281 2127 475 2200 synodi
508 2125 745 2199 Capitula
775 2127 1055 2183 damnaret
1077 2171 1092 2197 ,
1126 2143 1242 2183 rem
1286 2128 1351 2182 ad
1384 2127 1665 2183 concilium
1705 2140 1868 2196 gene-
1969 2124 2218 2197 t‘ynodus
2249 2141 2280 2177 v
2305 2122 2569 2194 generalis
2595 2121 2843 2176 inchoata
2876 2136 2926 2174 tv
2957 2133 3126 2174 nonas
3159 2118 3304 2173 Mai.
3331 2116 3425 2172 Cui
3462 2117 3555 2173 ab-

281 2219 398 2275 rale
424 2218 769 2275 deferendant
803 2220 1087 2290 persuasit,
1119 2228 1440 2290 receptoque
1481 2218 1691 2274 interim
1744 2232 1865 2271 cum
1975 2232 2148 2282 uucns
2179 2217 2440 2272 interesse
2460 2213 2708 2284 \l'igilius,
2741 2224 2798 2268 ttt
2825 2229 2975 2269 suam
3004 2213 3204 2282 scripto
3235 2212 3556 2268 sententiam

285 2311 516 2367 aliorum
556 2311 930 2382 episcoporum
993 2312 1237 2367 manibus
1278 2311 1517 2380 iudicato
1559 2309 1701 2382 quod
1744 2319 1869 2365 ante
1974 2315 2347 2378 expromeret,
2383 2305 2728 2361 consumtum
2762 2305 2934 2375 pridie
2973 2303 3089 2358 idus
3126 2304 3289 2359 Maias
3316 2304 3459 2359 misit
3489 2302 3558 2358 ad

286 2402 515 2471 fecerat,
547 2418 760 2460 omnem
788 2403 1044 2473 deinceps
1067 2418 1233 2473 usque
1261 2403 1325 2458 ad
1355 2402 1639 2460 concilium
1671 2402 1737 2457 de
1763 2401 1868 2458 Ca-
1973 2402 2353 2470 Justinianum,
2387 2401 2441 2456 in
2470 2417 2574 2473 quo
2609 2401 2769 2456 trium
2795 2399 3158 2470 Capitulorum
3187 2400 3558 2458 defensionem

287 2491 471 2561 pitulis
494 2492 840 2562 quaestionem
866 2501 1136 2549 annuente
1164 2493 1408 2562 principe
1434 2493 1723 2548 interdicit.
1977 2495 2220 2563 resumit,
2251 2505 2305 2552 et
2325 2494 2393 2551 de
2422 2495 2489 2550 iis
2518 2510 2638 2564 quae
2666 2511 2695 2548 a
2726 2493 2932 2565 synodo
2959 2493 3379 2550 Chalcedonensi
3417 2493 3559 2564 judi~

361 2582 509 2636 Anno
534 2581 721 2637 Christi
746 2581 871 2639 55L
914 2583 1247 2640 Justinianus
1277 2584 1562 2655 instigante
1587 2583 1873 2640 Theodoro
1976 2599 2094 2643 cata
2116 2588 2357 2655 fuerant,
2393 2587 2579 2642 novari
2605 2587 2890 2657 quidquam
2919 2595 3080 2642 vetat.
3111 2587 3376 2645 Caeterum
3402 2603 3562 2661 syno-

289 2670 464 2727 cdicta
507 2672 560 2728 in
604 2671 969 2743 Capitulorum
1010 2673 1406 2730 damnationem
1434 2683 1620 2730 contra
1652 2673 1873 2728 interdi-
1979 2680 2077 2734 dus
2114 2695 2143 2732 v
2185 2679 2282 2733 tria
2329 2678 2569 2748 Capitula
2612 2677 2909 2733 damlla\il.
2955 2677 3177 2747 \‘igilius
3215 2693 3374 2743 vero,
3419 2679 3562 2748 quod

289 2774 435 2818 ctum
468 2764 740 2834 proponit.
771 2764 1002 2835 Vigilius
1032 2767 1317 2832 reclamat,
1352 2773 1407 2820 et
1444 2765 1876 2820 excommnnit‘a-
1978 2770 2378 2825 damuationetn
2411 2768 2709 2839 approbare
2740 2767 3042 2839 refugeret,
3081 2769 3133 2823 iu
3161 2770 3404 2825 exsilium
3449 2769 3563 2838 pulo

289 2857 492 2910 tionem
520 2856 571 2910 in
594 2870 688 2912 eos
711 2856 897 2912 indicit
917 2857 1005 2927 qui
1030 2872 1309 2912 assensum
1333 2857 1680 2927 prtebuerint.
1703 2859 1874 2922 Quam
1979 2875 2091 2916 sus.
2143 2860 2269 2916 lude
2299 2859 2504 2930 aliquot
2530 2870 2649 2930 post
2678 2875 2851 2915 annos
2887 2859 3123 2916 Narsetis
3152 2861 3366 2918 comitis
3405 2875 3565 2929 opera

227 2968 229 2970 ·
291 2946 360 3000 ob
388 2962 500 3002 rem
542 2949 762 3004 incenso
791 2949 867 3004 ira
909 2949 1249 3015 Justiniano,
1280 2951 1333 3005 in
1374 2949 1649 3004 basilicam
1693 2948 1877 3004 Sancti
1981 2961 2286 3018 revocatus,
2331 2966 2452 3006 cum
2503 2951 2701 3007 Urbem
2743 2962 3035 3021 repeteret,
3068 2951 3258 3007 morbo
3288 2954 3339 3006 in
3387 2952 3580 3008 Sicilia-

293 3036 435 3092 l‘etri
482 3039 538 3094 in
581 3040 860 3095 Ilorutisda
900 3039 1140 3110 Augusto
1185 3055 1372 3096 mense
1409 3040 1692 3110 confugit:
1734 3039 1877 3096 unde
1983 3043 2282 3098 exstinctus
2322 3051 2406 3098 est
2435 3051 2556 3113 post
2581 3043 2915 3098 consulatum
2959 3043 3173 3111 Basilii,
3211 3053 3270 3098 ut
3299 3043 3480 3099 Victor
3517 3043 3568 3106 in

292 3125 443 3181 illum
475 3142 572 3197 per
617 3129 722 3183 vim
752 3129 1020 3186 abducere
1060 3141 1286 3185 conatus
1330 3141 1524 3200 przetor
1570 3130 1749 3200 populi
1797 3139 1878 3184 ιιι·
1905 3131 1953 3195 C
1982 3135 2254 3193 Chronico
2278 3144 2445 3203 notat,
2474 3151 2617 3191 anno
2651 3135 2736 3203 l7,
2771 3127 2932 3192 idest
2960 3153 3102 3192 anno
3131 3136 3328 3194 Christi
3357 3136 3481 3193 558.

292 3219 462 3274 multa
493 3220 792 3289 repellitur.
815 3221 1051 3292 Accepto
1077 3219 1290 3277 tandem
1315 3237 1412 3293 per
1437 3221 1776 3293 imperatoris
1803 3220 1884 3276 le-

295 3395 3572 3439 Μ

1550 3580 2360 3698 FACUNDI

304 3832 710 3947 LIBER
794 3835 1366 3952 CONTRA
1482 3838 2238 3955 MOCIANUM
2348 3844 3436 3960 SCHOLASTICUM
3495 3853 3568 3959 ³.

378 4189 724 4258 Oportuerat,
766 4187 1104 4244 venerabiles
1149 4187 1264 4256 filii,
1299 4197 1356 4242 ut
1381 4187 1752 4257 qualecunque
1791 4189 1892 4244 hoc
2001 4190 2260 4246 lndicavit
2302 4200 2482 4245 autem
2525 4191 2654 4246 mihi
2684 4205 2752 4246 ex
2796 4199 2976 4245 vestro
3013 4190 3282 4255 mandato,
3313 4191 3455 4260 quod
3490 4207 3594 4261 pro

305 4296 441 4350 opus
463 4296 494 4338 a
524 4283 676 4337 vobis
725 4281 1037 4352 impositum
1069 4281 1264 4340 vestris
1310 4297 1376 4336 ex
1405 4295 1558 4337 more
1587 4281 1892 4337 nominibus
1999 4283 2182 4338 surculi
2236 4283 2410 4338 nostri
2454 4283 2662 4339 meritis
2689 4295 2745 4338 et
2765 4282 3034 4338 Mucianus
3058 4282 3166 4352 jam
3190 4282 3585 4351 reprehendere

306 4379 636 4434 dedicarem.
658 4377 763 4436 Sed
793 4386 1040 4433 metuens
1069 4391 1138 4432 ne
1162 4386 1413 4446 tanquam
1442 4375 1767 4430 latebrarum
1797 4391 1895 4430 no-
1999 4377 2191 4432 audeat
2217 4377 2566 4435 conciliorum
2615 4379 2855 4445 decreta,
2899 4378 3182 4448 palamque
3207 4377 3414 4448 jactare
3443 4379 3592 4448 quod

307 4477 540 4524 strarum
566 4469 791 4535 conscii,
819 4475 1224 4537 persecuturum
1265 4481 1398 4537 quos
1422 4465 1654 4538 fugimus
1684 4467 1890 4523 incide-
2000 4467 2240 4539 episcopi
2270 4467 2506 4525 Africani
2538 4469 2873 4540 aliarumque
2926 4468 3324 4539 provinciarum
3375 4470 3588 4537 indigna

310 4559 442 4617 retis
472 4561 524 4616 in
555 4561 870 4626 calumnias,
905 4561 1186 4616 nominare
1213 4574 1308 4626 vos
1332 4559 1498 4615 nolui.
1531 4558 1642 4615 Nec
1670 4575 1893 4630 provo—
1921 4621 1962 4630 __
2003 4559 2293 4616 statuerint
2318 4560 2484 4616 vitare
2507 4561 2942 4617 communionem
2973 4575 3160 4616 eorum
3187 4563 3276 4630 qui
3309 4562 3590 4617 manifesto

310 4651 395 4708 bis
415 4651 468 4706 id
509 4651 766 4721 praeloqui
816 4652 1174 4707 necessarium
1221 4623 1340 4716 fuit,
1391 4650 1486 4721 qui
1516 4621 1714 4706 nostra:
1739 4666 1889 4721 pres-
1921 4621 1973 4684 θ
2001 4652 2449 4723 promulgataque
2489 4652 2709 4708 decreto
2731 4650 2960 4707 reveriti
2989 4665 3096 4707 non
3125 4621 3250 4708 sunt
3276 4652 3591 4724 impugnare

314 4757 458 4798 sura:
483 4759 588 4798 non
627 4747 758 4800 estis
783 4755 1068 4814 expertes;
1092 4746 1190 4802 sed
1236 4761 1331 4815 pro
1361 4745 1480 4802 aliis
1502 4746 1899 4816 ignorantibus,
1996 4742 2442 4800 Chalcedonense
2467 4741 2773 4799 concilium.
2829 4739 3053 4808 Quando
3082 4752 3261 4798 autem
3292 4743 3446 4798 nobis
3475 4758 3592 4797 ces-

316 4833 370 4887 in
401 4847 628 4902 quorum
658 4847 848 4888 manus
893 4835 1012 4889 haec
1051 4835 1191 4891 forte
1215 4844 1437 4890 ventura
1467 4845 1618 4891 sunt.
1642 4834 1778 4889 Volo
1803 4849 1900 4889 au-
1999 4849 2146 4900 sare,
2172 4834 2386 4904 quando
2426 4835 2766 4904 requiescere
2796 4832 3117 4900 conceditis,
3145 4833 3236 4904 qui
3268 4849 3368 4888 nos
3392 4841 3447 4887 et
3474 4833 3585 4886 Mu-

317 4933 425 4978 tcm
455 4936 552 4978 vos
589 4937 749 4978 nosse
772 4923 894 4992 quia
920 4924 1141 4979 nuntius
1172 4940 1333 4994 quem
1363 4925 1606 4993 misistis,
1636 4927 1786 4995 gravi
1809 4940 1900 4980 me
1999 4928 2159 4984 ciano
2187 4926 2519 4996 reSpondere
2561 4927 2917 4997 compellitis?
2951 4927 3056 4985 Sed
3087 4928 3192 4982 hoc
3211 4943 3421 4998 quoque
3446 4943 3594 4984 cont-

320 5013 636 5071 intlrmitate
671 5015 870 5084 reperit
901 5015 1232 5072 laborantem
1266 5018 1384 5071 :ita
1411 5018 1544 5073 utin
1568 5018 1765 5073 talibus
1790 5017 1907 5073 die-
2001 5017 2140 5087 peri,
2198 5025 2497 5072 memorato
2548 5018 2735 5074 nuntio
2791 5017 2921 5072 mihi
2961 5027 3243 5082 narrante,
3279 5018 3403 5088 quia
3452 5017 3614 5072 idem-

321 5105 442 5169 bus,
465 5103 604 5159 sicut
633 5113 687 5160 et
717 5106 832 5174 ipse
871 5105 1066 5174 poterit
1109 5115 1302 5162 vestra:
1334 5109 1646 5163 sublimitati
1678 5107 1905 5178 referre,
2006 5107 2280 5162 Mocianus
2353 5108 2538 5163 voiens
2593 5109 2660 5164 ad
2720 5108 3059 5165 interdictam
3135 5114 3616 5180 transgressorum-

323 5211 424 5253 nec
447 5209 614 5268 usque
638 5197 692 5253 in
723 5197 909 5252 horam
933 5196 1143 5253 tertiam
1160 5198 1366 5254 valeam
1389 5199 1912 5272 dill'errejcjunium.
2010 5200 2444 5256 couununiouem
2476 5201 2693 5273 ignaros
2723 5214 2964 5272 quosque
2995 5198 3307 5269 deﬂectere,
3349 5200 3596 5270 qutedattt

400 5449 428 5479 ι
449 5440 566 5498 Non
593 5441 690 5498 abs
713 5456 792 5508 re,
822 5449 881 5497 ut
909 5440 1120 5514 opinor,
1152 5441 1410 5507 Baronius
1433 5442 1730 5498 lllutianum
1764 5443 1905 5501 hunc
2007 5440 2202 5514 Vigilio
2222 5453 2286 5514 ct
2312 5442 2381 5497 ab
2411 5441 2651 5498 Ecclesia
2698 5437 2859 5495 trium
2892 5437 3256 5514 Capitulorum
3286 5453 3449 5514 causa
3476 5453 3619 5512 post

330 5511 479 5586 illum
508 5522 810 5586 esseputat
831 5513 920 5580 qui
951 5510 1317 5586 ChrysOStomi
1343 5514 1599 5586 lloinilias
1623 5515 1674 5586 in
1706 5514 1911 5586 Episto-
2009 5510 2160 5586 illius
2212 5513 2504 5586 judicatum
2545 5519 2922 5586 segregarant,
2967 5510 3158 5586 merito
3208 5510 3595 5586 redargueret,

332 5583 436 5636 lam
458 5583 524 5638 ad
554 5581 807 5640 Hebraeos
831 5592 889 5640 et
907 5584 970 5638 ad
997 5584 1358 5640 Philemonem
1389 5585 1602 5638 Latinas
1623 5581 1768 5639 fecit.
1783 5585 1913 5640 Con-
2012 5581 2292 5639 Facundos
2333 5594 2445 5638 tum
2485 5581 2636 5638 exsul
2666 5581 2766 5654 hoc
2791 5581 2839 5654 ei
2871 5582 3052 5654 libello
3074 5581 3460 5651 respouditfln
3485 5599 3595 5654 quo

329 5662 531 5722 gruunt
567 5657 709 5725 enim
765 5665 960 5722 praeter
1011 5670 1206 5710 nomen
1257 5664 1389 5710 artas
1413 5664 1467 5710 et
1499 5655 1784 5723 professio.
1814 5657 1912 5711 llic
2015 5657 2144 5710 nihil
2177 5657 2367 5708 mirum
2393 5655 2438 5708 si
2461 5653 2778 5708 concitatior
2807 5653 2861 5705 iu
2892 5652 3182 5709 Mutiauum
3204 5655 3467 5725 videatur,
3495 5652 3587 5725 qui

333 5738 462 5792 ergo
482 5739 606 5794 eum
635 5723 916 5784 Africanos
957 5727 1253 5799 antistites,
1287 5736 1573 5798 promereat
1623 5725 1764 5798 quod
1793 5742 1852 5785 se
1881 5743 1910 5784 a
2015 5727 2206 5796 Vigilio
2233 5726 2330 5796 ipsi
2363 5739 2512 5796 papae
2540 5739 2647 5781 non
2675 5733 2881 5796 parcat.
