4104 6360
551 283 651 366 ss:

1665 303 1959 362 FACUNDI
2000 304 2206 363 EPISC.
2251 305 2748 367 HERMIANENSIS

3726 320 3862 377 836

553 403 691 458 beati
724 403 1002 476 Augustini
1035 408 1175 463 dicta
1204 408 1581 482 circumferat;
1608 427 1661 472 et
1689 434 1808 489 quae
1839 421 1928 476 ille
1949 430 2134 477 contra
2166 425 2217 484 Α
2244 426 2443 492 veniri,
2493 443 2649 497 quem
2699 429 2958 486 fatuitatis
3011 430 3200 487 beatus
3247 433 3420 504 arguit
3469 434 3854 506 Augustinus,

551 490 856 549 Donatistas
892 499 1277 555 convenienter
1305 501 1518 559 locutus
1547 516 1649 573 est,
1699 510 2138 566 inconvenienter

550 583 666 651 ipse
689 583 752 636 ad
797 584 1098 654 deeipulam
1145 588 1470 660 simplicium
1515 610 1690 652 causae
1717 600 1921 654 nitatur
1951 611 2137 672 aptare

548 676 820 744 praesenti.
852 677 942 733 Sic
981 679 1269 750 aliquando
1318 685 1482 740 etiam
1537 687 1765 744 Faustus
1813 691 1996 747 Gallus
2028 702 2050 729 ³
2082 694 2138 748 in

549 765 843 832 quaestione
895 768 1047 824 liberi
1077 773 1308 839 arbitrii,
1361 777 1503 833 male
1550 779 1842 836 intellectis
1871 792 1925 837 et
1951 783 2137 838 incon-

548 861 679 923 grue
707 855 961 912 adhibitis
992 859 1160 929 ipsius
1190 864 1328 919 beati
1353 867 1635 938 Augustini
1664 873 1969 938 sententiis,
1997 874 2138 930 falle-

547 945 640 1002 bat
668 956 724 1004 et
754 950 803 1003 in
835 953 1203 1009 assensionem
1226 957 1308 1011 sui
1329 961 1528 1014 erroris
1551 962 1831 1017 inducebat
1852 966 2092 1022 incautos
2119 987 2132 1022 :

544 1043 634 1112 qui
665 1052 843 1101 tamen
865 1062 894 1102 a
917 1062 1117 1106 sancta:
1141 1056 1415 1110 memoria:
1445 1056 1728 1127 Fulgentio
1752 1063 2015 1133 Ruspensi
2042 1067 2136 1121 de-

548 1149 721 1193 tecms
753 1150 913 1210 atque
949 1146 1222 1200 convictus
1253 1158 1355 1202 est.
1397 1149 1532 1217 Quid
1561 1164 1739 1209 autem
1768 1157 1819 1209 in
1848 1156 1949 1211 hoc
1977 1160 2138 1215 mire-

545 1231 712 1283 mur?
742 1231 929 1302 Neque
961 1235 1102 1290 enim
1154 1239 1342 1294 melius
1391 1241 1536 1312 loqui
1569 1247 1737 1313 potuit
1786 1251 2134 1319 Augustinus,

546 1337 706 1390 quam
738 1326 1036 1394 prophetae,
1069 1344 1226 1397 quam
1258 1335 1488 1401 apostoli
1519 1344 1572 1390 et
1591 1341 1970 1409 evangelista};
2004 1358 2137 1408 quo-

545 1426 663 1468 rum
684 1418 865 1471 verbis
884 1420 1130 1475 similiter
1149 1423 1285 1477 male
1310 1425 1619 1494 intellectis,
1647 1438 1700 1483 et
1732 1431 2020 1501 incongrue
2045 1434 2136 1488 ad-

549 1506 749 1571 hibitis,
787 1518 892 1562 tant
939 1510 1089 1565 multi
1122 1511 1359 1570 hmretici
1392 1531 1517 1571 suos
1561 1519 1849 1575 defendere
1874 1533 2136 1579 conantur

549 1610 781 1652 errores.
831 1600 1049 1657 Gaudeo
1095 1613 1272 1658 tamen
1302 1607 1441 1675 quod
1484 1625 1603 1663 eum
1639 1613 1922 1668 nuntiastis
1953 1627 2136 1684 aperte

545 1687 654 1756 jam
708 1693 953 1747 confieri
984 1696 1106 1765 quia
1155 1698 1497 1755 Theodorum
1538 1703 1974 1772 Mopsuesteuum
2019 1709 2131 1778 epi-

2243 517 2384 586 quod
2418 520 2817 587 reprehendens
2838 522 2904 576 de
2933 538 3029 577 suo
3060 524 3349 579 schismate
3382 525 3713 596 Donatistas,
3749 530 3858 585 eis

2241 613 2702 668 communicaret?
2724 617 2806 668 An
2834 615 2976 671 aliud
3007 618 3105 671 iste
3140 632 3283 671 nunc
3305 617 3450 680 facit,
3477 619 3564 689 qui
3589 619 3856 676 Africam

2238 703 2474 758 schisma
2529 705 2718 762 fecisse
2759 716 2918 776 atque
2951 710 3019 763 ab
3052 707 3295 763 Ecclesia
3334 721 3672 779 segregatam
3700 727 3851 768 esse

2239 799 2543 865 confirmat,
2566 812 2621 854 et
2644 801 2691 854 ei
2716 801 3114 855 communicat?
3131 817 3356 870 cumque
3378 803 3477 856 sibi
3504 804 3651 858 solus
3680 804 3857 858 vide-

2240 898 2326 945 tur
2353 894 2587 960 sapiens,
2635 895 2805 948 factus
2850 904 2933 948 est
2964 911 3098 950 unus
3124 911 3187 949 ex
3223 896 3328 950 illis
3359 896 3427 950 de
3475 897 3671 964 quibus
3697 897 3856 950 dicit

2239 980 2528 1046 Apostolus
2559 999 2572 1036 :
2604 981 2936 1037 Eranuerunt
2960 985 3012 1038 in
3081 987 3475 1057 cogitationibus
3513 989 3643 1052 suis,
3666 1000 3718 1042 et
3744 990 3853 1041 ob-

2237 1084 2497 1127 srttratunt
2543 1087 2614 1130 est
2647 1094 2732 1130 cor
2757 1079 2776 1108 ³
2807 1094 2983 1130 eorum
3012 1093 3030 1130 :
3059 1077 3280 1132 dicentes
3328 1079 3461 1131 enim
3513 1096 3566 1132 ετ
3595 1095 3704 1133 εδει
3736 1097 3843 1133 sa-

2237 1167 2454 1235 pientes,
2479 1170 2624 1221 stulti
2652 1169 2775 1237 [ucti
2798 1180 2916 1222 sunt
2943 1169 3118 1238 (Rom.
3144 1186 3182 1236 ι,
3210 1171 3324 1239 21).
3354 1171 3464 1225 Cur
3492 1182 3672 1225 autem
3701 1171 3850 1225 solis

2241 1257 2552 1324 Donatistis,
2581 1259 2669 1327 qui
2700 1275 2729 1313 a
2753 1261 3044 1316 schismate
3074 1262 3440 1331 prosiluerunt
3471 1265 3523 1316 in
3549 1263 3847 1328 haeresim,

2239 1358 2296 1402 ut
2327 1359 2511 1418 postea
2558 1353 2718 1406 etiam
2767 1352 2834 1407 de
2889 1353 3212 1422 baptismate
3256 1362 3312 1409 et
3353 1355 3530 1409 divina
3563 1355 3849 1409 Trinitatc

2239 1441 2378 1494 male
2432 1442 2719 1506 sentirent,
2766 1452 2818 1496 et
2869 1459 2974 1497 non
3024 1444 3270 1499 omnibus
3318 1445 3608 1508 bmreticis,
3653 1446 3846 1499 velab

2241 1531 2358 1598 ipso
2389 1531 2546 1586 beato
2583 1535 2904 1602 Augustino,
2936 1535 3021 1589 vel
3052 1534 3120 1588 ab
3162 1535 3282 1588 aliis
3312 1535 3564 1589 Ecclesia:
3593 1536 3844 1588 doctori-

2240 1621 2339 1677 bus
2368 1624 2725 1690 exprobratur
2747 1626 2889 1694 quod
2921 1627 3091 1680 malos
3116 1627 3167 1679 in
3210 1627 3450 1682 Ecclesia
3477 1626 3618 1681 ferre
3645 1629 3842 1680 uolne-

2245 1715 2373 1778 rint,
2409 1715 2512 1768 nisi
2543 1716 2666 1783 quia
2698 1716 3017 1781 Donatistm,
3052 1716 3215 1772 nullis
3251 1716 3716 1771 intercedentibus
3738 1717 3840 1770 de-

545 1793 769 1849 swpum
798 1784 850 1836 in
882 1784 1136 1841 Ecclesia:
1168 1804 1298 1858 pace
1324 1791 1654 1858 defunctum,
1686 1795 1907 1866 ejusque
1935 1799 2130 1853 doctri-
2166 1804 2208 1862 B
2238 1804 2400 1857 c:e:is
2423 1803 2610 1872 quibus
2630 1815 2929 1872 Oppugnata
2950 1805 3361 1875 dicantantiqua
3386 1805 3454 1861 de
3474 1805 3578 1860 fide
3593 1805 3841 1866 decreta,

543 1887 692 1940 nam,
727 1874 878 1944 cujus
906 1878 1089 1934 laudes
1112 1881 1164 1935 in
1193 1884 1418 1939 concilio
1441 1881 1865 1944 Chalcedonensi
1899 1894 2136 1948 recitatae.

542 1978 674 2022 sunt
699 1971 910 2026 nemine
941 1974 1242 2045 refragante
1263 2021 1278 2044 ,
1301 1980 1393 2035 sed
1425 1992 1477 2035 et
1520 1984 1800 2052 epistolam
1849 1986 1953 2040 lbae
1996 1989 2136 2041 ειηιί-

545 2059 685 2113 ιῑῖῑὶε
715 2060 991 2126 Edesseni,
1026 2081 1142 2135 qua:
1182 2068 1252 2123 ibi
1283 2080 1367 2124 est
1411 2072 1715 2129 orthodoxa
1763 2076 1998 2144 judicata
2023 2119 2037 2143 ,
2081 2088 2136 2133 et

543 2149 875 2214 Theodoreti
919 2157 1158 2229 episc0pi
1201 2160 1353 2231 Cyrri
1385 2165 1603 2232 scripti,
1635 2167 1725 2235 qui
1755 2179 1998 2223 assertor
2027 2170 2134 2226 illic

543 2240 797 2298 inventus
841 2256 922 2301 est
978 2249 1221 2315 epistolae
1271 2252 1588 2322 ιιοεηιίιιίεω
1622 2275 1771 2325 papae
1827 2260 2048 2330 Leonis,
2083 2262 2132 2317 in

543 2332 714 2402 Ipsius
741 2339 952 2392 concilii
1005 2340 1462 2400 Chalcedonensis
1510 2348 1876 2418 praeiudicium
1915 2354 2136 2407 damna-

543 2427 724 2480 verint
775 2430 1178 2501 impugnatores
1230 2436 1504 2494 Ecclesim.
1541 2440 1669 2495 Nam
1718 2453 1938 2499 sanctus
1969 2446 2135 2501 frater

545 2519 694 2574 Abba
722 2521 870 2578 Felix
901 2523 927 2562 δ
960 2527 1012 2593 ⁸,
1044 2527 1182 2583 inter
1205 2530 1303 2583 alia
1331 2533 1465 2586 mala
1488 2536 1874 2605 quamplurima
1905 2557 2021 2607 qua:
2040 2557 2134 2594 no-

543 2609 628 2664 bis
651 2610 718 2668 de
762 2613 854 2669 illo
905 2618 1144 2688 scripsit,
1172 2620 1333 2676 etiam
1377 2623 1478 2679 hoc
1520 2628 1722 2693 retulit,
1753 2630 1894 2698 quod
1928 2633 2134 2687 amicus

536 2702 726 2758 hctus
777 2707 935 2762 fuerit
981 2710 1265 2769 Theodoro
1305 2715 1628 2786 Cappadoci,
1671 2731 1726 2775 et
1768 2738 1888 2776 eum
1932 2727 2133 2794 sepius

549 2804 953 2866 prmsen—taverit
1001 2807 1334 2876 imperatori,
1388 2813 1510 2880 quia
1542 2814 1776 2881 capitula
1811 2817 1860 2870 ei
1885 2820 2130 2888 qumdam

544 2892 971 2950 subministravit
998 2914 1094 2970 pro
1126 2901 1442 2959 damnandis
1460 2917 1580 2973 post
1610 2917 1835 2963 mortem
1859 2909 1911 2964 in
1947 2911 2133 2968 Eccle-

543 2982 635 3037 sine
667 3001 798 3054 pace
841 2987 1132 3047 defunctis.
1167 2993 1273 3049 Sed
1315 3004 1370 3050 et
1422 2996 1748 3070 Carthagine
1775 3000 2045 3071 similiter,
2076 3014 2134 3058 ut

543 3077 892 3148 advertimus,
921 3084 1197 3139 astruebat
1236 3087 1373 3155 quod
1399 3090 1689 3159 prmdictus
1721 3091 2131 3163 Mopsnestenus

2240 1909 2361 1948 sese
2388 1894 2454 1948 ab
2493 1896 2726 1949 Ecclesia
2755 1896 3081 1960 diviserunt;
3121 1896 3210 1950 alii
3265 1911 3416 1962 vero,
3459 1896 3551 1964 qui
3581 1895 3836 1949 decreto-

2241 2001 2358 2040 rum
2391 1987 2778 2043 intercessione
2829 1997 2954 2042 sunt
2984 1991 3238 2058 separati.
3272 2003 3376 2043 non
3407 1987 3473 2042 de
3498 1986 3833 2054 impatientia

2240 2077 2610 2143 discessionis,
2660 2079 2754 2134 sed
2805 2079 2872 2133 de
2926 2081 3045 2133 solo
3101 2094 3200 2135 suo
3240 2080 3486 2150 dogmate
3517 2080 3831 2149 culpantur,

2239 2172 2580 2241 quiajustam
2625 2181 2679 2228 et
2711 2173 3067 2228 necessariam
3102 2175 3368 2228 baberent
3395 2188 3611 2227 causam
3654 2173 3830 2227 disce-

2239 2266 2425 2334 dendi,
2451 2266 2554 2320 nisi
2582 2267 2682 2336 ipsi
2713 2268 2763 2321 in
2794 2267 3044 2338 dogmate
3073 2269 3423 2323 fallerentur?
3453 2269 3685 2339 Scripsit
3709 2271 3829 2323 bea~

2241 2375 2326 2420 tus
2348 2365 2594 2420 Gelasius
2618 2366 2893 2420 Romanus
2921 2365 3210 2437 episcopus
3239 2364 3496 2421 adversus
3522 2365 3828 2433 Acepbalos

2239 2473 2486 2527 magnum
2528 2474 2690 2527 opus;
2723 2473 2820 2514 nec
2851 2473 2945 2514 eos
2984 2459 3068 2515 vel
3111 2461 3244 2528 ipse,
3269 2460 3354 2514 vel
3381 2459 3520 2512 alius
3541 2459 3827 2528 quisquam

2240 2551 2477 2620 culpavit
2507 2550 2573 2604 de
2605 2552 2962 2620 impatientia,
2983 2552 3170 2607 dicens
3211 2552 3330 2622 quia
3364 2553 3446 2608 vel
3478 2553 3519 2606 si
3554 2567 3722 2622 prava
3748 2567 3828 2608 es-

2237 2651 2360 2697 sent
2388 2642 2845 2698 Chalcedonensis
2874 2643 3088 2698 concilii
3113 2642 3356 2710 definita,
3381 2645 3827 2699 communionem

2237 2733 2500 2788 malorum
2535 2733 2676 2789 ferre
2706 2734 3027 2799 debuerant,
3057 2748 3156 2790 nec
3187 2748 3248 2789 se
3269 2735 3337 2790 ab
3367 2732 3609 2788 Ecclesia
3642 2749 3825 2802 segre-

2237 2841 2398 2896 gare;
2431 2826 2524 2881 sed
2558 2825 2625 2881 de
2653 2826 2753 2881 hoc
2773 2826 2890 2880 solo
2908 2826 3211 2896 culpantur,
3237 2827 3380 2895 quod
3406 2840 3595 2880 sanam
3627 2826 3827 2881 doctri.

2237 2931 2359 2970 nam
2403 2917 2642 2986 recipere
2673 2917 2977 2972 noluerunt.
3017 2916 3149 2981 Cur,
3180 2932 3387 2988 quaeso,
3423 2917 3523 2970 nisi
3557 2917 3704 2986 quod
3739 2917 3825 2970 isti

2236 3008 2467 3064 deet-etis
2521 3008 3022 3074 intervenientibus,
3075 3023 3182 3062 non
3230 3008 3370 3063 sicut
3413 3008 3713 3062 Donatista:
3754 3007 3824 3059 ob

2238 3103 2368 3156 alias
2399 3109 2526 3156 sunt
2551 3115 2743 3156 causas
2773 3101 2841 3155 ab
2873 3100 3111 3155 Ecclesia
3138 3101 3409 3170 separati?
3449 3100 3566 3154 Non
3598 3115 3730 3169 ergo
3755 3099 3828 3151 ul-

543 3169 866 3229 Tbeodorns
889 3176 1032 3245 juste
1072 3193 1133 3232 ac
1162 3180 1481 3250 regulariter
1528 3192 1650 3251 post
1690 3195 1916 3240 mortem
1976 3185 2135 3242 fuerit
2161 3185 2207 3248 C
2242 3194 2405 3247 terius
2436 3192 2687 3246 abutatur
2719 3192 2772 3246 in
2799 3207 2949 3247 suam
2977 3192 3314 3262 aliorumque
3339 3192 3630 3262 perniciem
3655 3203 3827 3244 novus

543 3265 950 3322 condemnatus.
985 3269 1139 3324 Nunc
1178 3286 1328 3340 ergo,
1385 3275 1637 3342 qu0niam
1682 3276 1961 3332 indicastis
2005 3294 2128 3334 eum

543 3355 761 3422 culpare
789 3373 906 3426 quae
937 3361 1081 3427 prius
1125 3362 1270 3416 velut
1303 3374 1447 3418 recta
1479 3376 1533 3421 et
1579 3367 1918 3437 inculpabilia
1942 3370 2132 3426 defen-

543 3445 727 3513 debat,
757 3449 852 3502 sed
886 3450 986 3505 hoc
1014 3460 1191 3507 tamen
1223 3469 1483 3520 asserere,
1518 3457 1660 3528 quod
1694 3460 1927 3528 ipsorum
1948 3462 2127 3531 impu-

544 3546 827 3604 gnatorum
867 3540 1123 3596 Ecclesia:
1152 3548 1459 3600 communio
1487 3549 1557 3602 sit
1605 3549 1847 3616 ferenda,
1882 3562 2040 3622 atque
2062 3555 2129 3608 ad

544 3629 1003 3687 confirmationem
1058 3635 1222 3703 ipsius
1275 3639 1591 3695 assertionis
1641 3640 1783 3696 beati
1840 3645 2127 3713 Augustini

545 3720 726 3775 verbis
751 3731 938 3777 contra
981 3724 1287 3782 Donatistas
1332 3731 1553 3798 prolatis
1583 3732 1732 3787 abuti
1768 3750 1781 3787 :
1816 3737 1992 3806 coegit
2018 3754 2127 3805 me,

547 3822 610 3867 ut
657 3813 922 3880 VOIHlSliS,
981 3832 1088 3870 non
1139 3820 1495 3876 consideratis
1549 3823 1752 3880 viribus
1810 3827 2131 3884 valetudinis

547 3920 706 3972 mete,
729 3914 782 3958 et
819 3910 1302 3981 quomodocunque
1345 3913 1542 3981 ineptis
1583 3915 1700 3986 ejus
1742 3918 2134 3977 assertionibus

544 3997 895 4066 respondere.
927 4000 1058 4055 Nam
1077 4012 1131 4057 et
1160 4005 1374 4060 codices
1397 4006 1461 4059 ad
1487 4010 1792 4063 necessaria
1823 4012 2127 4070 testimonia

543 4091 888 4160 requirenda,
923 4104 1170 4164 tanquam
1205 4097 1386 4167 fugato
1416 4108 1470 4153 et
1499 4101 1553 4154 in
1578 4100 1795 4157 latebris
1817 4107 2126 4174 constituto,

545 4180 675 4236 mihi
708 4196 850 4236 nunc
881 4182 1076 4240 desunt
1108 4202 1122 4240 :
1155 4187 1278 4256 quia
1304 4189 1318 4218 ¹
1339 4189 1454 4258 ipse
1501 4206 1636 4246 unus
1673 4203 1756 4247 est
1785 4203 1807 4231 ε
1842 4197 1926 4249 cui
1952 4193 2130 4253 nullus

542 4273 772 4342 placeat.
797 4273 852 4330 Si
874 4285 1050 4332 autem
1096 4278 1307 4334 videtur
1331 4281 1454 4350 quia
1478 4297 1575 4338 nos
1604 4283 1902 4340 Donatistis
1923 4286 2130 4344 similes

551 4379 762 4436 sumus,
793 4381 890 4423 cur
921 4367 1036 4440 ipse
1063 4385 1169 4428 non
1199 4372 1468 4431 erubeScit
1502 4375 1775 4447 Tycbonio
1822 4379 2016 4436 similis
2048 4383 2126 4437 in-

2240 3289 2327 3342 hic
2348 3289 2534 3344 doctor
2563 3286 2953 3342 assertionibus
2985 3293 3041 3341 et
3089 3287 3350 3355 exemplis
3399 3285 3594 3355 quibus
3649 3283 3830 3337 Dona-

2241 3381 2375 3434 tista:
2387 3380 2590 3451 repulsi
2614 3387 2772 3446 sunt;
2798 3378 2894 3434 sed
2917 3377 3162 3433 attendat
3184 3379 3378 3447 potius,
3398 3377 3507 3448 qui,
3533 3375 3829 3431 secundu

2241 3470 2515 3540 propheta:
2560 3471 2761 3526 dictum
2794 3489 2808 3525 :
2843 3468 3032 3524 Noluit
3076 3469 3387 3540 intelligere,
3418 3479 3472 3522 ut
3508 3469 3632 3522 bene
3661 3474 3832 3538 ageret

2243 3562 2414 3633 (Psal.
2449 3580 2612 3632 xxxv,
2642 3563 2723 3635 4),
2757 3565 2916 3620 aliam
2941 3580 3062 3620 esse
3089 3565 3483 3620 Donatistarum
3506 3577 3750 3624 causam,
3778 3568 3831 3617 et

2239 3656 2399 3710 aliam
2428 3673 2548 3728 qua:
2572 3674 2712 3713 nunc
2730 3661 2925 3729 agitur,
2955 3659 3009 3714 in
3041 3675 3141 3729 qua
3171 3667 3248 3714 tot
3281 3659 3495 3713 Patrum
3522 3663 3831 3710 nostrorum

2239 3759 2509 3804 sectamur
2531 3753 2803 3821 exempla.
2837 3750 2970 3806 Nam
3019 3759 3075 3806 et
3114 3767 3236 3806 cum
3268 3751 3494 3806 Aeacius
3524 3747 3833 3804 Constanti-

2240 3839 2586 3910 n0politanus
2614 3843 2902 3913 episcopus
2926 3843 3126 3911 aliquid
3159 3842 3420 3897 adversus
3449 3840 3822 3894 auctoritatem

2241 3934 2431 4002 synodi
2462 3935 2917 3992 Chalcedonensis
2945 3934 3192 4001 auderet,
3239 3949 3343 3988 non
3389 3932 3661 4002 equidem,
3692 3933 3832 3990 sicut

2239 4037 2380 4078 nunc
2411 4022 2610 4078 factum
2637 4036 2744 4090 est,
2767 4025 2986 4080 decreto
3007 4039 3127 4078 cum
3153 4023 3490 4078 anathemate
3505 4023 3823 4081 constituto.

2241 4111 2334 4166 sed
2357 4113 2465 4168 sola
2487 4114 2717 4169 inimicis
2735 4115 2901 4184 ipsius
2919 4114 3111 4185 synodi
3132 4113 3509 4169 communione
3533 4111 3825 4180 permissa:

2241 4204 2542 4273 prtevidens
2566 4205 2860 4274 apostolica
2885 4207 3042 4260 sedes
3068 4205 3231 4274 quod,
3258 4206 3399 4260 sicut
3424 4203 3598 4258 exitus
3621 4202 3825 4267 docuit,

2243 4297 2356 4351 bene
2403 4299 2654 4354 remissio
2704 4298 2768 4352 ad
2813 4299 3236 4354 destructionem
3288 4298 3506 4352 concilii
3538 4297 3825 4351 memorati

2242 4389 2592 4459 pertenderet
2631 4391 2838 4464 (postea
2870 4393 3065 4463 quippe
3096 4392 3242 4448 Zeno
3272 4393 3586 4462 imperator,
3618 4392 3711 4461 qui
3742 4390 3824 4446 eis

3511 4539 3578 4563 ac

616 4602 642 4630 ει
673 4593 966 4691 EpisIcopus
985 4597 1230 4656 Reiensis
1259 4620 1272 4654 :
1298 4617 1455 4684 quem
1475 4604 1666 4691 itvitus
1691 4604 2030 4691 Viennensis,
2057 4609 2122 4663 ad
2155 4618 2208 4678 1)
2233 4617 2421 4673 eodem
2455 4629 2663 4687 postea,
2701 4622 2843 4690 quod
2886 4621 3085 4691 quinta:
3115 4620 3320 4691 synodo
3358 4616 3570 4691 scriptis
3584 4617 3709 4691 suis
3728 4615 3827 4691 ob-

547 4663 986 4748 .Burgundioiium
1027 4686 1226 4748 regem
1253 4663 1409 4740 epist.
1463 4674 1497 4726 4
1539 4676 1806 4748 scribens,
1836 4663 2122 4748 Faustique

544 4733 721 4803 ipsius
746 4735 814 4813 ad
842 4733 1126 4813 Paulinum
1144 4733 1428 4809 epistolam
1471 4743 1742 4813 refellens,
1767 4733 1888 4802 o'rtu
1915 4733 2122 4804 lli-itan;

542 4820 716 4874 num,
769 4807 1069 4864 habitacula
1111 4807 1395 4869 ficiensem
1449 4813 1618 4870 fuisse
1662 4807 1756 4872 ait.
1801 4821 1879 4873 Ae
1912 4820 2122 4876 Britan-

542 4892 670 4957 num
729 4892 954 4957 prorsus
993 4879 1185 4957 fuisse
1214 4883 1383 4939 innuit
1424 4888 1581 4940 etiam
1636 4887 1890 4944 Sidonius
1917 4890 2010 4945 lib.
2044 4907 2119 4957 ιχ,

542 4948 780 5030 e‘pi_st..9,
814 4951 954 5030 quod
1001 4954 1069 5030 de
1100 4953 1368 5030 Britannis
1393 4957 1563 5012 Gallis
1589 4974 1748 5029 supra
1791 4960 2041 5030 Ligerim,
2073 4948 2130 5017 ut

543 5018 798 5098 §idonius
827 5018 967 5098 sunt
1010 5023 1264 5094 loquitur,
1314 5029 1431 5084 sitis
1478 5018 2127 5098 accipiendumvestJdeo

539 5087 827 5145 Facundos
856 5090 1063 5148 Gallum
1079 5087 1264 5151 'vocat.

612 5159 639 5198 ι’
667 5161 796 5217 Afer
824 5162 1059 5220 Gillitani
1089 5167 1201 5223 sive
1224 5167 1508 5227 Guillensis
1537 5173 1587 5228 in
1611 5174 1793 5230 Africa
1817 5177 2130 5230 monasterii

542 5229 1084 5312 lLegttmenus.__llunc
1129 5247 1187 5293 ut
1236 5240 1566 5312 incentorem
1621 5229 1897 5312 pravitatis
1929 5229 2129 5302 [ιιιεῖῑεῖ

540 5300 750 5359 diaconi
801 5303 1022 5376 Vigilius
1075 5323 1195 5365 cum
1252 5311 1473 5369 Rustico
1520 5300 1638 5386 ipso
1658 5316 1964 5380 damnavit.
1995 5300 2130 5373 Cum

613 5482 630 5511 ¹
661 5480 876 5560 Mutilus
896 5484 1069 5560 locus,
1098 5501 1254 5556 quem
1284 5487 1416 5544 vidit
1436 5489 1772 5560 Sirmondus,
1807 5504 1976 5559 neque
2000 5505 2119 5557 sup-

544 5549 678 5621 pleri
697 5562 873 5622 potest
896 5571 962 5613 ex
975 5549 1158 5616 codice
1177 5568 1384 5630 nostro,
1399 5562 1452 5616 in
1476 5557 1584 5632 quo
1605 5561 1711 5618 duo
1727 5549 1921 5632 integri
1938 5549 2122 5616 versus

2236 4696 2546 4754 trectarent,
2592 4694 2642 4745 in
2697 4688 3196 4768 exsilium_ejectns
3222 4699 3307 4768 est
3349 4688 3827 4768 :I-‘Jll‘Sllfliﬂnﬂjiﬂ-

2232 4775 2337 4840 q‘ue
2386 4773 2670 4840 mortuus;
2711 4762 2898 4840 _Yict_or
2952 4754 3286 4816 To'nonensis
3312 4776 3325 4812 :
3355 4754 3824 4840 P._t_‘1.nB.qsilii.l.’.

2234 4829 2293 4883 (Ι.
2324 4847 2461 4909 anno
2490 4835 2578 4909 l7,
2623 4830 2778 4909 elfa:
2819 4837 3128 4909 negantenus
3166 4827 3752 4909 monasteriiﬁillimni
3774 4828 3828 4905 in

2233 4902 2413 4955 exsilio
2442 4903 2578 4973 apud
2623 4895 2903 4972 Sinopem'
2925 4903 2988 4957 de
3008 4902 3102 4958 hac
3131 4903 3231 4956 vita
3278 4900 3514 4973 migravit
3550 4900 3617 4952 ad
3647 4895 3828 4951 Domi~

2237 4987 2412 5047 num._
2477 5042 2507 5047 __
2662 5044 2674 5047 _
2824 5045 2832 5047 _
3253 5042 3304 5047 _-
3371 5042 3384 5047 ,
3630 5037 3642 5047 .
3727 5035 3740 5047 .

2307 5042 2603 5122 °_Mutilum
2662 5044 2766 5099 hoc
2821 5045 3174 5122 locohlihrum
3218 5042 3408 5122 videri,
3443 5050 3495 5095 et
3535 5037 3695 5122 yerba
3725 5037 3828 5122 ista

2236 5110 2511 5168 declarant
2537 5130 2656 5191 eum
2700 5115 3072 5191 superioribus
3121 5130 3228 5191 _n_o_n
3255 5111 3606 5191 colimrentia,
3633 5119 3690 5163 et
3719 5108 3828 5191 alia

2233 5198 2353 5252 quae
2382 5194 2499 5253 post
2523 5184 2726 5251 aliquot
2758 5178 2994 5254 pagellas
3021 5189 3090 5243 de
3117 5186 3318 5241 Hilario
3342 5192 3396 5240 et
3421 5182 3652 5249 caneris,
3680 5178 3828 5235 velut

2235 5265 2358 5310 ante
2379 5255 2542 5324 dicta,
2571 5266 2976 5312 commemorat.

2229 5489 2427 5560 injuria
2455 5493 2718 5563 temporis
2749 5492 2927 5549 detriti
2957 5499 3102 5547 sunt.

2306 5563 2326 5592 ⁹
2356 5562 2490 5619 Cod.
2529 5562 2752 5634 \leron.,
2780 5565 3024 5635 insipiens
3050 5578 3158 5618 cer.

610 5759 646 5837 ξ
671 5756 729 5814 1η
778 5758 918 5837 hunc
956 5761 1130 5816 locum
1162 5761 1364 5837 videsis
1399 5762 2149 5837 alazocliii_Commeutarium
2200 5765 2253 5824 in
2281 5774 2391 5825 vet.
2417 5781 2673 5827 marmor.
2725 5767 3014 5827 Calendar.
3040 5764 3174 5827 eccl.
3205 5761 3432 5837 Neapol.
3479 5760 3587 5822 vol.
3615 5758 3653 5831 Ι,
3704 5773 3826 5832 υπς’

546 5830 668 5894 127.
699 5839 810 5889 not.
839 5831 931 5897 70,
959 5841 1012 5893 et
1038 5845 1159 5900 pag.
1189 5833 1277 5902 '50_
1302 5835 1366 5893 ad
1391 5833 1534 5897 diem
1563 5836 1624 5895 51
1657 5834 1780 5894 Jan.

3599 5891 3625 5912 Ο
