4104 6360
392 278 491 344 8ζ.7

1473 297 1506 334 ο
1573 277 1772 334 LIBER
1807 275 2083 332 CONTRA
2121 275 2499 334 MOCIANUM.

3545 283 3652 364 _858

389 406 814 450 communtonem
845 391 1070 460 praeberi
1100 393 1474 460 mandaverat,
1497 409 1528 450 a
1571 394 1866 450 minoribus
1891 394 1959 448 ad
1987 397 2038 454 A
2066 393 2349 449 clesiarum
2379 395 2568 450 doctor
2597 395 2849 464 Hilarius,
2877 405 2932 455 et
2959 399 3143 456 ereteri
3168 400 3498 471 antiquiores
3520 417 3645 459 cunt

389 486 589 555 majora
617 485 926 555 prosiliens,
951 485 1122 554 ipsum
1147 485 1432 541 concilium
1461 487 1795 557 promulgan
1814 500 1964 556 spre-

389 577 463 630 vit
482 572 702 645 edicto),
735 575 981 631 eumdem
999 575 1278 641 Acacium,
1307 578 1549 647 quamvis
1579 577 1835 647 praedicto
1860 576 1962 632 Ze-

388 683 528 723 none
558 668 860 732 resistente,
893 666 1185 722 damnavit.
1218 668 1321 735 Qui
1351 680 1595 725 mortuus
1630 684 1842 740 quoque
1869 684 1966 738 per

387 757 598 815 libellos
622 757 1036 814 ordinandorum
1060 759 1444 830 episcoporum
1467 777 1610 818 nunc
1638 778 1802 831 usque
1825 762 1966 816 dam—

387 865 549 910 natus
594 863 698 908 est.
750 855 816 907 At
863 862 1137 922 postquam
1179 854 1402 924 contigit
1430 864 1488 910 ttt
1520 857 1572 910 in
1623 855 1819 910 libellis
1847 855 1964 910 suis

388 946 626 1016 episcopi
657 944 938 1000 ordinandi
967 945 1308 1000 Theodorum
1351 947 1783 1014 Mopsuestenum
1838 961 1960 1001 cum

385 1037 502 1092 suis
549 1037 907 1106 dvgmatibus,
961 1047 1015 1092 et
1059 1037 1339 1106 epistolam
1396 1039 1524 1103 lbos,
1555 1050 1608 1092 et
1638 1039 1965 1094 Theodoreti

387 1128 586 1194 scripta
607 1128 944 1193 damnarent,
975 1138 1300 1184 memoratus
1323 1130 1550 1183 Aeacius
1573 1130 1729 1185 ctalii
1754 1132 1965 1186 concilii

386 1217 839 1274 Chalcedonensis
857 1219 1168 1284 adversarii,
1194 1220 1524 1274 damnationi
1552 1221 1964 1277 subtractisunt.

387 1311 524 1378 Quia
540 1310 697 1380 igitur
712 1309 1049 1379 supradictus
1068 1309 1235 1376 Zeno,
1259 1310 1401 1364 sedis
1416 1310 1722 1380 apostolicae
1753 1310 1966 1366 decreta

385 1416 759 1468 contemnens,
775 1403 1028 1472 praedicto
1041 1402 1237 1456 Acacio
1250 1401 1698 1470 communicabat,
1715 1411 1967 1458 etomncs

387 1493 660 1548 Ecclesias
691 1493 742 1546 in
767 1493 846 1546 sui
879 1493 1025 1562 regni
1069 1491 1260 1546 finibus
1284 1492 1596 1546 conStitutas
1622 1492 1758 1546 idem
1793 1491 1969 1550 facere

386 1586 762 1655 compellebat,
780 1586 1057 1639 Anastasio
1072 1584 1332 1639 deindein
1373 1585 1651 1651 imperium
1674 1595 1729 1640 et
1756 1586 1806 1639 in
1834 1601 1970 1655 prte-

385 1681 746 1748 sumptionem
775 1678 1004 1734 similem
1023 1679 1364 1744 succedente,
1395 1679 1567 1732 omnis
1590 1678 1803 1743 Oriens,
1831 1693 1969 1747 prae-

2064 499 2130 540 eo
2159 483 2348 540 Patres
2376 499 2602 554 quorum
2645 502 2807 556 supra
2857 491 3221 552 meminimus.
3257 508 3361 549 non
3392 493 3619 552 observa
3639 533 3652 541 ε

2064 587 2258 633 verunt
2279 593 2400 647 qua:
2416 578 2482 632 ad
2510 581 2805 636 custodiam
2832 584 3098 652 pertinent
3127 587 3364 652 unitatis,
3397 595 3449 642 ut
3479 589 3654 658 prius.

2065 684 2223 737 quam
2247 669 2448 739 aliquid
2479 681 2665 727 contra
2688 673 2962 730 Nicatuum
2995 678 3278 734 concilium
3303 688 3648 747 statueretur,

2066 762 2132 817 ab
2174 777 2364 817 eorum
2407 763 2497 831 qui
2539 764 2653 820 haec
2705 767 3067 824 moliebantur
3117 785 3236 827 sese
3275 776 3653 831 conuuunione

2067 851 2464 908 subtrahereut.
2516 854 2801 923 Quamvis,
2833 866 2892 912 ut
2939 859 3190 926 diximus,
3218 863 3316 931 ipsi
3350 850 3651 922 Donaﬁstas

2066 954 2192 1001 ante
2221 946 2623 1016 damnaverint,
2655 957 2832 1004 tamen
2873 953 3112 1019 nunquid
3141 963 3197 1009 et
3240 958 3530 1024 apostolica
3559 974 3652 1014 se-

2068 1038 2184 1105 des,
2219 1053 2340 1092 cum
2367 1048 2556 1107 postea
2588 1054 2686 1109 pro
2723 1040 2934 1097 violatis
2963 1043 3415 1102 Chalcedonensis
3436 1050 3648 1105 concilii

2069 1127 2297 1184 decretis
2326 1117 2612 1184 resistente
2660 1131 2879 1187 Zenone
2909 1133 3191 1189 damnaret
3227 1136 3502 1205 Acacium,
3538 1139 3653 1196 haec

2069 1229 2226 1288 atque
2255 1221 2559 1290 hujusmodi
2590 1222 2789 1292 scripta
2806 1223 2944 1279 beati
2974 1226 3256 1292 Augustini
3280 1243 3386 1283 non
3418 1230 3652 1299 legerat;

2072 1315 2280 1368 tametsi
2306 1322 2520 1382 putetur
2550 1315 2726 1372 minus
2745 1332 2840 1385 per
2864 1317 3207 1386 semetipsatn
3242 1320 3538 1389 intelligere
3561 1338 3659 1390 pn-

2072 1407 2238 1462 tuisse
2258 1422 2376 1476 qua:
2410 1407 2475 1462 ad
2515 1408 2910 1464 observantiam
2963 1413 3268 1480 pertineant
3313 1413 3552 1477 unitatis,
3597 1424 3654 1468 ut

2073 1500 2322 1554 Acacium
2360 1500 2662 1566 damnaret,
2697 1517 2852 1571 quem
2885 1502 3003 1558 sine
3027 1505 3193 1558 multo
3222 1505 3399 1558 tritico
3426 1506 3655 1573 impera-

2074 1597 2160 1643 tor
2206 1590 2402 1658 expelli
2442 1606 2547 1645 non
2579 1592 2823 1646 sineret?
2861 1592 2964 1646 Sed
3016 1608 3115 1648 nec
3146 1594 3381 1647 Romana
3413 1595 3656 1649 Ecclesia-

2073 1681 2423 1734 reconciliare
2453 1681 2636 1735 debuit
2661 1682 2895 1736 Orientis
2923 1683 3211 1748 Ecclesias,
3237 1694 3288 1738 et
3315 1699 3406 1739 eas
3431 1684 3484 1739 itt
3505 1701 3651 1740 com-

387 1785 469 1828 ter
500 1772 788 1827 admodum
849 1785 1046 1840 paucos
1074 1772 1162 1840 qui
1192 1773 1244 1825 in
1288 1772 1378 1826 illa
1403 1771 1741 1826 multitudine
1764 1770 1962 1825 occulti
1999 1783 2047 1841 Β
2081 1771 2384 1826 munionem
2409 1773 2507 1827 sub
2528 1772 2706 1827 debita
2727 1773 3098 1829 satisfactione
3125 1776 3394 1844 recipere;
3420 1776 3512 1830 sed
3550 1777 3651 1830 Ec-

387 1864 641 1926 latebant,
695 1876 724 1914 a
774 1864 1152 1916 communione
1202 1861 1345 1916 sedis
1389 1862 1697 1931 apostolicm
1725 1871 1966 1916 remotus

387 1970 484 2022 per
508 1954 578 2007 40
618 1951 793 2007 ferme
823 1968 993 2007 annos
1045 1967 1215 2022 usque
1257 1953 1322 2007 ad
1353 1963 1594 2021 tempora
1623 1952 1811 2007 Justini
1841 1968 1964 2020 per-

387 2046 602 2101 mansit.
656 2046 721 2100 Et
768 2062 889 2100 cum
920 2046 1134 2115 quidam
1182 2061 1278 2114 per
1310 2047 1439 2101 illud
1467 2057 1680 2115 tempus
1721 2045 1964 2116 ejusdem

387 2137 554 2206 partis
582 2138 814 2206 episcopi
867 2139 1304 2194 communionem
1356 2138 1500 2193 sedis
1527 2137 1834 2207 apostolicae
1865 2137 1964 2191 sibi

385 2247 450 2286 ac
493 2231 605 2286 suis
646 2231 901 2286 Ecclesiis
950 2233 1303 2298 postularent,
1356 2247 1463 2284 non
1521 2232 1966 2299 impetraverunt,

387 2323 559 2379 donec
611 2323 864 2392 principis
911 2323 1109 2378 Justini
1160 2323 1489 2392 temporibus
1539 2323 1969 2378 Acaciidamna-

388 2415 520 2469 tiotti
543 2415 964 2470 subseriberent.
995 2414 1103 2468 Nec
1150 2423 1325 2468 tamen
1357 2413 1636 2482 quisquam
1669 2428 1851 2468 eorum
1883 2412 1966 2466 di-

387 2507 466 2562 xit
493 2525 505 2560 :
537 2505 644 2562 Nos
669 2507 873 2562 zizauia
920 2520 1026 2560 non
1073 2521 1279 2570 sumus,
1302 2506 1396 2561 sed
1427 2506 1627 2559 zizania
1654 2506 1966 2571 toleramus,

387 2612 456 2653 ne
479 2598 637 2652 simul
659 2597 992 2654 eradit-emus
1018 2606 1074 2653 et
1100 2598 1357 2652 triticum.
1404 2597 1512 2652 Cur
1554 2607 1732 2650 autem
1788 2606 1842 2652 et
1868 2597 1972 2652 hoc

387 2691 694 2760 apostolica:
736 2690 850 2745 sedi
883 2705 987 2745 non
1025 2690 1285 2756 dicerent,
1335 2691 1377 2744 si
1400 2699 1453 2744 et
1479 2690 1674 2744 talibus
1699 2692 1873 2745 causis
1898 2691 1970 2745 si-

387 2780 634 2835 militudo
663 2780 760 2834 ista
784 2791 1102 2849 congrueret
1130 2799 1143 2834 :
1179 2781 1289 2835 ltno
1323 2796 1422 2835 nos
1438 2789 1580 2834 recte
1603 2781 1848 2845 facimus,
1873 2796 1971 2837 nos

390 2873 445 2926 in
472 2873 740 2927 mandatis
765 2872 1040 2943 Evangelii
1075 2887 1474 2942 permanemus,
1501 2871 1590 2941 qui
1620 2872 1824 2926 zizania
1850 2874 1969 2928 tole-

388 2977 586 3031 ramus,
619 2979 776 3034 quam
826 2979 942 3027 vos,
974 2962 1062 3034 qui
1095 2979 1189 3032 pro
1214 2963 1432 3018 zizaniis
1473 2963 1628 3018 simul
1657 2963 1972 3019 eradicastis

388 3063 444 3108 et
469 3055 730 3123 triticum,
758 3063 849 3108 aut
869 3054 1195 3110 discessistis
1223 3071 1252 3108 a
1284 3055 1508 3110 tritico?
1533 3055 1669 3123 Quid
1701 3056 1856 3122 igitur
1886 3054 1972 3110 hic

2072 1863 2248 1918 elesia:
2277 1865 2453 1932 potius
2474 1862 2730 1930 Orientis,
2757 1881 2875 1935 qua;
2905 1867 3105 1922 zizania
3137 1868 3517 1933 toleraverant,
3544 1867 3654 1922 Ro-

2071 1969 2282 2009 manam
2314 1955 2602 2010 Ecclesiam
2652 1956 3002 2011 reconciliare
3047 1955 3350 2012 debuerunt
3391 1973 3422 2010 a
3471 1958 3657 2013 tritiio

2069 2053 2390 2112 separatam.
2432 2045 2514 2099 An
2545 2054 2825 2112 propterea
2877 2043 3078 2100 faetum
3114 2063 3219 2100 non
3250 2055 3334 2101 est
3361 2047 3503 2115 quod
3553 2047 3654 2101 iste

2071 2137 2246 2190 adhuc
2277 2151 2370 2205 per
2421 2137 2714 2191 Ecclesiam
2759 2136 3078 2192 catholicam
3110 2138 3247 2192 sicut
3293 2153 3434 2193 nunc
3465 2139 3658 2194 docere

2072 2243 2178 2283 non
2210 2228 2427 2296 posset?
2471 2238 2564 2282 aut
2594 2230 2772 2296 potius
2813 2230 2955 2298 quod
2986 2231 3211 2286 necdum
3265 2231 3332 2286 ad
3363 2233 3661 2288 Ecclesium

2071 2320 2388 2374 catholicam
2439 2320 2744 2376 devertisset
2794 2322 2886 2391 qui
2945 2321 3084 2377 hanc
3140 2338 3447 2392 perversam
3499 2333 3662 2394 atque

2071 2412 2342 2467 confusam
2375 2413 2424 2468 ei
2465 2413 2577 2468 vult
2626 2412 2826 2468 inferre
2855 2413 3180 2480 doctrinam,
3208 2423 3262 2470 et
3319 2415 3522 2469 utinam
3553 2429 3662 2470 non

2076 2506 2362 2574 Augustini
2393 2505 2610 2560 nomine
2636 2505 2965 2560 coloratam?
2995 2505 3126 2559 Nam
3159 2506 3268 2560 vult
3309 2507 3662 2574 apostolicam

2072 2595 2276 2661 sedem,
2298 2609 2415 2663 quae
2431 2603 2556 2649 tunc
2569 2595 2687 2650 aliis
2699 2595 2909 2664 culpam
2925 2595 3142 2662 dimisit,
3158 2596 3324 2664 ipsam
3346 2597 3518 2666 potius
3537 2611 3661 2656 cum

2072 2685 2280 2740 czeteris
2313 2683 2404 2754 qui
2433 2684 2551 2753 ejus
2578 2684 2632 2736 in
2677 2684 2872 2738 Acacio
2918 2685 3240 2740 sententiam
3292 2693 3661 2750 servaverunt,

2072 2776 2232 2830 veluti
2267 2790 2359 2842 pro
2390 2775 2528 2829 iacto
2558 2775 2846 2829 schismate
2868 2773 3031 2829 fuisse
3052 2775 3399 2844 culpabilem;
3431 2783 3484 2829 et
3511 2786 3692 2830 more.

2070 2882 2170 2922 suo
2201 2866 2403 2920 nemini
2457 2880 2706 2935 parcens,
2759 2865 2884 2920 illos
2913 2880 3122 2934 quoque
3145 2865 3445 2920 Orientales
3467 2864 3660 2934 quibus

2074 2958 2372 3027 petentibus
2415 2956 2634 3012 dimissa
2665 2965 2765 3023 est,
2815 2956 2983 3012 videri
3025 2956 3136 3010 vult
3183 2956 3248 3010 ad
3288 2954 3662 3010 sehismaticos

2074 3047 2446 3104 Occidentales
2497 3046 2666 3102 fuisse
2705 3061 3015 3116 conversos,
3046 3060 3182 3116 quos
3222 3045 3322 3114 ipsi
3347 3045 3413 3100 ad
3435 3061 3492 3100 se
3521 3059 3660 3101 eon-

387 3145 646 3211 dicemus,
695 3145 928 3216 religiosi
977 3145 1112 3200 ﬁlii?
1168 3144 1415 3214 Nunquid
1449 3160 1543 3214 per
1578 3154 1653 3200 tot
1705 3159 1966 3199 annorum
1995 3157 2040 3219 ρ
2081 3150 2292 3196 vertere
2331 3140 2657 3195 debuerunt.
2714 3138 2783 3193 Et
2813 3139 2928 3194 haec
2970 3139 3186 3208 quidem
3225 3137 3380 3193 nobis
3409 3136 3475 3191 ad
3507 3136 3660 3191 istius

389 3238 561 3306 Spatia
587 3251 691 3290 non
719 3246 803 3292 est
830 3237 1074 3292 inventus
1105 3239 1387 3308 quisquam
1429 3237 1482 3291 itt
1521 3237 1776 3293 Romanis
1797 3252 1970 3292 sacer-

391 3325 628 3390 dotibus,
656 3343 685 3380 a
715 3327 893 3382 Felice
929 3328 1104 3382 Aeacii
1137 3328 1452 3382 damnatorc
1483 3336 1507 3364 ἰ
1541 3343 1707 3396 usque
1733 3327 1800 3380 ad
1832 3326 1970 3382 lior-

392 3418 641 3487 tnisdam,
679 3420 767 3489 qui
809 3419 1042 3474 Orientis
1091 3419 1462 3474 reconciliavit
1515 3419 1804 3487 Ecclesias,
1838 3419 1976 3474 inter

389 3525 522 3580 quos
555 3511 729 3566 fuerat
769 3511 910 3565 enim
942 3512 969 3545 *
995 3512 1184 3566 beatus
1207 3511 1449 3566 Gelasius
1477 3511 1528 3565 in
1551 3511 1834 3567 sanctitate
1855 3513 1976 3566 vitae

389 3613 544 3671 atque
592 3602 815 3657 scientia
873 3618 966 3670 per
995 3603 1306 3658 universum
1353 3605 1610 3658 mundum
1667 3603 1974 3659 celebrioris

387 3692 542 3747 fama:
563 3694 728 3763 gloria
761 3693 1102 3762 prazdicatus,
1139 3709 1242 3748 non
1272 3702 1354 3748 est
1385 3697 1634 3750 inventus
1667 3696 1747 3749 vel
1779 3695 1830 3748 itt
1864 3694 1975 3748 Ro-

340 3800 358 3819 ο
387 3799 547 3838 tnano
571 3784 738 3849 clero,
760 3786 776 3815 ¹
801 3784 1105 3839 Christiana
1139 3784 1454 3853 plebeinibi
1500 3785 1852 3850 consistente,
1893 3785 1974 3840 vel

388 3877 441 3933 itt
469 3879 676 3933 eunetis
725 3878 1146 3933 occidentalibus
1204 3878 1478 3945 Ecelesiis,
1511 3878 1600 3946 qui
1641 3879 1721 3932 vel
1774 3886 1975 3932 tantum

388 3981 529 4028 esset
551 3987 647 4039 pro
673 3971 1032 4027 Ecclesiarum
1064 3969 1270 4023 unitate
1290 3969 1551 4023 sollicitus
1581 3979 1837 4038 quantum
1866 3983 1977 4023 ma-

389 4063 548 4132 gister
573 4063 659 4117 hic
703 4075 872 4116 novus
914 4059 1219 4113 novissimis
1275 4058 1606 4127 temporibus
1633 4058 1974 4124 destinatus;

389 4164 445 4209 ut
500 4169 658 4210 nemo
719 4159 1069 4221 cognosceret
1131 4158 1186 4204 et
1251 4149 1466 4203 doceret
1504 4148 1646 4217 quod
1697 4149 1750 4202 itt
1792 4148 1976 4204 eadem

389 4261 598 4316 quoque
691 4257 850 4296 causa
940 4240 1204 4295 malorum
1305 4238 1612 4292 communio
1702 4239 1979 4292 toleranda

385 4337 546 4404 foret,
603 4351 672 4391 ne
699 4351 821 4390 cum
877 4333 1097 4387 zizaniis
1123 4330 1491 4386 eradicaretur
1536 4340 1590 4385 ct
1617 4329 1892 4384 triticum?
1932 4332 1977 4384 si

389 4428 466 4484 fas
492 4438 575 4484 est
619 4426 846 4482 credere
876 4425 1017 4495 quod
1050 4425 1271 4478 scientia
1310 4433 1366 4478 et
1392 4423 1672 4493 disciplina
1701 4422 1977 4477 servanda:

2079 3234 2468 3290 convictionem
2499 3231 2837 3301 sufficerent,
2871 3233 2915 3286 si
2943 3231 3257 3296 adversarii,
3301 3246 3439 3300 quos
3462 3239 3516 3285 et
3549 3231 3665 3300 ipse

2078 3325 2258 3394 eulpat
2286 3340 2390 3379 non
2425 3323 2718 3378 inferentes
2757 3321 3042 3378 anathema
3074 3319 3501 3376 Cltalcedoneusi
3531 3333 3666 3375 con-

2077 3417 2221 3485 cilio,
2272 3431 2443 3486 neque
2488 3416 2541 3471 in
2589 3431 2687 3471 nos
2740 3430 2950 3482 omnes,
3007 3414 3104 3469 sed
3151 3413 3351 3485 aliquid
3405 3414 3666 3469 adversus

2078 3507 2192 3574 ejus
2207 3506 2574 3561 auctoritatem
2590 3515 2863 3574 gerentes,
2881 3504 2979 3573 ipsi
2999 3504 3172 3573 potius
3188 3518 3216 3557 a
3233 3503 3408 3570 nobis,
3423 3503 3521 3557 sub
3534 3517 3665 3556 aua-

2079 3598 2312 3652 tltemate
2349 3597 2755 3672 damnarentur.
2787 3595 2937 3650 Nune
2975 3603 3179 3664 autem,
3216 3595 3321 3649 illis
3368 3594 3531 3664 impie
3575 3608 3667 3663 ge-

2078 3689 2342 3754 rentibus,
2375 3697 2430 3743 et
2464 3702 2562 3743 nos
2603 3702 2667 3743 ac
2708 3687 2896 3742 Patres
2926 3695 3137 3740 nostros
3166 3683 3659 3739 anathematizanli-

2079 3781 2202 3845 bus,
2247 3795 2476 3849 seseque
2523 3793 2617 3848 per
2668 3778 2771 3832 hoc
2817 3775 3102 3832 anathema
3151 3774 3558 3844 segregantibus
3601 3773 3668 3827 ab

2081 3872 2332 3924 universa
2382 3867 2579 3924 Christi
2624 3865 2884 3934 Ecclesia,
2929 3880 3029 3920 nos
3067 3863 3158 3934 qui
3200 3863 3312 3918 Deo
3356 3869 3576 3932 regente
3617 3863 3668 3917 itt

2081 3971 2300 4030 paterna
2349 3960 2617 4016 sententia
2663 3968 2718 4013 et
2759 3957 3137 4012 communione
3180 3961 3500 4024 perstamus,
3549 3967 3664 4018 nos,

2080 4055 2318 4123 inquam,
2362 4053 2416 4106 itt
2452 4049 2692 4106 Ecclesia
2729 4048 2812 4103 cui
2843 4047 3108 4102 dederunt
3144 4044 3450 4108 anathema,
3481 4043 3668 4097 statui-

2080 4159 2201 4198 mus
2250 4141 2544 4198 secundum
2594 4140 2915 4197 Christiana:
2968 4137 3239 4208 religionis
3276 4137 3668 4192 observantiam

2082 4253 2191 4292 non
2223 4236 2621 4291 communicare
2650 4234 2718 4289 ab
2747 4231 2990 4288 Ecclesia
3016 4229 3332 4299 segregatis.
3365 4227 3481 4282 Non
3509 4228 3670 4296 igitur

2079 4327 2164 4380 vel
2207 4325 2309 4380 hoc
2356 4324 2443 4379 isti
2488 4322 2849 4376 concesserim
2906 4319 2959 4373 id
3006 4333 3106 4372 nos
3150 4315 3342 4372 fecisse
3375 4315 3516 4385 quod
3548 4329 3668 4368 cunt

2079 4422 2191 4476 suis
2225 4419 2443 4488 collegis
2485 4417 2716 4472 llilarius
2758 4413 2907 4479 fecit,
2940 4413 3030 4484 qui
3060 4412 3207 4466 nullo
3234 4410 3410 4465 adhuc
3439 4409 3489 4463 itt
3526 4423 3666 4479 pra:-

390 4520 608 4574 unitatis
656 4533 686 4571 a
737 4517 896 4573 beato
945 4519 1108 4584 ρωρῑι
1137 4516 1496 4585 ‘Augustiuo,
1538 4515 1690 4584 cujus
1716 4515 1974 4570 adversus
2004 4513 2338 4601 Djudicium
2390 4509 2591 4565 Nieceni
2645 4506 2856 4562 concilii
2909 4504 3228 4575 procedente
3284 4504 3500 4558 decreto
3544 4514 3668 4555 cum

391 4610 697 4665 Donatislas
746 4611 1120 4663 convenientia
1169 4608 1364 4676 scripta
1413 4607 1851 4662 iuconvenieuter
1876 4607 1976 4661 iste

389 4714 564 4755 causa:
596 4704 840 4770 praesenti
867 4715 1008 4756 nunc
1041 4699 1278 4756 adhilet.
1323 4698 1391 4754 Et
1418 4699 1537 4754 ideo
1559 4700 1847 4769 pra-clarus
1872 4699 1974 4754 Ec-

464 4912 488 4941 ι
525 4901 652 4955 Post
672 4902 952 4971 epistolam
999 4903 1190 4957 Felicis
1231 4901 1296 4955 Ill
1330 4916 1480 4969 papae
1508 4900 1574 4953 ad
1631 4900 1878 4955 Acacium
1906 4901 1975 4954 de

393 4974 561 5042 ipsius
590 4972 932 5027 damnatione
954 4973 1132 5026 datam
1177 4973 1443 5026 Venantio
1464 4972 1706 5032 consule,
1731 4971 1974 5042 sequitur

391 5040 444 5100 in
477 5042 663 5098 codice
711 5043 920 5096 Sancta:
969 5043 1148 5095 Maria:
1178 5041 1529 5094 Virduneusis
1571 5041 1800 5092 edictum
1833 5040 1976 5104 ejus-

392 5116 513 5167 dem
545 5113 823 5182 perbreve,
870 5113 1105 5168 nondum
1159 5112 1418 5166 hactenus
1449 5110 1740 5178 vulgttutu,
1777 5109 1829 5162 itt
1862 5111 1977 5163 haec

391 5187 635 5311 ἓξὲξαῶ
665 5260 926 5308 sententia:
955 5252 1141 5306 Felicis
1168 5268 1316 5320 papa:
1345 5252 1589 5305 directum
1618 5258 1820 5320 prapter
1842 5250 1975 5304 Aca-

517 5326 585 5381 cii
604 5325 831 5395 episcopi
863 5323 1415 5395 Camtatttittopolitani
1443 5322 1844 5376 damnationem.

466 5533 481 5564 '
505 5530 636 5585 Cod.
670 5529 897 5593 Veron.,
926 5544 1162 5599 omnique
1190 5526 1484 5584 Christiana
1510 5526 1672 5599 plebe.

463 5604 486 5636 ’
515 5601 659 5657 Idem
685 5599 834 5666 cod.,
861 5601 1086 5670 cmperit.

471 5778 489 5804 ‘
516 5770 820 5843 Legendum
847 5770 982 5833 forte
1011 5764 1187 5831 ctia’m.

2082 4607 2252 4676 prima
2310 4602 2702 4659 contrariorum
2760 4598 3036 4653 molimina
3093 4594 3560 4666 przesttmpsissent
3607 4592 3668 4657 ³,

2083 4704 2511 4770 properaverant
2548 4692 2616 4747 ab
2658 4705 2846 4747 eorum
2887 4704 2946 4745 se
2995 4688 3373 4745 communione
3411 4683 3669 4740 dividere.

2160 4916 2180 4951 ι
2209 4896 2453 4959 Aeacius,
2483 4893 2571 4963 qui
2603 4891 2840 4947 secundo
2869 4905 2899 4963 a
2931 4890 3086 4946 nobis
3114 4889 3417 4945 admonitus
3445 4891 3672 4941 statuto-

2084 4985 2200 5021 rntn
2233 4962 2526 5019 salubrium
2559 4980 2662 5017 non
2711 4962 3069 5034 destititAesse
3094 4969 3449 5034 contemptor,
3479 4968 3672 5034 tneque

2085 5039 2136 5091 itt
2166 5039 2299 5090 meis
2326 5034 2551 5088 credidit
2597 5031 3059 5094 eareerizandum,
3095 5030 3236 5082 hunc
3290 5025 3429 5081 Dens
3453 5025 3670 5080 caelitus

2085 5108 2291 5176 prolata
2320 5105 2584 5159 sententia
2607 5106 2673 5158 de
2706 5102 3007 5176 sacerdotio
3035 5099 3165 5152 fecit
3185 5094 3670 5176 _extorrem.£rgo

2084 5166 2126 5231 si
2158 5177 2292 5247 quis,
2329 5177 2633 5243 episcopus,
2683 5175 2932 5247 clericus,
2989 5168 3303 5247 monachus,
3331 5166 3520 5247 laicus,
3550 5172 3672 5232 post

2091 5242 2228 5302 hanc
2265 5242 2723 5301 denuntiationem
2770 5242 2941 5296 eidem
2991 5242 3496 5305 communicaverit,
3544 5247 3667 5288 ana-

2086 5319 2266 5375 thema
2294 5317 2362 5372 sit
2390 5316 2592 5387 Spiritu
2615 5321 2802 5369 sancto
2831 5316 3179 5380 exsequentc.
3209 5325 3230 5360 ι

2157 5517 2177 5550 ³
2215 5515 2349 5574 Cod.
2384 5515 2603 5582 Veron,
2634 5509 3035 5583 prwscnsistent.
