  <div class='ocr_page' id='page_1' title='image "/cluster/home/n/w/nwhite01/storage/ocr_20150623/67/hvd.32044015547185/437.png"; bbox 0 0 4104 6360; ppageno 0'>
   <div class='ocr_carea' id='block_1_1' title="bbox 484 285 619 359">
    <p class='ocr_par' dir='ltr' id='par_1_1' title="bbox 484 285 619 359">
     <span class='ocr_line' id='line_1_1' title="bbox 484 285 619 359; baseline 0.007 -14"><span class='ocrx_word' id='word_1_1' title='bbox 484 285 619 359; x_wconf 63' lang='lat'><strong>859~</strong></span> 
     </span>
    </p>
   </div>
   <div class='ocr_carea' id='block_1_2' title="bbox 1601 280 2700 342">
    <p class='ocr_par' dir='ltr' id='par_1_2' title="bbox 1601 280 2700 342">
     <span class='ocr_line' id='line_1_2' title="bbox 1601 280 2700 342; baseline -0.001 -1"><span class='ocrx_word' id='word_1_2' title='bbox 1601 281 1894 342; x_wconf 77' lang='lat' dir='ltr'><strong>FACUNDI</strong></span> <span class='ocrx_word' id='word_1_3' title='bbox 1927 280 2141 340; x_wconf 79' lang='lat' dir='ltr'><strong>EPISC.</strong></span> <span class='ocrx_word' id='word_1_4' title='bbox 2185 280 2700 340; x_wconf 66' lang='lat' dir='ltr'><strong>&quot;ERMIANENSIS</strong></span> 
     </span>
    </p>
   </div>
   <div class='ocr_carea' id='block_1_3' title="bbox 3650 270 3778 329">
    <p class='ocr_par' dir='ltr' id='par_1_3' title="bbox 3650 270 3778 329">
     <span class='ocr_line' id='line_1_3' title="bbox 3650 270 3778 329; baseline 0.023 -3"><span class='ocrx_word' id='word_1_5' title='bbox 3650 270 3778 329; x_wconf 85' lang='lat'><strong>860</strong></span> 
     </span>
    </p>
   </div>
   <div class='ocr_carea' id='block_1_4' title="bbox 486 395 3783 474">
    <p class='ocr_par' dir='ltr' id='par_1_4' title="bbox 486 395 3783 474">
     <span class='ocr_line' id='line_1_4' title="bbox 486 395 3783 474; baseline -0.006 -5"><span class='ocrx_word' id='word_1_6' title='bbox 486 411 604 469; x_wconf 73' lang='lat' dir='ltr'><strong>Non</strong></span> <span class='ocrx_word' id='word_1_7' title='bbox 645 409 734 465; x_wconf 90' lang='lat' dir='ltr'><strong>isti</strong></span> <span class='ocrx_word' id='word_1_8' title='bbox 772 406 1131 465; x_wconf 81' lang='lat' dir='ltr'><strong>concesserim</strong></span> <span class='ocrx_word' id='word_1_9' title='bbox 1186 404 1326 474; x_wconf 92' lang='lat' dir='ltr'><strong>quod</strong></span> <span class='ocrx_word' id='word_1_10' title='bbox 1368 404 1615 460; x_wconf 82' lang='lat' dir='ltr'><strong>Africana</strong></span> <span class='ocrx_word' id='word_1_11' title='bbox 1646 404 1883 460; x_wconf 80' lang='lat' dir='ltr'><strong>Ecclesia</strong></span> <span class='ocrx_word' id='word_1_12' title='bbox 1916 418 1975 459; x_wconf 88' lang='lat' dir='ltr'><strong>se</strong></span> <span class='ocrx_word' id='word_1_13' title='bbox 2004 404 2074 458; x_wconf 90' lang='lat' dir='ltr'><strong>ab</strong></span> <span class='ocrx_word' id='word_1_14' title='bbox 2100 409 2146 464; x_wconf 83' lang='lat' dir='ltr'><strong>A</strong></span> <span class='ocrx_word' id='word_1_15' title='bbox 2175 413 2394 474; x_wconf 87' lang='lat' dir='ltr'><strong>geretur</strong></span> <span class='ocrx_word' id='word_1_16' title='bbox 2419 405 2538 473; x_wconf 83' lang='lat' dir='ltr'><strong>ejus</strong></span> <span class='ocrx_word' id='word_1_17' title='bbox 2565 401 2876 458; x_wconf 73' lang='lat' dir='ltr'><strong>auctoritas.</strong></span> <span class='ocrx_word' id='word_1_18' title='bbox 2921 397 3128 455; x_wconf 82' lang='lat' dir='ltr'><strong>Deinde</strong></span> <span class='ocrx_word' id='word_1_19' title='bbox 3156 396 3329 452; x_wconf 81' lang='lat' dir='ltr'><strong>videte</strong></span> <span class='ocrx_word' id='word_1_20' title='bbox 3379 395 3522 466; x_wconf 85' lang='lat' dir='ltr'><strong>quod</strong></span> <span class='ocrx_word' id='word_1_21' title='bbox 3552 409 3659 450; x_wconf 87' lang='lat' dir='ltr'><strong>non</strong></span> <span class='ocrx_word' id='word_1_22' title='bbox 3691 395 3783 451; x_wconf 83' lang='lat' dir='ltr'><strong>ab</strong></span> 
     </span>
    </p>
   </div>
   <div class='ocr_carea' id='block_1_5' title="bbox 495 496 2075 571">
    <p class='ocr_par' dir='ltr' id='par_1_5' title="bbox 495 496 2075 571">
     <span class='ocr_line' id='line_1_5' title="bbox 495 496 2075 571; baseline -0.004 -15"><span class='ocrx_word' id='word_1_23' title='bbox 495 499 954 571; x_wconf 86' lang='lat' dir='ltr'><strong>impugnatoribus</strong></span> <span class='ocrx_word' id='word_1_24' title='bbox 993 496 1453 552; x_wconf 80' lang='lat' dir='ltr'><strong>Chalcedonensis</strong></span> <span class='ocrx_word' id='word_1_25' title='bbox 1499 496 1712 551; x_wconf 85' lang='lat' dir='ltr'><strong>concilii</strong></span> <span class='ocrx_word' id='word_1_26' title='bbox 1758 510 2075 567; x_wconf 83' lang='lat' dir='ltr'><strong>segregave-</strong></span> 
     </span>
    </p>
   </div>
   <div class='ocr_carea' id='block_1_6' title="bbox 489 589 2077 660">
    <p class='ocr_par' dir='ltr' id='par_1_6' title="bbox 489 589 2077 660">
     <span class='ocr_line' id='line_1_6' title="bbox 489 589 2077 660; baseline -0.003 -13"><span class='ocrx_word' id='word_1_27' title='bbox 489 594 598 658; x_wconf 89' lang='lat' dir='ltr'><strong>rit,</strong></span> <span class='ocrx_word' id='word_1_28' title='bbox 643 592 736 647; x_wconf 88' lang='lat' dir='ltr'><strong>sed</strong></span> <span class='ocrx_word' id='word_1_29' title='bbox 788 590 964 660; x_wconf 86' lang='lat' dir='ltr'><strong>potius</strong></span> <span class='ocrx_word' id='word_1_30' title='bbox 1006 589 1149 659; x_wconf 88' lang='lat' dir='ltr'><strong>quod</strong></span> <span class='ocrx_word' id='word_1_31' title='bbox 1193 590 1301 656; x_wconf 90' lang='lat' dir='ltr'><strong>jam</strong></span> <span class='ocrx_word' id='word_1_32' title='bbox 1351 591 1644 658; x_wconf 83' lang='lat' dir='ltr'><strong>scgregatis</strong></span> <span class='ocrx_word' id='word_1_33' title='bbox 1682 589 2077 644; x_wconf 81' lang='lat' dir='ltr'><strong>communicare</strong></span> 
     </span>
    </p>
   </div>
   <div class='ocr_carea' id='block_1_7' title="bbox 488 679 2080 752">
    <p class='ocr_par' dir='ltr' id='par_1_7' title="bbox 488 679 2080 752">
     <span class='ocr_line' id='line_1_7' title="bbox 488 679 2080 752; baseline -0.003 -14"><span class='ocrx_word' id='word_1_34' title='bbox 488 683 750 739; x_wconf 80' lang='lat' dir='ltr'><strong>vitaverit.</strong></span> <span class='ocrx_word' id='word_1_35' title='bbox 794 682 949 738; x_wconf 82' lang='lat' dir='ltr'><strong>Unde</strong></span> <span class='ocrx_word' id='word_1_36' title='bbox 994 681 1377 751; x_wconf 84' lang='lat' dir='ltr'><strong>acceptabilius</strong></span> <span class='ocrx_word' id='word_1_37' title='bbox 1417 691 1596 752; x_wconf 87' lang='lat' dir='ltr'><strong>potest</strong></span> <span class='ocrx_word' id='word_1_38' title='bbox 1637 681 1918 751; x_wconf 83' lang='lat' dir='ltr'><strong>quisquam</strong></span> <span class='ocrx_word' id='word_1_39' title='bbox 1955 679 2080 735; x_wconf 88' lang='lat' dir='ltr'><strong>dili-</strong></span> 
     </span>
    </p>
   </div>
   <div class='ocr_carea' id='block_1_8' title="bbox 486 773 2076 846">
    <p class='ocr_par' dir='ltr' id='par_1_8' title="bbox 486 773 2076 846">
     <span class='ocr_line' id='line_1_8' title="bbox 486 773 2076 846; baseline -0.001 -16"><span class='ocrx_word' id='word_1_40' title='bbox 486 775 695 846; x_wconf 79' lang='lat' dir='ltr'><strong>gentior</strong></span> <span class='ocrx_word' id='word_1_41' title='bbox 717 784 774 831; x_wconf 92' lang='lat' dir='ltr'><strong>et</strong></span> <span class='ocrx_word' id='word_1_42' title='bbox 802 774 857 829; x_wconf 89' lang='lat' dir='ltr'><strong>in</strong></span> <span class='ocrx_word' id='word_1_43' title='bbox 886 773 1004 830; x_wconf 83' lang='lat' dir='ltr'><strong>zelo</strong></span> <span class='ocrx_word' id='word_1_44' title='bbox 1037 774 1130 830; x_wconf 90' lang='lat' dir='ltr'><strong>Dei</strong></span> <span class='ocrx_word' id='word_1_45' title='bbox 1156 773 1462 839; x_wconf 90' lang='lat' dir='ltr'><strong>ferventior,</strong></span> <span class='ocrx_word' id='word_1_46' title='bbox 1488 775 1733 844; x_wconf 88' lang='lat' dir='ltr'><strong>exemplo</strong></span> <span class='ocrx_word' id='word_1_47' title='bbox 1749 774 1960 840; x_wconf 78' lang='lat' dir='ltr'><strong>Hilarii,</strong></span> <span class='ocrx_word' id='word_1_48' title='bbox 1980 788 2076 828; x_wconf 88' lang='lat' dir='ltr'><strong>nos</strong></span> 
     </span>
    </p>
   </div>
   <div class='ocr_carea' id='block_1_9' title="bbox 486 847 2077 937">
    <p class='ocr_par' dir='ltr' id='par_1_9' title="bbox 486 847 2077 937">
     <span class='ocr_line' id='line_1_9' title="bbox 486 847 2077 937; baseline 0.001 -17"><span class='ocrx_word' id='word_1_49' title='bbox 486 867 554 922; x_wconf 88' lang='lat' dir='ltr'><strong>de</strong></span> <span class='ocrx_word' id='word_1_50' title='bbox 587 847 840 921; x_wconf 56' lang='lat' dir='ltr'><strong>tafditate</strong></span> <span class='ocrx_word' id='word_1_51' title='bbox 875 866 1119 935; x_wconf 86' lang='lat' dir='ltr'><strong>culpare,</strong></span> <span class='ocrx_word' id='word_1_52' title='bbox 1161 881 1322 937; x_wconf 89' lang='lat' dir='ltr'><strong>quam</strong></span> <span class='ocrx_word' id='word_1_53' title='bbox 1359 867 1429 922; x_wconf 91' lang='lat' dir='ltr'><strong>de</strong></span> <span class='ocrx_word' id='word_1_54' title='bbox 1458 867 1748 922; x_wconf 85' lang='lat' dir='ltr'><strong>schismate</strong></span> <span class='ocrx_word' id='word_1_55' title='bbox 1781 867 1864 921; x_wconf 85' lang='lat' dir='ltr'><strong>vel</strong></span> <span class='ocrx_word' id='word_1_56' title='bbox 1899 865 1965 921; x_wconf 90' lang='lat' dir='ltr'><strong>de</strong></span> <span class='ocrx_word' id='word_1_57' title='bbox 1995 865 2077 921; x_wconf 87' lang='lat' dir='ltr'><strong>fe-</strong></span> 
     </span>
    </p>
   </div>
   <div class='ocr_carea' id='block_1_10' title="bbox 487 956 2080 1027">
    <p class='ocr_par' dir='ltr' id='par_1_10' title="bbox 487 956 2080 1027">
     <span class='ocr_line' id='line_1_10' title="bbox 487 956 2080 1027; baseline -0.001 -15"><span class='ocrx_word' id='word_1_58' title='bbox 487 958 776 1012; x_wconf 87' lang='lat' dir='ltr'><strong>stinatione</strong></span> <span class='ocrx_word' id='word_1_59' title='bbox 803 957 1081 1012; x_wconf 76' lang='lat' dir='ltr'><strong>Mucianus</strong></span> <span class='ocrx_word' id='word_1_60' title='bbox 1108 972 1356 1027; x_wconf 78' lang='lat' dir='ltr'><strong>arguere.</strong></span> <span class='ocrx_word' id='word_1_61' title='bbox 1389 957 1521 1024; x_wconf 84' lang='lat' dir='ltr'><strong>Quis</strong></span> <span class='ocrx_word' id='word_1_62' title='bbox 1550 971 1734 1027; x_wconf 89' lang='lat' dir='ltr'><strong>porro,</strong></span> <span class='ocrx_word' id='word_1_63' title='bbox 1763 956 1864 1011; x_wconf 85' lang='lat' dir='ltr'><strong>nisi</strong></span> <span class='ocrx_word' id='word_1_64' title='bbox 1893 971 2080 1012; x_wconf 80' lang='lat' dir='ltr'><strong>vecors</strong></span> 
     </span>
    </p>
   </div>
   <div class='ocr_carea' id='block_1_11' title="bbox 490 1049 2080 1120">
    <p class='ocr_par' dir='ltr' id='par_1_11' title="bbox 490 1049 2080 1120">
     <span class='ocr_line' id='line_1_11' title="bbox 490 1049 2080 1120; baseline -0.003 -15"><span class='ocrx_word' id='word_1_65' title='bbox 490 1064 554 1105; x_wconf 88' lang='lat' dir='ltr'><strong>ac</strong></span> <span class='ocrx_word' id='word_1_66' title='bbox 603 1051 706 1106; x_wconf 86' lang='lat' dir='ltr'><strong>sibi</strong></span> <span class='ocrx_word' id='word_1_67' title='bbox 745 1050 983 1120; x_wconf 88' lang='lat' dir='ltr'><strong>sapiens,</strong></span> <span class='ocrx_word' id='word_1_68' title='bbox 1025 1059 1099 1116; x_wconf 90' lang='lat' dir='ltr'><strong>et,</strong></span> <span class='ocrx_word' id='word_1_69' title='bbox 1141 1051 1280 1105; x_wconf 91' lang='lat' dir='ltr'><strong>sicut</strong></span> <span class='ocrx_word' id='word_1_70' title='bbox 1320 1050 1452 1106; x_wconf 89' lang='lat' dir='ltr'><strong>dicit</strong></span> <span class='ocrx_word' id='word_1_71' title='bbox 1487 1051 1772 1119; x_wconf 81' lang='lat' dir='ltr'><strong>Apostolus</strong></span> <span class='ocrx_word' id='word_1_72' title='bbox 1808 1065 1826 1106; x_wconf 84' lang='lat'><strong>:</strong></span> <span class='ocrx_word' id='word_1_73' title='bbox 1862 1049 2080 1102; x_wconf 79' lang='lat' dir='ltr'><strong>Frustra</strong></span> 
     </span>
    </p>
   </div>
   <div class='ocr_carea' id='block_1_12' title="bbox 489 1137 2082 1212">
    <p class='ocr_par' dir='ltr' id='par_1_12' title="bbox 489 1137 2082 1212">
     <span class='ocr_line' id='line_1_12' title="bbox 489 1137 2082 1212; baseline -0.003 -17"><span class='ocrx_word' id='word_1_74' title='bbox 489 1143 703 1211; x_wconf 82' lang='lat' dir='ltr'><strong>inﬂatus</strong></span> <span class='ocrx_word' id='word_1_75' title='bbox 731 1157 887 1196; x_wconf 82' lang='lat' dir='ltr'><strong>sensu</strong></span> <span class='ocrx_word' id='word_1_76' title='bbox 910 1141 1079 1195; x_wconf 82' lang='lat' dir='ltr'><strong>carnis</strong></span> <span class='ocrx_word' id='word_1_77' title='bbox 1098 1156 1206 1195; x_wconf 74' lang='lat' dir='ltr'><strong>sua:</strong></span> <span class='ocrx_word' id='word_1_78' title='bbox 1224 1139 1442 1212; x_wconf 84' lang='lat' dir='ltr'><strong>(Coloss.</strong></span> <span class='ocrx_word' id='word_1_79' title='bbox 1471 1155 1532 1208; x_wconf 87' lang='lat' dir='ltr'><strong>ll,</strong></span> <span class='ocrx_word' id='word_1_80' title='bbox 1567 1141 1682 1208; x_wconf 83' lang='grc'><strong>18),</strong></span> <span class='ocrx_word' id='word_1_81' title='bbox 1710 1147 1896 1193; x_wconf 90' lang='lat' dir='ltr'><strong>contra</strong></span> <span class='ocrx_word' id='word_1_82' title='bbox 1919 1137 2082 1193; x_wconf 88' lang='lat' dir='ltr'><strong>totius</strong></span> 
     </span>
    </p>
   </div>
   <div class='ocr_carea' id='block_1_13' title="bbox 489 1230 2078 1302">
    <p class='ocr_par' dir='ltr' id='par_1_13' title="bbox 489 1230 2078 1302">
     <span class='ocr_line' id='line_1_13' title="bbox 489 1230 2078 1302; baseline -0.003 -16"><span class='ocrx_word' id='word_1_83' title='bbox 489 1231 753 1287; x_wconf 70' lang='lat' dir='ltr'><strong>Ecclesia:</strong></span> <span class='ocrx_word' id='word_1_84' title='bbox 778 1232 1059 1302; x_wconf 85' lang='lat' dir='ltr'><strong>judicium,</strong></span> <span class='ocrx_word' id='word_1_85' title='bbox 1092 1247 1198 1286; x_wconf 91' lang='lat' dir='ltr'><strong>non</strong></span> <span class='ocrx_word' id='word_1_86' title='bbox 1229 1231 1526 1300; x_wconf 85' lang='lat' dir='ltr'><strong>respiciens</strong></span> <span class='ocrx_word' id='word_1_87' title='bbox 1554 1230 1640 1286; x_wconf 89' lang='lat' dir='ltr'><strong>vel</strong></span> <span class='ocrx_word' id='word_1_88' title='bbox 1671 1231 1868 1286; x_wconf 81' lang='lat' dir='ltr'><strong>exitum</strong></span> <span class='ocrx_word' id='word_1_89' title='bbox 1901 1243 2078 1284; x_wconf 90' lang='lat' dir='ltr'><strong>rerum</strong></span> 
     </span>
    </p>
   </div>
   <div class='ocr_carea' id='block_1_14' title="bbox 490 1323 2078 1393">
    <p class='ocr_par' dir='ltr' id='par_1_14' title="bbox 490 1323 2078 1393">
     <span class='ocr_line' id='line_1_14' title="bbox 490 1323 2078 1393; baseline -0.001 -15"><span class='ocrx_word' id='word_1_90' title='bbox 490 1324 578 1393; x_wconf 86' lang='lat' dir='ltr'><strong>qui</strong></span> <span class='ocrx_word' id='word_1_91' title='bbox 629 1335 952 1379; x_wconf 88' lang='lat' dir='ltr'><strong>consecutus</strong></span> <span class='ocrx_word' id='word_1_92' title='bbox 992 1333 1096 1389; x_wconf 87' lang='lat' dir='ltr'><strong>est,</strong></span> <span class='ocrx_word' id='word_1_93' title='bbox 1143 1324 1541 1393; x_wconf 86' lang='lat' dir='ltr'><strong>reprehendere</strong></span> <span class='ocrx_word' id='word_1_94' title='bbox 1587 1323 1783 1378; x_wconf 83' lang='lat' dir='ltr'><strong>audeat</strong></span> <span class='ocrx_word' id='word_1_95' title='bbox 1821 1323 2078 1377; x_wconf 84' lang='lat' dir='ltr'><strong>llilarium</strong></span> 
     </span>
    </p>
   </div>
   <div class='ocr_carea' id='block_1_15' title="bbox 490 1413 2080 1484">
    <p class='ocr_par' dir='ltr' id='par_1_15' title="bbox 490 1413 2080 1484">
     <span class='ocr_line' id='line_1_15' title="bbox 490 1413 2080 1484; baseline -0.001 -16"><span class='ocrx_word' id='word_1_96' title='bbox 490 1414 809 1480; x_wconf 83' lang='lat' dir='ltr'><strong>prudentem</strong></span> <span class='ocrx_word' id='word_1_97' title='bbox 855 1429 918 1469; x_wconf 91' lang='lat' dir='ltr'><strong>ac</strong></span> <span class='ocrx_word' id='word_1_98' title='bbox 967 1415 1300 1469; x_wconf 89' lang='lat' dir='ltr'><strong>moderatum</strong></span> <span class='ocrx_word' id='word_1_99' title='bbox 1344 1414 1756 1484; x_wconf 83' lang='lat' dir='ltr'><strong>gubernatorem</strong></span> <span class='ocrx_word' id='word_1_100' title='bbox 1800 1413 2080 1481; x_wconf 76' lang='lat' dir='ltr'><strong>Ecclesim,</strong></span> 
     </span>
    </p>
   </div>
   <div class='ocr_carea' id='block_1_16' title="bbox 490 1502 2081 1574">
    <p class='ocr_par' dir='ltr' id='par_1_16' title="bbox 490 1502 2081 1574">
     <span class='ocr_line' id='line_1_16' title="bbox 490 1502 2081 1574; baseline 0.001 -18"><span class='ocrx_word' id='word_1_101' title='bbox 490 1502 582 1572; x_wconf 88' lang='lat' dir='ltr'><strong>qui</strong></span> <span class='ocrx_word' id='word_1_102' title='bbox 607 1518 782 1573; x_wconf 90' lang='lat' dir='ltr'><strong>neque</strong></span> <span class='ocrx_word' id='word_1_103' title='bbox 803 1504 928 1573; x_wconf 85' lang='lat' dir='ltr'><strong>ipsis</strong></span> <span class='ocrx_word' id='word_1_104' title='bbox 954 1503 1246 1559; x_wconf 86' lang='lat' dir='ltr'><strong>Galliarum</strong></span> <span class='ocrx_word' id='word_1_105' title='bbox 1269 1504 1717 1574; x_wconf 85' lang='lat' dir='ltr'><strong>episc0pis,quod</strong></span> <span class='ocrx_word' id='word_1_106' title='bbox 1742 1519 1835 1558; x_wconf 91' lang='lat' dir='ltr'><strong>eos</strong></span> <span class='ocrx_word' id='word_1_107' title='bbox 1859 1504 1909 1557; x_wconf 90' lang='lat' dir='ltr'><strong>in</strong></span> <span class='ocrx_word' id='word_1_108' title='bbox 1934 1510 2081 1558; x_wconf 86' lang='lat' dir='ltr'><strong>tanta</strong></span> 
     </span>
    </p>
   </div>
   <div class='ocr_carea' id='block_1_17' title="bbox 491 1593 2079 1660">
    <p class='ocr_par' dir='ltr' id='par_1_17' title="bbox 491 1593 2079 1660">
     <span class='ocr_line' id='line_1_17' title="bbox 491 1593 2079 1660; baseline 0 -12"><span class='ocrx_word' id='word_1_109' title='bbox 491 1608 652 1648; x_wconf 88' lang='lat' dir='ltr'><strong>causa</strong></span> <span class='ocrx_word' id='word_1_110' title='bbox 693 1594 922 1650; x_wconf 86' lang='lat' dir='ltr'><strong>tacuisse</strong></span> <span class='ocrx_word' id='word_1_111' title='bbox 966 1595 1233 1660; x_wconf 88' lang='lat' dir='ltr'><strong>crederet,</strong></span> <span class='ocrx_word' id='word_1_112' title='bbox 1277 1610 1376 1651; x_wconf 91' lang='lat' dir='ltr'><strong>nec</strong></span> <span class='ocrx_word' id='word_1_113' title='bbox 1426 1595 1747 1651; x_wconf 86' lang='lat' dir='ltr'><strong>adversariis</strong></span> <span class='ocrx_word' id='word_1_114' title='bbox 1797 1593 2079 1660; x_wconf 87' lang='lat' dir='ltr'><strong>restitisse,</strong></span> 
     </span>
    </p>
   </div>
   <div class='ocr_carea' id='block_1_18' title="bbox 491 1685 2084 1758">
    <p class='ocr_par' dir='ltr' id='par_1_18' title="bbox 491 1685 2084 1758">
     <span class='ocr_line' id='line_1_18' title="bbox 491 1685 2084 1758; baseline -0.002 -16"><span class='ocrx_word' id='word_1_115' title='bbox 491 1685 686 1742; x_wconf 80' lang='lat' dir='ltr'><strong>litteris</strong></span> <span class='ocrx_word' id='word_1_116' title='bbox 725 1688 917 1742; x_wconf 88' lang='lat' dir='ltr'><strong>saltem</strong></span> <span class='ocrx_word' id='word_1_117' title='bbox 958 1689 1360 1744; x_wconf 88' lang='lat' dir='ltr'><strong>communicare</strong></span> <span class='ocrx_word' id='word_1_118' title='bbox 1401 1688 1719 1758; x_wconf 82' lang='lat' dir='ltr'><strong>pertulerit?</strong></span> <span class='ocrx_word' id='word_1_119' title='bbox 1746 1697 1834 1739; x_wconf 84' lang='lat' dir='ltr'><strong>aut</strong></span> <span class='ocrx_word' id='word_1_120' title='bbox 1865 1687 1988 1754; x_wconf 83' lang='lat' dir='ltr'><strong>quis</strong></span> <span class='ocrx_word' id='word_1_121' title='bbox 2017 1685 2084 1739; x_wconf 85' lang='lat' dir='ltr'><strong>il-</strong></span> 
     </span>
    </p>
   </div>
   <div class='ocr_carea' id='block_1_19' title="bbox 2180 489 3780 563">
    <p class='ocr_par' dir='ltr' id='par_1_19' title="bbox 2180 489 3780 563">
     <span class='ocr_line' id='line_1_19' title="bbox 2180 489 3780 563; baseline -0.004 -13"><span class='ocrx_word' id='word_1_122' title='bbox 2180 497 2287 551; x_wconf 90' lang='lat' dir='ltr'><strong>isto</strong></span> <span class='ocrx_word' id='word_1_123' title='bbox 2314 510 2457 551; x_wconf 92' lang='lat' dir='ltr'><strong>nunc</strong></span> <span class='ocrx_word' id='word_1_124' title='bbox 2499 495 2758 551; x_wconf 84' lang='lat' dir='ltr'><strong>discimus</strong></span> <span class='ocrx_word' id='word_1_125' title='bbox 2782 494 2906 563; x_wconf 89' lang='lat' dir='ltr'><strong>quia</strong></span> <span class='ocrx_word' id='word_1_126' title='bbox 2935 505 3034 560; x_wconf 88' lang='lat' dir='ltr'><strong>pro</strong></span> <span class='ocrx_word' id='word_1_127' title='bbox 3065 490 3314 546; x_wconf 68' lang='lat' dir='ltr'><strong>Ecclesiae</strong></span> <span class='ocrx_word' id='word_1_128' title='bbox 3335 489 3537 543; x_wconf 90' lang='lat' dir='ltr'><strong>unitate</strong></span> <span class='ocrx_word' id='word_1_129' title='bbox 3555 489 3780 544; x_wconf 86' lang='lat' dir='ltr'><strong>ferendi</strong></span> 
     </span>
    </p>
   </div>
   <div class='ocr_carea' id='block_1_20' title="bbox 2179 582 3780 655">
    <p class='ocr_par' dir='ltr' id='par_1_20' title="bbox 2179 582 3780 655">
     <span class='ocr_line' id='line_1_20' title="bbox 2179 582 3780 655; baseline -0.003 -13"><span class='ocrx_word' id='word_1_130' title='bbox 2179 597 2304 642; x_wconf 88' lang='lat' dir='ltr'><strong>sunt</strong></span> <span class='ocrx_word' id='word_1_131' title='bbox 2330 588 2478 655; x_wconf 90' lang='lat' dir='ltr'><strong>mali,</strong></span> <span class='ocrx_word' id='word_1_132' title='bbox 2519 588 2659 643; x_wconf 85' lang='lat' dir='ltr'><strong>sicut</strong></span> <span class='ocrx_word' id='word_1_133' title='bbox 2695 587 2879 644; x_wconf 86' lang='lat' dir='ltr'><strong>docuit</strong></span> <span class='ocrx_word' id='word_1_134' title='bbox 2918 584 3267 654; x_wconf 72' lang='lat' dir='ltr'><strong>Augustinus.</strong></span> <span class='ocrx_word' id='word_1_135' title='bbox 3304 582 3435 638; x_wconf 75' lang='lat' dir='ltr'><strong>Nam</strong></span> <span class='ocrx_word' id='word_1_136' title='bbox 3459 597 3582 637; x_wconf 87' lang='lat' dir='ltr'><strong>eum</strong></span> <span class='ocrx_word' id='word_1_137' title='bbox 3611 582 3728 637; x_wconf 87' lang='lat' dir='ltr'><strong>dixi</strong></span> <span class='ocrx_word' id='word_1_138' title='bbox 3762 601 3780 637; x_wconf 93' lang='lat'>:</span> 
     </span>
    </p>
   </div>
   <div class='ocr_carea' id='block_1_21' title="bbox 2179 676 3782 751">
    <p class='ocr_par' dir='ltr' id='par_1_21' title="bbox 2179 676 3782 751">
     <span class='ocr_line' id='line_1_21' title="bbox 2179 676 3782 751; baseline -0.003 -15"><span class='ocrx_word' id='word_1_139' title='bbox 2179 679 2294 751; x_wconf 83' lang='lat' dir='ltr'><strong>Ego</strong></span> <span class='ocrx_word' id='word_1_140' title='bbox 2324 681 2466 737; x_wconf 87' lang='lat' dir='ltr'><strong>enim</strong></span> <span class='ocrx_word' id='word_1_141' title='bbox 2513 681 2686 736; x_wconf 84' lang='lat' dir='ltr'><strong>fateor</strong></span> <span class='ocrx_word' id='word_1_142' title='bbox 2720 677 3036 749; x_wconf 88' lang='lat' dir='ltr'><strong>simpliciter</strong></span> <span class='ocrx_word' id='word_1_143' title='bbox 3070 676 3383 732; x_wconf 85' lang='lat' dir='ltr'><strong>beatitudini</strong></span> <span class='ocrx_word' id='word_1_144' title='bbox 3412 685 3626 742; x_wconf 74' lang='lat' dir='ltr'><strong>vestrm,</strong></span> <span class='ocrx_word' id='word_1_145' title='bbox 3657 692 3782 731; x_wconf 83' lang='lat' dir='ltr'><strong>non</strong></span> 
     </span>
    </p>
   </div>
   <div class='ocr_carea' id='block_1_22' title="bbox 2182 771 3784 843">
    <p class='ocr_par' dir='ltr' id='par_1_22' title="bbox 2182 771 3784 843">
     <span class='ocr_line' id='line_1_22' title="bbox 2182 771 3784 843; baseline -0.002 -18"><span class='ocrx_word' id='word_1_146' title='bbox 2182 788 2279 843; x_wconf 86' lang='lat' dir='ltr'><strong>pro</strong></span> <span class='ocrx_word' id='word_1_147' title='bbox 2306 774 2574 830; x_wconf 85' lang='lat' dir='ltr'><strong>Theodori</strong></span> <span class='ocrx_word' id='word_1_148' title='bbox 2608 772 2970 843; x_wconf 79' lang='lat' dir='ltr'><strong>Mopsuesteni</strong></span> <span class='ocrx_word' id='word_1_149' title='bbox 3010 771 3360 826; x_wconf 84' lang='lat' dir='ltr'><strong>damnatione</strong></span> <span class='ocrx_word' id='word_1_150' title='bbox 3402 785 3490 825; x_wconf 90' lang='lat' dir='ltr'><strong>me</strong></span> <span class='ocrx_word' id='word_1_151' title='bbox 3536 785 3566 823; x_wconf 91' lang='lat' dir='ltr'><strong>a</strong></span> <span class='ocrx_word' id='word_1_152' title='bbox 3611 784 3784 824; x_wconf 80' lang='lat' dir='ltr'><strong>com-</strong></span> 
     </span>
    </p>
   </div>
   <div class='ocr_carea' id='block_1_23' title="bbox 2181 860 3782 928">
    <p class='ocr_par' dir='ltr' id='par_1_23' title="bbox 2181 860 3782 928">
     <span class='ocr_line' id='line_1_23' title="bbox 2181 860 3782 928; baseline -0.004 -8"><span class='ocrx_word' id='word_1_153' title='bbox 2181 867 2437 921; x_wconf 88' lang='lat' dir='ltr'><strong>munione</strong></span> <span class='ocrx_word' id='word_1_154' title='bbox 2465 865 2943 921; x_wconf 90' lang='lat' dir='ltr'><strong>contradicentium</strong></span> <span class='ocrx_word' id='word_1_155' title='bbox 2995 863 3356 928; x_wconf 81' lang='lat' dir='ltr'><strong>subtraxisse,</strong></span> <span class='ocrx_word' id='word_1_156' title='bbox 3381 861 3485 916; x_wconf 90' lang='lat' dir='ltr'><strong>hoc</strong></span> <span class='ocrx_word' id='word_1_157' title='bbox 3511 860 3656 916; x_wconf 86' lang='lat' dir='ltr'><strong>enim</strong></span> <span class='ocrx_word' id='word_1_158' title='bbox 3686 860 3782 914; x_wconf 83' lang='lat' dir='ltr'><strong>vel</strong></span> 
     </span>
    </p>
   </div>
   <div class='ocr_carea' id='block_1_24' title="bbox 2180 953 3784 1026">
    <p class='ocr_par' dir='ltr' id='par_1_24' title="bbox 2180 953 3784 1026">
     <span class='ocr_line' id='line_1_24' title="bbox 2180 953 3784 1026; baseline -0.006 -16"><span class='ocrx_word' id='word_1_159' title='bbox 2180 957 2223 1011; x_wconf 91' lang='lat' dir='ltr'><strong>si</strong></span> <span class='ocrx_word' id='word_1_160' title='bbox 2250 958 2650 1026; x_wconf 90' lang='lat' dir='ltr'><strong>approbandum</strong></span> <span class='ocrx_word' id='word_1_161' title='bbox 2685 971 2793 1010; x_wconf 88' lang='lat' dir='ltr'><strong>non</strong></span> <span class='ocrx_word' id='word_1_162' title='bbox 2830 957 2928 1022; x_wconf 80' lang='lat' dir='ltr'><strong>sit,</strong></span> <span class='ocrx_word' id='word_1_163' title='bbox 2956 954 3235 1010; x_wconf 85' lang='lat' dir='ltr'><strong>ferendum</strong></span> <span class='ocrx_word' id='word_1_164' title='bbox 3275 963 3450 1008; x_wconf 89' lang='lat' dir='ltr'><strong>tamen</strong></span> <span class='ocrx_word' id='word_1_165' title='bbox 3490 953 3784 1016; x_wconf 80' lang='lat' dir='ltr'><strong>existimo,</strong></span> 
     </span>
    </p>
   </div>
   <div class='ocr_carea' id='block_1_25' title="bbox 2181 1046 3786 1118">
    <p class='ocr_par' dir='ltr' id='par_1_25' title="bbox 2181 1046 3786 1118">
     <span class='ocr_line' id='line_1_25' title="bbox 2181 1046 3786 1118; baseline -0.003 -14"><span class='ocrx_word' id='word_1_166' title='bbox 2181 1065 2281 1104; x_wconf 92' lang='lat' dir='ltr'><strong>nec</strong></span> <span class='ocrx_word' id='word_1_167' title='bbox 2311 1059 2513 1105; x_wconf 84' lang='lat' dir='ltr'><strong>tantam</strong></span> <span class='ocrx_word' id='word_1_168' title='bbox 2547 1065 2668 1106; x_wconf 86' lang='lat' dir='ltr'><strong>esse</strong></span> <span class='ocrx_word' id='word_1_169' title='bbox 2693 1064 2910 1106; x_wconf 81' lang='lat' dir='ltr'><strong>causam</strong></span> <span class='ocrx_word' id='word_1_170' title='bbox 2938 1048 3148 1118; x_wconf 89' lang='lat' dir='ltr'><strong>judico,</strong></span> <span class='ocrx_word' id='word_1_171' title='bbox 3191 1061 3290 1118; x_wconf 92' lang='lat' dir='ltr'><strong>pro</strong></span> <span class='ocrx_word' id='word_1_172' title='bbox 3319 1061 3422 1117; x_wconf 89' lang='lat' dir='ltr'><strong>qua</strong></span> <span class='ocrx_word' id='word_1_173' title='bbox 3449 1046 3786 1101; x_wconf 86' lang='lat' dir='ltr'><strong>deberemus</strong></span> 
     </span>
    </p>
   </div>
   <div class='ocr_carea' id='block_1_26' title="bbox 2180 1137 3786 1208">
    <p class='ocr_par' dir='ltr' id='par_1_26' title="bbox 2180 1137 3786 1208">
     <span class='ocr_line' id='line_1_26' title="bbox 2180 1137 3786 1208; baseline -0.004 -14"><span class='ocrx_word' id='word_1_174' title='bbox 2180 1155 2210 1194; x_wconf 89' lang='lat' dir='ltr'><strong>a</strong></span> <span class='ocrx_word' id='word_1_175' title='bbox 2237 1140 2617 1195; x_wconf 87' lang='lat' dir='ltr'><strong>communione</strong></span> <span class='ocrx_word' id='word_1_176' title='bbox 2649 1140 3002 1194; x_wconf 91' lang='lat' dir='ltr'><strong>multitudinis</strong></span> <span class='ocrx_word' id='word_1_177' title='bbox 3040 1137 3342 1208; x_wconf 85' lang='lat' dir='ltr'><strong>segregari,</strong></span> <span class='ocrx_word' id='word_1_178' title='bbox 3370 1137 3630 1192; x_wconf 82' lang='lat' dir='ltr'><strong>doctrina:</strong></span> <span class='ocrx_word' id='word_1_179' title='bbox 3665 1137 3786 1190; x_wconf 88' lang='lat' dir='ltr'><strong>Au-</strong></span> 
     </span>
    </p>
   </div>
   <div class='ocr_carea' id='block_1_27' title="bbox 2183 1226 3782 1299">
    <p class='ocr_par' dir='ltr' id='par_1_27' title="bbox 2183 1226 3782 1299">
     <span class='ocr_line' id='line_1_27' title="bbox 2183 1226 3782 1299; baseline -0.003 -17"><span class='ocrx_word' id='word_1_180' title='bbox 2183 1231 2380 1299; x_wconf 82' lang='lat' dir='ltr'><strong>gustini</strong></span> <span class='ocrx_word' id='word_1_181' title='bbox 2407 1245 2697 1285; x_wconf 90' lang='lat' dir='ltr'><strong>memorem</strong></span> <span class='ocrx_word' id='word_1_182' title='bbox 2727 1244 2815 1284; x_wconf 88' lang='lat' dir='ltr'><strong>me</strong></span> <span class='ocrx_word' id='word_1_183' title='bbox 2843 1229 3004 1283; x_wconf 89' lang='lat' dir='ltr'><strong>fuisse</strong></span> <span class='ocrx_word' id='word_1_184' title='bbox 3032 1227 3348 1282; x_wconf 81' lang='lat' dir='ltr'><strong>monstravi.</strong></span> <span class='ocrx_word' id='word_1_185' title='bbox 3377 1226 3481 1282; x_wconf 87' lang='lat' dir='ltr'><strong>Sed</strong></span> <span class='ocrx_word' id='word_1_186' title='bbox 3512 1226 3782 1295; x_wconf 85' lang='lat' dir='ltr'><strong>quoniam</strong></span> 
     </span>
    </p>
   </div>
   <div class='ocr_carea' id='block_1_28' title="bbox 2181 1315 3784 1388">
    <p class='ocr_par' dir='ltr' id='par_1_28' title="bbox 2181 1315 3784 1388">
     <span class='ocr_line' id='line_1_28' title="bbox 2181 1315 3784 1388; baseline -0.006 -13"><span class='ocrx_word' id='word_1_187' title='bbox 2181 1330 2236 1375; x_wconf 94' lang='lat' dir='ltr'><strong>et</strong></span> <span class='ocrx_word' id='word_1_188' title='bbox 2258 1321 2461 1376; x_wconf 85' lang='lat' dir='ltr'><strong>Hilario</strong></span> <span class='ocrx_word' id='word_1_189' title='bbox 2486 1320 2714 1388; x_wconf 85' lang='lat' dir='ltr'><strong>ejusque</strong></span> <span class='ocrx_word' id='word_1_190' title='bbox 2736 1319 2958 1387; x_wconf 82' lang='lat' dir='ltr'><strong>collegis</strong></span> <span class='ocrx_word' id='word_1_191' title='bbox 2981 1317 3285 1372; x_wconf 88' lang='lat' dir='ltr'><strong>contrarius</strong></span> <span class='ocrx_word' id='word_1_192' title='bbox 3311 1329 3429 1371; x_wconf 90' lang='lat' dir='ltr'><strong>esse</strong></span> <span class='ocrx_word' id='word_1_193' title='bbox 3452 1330 3560 1370; x_wconf 89' lang='lat' dir='ltr'><strong>non</strong></span> <span class='ocrx_word' id='word_1_194' title='bbox 3587 1315 3784 1378; x_wconf 86' lang='lat' dir='ltr'><strong>debui,</strong></span> 
     </span>
    </p>
   </div>
   <div class='ocr_carea' id='block_1_29' title="bbox 2182 1406 3782 1483">
    <p class='ocr_par' dir='ltr' id='par_1_29' title="bbox 2182 1406 3782 1483">
     <span class='ocr_line' id='line_1_29' title="bbox 2182 1406 3782 1483; baseline -0.004 -17"><span class='ocrx_word' id='word_1_195' title='bbox 2182 1415 2270 1483; x_wconf 90' lang='lat' dir='ltr'><strong>qui</strong></span> <span class='ocrx_word' id='word_1_196' title='bbox 2298 1428 2419 1468; x_wconf 91' lang='lat' dir='ltr'><strong>cum</strong></span> <span class='ocrx_word' id='word_1_197' title='bbox 2450 1412 2634 1481; x_wconf 83' lang='lat' dir='ltr'><strong>procul</strong></span> <span class='ocrx_word' id='word_1_198' title='bbox 2663 1411 2829 1467; x_wconf 88' lang='lat' dir='ltr'><strong>dubio</strong></span> <span class='ocrx_word' id='word_1_199' title='bbox 2859 1411 3057 1465; x_wconf 82' lang='lat' dir='ltr'><strong>multos</strong></span> <span class='ocrx_word' id='word_1_200' title='bbox 3089 1418 3145 1465; x_wconf 89' lang='lat' dir='ltr'><strong>et</strong></span> <span class='ocrx_word' id='word_1_201' title='bbox 3175 1408 3276 1478; x_wconf 84' lang='lat' dir='ltr'><strong>ipsi</strong></span> <span class='ocrx_word' id='word_1_202' title='bbox 3309 1407 3482 1462; x_wconf 83' lang='lat' dir='ltr'><strong>malos</strong></span> <span class='ocrx_word' id='word_1_203' title='bbox 3505 1407 3558 1461; x_wconf 87' lang='lat' dir='ltr'><strong>in</strong></span> <span class='ocrx_word' id='word_1_204' title='bbox 3585 1406 3782 1462; x_wconf 82' lang='lat' dir='ltr'><strong>Eccle-</strong></span> 
     </span>
    </p>
   </div>
   <div class='ocr_carea' id='block_1_30' title="bbox 2182 1498 3783 1570">
    <p class='ocr_par' dir='ltr' id='par_1_30' title="bbox 2182 1498 3783 1570">
     <span class='ocr_line' id='line_1_30' title="bbox 2182 1498 3783 1570; baseline -0.002 -14"><span class='ocrx_word' id='word_1_205' title='bbox 2182 1504 2278 1559; x_wconf 87' lang='lat' dir='ltr'><strong>siis</strong></span> <span class='ocrx_word' id='word_1_206' title='bbox 2319 1505 2340 1534; x_wconf 81' lang='lat'>&#39;</span> <span class='ocrx_word' id='word_1_207' title='bbox 2386 1502 2688 1568; x_wconf 80' lang='lat' dir='ltr'><strong>sufferrent,</strong></span> <span class='ocrx_word' id='word_1_208' title='bbox 2746 1501 3230 1570; x_wconf 87' lang='lat' dir='ltr'><strong>schismaticosque</strong></span> <span class='ocrx_word' id='word_1_209' title='bbox 3275 1498 3619 1563; x_wconf 88' lang='lat' dir='ltr'><strong>damnarent,</strong></span> <span class='ocrx_word' id='word_1_210' title='bbox 3665 1512 3783 1553; x_wconf 83' lang='lat' dir='ltr'><strong>non</strong></span> 
     </span>
    </p>
   </div>
   <div class='ocr_carea' id='block_1_31' title="bbox 2187 1589 3785 1662">
    <p class='ocr_par' dir='ltr' id='par_1_31' title="bbox 2187 1589 3785 1662">
     <span class='ocr_line' id='line_1_31' title="bbox 2187 1589 3785 1662; baseline -0.003 -14"><span class='ocrx_word' id='word_1_211' title='bbox 2187 1604 2362 1649; x_wconf 89' lang='lat' dir='ltr'><strong>tamen</strong></span> <span class='ocrx_word' id='word_1_212' title='bbox 2395 1593 2649 1648; x_wconf 85' lang='lat' dir='ltr'><strong>ferendos</strong></span> <span class='ocrx_word' id='word_1_213' title='bbox 2675 1592 3049 1662; x_wconf 90' lang='lat' dir='ltr'><strong>judicaverunt</strong></span> <span class='ocrx_word' id='word_1_214' title='bbox 3073 1605 3193 1646; x_wconf 85' lang='lat' dir='ltr'><strong>esse</strong></span> <span class='ocrx_word' id='word_1_215' title='bbox 3219 1590 3241 1622; x_wconf 86' lang='grc'><strong><em>⁸</em></strong></span> <span class='ocrx_word' id='word_1_216' title='bbox 3269 1590 3389 1645; x_wconf 89' lang='lat' dir='ltr'><strong>illos</strong></span> <span class='ocrx_word' id='word_1_217' title='bbox 3412 1589 3785 1645; x_wconf 84' lang='lat' dir='ltr'><strong>Ecclesiarum</strong></span> 
     </span>
    </p>
   </div>
   <div class='ocr_carea' id='block_1_32' title="bbox 2185 1679 3786 1755">
    <p class='ocr_par' dir='ltr' id='par_1_32' title="bbox 2185 1679 3786 1755">
     <span class='ocr_line' id='line_1_32' title="bbox 2185 1679 3786 1755; baseline -0.001 -17"><span class='ocrx_word' id='word_1_218' title='bbox 2185 1685 2526 1755; x_wconf 65' lang='lat' dir='ltr'><strong>praepositos,</strong></span> <span class='ocrx_word' id='word_1_219' title='bbox 2548 1684 2638 1754; x_wconf 88' lang='lat' dir='ltr'><strong>qui</strong></span> <span class='ocrx_word' id='word_1_220' title='bbox 2659 1685 2775 1738; x_wconf 91' lang='lat' dir='ltr'><strong>suis</strong></span> <span class='ocrx_word' id='word_1_221' title='bbox 2797 1683 3030 1738; x_wconf 83' lang='lat' dir='ltr'><strong>decretis</strong></span> <span class='ocrx_word' id='word_1_222' title='bbox 3051 1682 3421 1737; x_wconf 88' lang='lat' dir='ltr'><strong>auctoritatem</strong></span> <span class='ocrx_word' id='word_1_223' title='bbox 3444 1679 3786 1751; x_wconf 76' lang='lat' dir='ltr'><strong>generalium</strong></span> 
     </span>
    </p>
   </div>
   <div class='ocr_carea' id='block_1_33' title="bbox 494 1767 3783 1848">
    <p class='ocr_par' dir='ltr' id='par_1_33' title="bbox 494 1767 3783 1848">
     <span class='ocr_line' id='line_1_33' title="bbox 494 1767 3783 1848; baseline -0.001 -17"><span class='ocrx_word' id='word_1_224' title='bbox 494 1777 608 1832; x_wconf 90' lang='lat' dir='ltr'><strong>lum</strong></span> <span class='ocrx_word' id='word_1_225' title='bbox 656 1792 765 1832; x_wconf 91' lang='lat' dir='ltr'><strong>non</strong></span> <span class='ocrx_word' id='word_1_226' title='bbox 811 1778 1020 1834; x_wconf 88' lang='lat' dir='ltr'><strong>audens</strong></span> <span class='ocrx_word' id='word_1_227' title='bbox 1064 1779 1480 1848; x_wconf 86' lang='lat' dir='ltr'><strong>reprehendere,</strong></span> <span class='ocrx_word' id='word_1_228' title='bbox 1513 1779 1817 1834; x_wconf 86' lang='lat' dir='ltr'><strong>Africanam</strong></span> <span class='ocrx_word' id='word_1_229' title='bbox 1850 1777 2082 1831; x_wconf 88' lang='lat' dir='ltr'><strong>levitatis</strong></span> <span class='ocrx_word' id='word_1_230' title='bbox 2113 1767 2160 1825; x_wconf 89' lang='lat' dir='ltr'><strong>B</strong></span> <span class='ocrx_word' id='word_1_231' title='bbox 2187 1776 2540 1845; x_wconf 86' lang='lat' dir='ltr'><strong>synodorum,</strong></span> <span class='ocrx_word' id='word_1_232' title='bbox 2573 1790 2671 1845; x_wconf 90' lang='lat' dir='ltr'><strong>per</strong></span> <span class='ocrx_word' id='word_1_233' title='bbox 2717 1789 2850 1844; x_wconf 90' lang='lat' dir='ltr'><strong>quas</strong></span> <span class='ocrx_word' id='word_1_234' title='bbox 2896 1773 3134 1828; x_wconf 88' lang='lat' dir='ltr'><strong>munitur</strong></span> <span class='ocrx_word' id='word_1_235' title='bbox 3162 1773 3423 1839; x_wconf 84' lang='lat' dir='ltr'><strong>Ecclesia,</strong></span> <span class='ocrx_word' id='word_1_236' title='bbox 3449 1781 3783 1828; x_wconf 74' lang='lat' dir='ltr'><strong>conarentur</strong></span> 
     </span>
    </p>
   </div>
   <div class='ocr_carea' id='block_1_34' title="bbox 493 1867 2086 1940">
    <p class='ocr_par' dir='ltr' id='par_1_34' title="bbox 493 1867 2086 1940">
     <span class='ocr_line' id='line_1_34' title="bbox 493 1867 2086 1940; baseline -0.001 -16"><span class='ocrx_word' id='word_1_237' title='bbox 493 1869 580 1924; x_wconf 84' lang='lat' dir='ltr'><strong>vel</strong></span> <span class='ocrx_word' id='word_1_238' title='bbox 605 1867 954 1937; x_wconf 62' lang='lat' dir='ltr'><strong>impatientia:</strong></span> <span class='ocrx_word' id='word_1_239' title='bbox 977 1869 1336 1939; x_wconf 85' lang='lat' dir='ltr'><strong>reprehendat</strong></span> <span class='ocrx_word' id='word_1_240' title='bbox 1362 1870 1689 1935; x_wconf 88' lang='lat' dir='ltr'><strong>Ecclesiam;</strong></span> <span class='ocrx_word' id='word_1_241' title='bbox 1714 1885 1831 1940; x_wconf 84' lang='lat' dir='ltr'><strong>quae</strong></span> <span class='ocrx_word' id='word_1_242' title='bbox 1853 1883 1958 1924; x_wconf 92' lang='lat' dir='ltr'><strong>non</strong></span> <span class='ocrx_word' id='word_1_243' title='bbox 1984 1868 2086 1922; x_wconf 90' lang='lat' dir='ltr'><strong>nisi</strong></span> 
     </span>
    </p>
   </div>
   <div class='ocr_carea' id='block_1_35' title="bbox 493 1959 2087 2031">
    <p class='ocr_par' dir='ltr' id='par_1_35' title="bbox 493 1959 2087 2031">
     <span class='ocr_line' id='line_1_35' title="bbox 493 1959 2087 2031; baseline 0 -17"><span class='ocrx_word' id='word_1_244' title='bbox 493 1967 688 2030; x_wconf 81' lang='lat' dir='ltr'><strong>aperto</strong></span> <span class='ocrx_word' id='word_1_245' title='bbox 709 1959 818 2028; x_wconf 91' lang='lat' dir='ltr'><strong>jam</strong></span> <span class='ocrx_word' id='word_1_246' title='bbox 846 1961 1294 2031; x_wconf 89' lang='lat' dir='ltr'><strong>promulgatoque</strong></span> <span class='ocrx_word' id='word_1_247' title='bbox 1321 1961 1540 2017; x_wconf 89' lang='lat' dir='ltr'><strong>decreto</strong></span> <span class='ocrx_word' id='word_1_248' title='bbox 1579 1961 2087 2016; x_wconf 87' lang='lat' dir='ltr'><strong>anathematizatum</strong></span> 
     </span>
    </p>
   </div>
   <div class='ocr_carea' id='block_1_36' title="bbox 495 2052 2089 2123">
    <p class='ocr_par' dir='ltr' id='par_1_36' title="bbox 495 2052 2089 2123">
     <span class='ocr_line' id='line_1_36' title="bbox 495 2052 2089 2123; baseline 0.001 -17"><span class='ocrx_word' id='word_1_249' title='bbox 495 2053 685 2108; x_wconf 82' lang='lat' dir='ltr'><strong>videns</strong></span> <span class='ocrx_word' id='word_1_250' title='bbox 712 2052 1148 2108; x_wconf 85' lang='lat' dir='ltr'><strong>Cbalcedoneuse</strong></span> <span class='ocrx_word' id='word_1_251' title='bbox 1192 2054 1502 2123; x_wconf 87' lang='lat' dir='ltr'><strong>concilium,</strong></span> <span class='ocrx_word' id='word_1_252' title='bbox 1533 2063 1589 2109; x_wconf 93' lang='lat' dir='ltr'><strong>et</strong></span> <span class='ocrx_word' id='word_1_253' title='bbox 1627 2069 1813 2109; x_wconf 90' lang='lat' dir='ltr'><strong>omnes</strong></span> <span class='ocrx_word' id='word_1_254' title='bbox 1847 2053 1934 2123; x_wconf 90' lang='lat' dir='ltr'><strong>qui</strong></span> <span class='ocrx_word' id='word_1_255' title='bbox 1972 2053 2089 2123; x_wconf 81' lang='lat' dir='ltr'><strong>cjns</strong></span> 
     </span>
    </p>
   </div>
   <div class='ocr_carea' id='block_1_37' title="bbox 496 2145 2092 2210">
    <p class='ocr_par' dir='ltr' id='par_1_37' title="bbox 496 2145 2092 2210">
     <span class='ocr_line' id='line_1_37' title="bbox 496 2145 2092 2210; baseline 0 -11"><span class='ocrx_word' id='word_1_256' title='bbox 496 2145 822 2199; x_wconf 78' lang='lat' dir='ltr'><strong>sententiam</strong></span> <span class='ocrx_word' id='word_1_257' title='bbox 852 2152 1054 2210; x_wconf 88' lang='lat' dir='ltr'><strong>tenent,</strong></span> <span class='ocrx_word' id='word_1_258' title='bbox 1084 2145 1488 2200; x_wconf 84' lang='lat' dir='ltr'><strong>damnatoribus</strong></span> <span class='ocrx_word' id='word_1_259' title='bbox 1535 2146 1748 2199; x_wconf 75' lang='lat' dir='ltr'><strong>Patrum</strong></span> <span class='ocrx_word' id='word_1_260' title='bbox 1781 2161 1996 2200; x_wconf 90' lang='lat' dir='ltr'><strong>suorum</strong></span> <span class='ocrx_word' id='word_1_261' title='bbox 2027 2159 2092 2199; x_wconf 90' lang='lat' dir='ltr'><strong>ac</strong></span> 
     </span>
    </p>
   </div>
   <div class='ocr_carea' id='block_1_38' title="bbox 496 2236 2093 2306">
    <p class='ocr_par' dir='ltr' id='par_1_38' title="bbox 496 2236 2093 2306">
     <span class='ocr_line' id='line_1_38' title="bbox 496 2236 2093 2306; baseline -0.001 -17"><span class='ocrx_word' id='word_1_262' title='bbox 496 2236 610 2291; x_wconf 75' lang='lat' dir='ltr'><strong>suis</strong></span> <span class='ocrx_word' id='word_1_263' title='bbox 637 2236 1037 2290; x_wconf 89' lang='lat' dir='ltr'><strong>communicare</strong></span> <span class='ocrx_word' id='word_1_264' title='bbox 1062 2237 1265 2301; x_wconf 87' lang='lat' dir='ltr'><strong>vitavit,</strong></span> <span class='ocrx_word' id='word_1_265' title='bbox 1289 2251 1393 2291; x_wconf 92' lang='lat' dir='ltr'><strong>non</strong></span> <span class='ocrx_word' id='word_1_266' title='bbox 1422 2239 1570 2306; x_wconf 90' lang='lat' dir='ltr'><strong>quasi</strong></span> <span class='ocrx_word' id='word_1_267' title='bbox 1599 2237 1874 2304; x_wconf 81' lang='lat' dir='ltr'><strong>Augustini</strong></span> <span class='ocrx_word' id='word_1_268' title='bbox 1902 2237 2093 2289; x_wconf 89' lang='lat' dir='ltr'><strong>adver-</strong></span> 
     </span>
    </p>
   </div>
   <div class='ocr_carea' id='block_1_39' title="bbox 499 2326 2092 2393">
    <p class='ocr_par' dir='ltr' id='par_1_39' title="bbox 499 2326 2092 2393">
     <span class='ocr_line' id='line_1_39' title="bbox 499 2326 2092 2393; baseline 0 -13"><span class='ocrx_word' id='word_1_269' title='bbox 499 2340 594 2382; x_wconf 86' lang='lat' dir='ltr'><strong>sus</strong></span> <span class='ocrx_word' id='word_1_270' title='bbox 625 2326 928 2383; x_wconf 85' lang='lat' dir='ltr'><strong>Donatistas</strong></span> <span class='ocrx_word' id='word_1_271' title='bbox 956 2326 1211 2382; x_wconf 82' lang='lat' dir='ltr'><strong>doctrinae</strong></span> <span class='ocrx_word' id='word_1_272' title='bbox 1238 2329 1528 2393; x_wconf 90' lang='lat' dir='ltr'><strong>contraria,</strong></span> <span class='ocrx_word' id='word_1_273' title='bbox 1557 2329 1649 2383; x_wconf 78' lang='lat' dir='ltr'><strong>sed</strong></span> <span class='ocrx_word' id='word_1_274' title='bbox 1687 2328 1869 2381; x_wconf 86' lang='lat' dir='ltr'><strong>llilarii</strong></span> <span class='ocrx_word' id='word_1_275' title='bbox 1906 2329 1921 2358; x_wconf 78' lang='grc' dir='ltr'>ί</span> <span class='ocrx_word' id='word_1_276' title='bbox 1954 2342 2092 2381; x_wconf 78' lang='lat' dir='ltr'><strong>cnn-</strong></span> 
     </span>
    </p>
   </div>
   <div class='ocr_carea' id='block_1_40' title="bbox 501 2416 2089 2490">
    <p class='ocr_par' dir='ltr' id='par_1_40' title="bbox 501 2416 2089 2490">
     <span class='ocr_line' id='line_1_40' title="bbox 501 2416 2089 2490; baseline 0 -19"><span class='ocrx_word' id='word_1_277' title='bbox 501 2424 588 2471; x_wconf 87' lang='lat' dir='ltr'><strong>tra</strong></span> <span class='ocrx_word' id='word_1_278' title='bbox 639 2416 1044 2487; x_wconf 85' lang='lat' dir='ltr'><strong>impugnatores</strong></span> <span class='ocrx_word' id='word_1_279' title='bbox 1093 2417 1408 2472; x_wconf 80' lang='lat' dir='ltr'><strong>universalis</strong></span> <span class='ocrx_word' id='word_1_280' title='bbox 1458 2419 1647 2490; x_wconf 80' lang='lat' dir='ltr'><strong>synodi</strong></span> <span class='ocrx_word' id='word_1_281' title='bbox 1697 2417 2089 2472; x_wconf 84' lang='lat' dir='ltr'><strong>observantiam</strong></span> 
     </span>
    </p>
   </div>
   <div class='ocr_carea' id='block_1_41' title="bbox 501 2506 2092 2578">
    <p class='ocr_par' dir='ltr' id='par_1_41' title="bbox 501 2506 2092 2578">
     <span class='ocr_line' id='line_1_41' title="bbox 501 2506 2092 2578; baseline 0 -15"><span class='ocrx_word' id='word_1_282' title='bbox 501 2508 833 2563; x_wconf 81' lang='lat' dir='ltr'><strong>consecuta?</strong></span> <span class='ocrx_word' id='word_1_283' title='bbox 859 2506 923 2563; x_wconf 90' lang='lat' dir='ltr'><strong>Ut</strong></span> <span class='ocrx_word' id='word_1_284' title='bbox 949 2515 1126 2564; x_wconf 89' lang='lat' dir='ltr'><strong>autem</strong></span> <span class='ocrx_word' id='word_1_285' title='bbox 1157 2510 1415 2564; x_wconf 87' lang='lat' dir='ltr'><strong>noveritis</strong></span> <span class='ocrx_word' id='word_1_286' title='bbox 1445 2509 1714 2578; x_wconf 87' lang='lat' dir='ltr'><strong>quomodo</strong></span> <span class='ocrx_word' id='word_1_287' title='bbox 1746 2511 1796 2563; x_wconf 93' lang='lat' dir='ltr'><strong>in</strong></span> <span class='ocrx_word' id='word_1_288' title='bbox 1827 2509 2092 2578; x_wconf 84' lang='lat' dir='ltr'><strong>adjutorio</strong></span> 
     </span>
    </p>
   </div>
   <div class='ocr_carea' id='block_1_42' title="bbox 500 2597 2096 2670">
    <p class='ocr_par' dir='ltr' id='par_1_42' title="bbox 500 2597 2096 2670">
     <span class='ocr_line' id='line_1_42' title="bbox 500 2597 2096 2670; baseline 0.003 -18"><span class='ocrx_word' id='word_1_289' title='bbox 500 2597 598 2652; x_wconf 90' lang='lat' dir='ltr'><strong>Dei</strong></span> <span class='ocrx_word' id='word_1_290' title='bbox 628 2597 718 2666; x_wconf 90' lang='lat' dir='ltr'><strong>qui</strong></span> <span class='ocrx_word' id='word_1_291' title='bbox 749 2611 847 2652; x_wconf 91' lang='lat' dir='ltr'><strong>nos</strong></span> <span class='ocrx_word' id='word_1_292' title='bbox 875 2599 1010 2668; x_wconf 88' lang='lat' dir='ltr'><strong>regit</strong></span> <span class='ocrx_word' id='word_1_293' title='bbox 1040 2613 1104 2654; x_wconf 90' lang='lat' dir='ltr'><strong>ac</strong></span> <span class='ocrx_word' id='word_1_294' title='bbox 1129 2599 1327 2670; x_wconf 78' lang='lat' dir='ltr'><strong>dirigit,</strong></span> <span class='ocrx_word' id='word_1_295' title='bbox 1357 2603 1708 2668; x_wconf 65' lang='lat' dir='ltr'><strong>Augustinum</strong></span> <span class='ocrx_word' id='word_1_296' title='bbox 1753 2602 2096 2656; x_wconf 88' lang='lat' dir='ltr'><strong>concorditer</strong></span> 
     </span>
    </p>
   </div>
   <div class='ocr_carea' id='block_1_43' title="bbox 501 2687 2093 2758">
    <p class='ocr_par' dir='ltr' id='par_1_43' title="bbox 501 2687 2093 2758">
     <span class='ocr_line' id='line_1_43' title="bbox 501 2687 2093 2758; baseline 0.004 -16"><span class='ocrx_word' id='word_1_297' title='bbox 501 2687 876 2758; x_wconf 72' lang='lat' dir='ltr'><strong>llilariumque</strong></span> <span class='ocrx_word' id='word_1_298' title='bbox 904 2702 1195 2754; x_wconf 74' lang='lat' dir='ltr'><strong>sectemur,</strong></span> <span class='ocrx_word' id='word_1_299' title='bbox 1223 2707 1323 2748; x_wconf 82' lang='lat' dir='ltr'><strong>nec</strong></span> <span class='ocrx_word' id='word_1_300' title='bbox 1350 2707 1445 2748; x_wconf 89' lang='lat' dir='ltr'><strong>eos</strong></span> <span class='ocrx_word' id='word_1_301' title='bbox 1486 2694 1585 2748; x_wconf 84' lang='lat' dir='ltr'><strong>sibi</strong></span> <span class='ocrx_word' id='word_1_302' title='bbox 1623 2694 1766 2748; x_wconf 84' lang='lat' dir='ltr'><strong>velut</strong></span> <span class='ocrx_word' id='word_1_303' title='bbox 1797 2695 2093 2749; x_wconf 81' lang='lat' dir='ltr'><strong>contrarios</strong></span> 
     </span>
    </p>
   </div>
   <div class='ocr_carea' id='block_1_44' title="bbox 479 2781 2094 2851">
    <p class='ocr_par' dir='ltr' id='par_1_44' title="bbox 479 2781 2094 2851">
     <span class='ocr_line' id='line_1_44' title="bbox 479 2781 2094 2851; baseline 0.005 -19"><span class='ocrx_word' id='word_1_304' title='bbox 479 2784 856 2847; x_wconf 77' lang='lat' dir='ltr'><strong>‘opponamus,</strong></span> <span class='ocrx_word' id='word_1_305' title='bbox 904 2787 963 2833; x_wconf 93' lang='lat' dir='ltr'><strong>ut</strong></span> <span class='ocrx_word' id='word_1_306' title='bbox 1008 2781 1182 2836; x_wconf 91' lang='lat' dir='ltr'><strong>altero</strong></span> <span class='ocrx_word' id='word_1_307' title='bbox 1225 2783 1520 2851; x_wconf 84' lang='lat' dir='ltr'><strong>approbato</strong></span> <span class='ocrx_word' id='word_1_308' title='bbox 1561 2784 1922 2850; x_wconf 73' lang='lat' dir='ltr'><strong>improbemus</strong></span> <span class='ocrx_word' id='word_1_309' title='bbox 1959 2787 2094 2840; x_wconf 78' lang='lat' dir='ltr'><strong>alte~</strong></span> 
     </span>
    </p>
   </div>
   <div class='ocr_carea' id='block_1_45' title="bbox 502 2869 2099 2944">
    <p class='ocr_par' dir='ltr' id='par_1_45' title="bbox 502 2869 2099 2944">
     <span class='ocr_line' id='line_1_45' title="bbox 502 2869 2099 2944; baseline 0.005 -22"><span class='ocrx_word' id='word_1_310' title='bbox 502 2882 646 2934; x_wconf 87' lang='lat' dir='ltr'><strong>rum,</strong></span> <span class='ocrx_word' id='word_1_311' title='bbox 685 2869 782 2924; x_wconf 87' lang='lat' dir='ltr'><strong>sed</strong></span> <span class='ocrx_word' id='word_1_312' title='bbox 815 2885 911 2940; x_wconf 84' lang='lat' dir='ltr'><strong>pro</strong></span> <span class='ocrx_word' id='word_1_313' title='bbox 951 2886 1232 2927; x_wconf 87' lang='lat' dir='ltr'><strong>causarum</strong></span> <span class='ocrx_word' id='word_1_314' title='bbox 1277 2873 1586 2929; x_wconf 82' lang='lat' dir='ltr'><strong>diversitate</strong></span> <span class='ocrx_word' id='word_1_315' title='bbox 1617 2886 1898 2944; x_wconf 87' lang='lat' dir='ltr'><strong>utrumque</strong></span> <span class='ocrx_word' id='word_1_316' title='bbox 1928 2891 2099 2930; x_wconf 73' lang='lat' dir='ltr'><strong>scere-</strong></span> 
     </span>
    </p>
   </div>
   <div class='ocr_carea' id='block_1_46' title="bbox 505 2963 2094 3036">
    <p class='ocr_par' dir='ltr' id='par_1_46' title="bbox 505 2963 2094 3036">
     <span class='ocr_line' id='line_1_46' title="bbox 505 2963 2094 3036; baseline 0.004 -20"><span class='ocrx_word' id='word_1_317' title='bbox 505 2975 645 3028; x_wconf 87' lang='lat' dir='ltr'><strong>mur,</strong></span> <span class='ocrx_word' id='word_1_318' title='bbox 677 2963 902 3034; x_wconf 89' lang='lat' dir='ltr'><strong>accipite</strong></span> <span class='ocrx_word' id='word_1_319' title='bbox 923 2981 1042 3036; x_wconf 75' lang='lat' dir='ltr'><strong>qua:</strong></span> <span class='ocrx_word' id='word_1_320' title='bbox 1069 2966 1123 3020; x_wconf 89' lang='lat' dir='ltr'><strong>in</strong></span> <span class='ocrx_word' id='word_1_321' title='bbox 1150 2966 1352 3036; x_wconf 87' lang='lat' dir='ltr'><strong>judicio</strong></span> <span class='ocrx_word' id='word_1_322' title='bbox 1382 2968 1546 3036; x_wconf 88' lang='lat' dir='ltr'><strong>ipsius</strong></span> <span class='ocrx_word' id='word_1_323' title='bbox 1579 2968 1750 3036; x_wconf 73' lang='lat' dir='ltr'><strong>Vigilii</strong></span> <span class='ocrx_word' id='word_1_324' title='bbox 1778 2978 1801 3004; x_wconf 78' lang='grc' dir='ltr'>α</span> <span class='ocrx_word' id='word_1_325' title='bbox 1829 2967 1968 3023; x_wconf 91' lang='lat' dir='ltr'><strong>inter</strong></span> <span class='ocrx_word' id='word_1_326' title='bbox 1991 2969 2094 3024; x_wconf 88' lang='lat' dir='ltr'><strong>alia</strong></span> 
     </span>
    </p>
   </div>
   <div class='ocr_carea' id='block_1_47' title="bbox 504 3051 2094 3123">
    <p class='ocr_par' dir='ltr' id='par_1_47' title="bbox 504 3051 2094 3123">
     <span class='ocr_line' id='line_1_47' title="bbox 504 3051 2094 3123; baseline 0.004 -17"><span class='ocrx_word' id='word_1_327' title='bbox 504 3051 701 3108; x_wconf 77' lang='lat' dir='ltr'><strong>fuerim</strong></span> <span class='ocrx_word' id='word_1_328' title='bbox 732 3066 1072 3123; x_wconf 88' lang='lat' dir='ltr'><strong>prosecutus,</strong></span> <span class='ocrx_word' id='word_1_329' title='bbox 1102 3058 1240 3113; x_wconf 90' lang='lat' dir='ltr'><strong>sicut</strong></span> <span class='ocrx_word' id='word_1_330' title='bbox 1262 3057 1418 3113; x_wconf 85' lang='lat' dir='ltr'><strong>editae</strong></span> <span class='ocrx_word' id='word_1_331' title='bbox 1443 3058 1595 3114; x_wconf 88' lang='lat' dir='ltr'><strong>nobis</strong></span> <span class='ocrx_word' id='word_1_332' title='bbox 1624 3059 1692 3114; x_wconf 90' lang='lat' dir='ltr'><strong>ab</strong></span> <span class='ocrx_word' id='word_1_333' title='bbox 1721 3059 1897 3113; x_wconf 84' lang='lat' dir='ltr'><strong>officio</strong></span> <span class='ocrx_word' id='word_1_334' title='bbox 1926 3061 2094 3114; x_wconf 85' lang='lat' dir='ltr'><strong>tertiae</strong></span> 
     </span>
    </p>
   </div>
   <div class='ocr_carea' id='block_1_48' title="bbox 2191 1864 3782 1936">
    <p class='ocr_par' dir='ltr' id='par_1_48' title="bbox 2191 1864 3782 1936">
     <span class='ocr_line' id='line_1_48' title="bbox 2191 1864 3782 1936; baseline -0.001 -14"><span class='ocrx_word' id='word_1_335' title='bbox 2191 1868 2483 1936; x_wconf 79' lang='lat' dir='ltr'><strong>infringere</strong></span> <span class='ocrx_word' id='word_1_336' title='bbox 2509 1885 2522 1918; x_wconf 85' lang='lat'><strong>:</strong></span> <span class='ocrx_word' id='word_1_337' title='bbox 2551 1875 2834 1936; x_wconf 89' lang='lat' dir='ltr'><strong>propterea</strong></span> <span class='ocrx_word' id='word_1_338' title='bbox 2862 1873 3078 1919; x_wconf 90' lang='lat' dir='ltr'><strong>secutus</strong></span> <span class='ocrx_word' id='word_1_339' title='bbox 3106 1864 3302 1934; x_wconf 87' lang='lat' dir='ltr'><strong>adjeci,</strong></span> <span class='ocrx_word' id='word_1_340' title='bbox 3333 1864 3517 1920; x_wconf 88' lang='lat' dir='ltr'><strong>dicens</strong></span> <span class='ocrx_word' id='word_1_341' title='bbox 3539 1864 3663 1920; x_wconf 90' lang='lat' dir='ltr'><strong>ideo</strong></span> <span class='ocrx_word' id='word_1_342' title='bbox 3692 1881 3782 1921; x_wconf 87' lang='lat' dir='ltr'><strong>me</strong></span> 
     </span>
    </p>
   </div>
   <div class='ocr_carea' id='block_1_49' title="bbox 2190 1955 3786 2026">
    <p class='ocr_par' dir='ltr' id='par_1_49' title="bbox 2190 1955 3786 2026">
     <span class='ocr_line' id='line_1_49' title="bbox 2190 1955 3786 2026; baseline -0.001 -13"><span class='ocrx_word' id='word_1_343' title='bbox 2190 1960 2412 2013; x_wconf 90' lang='lat' dir='ltr'><strong>istorum</strong></span> <span class='ocrx_word' id='word_1_344' title='bbox 2467 1957 2669 2012; x_wconf 86' lang='lat' dir='ltr'><strong>vitasse</strong></span> <span class='ocrx_word' id='word_1_345' title='bbox 2724 1955 3197 2020; x_wconf 87' lang='lat' dir='ltr'><strong>communionem,</strong></span> <span class='ocrx_word' id='word_1_346' title='bbox 3251 1956 3375 2024; x_wconf 91' lang='lat' dir='ltr'><strong>quia</strong></span> <span class='ocrx_word' id='word_1_347' title='bbox 3428 1971 3496 2012; x_wconf 91' lang='lat' dir='ltr'><strong>ex</strong></span> <span class='ocrx_word' id='word_1_348' title='bbox 3548 1970 3786 2026; x_wconf 81' lang='lat' dir='ltr'><strong>persona</strong></span> 
     </span>
    </p>
   </div>
   <div class='ocr_carea' id='block_1_50' title="bbox 2187 2046 3784 2118">
    <p class='ocr_par' dir='ltr' id='par_1_50' title="bbox 2187 2046 3784 2118">
     <span class='ocr_line' id='line_1_50' title="bbox 2187 2046 3784 2118; baseline -0.002 -13"><span class='ocrx_word' id='word_1_349' title='bbox 2187 2048 2459 2105; x_wconf 82' lang='lat' dir='ltr'><strong>Theodori</strong></span> <span class='ocrx_word' id='word_1_350' title='bbox 2482 2049 2760 2118; x_wconf 87' lang='lat' dir='ltr'><strong>epistolam</strong></span> <span class='ocrx_word' id='word_1_351' title='bbox 2781 2047 2908 2114; x_wconf 73' lang='lat' dir='ltr'><strong>lbm,</strong></span> <span class='ocrx_word' id='word_1_352' title='bbox 2939 2047 2994 2102; x_wconf 91' lang='lat' dir='ltr'><strong>in</strong></span> <span class='ocrx_word' id='word_1_353' title='bbox 3021 2062 3128 2117; x_wconf 89' lang='lat' dir='ltr'><strong>qua</strong></span> <span class='ocrx_word' id='word_1_354' title='bbox 3152 2046 3268 2115; x_wconf 83' lang='lat' dir='ltr'><strong>ejus</strong></span> <span class='ocrx_word' id='word_1_355' title='bbox 3294 2046 3536 2102; x_wconf 89' lang='lat' dir='ltr'><strong>doctrina</strong></span> <span class='ocrx_word' id='word_1_356' title='bbox 3567 2046 3784 2102; x_wconf 85' lang='lat' dir='ltr'><strong>laudata</strong></span> 
     </span>
    </p>
   </div>
   <div class='ocr_carea' id='block_1_51' title="bbox 2189 2140 3787 2209">
    <p class='ocr_par' dir='ltr' id='par_1_51' title="bbox 2189 2140 3787 2209">
     <span class='ocr_line' id='line_1_51' title="bbox 2189 2140 3787 2209; baseline 0.001 -13"><span class='ocrx_word' id='word_1_357' title='bbox 2189 2154 2291 2206; x_wconf 74' lang='grc' dir='ltr'><strong>εει,</strong></span> <span class='ocrx_word' id='word_1_358' title='bbox 2318 2142 2688 2196; x_wconf 85' lang='lat' dir='ltr'><strong>Nestorianam</strong></span> <span class='ocrx_word' id='word_1_359' title='bbox 2722 2140 2951 2209; x_wconf 88' lang='lat' dir='ltr'><strong>probare</strong></span> <span class='ocrx_word' id='word_1_360' title='bbox 2979 2140 3157 2194; x_wconf 88' lang='lat' dir='ltr'><strong>conati</strong></span> <span class='ocrx_word' id='word_1_361' title='bbox 3199 2148 3344 2206; x_wconf 88' lang='lat' dir='ltr'><strong>sunt,</strong></span> <span class='ocrx_word' id='word_1_362' title='bbox 3374 2148 3432 2194; x_wconf 91' lang='lat' dir='ltr'><strong>et</strong></span> <span class='ocrx_word' id='word_1_363' title='bbox 3457 2154 3526 2194; x_wconf 89' lang='lat' dir='ltr'><strong>ex</strong></span> <span class='ocrx_word' id='word_1_364' title='bbox 3553 2141 3787 2208; x_wconf 74' lang='lat' dir='ltr'><strong>epistola</strong></span> 
     </span>
    </p>
   </div>
   <div class='ocr_carea' id='block_1_52' title="bbox 2193 2231 3785 2302">
    <p class='ocr_par' dir='ltr' id='par_1_52' title="bbox 2193 2231 3785 2302">
     <span class='ocr_line' id='line_1_52' title="bbox 2193 2231 3785 2302; baseline -0.003 -14"><span class='ocrx_word' id='word_1_365' title='bbox 2193 2234 2296 2288; x_wconf 71' lang='lat' dir='ltr'><strong>Ibte</strong></span> <span class='ocrx_word' id='word_1_366' title='bbox 2339 2233 2600 2302; x_wconf 83' lang='lat' dir='ltr'><strong>synodum</strong></span> <span class='ocrx_word' id='word_1_367' title='bbox 2637 2247 2667 2285; x_wconf 89' lang='lat' dir='ltr'><strong>a</strong></span> <span class='ocrx_word' id='word_1_368' title='bbox 2715 2247 2818 2302; x_wconf 89' lang='lat' dir='ltr'><strong>qua</strong></span> <span class='ocrx_word' id='word_1_369' title='bbox 2863 2241 3112 2301; x_wconf 88' lang='lat' dir='ltr'><strong>suscepta</strong></span> <span class='ocrx_word' id='word_1_370' title='bbox 3158 2239 3241 2286; x_wconf 88' lang='lat' dir='ltr'><strong>est</strong></span> <span class='ocrx_word' id='word_1_371' title='bbox 3279 2231 3606 2301; x_wconf 80' lang='lat' dir='ltr'><strong>improbare.</strong></span> <span class='ocrx_word' id='word_1_372' title='bbox 3651 2232 3785 2285; x_wconf 75' lang='lat' dir='ltr'><strong>Nam</strong></span> 
     </span>
    </p>
   </div>
   <div class='ocr_carea' id='block_1_53' title="bbox 2191 2323 3788 2394">
    <p class='ocr_par' dir='ltr' id='par_1_53' title="bbox 2191 2323 3788 2394">
     <span class='ocr_line' id='line_1_53' title="bbox 2191 2323 3788 2394; baseline -0.001 -16"><span class='ocrx_word' id='word_1_373' title='bbox 2191 2340 2311 2394; x_wconf 74' lang='lat' dir='ltr'><strong>qum</strong></span> <span class='ocrx_word' id='word_1_374' title='bbox 2349 2325 2452 2379; x_wconf 90' lang='lat' dir='ltr'><strong>alia</strong></span> <span class='ocrx_word' id='word_1_375' title='bbox 2498 2339 2660 2378; x_wconf 89' lang='lat' dir='ltr'><strong>causa</strong></span> <span class='ocrx_word' id='word_1_376' title='bbox 2712 2323 2876 2378; x_wconf 88' lang='lat' dir='ltr'><strong>fuisse</strong></span> <span class='ocrx_word' id='word_1_377' title='bbox 2913 2324 3136 2378; x_wconf 87' lang='lat' dir='ltr'><strong>dicenda</strong></span> <span class='ocrx_word' id='word_1_378' title='bbox 3169 2332 3273 2390; x_wconf 87' lang='lat' dir='ltr'><strong>est,</strong></span> <span class='ocrx_word' id='word_1_379' title='bbox 3304 2333 3362 2378; x_wconf 90' lang='lat' dir='ltr'><strong>ut</strong></span> <span class='ocrx_word' id='word_1_380' title='bbox 3403 2333 3526 2393; x_wconf 87' lang='lat' dir='ltr'><strong>post</strong></span> <span class='ocrx_word' id='word_1_381' title='bbox 3564 2335 3788 2378; x_wconf 86' lang='lat' dir='ltr'><strong>centum</strong></span> 
     </span>
    </p>
   </div>
   <div class='ocr_carea' id='block_1_54' title="bbox 2192 2414 3786 2485">
    <p class='ocr_par' dir='ltr' id='par_1_54' title="bbox 2192 2414 3786 2485">
     <span class='ocr_line' id='line_1_54' title="bbox 2192 2414 3786 2485; baseline -0.004 -13"><span class='ocrx_word' id='word_1_382' title='bbox 2192 2427 2256 2472; x_wconf 84' lang='lat' dir='ltr'><strong>et</strong></span> <span class='ocrx_word' id='word_1_383' title='bbox 2282 2416 2468 2485; x_wconf 86' lang='lat' dir='ltr'><strong>viginti</strong></span> <span class='ocrx_word' id='word_1_384' title='bbox 2521 2430 2632 2470; x_wconf 77' lang='lat' dir='ltr'><strong>sum</strong></span> <span class='ocrx_word' id='word_1_385' title='bbox 2677 2414 3040 2469; x_wconf 88' lang='lat' dir='ltr'><strong>defunctionis</strong></span> <span class='ocrx_word' id='word_1_386' title='bbox 3083 2428 3256 2469; x_wconf 66' lang='lat' dir='ltr'><strong>annos</strong></span> <span class='ocrx_word' id='word_1_387' title='bbox 3283 2414 3634 2469; x_wconf 88' lang='lat' dir='ltr'><strong>damnaretur</strong></span> <span class='ocrx_word' id='word_1_388' title='bbox 3661 2429 3786 2468; x_wconf 86' lang='lat' dir='ltr'><strong>cum</strong></span> 
     </span>
    </p>
   </div>
   <div class='ocr_carea' id='block_1_55' title="bbox 2193 2506 3788 2577">
    <p class='ocr_par' dir='ltr' id='par_1_55' title="bbox 2193 2506 3788 2577">
     <span class='ocr_line' id='line_1_55' title="bbox 2193 2506 3788 2577; baseline -0.001 -15"><span class='ocrx_word' id='word_1_389' title='bbox 2193 2508 2538 2577; x_wconf 77' lang='lat' dir='ltr'><strong>dogmatibus</strong></span> <span class='ocrx_word' id='word_1_390' title='bbox 2582 2507 2695 2561; x_wconf 86' lang='lat' dir='ltr'><strong>suis</strong></span> <span class='ocrx_word' id='word_1_391' title='bbox 2727 2508 3014 2576; x_wconf 89' lang='lat' dir='ltr'><strong>episcopus</strong></span> <span class='ocrx_word' id='word_1_392' title='bbox 3043 2507 3096 2561; x_wconf 92' lang='lat' dir='ltr'><strong>in</strong></span> <span class='ocrx_word' id='word_1_393' title='bbox 3131 2506 3387 2562; x_wconf 64' lang='lat' dir='ltr'><strong>Ecclesiae</strong></span> <span class='ocrx_word' id='word_1_394' title='bbox 3425 2522 3558 2576; x_wconf 87' lang='lat' dir='ltr'><strong>pace</strong></span> <span class='ocrx_word' id='word_1_395' title='bbox 3594 2507 3788 2561; x_wconf 77' lang='lat' dir='ltr'><strong>deiun-</strong></span> 
     </span>
    </p>
   </div>
   <div class='ocr_carea' id='block_1_56' title="bbox 2195 2598 3784 2669">
    <p class='ocr_par' dir='ltr' id='par_1_56' title="bbox 2195 2598 3784 2669">
     <span class='ocr_line' id='line_1_56' title="bbox 2195 2598 3784 2669; baseline -0.001 -13"><span class='ocrx_word' id='word_1_396' title='bbox 2195 2611 2337 2665; x_wconf 86' lang='lat' dir='ltr'><strong>ctus,</strong></span> <span class='ocrx_word' id='word_1_397' title='bbox 2366 2599 2456 2654; x_wconf 85' lang='lat' dir='ltr'><strong>vel</strong></span> <span class='ocrx_word' id='word_1_398' title='bbox 2482 2598 2711 2666; x_wconf 89' lang='lat' dir='ltr'><strong>epistola</strong></span> <span class='ocrx_word' id='word_1_399' title='bbox 2741 2599 2898 2669; x_wconf 89' lang='lat' dir='ltr'><strong>cujus</strong></span> <span class='ocrx_word' id='word_1_400' title='bbox 2921 2608 3110 2654; x_wconf 89' lang='lat' dir='ltr'><strong>auctor</strong></span> <span class='ocrx_word' id='word_1_401' title='bbox 3141 2599 3378 2655; x_wconf 87' lang='lat' dir='ltr'><strong>incertus</strong></span> <span class='ocrx_word' id='word_1_402' title='bbox 3407 2600 3642 2654; x_wconf 80' lang='lat' dir='ltr'><strong>dicitur?</strong></span> <span class='ocrx_word' id='word_1_403' title='bbox 3673 2599 3784 2655; x_wconf 83' lang='lat' dir='ltr'><strong>Non</strong></span> 
     </span>
    </p>
   </div>
   <div class='ocr_carea' id='block_1_57' title="bbox 2196 2690 3784 2762">
    <p class='ocr_par' dir='ltr' id='par_1_57' title="bbox 2196 2690 3784 2762">
     <span class='ocr_line' id='line_1_57' title="bbox 2196 2690 3784 2762; baseline -0.002 -15"><span class='ocrx_word' id='word_1_404' title='bbox 2196 2693 2338 2747; x_wconf 90' lang='lat' dir='ltr'><strong>enim</strong></span> <span class='ocrx_word' id='word_1_405' title='bbox 2385 2691 2470 2746; x_wconf 81' lang='lat' dir='ltr'><strong>vel</strong></span> <span class='ocrx_word' id='word_1_406' title='bbox 2515 2691 2617 2748; x_wconf 91' lang='lat' dir='ltr'><strong>hoc</strong></span> <span class='ocrx_word' id='word_1_407' title='bbox 2648 2690 2882 2746; x_wconf 85' lang='lat' dir='ltr'><strong>fatentur</strong></span> <span class='ocrx_word' id='word_1_408' title='bbox 2916 2691 3058 2761; x_wconf 89' lang='lat' dir='ltr'><strong>quod</strong></span> <span class='ocrx_word' id='word_1_409' title='bbox 3103 2691 3206 2746; x_wconf 76' lang='lat' dir='ltr'><strong>Iba:</strong></span> <span class='ocrx_word' id='word_1_410' title='bbox 3244 2692 3336 2758; x_wconf 87' lang='lat' dir='ltr'><strong>sit,</strong></span> <span class='ocrx_word' id='word_1_411' title='bbox 3367 2693 3463 2746; x_wconf 87' lang='lat' dir='ltr'><strong>sed</strong></span> <span class='ocrx_word' id='word_1_412' title='bbox 3490 2692 3639 2762; x_wconf 85' lang='lat' dir='ltr'><strong>quod</strong></span> <span class='ocrx_word' id='word_1_413' title='bbox 3671 2692 3784 2762; x_wconf 85' lang='lat' dir='ltr'><strong>ejus</strong></span> 
     </span>
    </p>
   </div>
   <div class='ocr_carea' id='block_1_58' title="bbox 2197 2781 3785 2853">
    <p class='ocr_par' dir='ltr' id='par_1_58' title="bbox 2197 2781 3785 2853">
     <span class='ocr_line' id='line_1_58' title="bbox 2197 2781 3785 2853; baseline 0.001 -16"><span class='ocrx_word' id='word_1_414' title='bbox 2197 2797 2316 2838; x_wconf 91' lang='lat' dir='ltr'><strong>esse</strong></span> <span class='ocrx_word' id='word_1_415' title='bbox 2342 2781 2572 2837; x_wconf 89' lang='lat' dir='ltr'><strong>dicatur.</strong></span> <span class='ocrx_word' id='word_1_416' title='bbox 2607 2783 2711 2837; x_wconf 86' lang='lat' dir='ltr'><strong>Aut</strong></span> <span class='ocrx_word' id='word_1_417' title='bbox 2739 2796 2834 2836; x_wconf 91' lang='lat' dir='ltr'><strong>cur</strong></span> <span class='ocrx_word' id='word_1_418' title='bbox 2864 2791 3133 2837; x_wconf 90' lang='lat' dir='ltr'><strong>tantorum</strong></span> <span class='ocrx_word' id='word_1_419' title='bbox 3176 2784 3228 2837; x_wconf 91' lang='lat' dir='ltr'><strong>in</strong></span> <span class='ocrx_word' id='word_1_420' title='bbox 3271 2783 3372 2839; x_wconf 86' lang='lat' dir='ltr'><strong>hoc</strong></span> <span class='ocrx_word' id='word_1_421' title='bbox 3410 2785 3785 2853; x_wconf 88' lang='lat' dir='ltr'><strong>episcoporum</strong></span> 
     </span>
    </p>
   </div>
   <div class='ocr_carea' id='block_1_59' title="bbox 2198 2874 3788 2946">
    <p class='ocr_par' dir='ltr' id='par_1_59' title="bbox 2198 2874 3788 2946">
     <span class='ocr_line' id='line_1_59' title="bbox 2198 2874 3788 2946; baseline 0.003 -17"><span class='ocrx_word' id='word_1_422' title='bbox 2198 2874 2517 2944; x_wconf 76' lang='lat' dir='ltr'><strong>subscriptio</strong></span> <span class='ocrx_word' id='word_1_423' title='bbox 2544 2886 2899 2945; x_wconf 62' lang='lat' dir='ltr'><strong>quaereretur,</strong></span> <span class='ocrx_word' id='word_1_424' title='bbox 2927 2878 3029 2931; x_wconf 91' lang='lat' dir='ltr'><strong>nisi</strong></span> <span class='ocrx_word' id='word_1_425' title='bbox 3058 2877 3182 2945; x_wconf 89' lang='lat' dir='ltr'><strong>quia</strong></span> <span class='ocrx_word' id='word_1_426' title='bbox 3213 2893 3317 2931; x_wconf 89' lang='lat' dir='ltr'><strong>non</strong></span> <span class='ocrx_word' id='word_1_427' title='bbox 3353 2891 3664 2946; x_wconf 90' lang='lat' dir='ltr'><strong>paucorum,</strong></span> <span class='ocrx_word' id='word_1_428' title='bbox 3691 2878 3788 2933; x_wconf 87' lang='lat' dir='ltr'><strong>sed</strong></span> 
     </span>
    </p>
   </div>
   <div class='ocr_carea' id='block_1_60' title="bbox 2199 2966 3788 3037">
    <p class='ocr_par' dir='ltr' id='par_1_60' title="bbox 2199 2966 3788 3037">
     <span class='ocr_line' id='line_1_60' title="bbox 2199 2966 3788 3037; baseline 0.002 -16"><span class='ocrx_word' id='word_1_429' title='bbox 2199 2966 2556 3022; x_wconf 88' lang='lat' dir='ltr'><strong>multitudinis</strong></span> <span class='ocrx_word' id='word_1_430' title='bbox 2590 2981 2888 3023; x_wconf 90' lang='lat' dir='ltr'><strong>consensus</strong></span> <span class='ocrx_word' id='word_1_431' title='bbox 2933 2969 3285 3037; x_wconf 78' lang='lat' dir='ltr'><strong>prmjudicare</strong></span> <span class='ocrx_word' id='word_1_432' title='bbox 3321 2979 3500 3037; x_wconf 88' lang='lat' dir='ltr'><strong>posset</strong></span> <span class='ocrx_word' id='word_1_433' title='bbox 3533 2971 3788 3024; x_wconf 83' lang='lat' dir='ltr'><strong>universo</strong></span> 
     </span>
    </p>
   </div>
   <div class='ocr_carea' id='block_1_61' title="bbox 2200 3060 3787 3133">
    <p class='ocr_par' dir='ltr' id='par_1_61' title="bbox 2200 3060 3787 3133">
     <span class='ocr_line' id='line_1_61' title="bbox 2200 3060 3787 3133; baseline -0.001 -19"><span class='ocrx_word' id='word_1_434' title='bbox 2200 3061 2464 3114; x_wconf 77' lang='lat' dir='ltr'><strong>concilio?</strong></span> <span class='ocrx_word' id='word_1_435' title='bbox 2500 3061 2562 3114; x_wconf 86' lang='lat' dir='ltr'><strong>Et</strong></span> <span class='ocrx_word' id='word_1_436' title='bbox 2591 3060 2843 3130; x_wconf 87' lang='lat' dir='ltr'><strong>quoniam</strong></span> <span class='ocrx_word' id='word_1_437' title='bbox 2869 3062 3027 3130; x_wconf 81' lang='lat' dir='ltr'><strong>jndex</strong></span> <span class='ocrx_word' id='word_1_438' title='bbox 3059 3062 3159 3116; x_wconf 78' lang='lat' dir='ltr'><strong>hoc</strong></span> <span class='ocrx_word' id='word_1_439' title='bbox 3196 3078 3255 3117; x_wconf 82' lang='lat' dir='ltr'><strong>se</strong></span> <span class='ocrx_word' id='word_1_440' title='bbox 3284 3063 3492 3117; x_wconf 87' lang='lat' dir='ltr'><strong>nescire</strong></span> <span class='ocrx_word' id='word_1_441' title='bbox 3532 3063 3787 3133; x_wconf 77' lang='lat' dir='ltr'><strong>tingebat,</strong></span> 
     </span>
    </p>
   </div>
   <div class='ocr_carea' id='block_1_62' title="bbox 508 3127 3789 3224">
    <p class='ocr_par' dir='ltr' id='par_1_62' title="bbox 508 3127 3789 3224">
     <span class='ocr_line' id='line_1_62' title="bbox 508 3127 3789 3224; baseline 0.004 -26"><span class='ocrx_word' id='word_1_442' title='bbox 508 3147 733 3202; x_wconf 86' lang='lat' dir='ltr'><strong>actionis</strong></span> <span class='ocrx_word' id='word_1_443' title='bbox 760 3157 906 3218; x_wconf 85' lang='lat' dir='ltr'><strong>gesta</strong></span> <span class='ocrx_word' id='word_1_444' title='bbox 937 3149 1232 3204; x_wconf 89' lang='lat' dir='ltr'><strong>declarant.</strong></span> <span class='ocrx_word' id='word_1_445' title='bbox 1271 3168 1290 3202; x_wconf 74' lang='grc' dir='ltr'><strong>ε</strong></span> <span class='ocrx_word' id='word_1_446' title='bbox 1325 3149 1478 3218; x_wconf 89' lang='lat' dir='ltr'><strong>Peto,</strong></span> <span class='ocrx_word' id='word_1_447' title='bbox 1517 3150 1759 3220; x_wconf 90' lang='lat' dir='ltr'><strong>inquam,</strong></span> <span class='ocrx_word' id='word_1_448' title='bbox 1790 3152 1857 3206; x_wconf 90' lang='lat' dir='ltr'><strong>de</strong></span> <span class='ocrx_word' id='word_1_449' title='bbox 1889 3151 2092 3220; x_wconf 89' lang='lat' dir='ltr'><strong>justitia</strong></span> <span class='ocrx_word' id='word_1_450' title='bbox 2123 3127 2169 3189; x_wconf 70' lang='grc' dir='ltr'><strong>ί)</strong></span> <span class='ocrx_word' id='word_1_451' title='bbox 2203 3150 2364 3221; x_wconf 85' lang='lat' dir='ltr'><strong>petivi</strong></span> <span class='ocrx_word' id='word_1_452' title='bbox 2391 3151 2547 3206; x_wconf 90' lang='lat' dir='ltr'><strong>simul</strong></span> <span class='ocrx_word' id='word_1_453' title='bbox 2571 3127 2634 3205; x_wconf 83' lang='lat' dir='ltr'><strong>ac</strong></span> <span class='ocrx_word' id='word_1_454' title='bbox 2657 3151 2768 3206; x_wconf 83' lang='lat' dir='ltr'><strong>dixi</strong></span> <span class='ocrx_word' id='word_1_455' title='bbox 2795 3168 2809 3204; x_wconf 87' lang='lat'><strong>:</strong></span> <span class='ocrx_word' id='word_1_456' title='bbox 2835 3127 2996 3208; x_wconf 24' lang='lat' dir='ltr'><strong>«illoc</strong></span> <span class='ocrx_word' id='word_1_457' title='bbox 3025 3169 3153 3223; x_wconf 85' lang='lat' dir='ltr'><strong>ergo</strong></span> <span class='ocrx_word' id='word_1_458' title='bbox 3186 3154 3417 3224; x_wconf 89' lang='lat' dir='ltr'><strong>primum</strong></span> <span class='ocrx_word' id='word_1_459' title='bbox 3441 3169 3527 3210; x_wconf 91' lang='lat' dir='ltr'><strong>me</strong></span> <span class='ocrx_word' id='word_1_460' title='bbox 3557 3127 3789 3210; x_wconf 71' lang='lat' dir='ltr'><strong>demon-</strong></span> 
     </span>
    </p>
   </div>
   <div class='ocr_carea' id='block_1_63' title="bbox 506 3243 3791 3319">
    <p class='ocr_par' dir='ltr' id='par_1_63' title="bbox 506 3243 3791 3319">
     <span class='ocr_line' id='line_1_63' title="bbox 506 3243 3791 3319; baseline 0.003 -23"><span class='ocrx_word' id='word_1_461' title='bbox 506 3251 706 3309; x_wconf 78' lang='lat' dir='ltr'><strong>vestra,</strong></span> <span class='ocrx_word' id='word_1_462' title='bbox 736 3253 915 3298; x_wconf 90' lang='lat' dir='ltr'><strong>utrum</strong></span> <span class='ocrx_word' id='word_1_463' title='bbox 959 3253 1207 3314; x_wconf 88' lang='lat' dir='ltr'><strong>suscepta</strong></span> <span class='ocrx_word' id='word_1_464' title='bbox 1254 3245 1323 3300; x_wconf 88' lang='lat' dir='ltr'><strong>sit</strong></span> <span class='ocrx_word' id='word_1_465' title='bbox 1360 3261 1390 3300; x_wconf 90' lang='lat' dir='ltr'><strong>a</strong></span> <span class='ocrx_word' id='word_1_466' title='bbox 1431 3247 1636 3317; x_wconf 83' lang='lat' dir='ltr'><strong>synodo</strong></span> <span class='ocrx_word' id='word_1_467' title='bbox 1665 3246 2093 3302; x_wconf 90' lang='lat' dir='ltr'><strong>Chalcedonensi</strong></span> <span class='ocrx_word' id='word_1_468' title='bbox 2197 3251 2372 3297; x_wconf 87' lang='lat' dir='ltr'><strong>strare</strong></span> <span class='ocrx_word' id='word_1_469' title='bbox 2403 3243 2698 3313; x_wconf 70' lang='lat' dir='ltr'><strong>prmcipite,</strong></span> <span class='ocrx_word' id='word_1_470' title='bbox 2726 3251 2788 3297; x_wconf 89' lang='lat' dir='ltr'><strong>ut</strong></span> <span class='ocrx_word' id='word_1_471' title='bbox 2815 3244 3034 3300; x_wconf 86' lang='lat' dir='ltr'><strong>doceam</strong></span> <span class='ocrx_word' id='word_1_472' title='bbox 3070 3247 3203 3302; x_wconf 87' lang='lat' dir='ltr'><strong>false</strong></span> <span class='ocrx_word' id='word_1_473' title='bbox 3229 3249 3410 3318; x_wconf 87' lang='lat' dir='ltr'><strong>negari</strong></span> <span class='ocrx_word' id='word_1_474' title='bbox 3440 3249 3586 3319; x_wconf 90' lang='lat' dir='ltr'><strong>quod</strong></span> <span class='ocrx_word' id='word_1_475' title='bbox 3613 3265 3644 3303; x_wconf 87' lang='lat' dir='ltr'><strong>a</strong></span> <span class='ocrx_word' id='word_1_476' title='bbox 3667 3264 3791 3305; x_wconf 86' lang='lat' dir='ltr'><strong>san-</strong></span> 
     </span>
    </p>
   </div>
   <div class='ocr_carea' id='block_1_64' title="bbox 507 3334 3789 3411">
    <p class='ocr_par' dir='ltr' id='par_1_64' title="bbox 507 3334 3789 3411">
     <span class='ocr_line' id='line_1_64' title="bbox 507 3334 3789 3411; baseline 0.003 -23"><span class='ocrx_word' id='word_1_477' title='bbox 507 3334 736 3403; x_wconf 87' lang='lat' dir='ltr'><strong>epistola</strong></span> <span class='ocrx_word' id='word_1_478' title='bbox 785 3335 913 3399; x_wconf 84' lang='lat' dir='ltr'><strong>lbae,</strong></span> <span class='ocrx_word' id='word_1_479' title='bbox 943 3351 1061 3405; x_wconf 80' lang='lat' dir='ltr'><strong>qua:</strong></span> <span class='ocrx_word' id='word_1_480' title='bbox 1089 3336 1237 3391; x_wconf 87' lang='lat' dir='ltr'><strong>velut</strong></span> <span class='ocrx_word' id='word_1_481' title='bbox 1263 3335 1578 3393; x_wconf 86' lang='lat' dir='ltr'><strong>Nestoriana</strong></span> <span class='ocrx_word' id='word_1_482' title='bbox 1606 3338 1858 3393; x_wconf 89' lang='lat' dir='ltr'><strong>damnata</strong></span> <span class='ocrx_word' id='word_1_483' title='bbox 1883 3347 1985 3404; x_wconf 60' lang='lat' dir='ltr'><strong>est,</strong></span> <span class='ocrx_word' id='word_1_484' title='bbox 2018 3339 2100 3393; x_wconf 92' lang='lat' dir='ltr'><strong>in-</strong></span> <span class='ocrx_word' id='word_1_485' title='bbox 2199 3348 2283 3394; x_wconf 91' lang='lat' dir='ltr'><strong>cta</strong></span> <span class='ocrx_word' id='word_1_486' title='bbox 2329 3339 2534 3409; x_wconf 83' lang='lat' dir='ltr'><strong>synodo</strong></span> <span class='ocrx_word' id='word_1_487' title='bbox 2564 3339 2989 3396; x_wconf 86' lang='lat' dir='ltr'><strong>Chalcedonensi</strong></span> <span class='ocrx_word' id='word_1_488' title='bbox 3031 3351 3244 3411; x_wconf 86' lang='lat' dir='ltr'><strong>recepta</strong></span> <span class='ocrx_word' id='word_1_489' title='bbox 3279 3344 3458 3411; x_wconf 90' lang='lat' dir='ltr'><strong>fuerit,</strong></span> <span class='ocrx_word' id='word_1_490' title='bbox 3509 3355 3565 3398; x_wconf 92' lang='lat' dir='ltr'><strong>et</strong></span> <span class='ocrx_word' id='word_1_491' title='bbox 3613 3345 3789 3399; x_wconf 85' lang='lat' dir='ltr'><strong>omnia</strong></span> 
     </span>
    </p>
   </div>
   <div class='ocr_carea' id='block_1_65' title="bbox 508 3424 3790 3504">
    <p class='ocr_par' dir='ltr' id='par_1_65' title="bbox 508 3424 3790 3504">
     <span class='ocr_line' id='line_1_65' title="bbox 508 3424 3790 3504; baseline 0.004 -27"><span class='ocrx_word' id='word_1_492' title='bbox 508 3424 764 3492; x_wconf 88' lang='lat' dir='ltr'><strong>quiratis;</strong></span> <span class='ocrx_word' id='word_1_493' title='bbox 794 3435 849 3479; x_wconf 92' lang='lat' dir='ltr'><strong>et</strong></span> <span class='ocrx_word' id='word_1_494' title='bbox 877 3427 1002 3480; x_wconf 91' lang='lat' dir='ltr'><strong>dum</strong></span> <span class='ocrx_word' id='word_1_495' title='bbox 1032 3429 1337 3482; x_wconf 88' lang='lat' dir='ltr'><strong>constiterit</strong></span> <span class='ocrx_word' id='word_1_496' title='bbox 1367 3444 1472 3483; x_wconf 90' lang='lat' dir='ltr'><strong>non</strong></span> <span class='ocrx_word' id='word_1_497' title='bbox 1503 3431 1693 3486; x_wconf 89' lang='lat' dir='ltr'><strong>obesse</strong></span> <span class='ocrx_word' id='word_1_498' title='bbox 1723 3432 1928 3501; x_wconf 89' lang='lat' dir='ltr'><strong>synodo</strong></span> <span class='ocrx_word' id='word_1_499' title='bbox 1955 3431 2098 3502; x_wconf 90' lang='lat' dir='ltr'><strong>quod</strong></span> <span class='ocrx_word' id='word_1_500' title='bbox 2199 3429 2686 3485; x_wconf 88' lang='lat' dir='ltr'><strong>contradicentium</strong></span> <span class='ocrx_word' id='word_1_501' title='bbox 2719 3429 2969 3501; x_wconf 83' lang='lat' dir='ltr'><strong>ﬁgmenta</strong></span> <span class='ocrx_word' id='word_1_502' title='bbox 3000 3434 3334 3502; x_wconf 82' lang='lat' dir='ltr'><strong>redarguam,</strong></span> <span class='ocrx_word' id='word_1_503' title='bbox 3366 3435 3560 3504; x_wconf 90' lang='lat' dir='ltr'><strong>quibus</strong></span> <span class='ocrx_word' id='word_1_504' title='bbox 3587 3451 3710 3490; x_wconf 91' lang='lat' dir='ltr'><strong>eam</strong></span> <span class='ocrx_word' id='word_1_505' title='bbox 3740 3438 3790 3492; x_wconf 92' lang='lat' dir='ltr'><strong>in</strong></span> 
     </span>
    </p>
   </div>
   <div class='ocr_carea' id='block_1_66' title="bbox 509 3517 3791 3601">
    <p class='ocr_par' dir='ltr' id='par_1_66' title="bbox 509 3517 3791 3601">
     <span class='ocr_line' id='line_1_66' title="bbox 509 3517 3791 3601; baseline 0.005 -33"><span class='ocrx_word' id='word_1_506' title='bbox 509 3528 636 3586; x_wconf 88' lang='lat' dir='ltr'><strong>pars</strong></span> <span class='ocrx_word' id='word_1_507' title='bbox 679 3517 904 3571; x_wconf 84' lang='lat' dir='ltr'><strong>adversa</strong></span> <span class='ocrx_word' id='word_1_508' title='bbox 947 3517 1014 3573; x_wconf 90' lang='lat' dir='ltr'><strong>de</strong></span> <span class='ocrx_word' id='word_1_509' title='bbox 1053 3517 1324 3574; x_wconf 85' lang='lat' dir='ltr'><strong>Theodori</strong></span> <span class='ocrx_word' id='word_1_510' title='bbox 1358 3535 1584 3591; x_wconf 89' lang='lat' dir='ltr'><strong>persona</strong></span> <span class='ocrx_word' id='word_1_511' title='bbox 1632 3522 1897 3592; x_wconf 89' lang='lat' dir='ltr'><strong>proponit,</strong></span> <span class='ocrx_word' id='word_1_512' title='bbox 1929 3524 2006 3579; x_wconf 88' lang='lat' dir='ltr'><strong>sic</strong></span> <span class='ocrx_word' id='word_1_513' title='bbox 2036 3537 2100 3579; x_wconf 82' lang='lat' dir='ltr'><strong>ea</strong></span> <span class='ocrx_word' id='word_1_514' title='bbox 2200 3525 2617 3581; x_wconf 83' lang='lat' dir='ltr'><strong>destructionem</strong></span> <span class='ocrx_word' id='word_1_515' title='bbox 2663 3526 2853 3596; x_wconf 90' lang='lat' dir='ltr'><strong>synodi</strong></span> <span class='ocrx_word' id='word_1_516' title='bbox 2903 3525 3360 3584; x_wconf 87' lang='lat' dir='ltr'><strong>Chalcedonensis</strong></span> <span class='ocrx_word' id='word_1_517' title='bbox 3400 3531 3546 3585; x_wconf 89' lang='lat' dir='ltr'><strong>velut</strong></span> <span class='ocrx_word' id='word_1_518' title='bbox 3577 3533 3791 3601; x_wconf 87' lang='lat' dir='ltr'><strong>impiam</strong></span> 
     </span>
    </p>
   </div>
   <div class='ocr_carea' id='block_1_67' title="bbox 510 3609 3792 3695">
    <p class='ocr_par' dir='ltr' id='par_1_67' title="bbox 510 3609 3792 3695">
     <span class='ocr_line' id='line_1_67' title="bbox 510 3609 3792 3695; baseline 0.005 -34"><span class='ocrx_word' id='word_1_519' title='bbox 510 3623 631 3676; x_wconf 74' lang='lat' dir='ltr'><strong>qua:</strong></span> <span class='ocrx_word' id='word_1_520' title='bbox 657 3609 895 3678; x_wconf 86' lang='lat' dir='ltr'><strong>proferre</strong></span> <span class='ocrx_word' id='word_1_521' title='bbox 924 3610 1116 3666; x_wconf 90' lang='lat' dir='ltr'><strong>volunt</strong></span> <span class='ocrx_word' id='word_1_522' title='bbox 1136 3612 1297 3683; x_wconf 79' lang='lat' dir='ltr'><strong>relegi</strong></span> <span class='ocrx_word' id='word_1_523' title='bbox 1327 3615 1649 3684; x_wconf 88' lang='lat' dir='ltr'><strong>permittatis</strong></span> <span class='ocrx_word' id='word_1_524' title='bbox 1675 3631 1691 3669; x_wconf 87' lang='lat'><strong>:</strong></span> <span class='ocrx_word' id='word_1_525' title='bbox 1722 3630 1790 3671; x_wconf 89' lang='lat' dir='ltr'><strong>ne</strong></span> <span class='ocrx_word' id='word_1_526' title='bbox 1820 3615 1954 3670; x_wconf 88' lang='lat' dir='ltr'><strong>forte</strong></span> <span class='ocrx_word' id='word_1_527' title='bbox 1980 3631 2100 3685; x_wconf 70' lang='lat' dir='ltr'><strong>qua:</strong></span> <span class='ocrx_word' id='word_1_528' title='bbox 2202 3617 2614 3672; x_wconf 88' lang='lat' dir='ltr'><strong>damnaverunt.</strong></span> <span class='ocrx_word' id='word_1_529' title='bbox 2648 3636 2666 3670; x_wconf 75' lang='grc' dir='ltr'><strong><em>ι</em></strong></span> <span class='ocrx_word' id='word_1_530' title='bbox 2695 3619 2800 3672; x_wconf 90' lang='lat' dir='ltr'><strong>Sed</strong></span> <span class='ocrx_word' id='word_1_531' title='bbox 2829 3621 3081 3688; x_wconf 89' lang='lat' dir='ltr'><strong>quoniam</strong></span> <span class='ocrx_word' id='word_1_532' title='bbox 3117 3623 3324 3676; x_wconf 84' lang='lat' dir='ltr'><strong>occulta</strong></span> <span class='ocrx_word' id='word_1_533' title='bbox 3357 3623 3476 3691; x_wconf 89' lang='lat' dir='ltr'><strong>ejus</strong></span> <span class='ocrx_word' id='word_1_534' title='bbox 3501 3635 3628 3679; x_wconf 92' lang='lat' dir='ltr'><strong>ante</strong></span> <span class='ocrx_word' id='word_1_535' title='bbox 3652 3624 3792 3695; x_wconf 83' lang='lat' dir='ltr'><strong>judi-</strong></span> 
     </span>
    </p>
   </div>
   <div class='ocr_carea' id='block_1_68' title="bbox 512 3704 2102 3780">
    <p class='ocr_par' dir='ltr' id='par_1_68' title="bbox 512 3704 2102 3780">
     <span class='ocr_line' id='line_1_68' title="bbox 512 3704 2102 3780; baseline 0.004 -23"><span class='ocrx_word' id='word_1_536' title='bbox 512 3712 744 3773; x_wconf 89' lang='lat' dir='ltr'><strong>aguntur</strong></span> <span class='ocrx_word' id='word_1_537' title='bbox 783 3704 850 3759; x_wconf 90' lang='lat' dir='ltr'><strong>ad</strong></span> <span class='ocrx_word' id='word_1_538' title='bbox 893 3705 1330 3762; x_wconf 88' lang='lat' dir='ltr'><strong>retractationem</strong></span> <span class='ocrx_word' id='word_1_539' title='bbox 1358 3708 1644 3763; x_wconf 87' lang='lat' dir='ltr'><strong>videantur</strong></span> <span class='ocrx_word' id='word_1_540' title='bbox 1671 3717 1981 3763; x_wconf 77' lang='lat' dir='ltr'><strong>memorata:</strong></span> <span class='ocrx_word' id='word_1_541' title='bbox 2009 3724 2102 3780; x_wconf 87' lang='lat' dir='ltr'><strong>sy-</strong></span> 
     </span>
    </p>
   </div>
   <div class='ocr_carea' id='block_1_69' title="bbox 509 3797 2100 3869">
    <p class='ocr_par' dir='ltr' id='par_1_69' title="bbox 509 3797 2100 3869">
     <span class='ocr_line' id='line_1_69' title="bbox 509 3797 2100 3869; baseline 0.001 -18"><span class='ocrx_word' id='word_1_542' title='bbox 509 3797 636 3852; x_wconf 89' lang='lat' dir='ltr'><strong>nodi</strong></span> <span class='ocrx_word' id='word_1_543' title='bbox 667 3797 955 3866; x_wconf 89' lang='lat' dir='ltr'><strong>pertinere.</strong></span> <span class='ocrx_word' id='word_1_544' title='bbox 1004 3798 1116 3868; x_wconf 85' lang='lat' dir='ltr'><strong>Ego</strong></span> <span class='ocrx_word' id='word_1_545' title='bbox 1158 3798 1300 3855; x_wconf 90' lang='lat' dir='ltr'><strong>enim</strong></span> <span class='ocrx_word' id='word_1_546' title='bbox 1332 3799 1504 3854; x_wconf 86' lang='lat' dir='ltr'><strong>fateor</strong></span> <span class='ocrx_word' id='word_1_547' title='bbox 1533 3799 1846 3869; x_wconf 82' lang='lat' dir='ltr'><strong>simpliciter</strong></span> <span class='ocrx_word' id='word_1_548' title='bbox 1874 3799 2100 3853; x_wconf 88' lang='lat' dir='ltr'><strong>beatitu-</strong></span> 
     </span>
    </p>
   </div>
   <div class='ocr_carea' id='block_1_70' title="bbox 510 3886 2097 3960">
    <p class='ocr_par' dir='ltr' id='par_1_70' title="bbox 510 3886 2097 3960">
     <span class='ocr_line' id='line_1_70' title="bbox 510 3886 2097 3960; baseline 0.002 -19"><span class='ocrx_word' id='word_1_549' title='bbox 510 3886 620 3942; x_wconf 89' lang='lat' dir='ltr'><strong>dini</strong></span> <span class='ocrx_word' id='word_1_550' title='bbox 664 3897 876 3955; x_wconf 80' lang='lat' dir='ltr'><strong>vestrze,</strong></span> <span class='ocrx_word' id='word_1_551' title='bbox 906 3903 1013 3944; x_wconf 89' lang='lat' dir='ltr'><strong>non</strong></span> <span class='ocrx_word' id='word_1_552' title='bbox 1045 3904 1144 3958; x_wconf 91' lang='lat' dir='ltr'><strong>pro</strong></span> <span class='ocrx_word' id='word_1_553' title='bbox 1178 3889 1446 3947; x_wconf 86' lang='lat' dir='ltr'><strong>Theodori</strong></span> <span class='ocrx_word' id='word_1_554' title='bbox 1480 3890 1838 3960; x_wconf 84' lang='lat' dir='ltr'><strong>Mopsuesteni</strong></span> <span class='ocrx_word' id='word_1_555' title='bbox 1869 3890 2097 3946; x_wconf 89' lang='lat' dir='ltr'><strong>damna-</strong></span> 
     </span>
    </p>
   </div>
   <div class='ocr_carea' id='block_1_71' title="bbox 509 3979 2098 4043">
    <p class='ocr_par' dir='ltr' id='par_1_71' title="bbox 509 3979 2098 4043">
     <span class='ocr_line' id='line_1_71' title="bbox 509 3979 2098 4043; baseline 0.002 -10"><span class='ocrx_word' id='word_1_556' title='bbox 509 3979 659 4034; x_wconf 90' lang='lat' dir='ltr'><strong>tione</strong></span> <span class='ocrx_word' id='word_1_557' title='bbox 684 3996 768 4036; x_wconf 90' lang='lat' dir='ltr'><strong>me</strong></span> <span class='ocrx_word' id='word_1_558' title='bbox 789 3996 818 4034; x_wconf 93' lang='lat' dir='ltr'><strong>a</strong></span> <span class='ocrx_word' id='word_1_559' title='bbox 840 3981 1320 4043; x_wconf 87' lang='lat' dir='ltr'><strong>contradicentium</strong></span> <span class='ocrx_word' id='word_1_560' title='bbox 1343 3986 1722 4037; x_wconf 89' lang='lat' dir='ltr'><strong>communione</strong></span> <span class='ocrx_word' id='word_1_561' title='bbox 1745 3981 2098 4037; x_wconf 82' lang='lat' dir='ltr'><strong>subtraxisse.</strong></span> 
     </span>
    </p>
   </div>
   <div class='ocr_carea' id='block_1_72' title="bbox 511 4067 2101 4142">
    <p class='ocr_par' dir='ltr' id='par_1_72' title="bbox 511 4067 2101 4142">
     <span class='ocr_line' id='line_1_72' title="bbox 511 4067 2101 4142; baseline 0.001 -18"><span class='ocrx_word' id='word_1_562' title='bbox 511 4067 626 4125; x_wconf 82' lang='lat' dir='ltr'><strong>lloc</strong></span> <span class='ocrx_word' id='word_1_563' title='bbox 675 4069 818 4126; x_wconf 91' lang='lat' dir='ltr'><strong>enim</strong></span> <span class='ocrx_word' id='word_1_564' title='bbox 866 4072 952 4127; x_wconf 83' lang='lat' dir='ltr'><strong>vel</strong></span> <span class='ocrx_word' id='word_1_565' title='bbox 999 4071 1045 4125; x_wconf 89' lang='lat' dir='ltr'><strong>si</strong></span> <span class='ocrx_word' id='word_1_566' title='bbox 1093 4072 1495 4142; x_wconf 88' lang='lat' dir='ltr'><strong>approbandum</strong></span> <span class='ocrx_word' id='word_1_567' title='bbox 1538 4088 1644 4127; x_wconf 90' lang='lat' dir='ltr'><strong>non</strong></span> <span class='ocrx_word' id='word_1_568' title='bbox 1687 4073 1778 4140; x_wconf 89' lang='lat' dir='ltr'><strong>sit,</strong></span> <span class='ocrx_word' id='word_1_569' title='bbox 1826 4072 2101 4127; x_wconf 86' lang='lat' dir='ltr'><strong>ferendum</strong></span> 
     </span>
    </p>
   </div>
   <div class='ocr_carea' id='block_1_73' title="bbox 517 4164 2104 4234">
    <p class='ocr_par' dir='ltr' id='par_1_73' title="bbox 517 4164 2104 4234">
     <span class='ocr_line' id='line_1_73' title="bbox 517 4164 2104 4234; baseline 0.003 -19"><span class='ocrx_word' id='word_1_570' title='bbox 517 4170 696 4217; x_wconf 91' lang='lat' dir='ltr'><strong>tamen</strong></span> <span class='ocrx_word' id='word_1_571' title='bbox 723 4164 998 4230; x_wconf 90' lang='lat' dir='ltr'><strong>existimo,</strong></span> <span class='ocrx_word' id='word_1_572' title='bbox 1029 4178 1130 4220; x_wconf 88' lang='lat' dir='ltr'><strong>nec</strong></span> <span class='ocrx_word' id='word_1_573' title='bbox 1159 4171 1357 4219; x_wconf 82' lang='lat' dir='ltr'><strong>tantam</strong></span> <span class='ocrx_word' id='word_1_574' title='bbox 1392 4181 1512 4221; x_wconf 90' lang='lat' dir='ltr'><strong>esse</strong></span> <span class='ocrx_word' id='word_1_575' title='bbox 1540 4181 1752 4220; x_wconf 85' lang='lat' dir='ltr'><strong>causam</strong></span> <span class='ocrx_word' id='word_1_576' title='bbox 1775 4165 1976 4234; x_wconf 89' lang='lat' dir='ltr'><strong>judico,</strong></span> <span class='ocrx_word' id='word_1_577' title='bbox 2009 4179 2104 4234; x_wconf 93' lang='lat' dir='ltr'><strong>pro</strong></span> 
     </span>
    </p>
   </div>
   <div class='ocr_carea' id='block_1_74' title="bbox 514 4255 2106 4329">
    <p class='ocr_par' dir='ltr' id='par_1_74' title="bbox 514 4255 2106 4329">
     <span class='ocr_line' id='line_1_74' title="bbox 514 4255 2106 4329; baseline 0.004 -21"><span class='ocrx_word' id='word_1_578' title='bbox 514 4270 615 4324; x_wconf 87' lang='lat' dir='ltr'><strong>qua</strong></span> <span class='ocrx_word' id='word_1_579' title='bbox 664 4255 983 4313; x_wconf 89' lang='lat' dir='ltr'><strong>deberemus</strong></span> <span class='ocrx_word' id='word_1_580' title='bbox 1028 4275 1058 4312; x_wconf 90' lang='lat' dir='ltr'><strong>a</strong></span> <span class='ocrx_word' id='word_1_581' title='bbox 1104 4260 1484 4314; x_wconf 91' lang='lat' dir='ltr'><strong>communione</strong></span> <span class='ocrx_word' id='word_1_582' title='bbox 1525 4260 1878 4314; x_wconf 87' lang='lat' dir='ltr'><strong>multitudinis</strong></span> <span class='ocrx_word' id='word_1_583' title='bbox 1923 4272 2106 4329; x_wconf 78' lang='lat' dir='ltr'><strong>segre-</strong></span> 
     </span>
    </p>
   </div>
   <div class='ocr_carea' id='block_1_75' title="bbox 510 4348 2105 4420">
    <p class='ocr_par' dir='ltr' id='par_1_75' title="bbox 510 4348 2105 4420">
     <span class='ocr_line' id='line_1_75' title="bbox 510 4348 2105 4420; baseline 0.004 -21"><span class='ocrx_word' id='word_1_584' title='bbox 510 4348 646 4416; x_wconf 82' lang='lat' dir='ltr'><strong>gari.</strong></span> <span class='ocrx_word' id='word_1_585' title='bbox 690 4348 794 4404; x_wconf 90' lang='lat' dir='ltr'><strong>Sed</strong></span> <span class='ocrx_word' id='word_1_586' title='bbox 841 4351 964 4418; x_wconf 89' lang='lat' dir='ltr'><strong>quia</strong></span> <span class='ocrx_word' id='word_1_587' title='bbox 1003 4364 1074 4404; x_wconf 91' lang='lat' dir='ltr'><strong>ex</strong></span> <span class='ocrx_word' id='word_1_588' title='bbox 1118 4365 1349 4420; x_wconf 90' lang='lat' dir='ltr'><strong>persona</strong></span> <span class='ocrx_word' id='word_1_589' title='bbox 1389 4351 1659 4406; x_wconf 86' lang='lat' dir='ltr'><strong>Theodori</strong></span> <span class='ocrx_word' id='word_1_590' title='bbox 1690 4350 1968 4420; x_wconf 89' lang='lat' dir='ltr'><strong>epistolam</strong></span> <span class='ocrx_word' id='word_1_591' title='bbox 2000 4349 2105 4405; x_wconf 77' lang='lat' dir='ltr'><strong>lbze</strong></span> 
     </span>
    </p>
   </div>
   <div class='ocr_carea' id='block_1_76' title="bbox 510 4439 2098 4514">
    <p class='ocr_par' dir='ltr' id='par_1_76' title="bbox 510 4439 2098 4514">
     <span class='ocr_line' id='line_1_76' title="bbox 510 4439 2098 4514; baseline 0.003 -21"><span class='ocrx_word' id='word_1_592' title='bbox 510 4439 878 4496; x_wconf 83' lang='lat' dir='ltr'><strong>Nestorianam</strong></span> <span class='ocrx_word' id='word_1_593' title='bbox 917 4442 1146 4511; x_wconf 86' lang='lat' dir='ltr'><strong>probare</strong></span> <span class='ocrx_word' id='word_1_594' title='bbox 1188 4445 1364 4499; x_wconf 90' lang='lat' dir='ltr'><strong>conati</strong></span> <span class='ocrx_word' id='word_1_595' title='bbox 1393 4454 1539 4510; x_wconf 90' lang='lat' dir='ltr'><strong>sunt,</strong></span> <span class='ocrx_word' id='word_1_596' title='bbox 1569 4453 1624 4500; x_wconf 91' lang='lat' dir='ltr'><strong>et</strong></span> <span class='ocrx_word' id='word_1_597' title='bbox 1648 4461 1712 4500; x_wconf 80' lang='lat' dir='ltr'><strong>ex</strong></span> <span class='ocrx_word' id='word_1_598' title='bbox 1744 4445 1965 4514; x_wconf 90' lang='lat' dir='ltr'><strong>epistola</strong></span> <span class='ocrx_word' id='word_1_599' title='bbox 1995 4444 2098 4498; x_wconf 76' lang='lat' dir='ltr'><strong>Ihm</strong></span> 
     </span>
    </p>
   </div>
   <div class='ocr_carea' id='block_1_77' title="bbox 511 4531 2108 4606">
    <p class='ocr_par' dir='ltr' id='par_1_77' title="bbox 511 4531 2108 4606">
     <span class='ocr_line' id='line_1_77' title="bbox 511 4531 2108 4606; baseline 0.003 -20"><span class='ocrx_word' id='word_1_600' title='bbox 511 4531 776 4604; x_wconf 86' lang='lat' dir='ltr'><strong>synodum</strong></span> <span class='ocrx_word' id='word_1_601' title='bbox 805 4548 835 4588; x_wconf 90' lang='lat' dir='ltr'><strong>a</strong></span> <span class='ocrx_word' id='word_1_602' title='bbox 862 4549 964 4604; x_wconf 89' lang='lat' dir='ltr'><strong>qua</strong></span> <span class='ocrx_word' id='word_1_603' title='bbox 1010 4545 1255 4605; x_wconf 89' lang='lat' dir='ltr'><strong>suscepta</strong></span> <span class='ocrx_word' id='word_1_604' title='bbox 1284 4547 1366 4591; x_wconf 91' lang='lat' dir='ltr'><strong>est</strong></span> <span class='ocrx_word' id='word_1_605' title='bbox 1390 4538 1714 4606; x_wconf 88' lang='lat' dir='ltr'><strong>improbare.</strong></span> <span class='ocrx_word' id='word_1_606' title='bbox 1752 4556 1770 4588; x_wconf 76' lang='grc' dir='ltr'><strong>ι</strong></span> <span class='ocrx_word' id='word_1_607' title='bbox 1805 4538 1858 4592; x_wconf 93' lang='lat' dir='ltr'><strong>ln</strong></span> <span class='ocrx_word' id='word_1_608' title='bbox 1900 4538 1982 4592; x_wconf 86' lang='lat' dir='ltr'><strong>bis</strong></span> <span class='ocrx_word' id='word_1_609' title='bbox 2008 4536 2108 4591; x_wconf 89' lang='lat' dir='ltr'><strong>ita-</strong></span> 
     </span>
    </p>
   </div>
   <div class='ocr_carea' id='block_1_78' title="bbox 513 4622 2103 4699">
    <p class='ocr_par' dir='ltr' id='par_1_78' title="bbox 513 4622 2103 4699">
     <span class='ocr_line' id='line_1_78' title="bbox 513 4622 2103 4699; baseline 0.006 -26"><span class='ocrx_word' id='word_1_610' title='bbox 513 4635 621 4691; x_wconf 92' lang='lat' dir='ltr'><strong>que</strong></span> <span class='ocrx_word' id='word_1_611' title='bbox 647 4622 829 4676; x_wconf 90' lang='lat' dir='ltr'><strong>verbis</strong></span> <span class='ocrx_word' id='word_1_612' title='bbox 867 4624 1002 4679; x_wconf 89' lang='lat' dir='ltr'><strong>meis</strong></span> <span class='ocrx_word' id='word_1_613' title='bbox 1033 4626 1356 4695; x_wconf 85' lang='lat' dir='ltr'><strong>cognoscitis</strong></span> <span class='ocrx_word' id='word_1_614' title='bbox 1395 4626 1661 4695; x_wconf 90' lang='lat' dir='ltr'><strong>imprimis</strong></span> <span class='ocrx_word' id='word_1_615' title='bbox 1697 4642 1793 4695; x_wconf 90' lang='lat' dir='ltr'><strong>pro</strong></span> <span class='ocrx_word' id='word_1_616' title='bbox 1830 4636 1972 4682; x_wconf 87' lang='lat' dir='ltr'><strong>statu</strong></span> <span class='ocrx_word' id='word_1_617' title='bbox 2013 4643 2103 4699; x_wconf 88' lang='lat' dir='ltr'><strong>ge-</strong></span> 
     </span>
    </p>
   </div>
   <div class='ocr_carea' id='block_1_79' title="bbox 516 4711 2104 4789">
    <p class='ocr_par' dir='ltr' id='par_1_79' title="bbox 516 4711 2104 4789">
     <span class='ocr_line' id='line_1_79' title="bbox 516 4711 2104 4789; baseline 0.006 -22"><span class='ocrx_word' id='word_1_618' title='bbox 516 4711 719 4768; x_wconf 87' lang='lat' dir='ltr'><strong>neralis</strong></span> <span class='ocrx_word' id='word_1_619' title='bbox 745 4715 937 4783; x_wconf 89' lang='lat' dir='ltr'><strong>synodi</strong></span> <span class='ocrx_word' id='word_1_620' title='bbox 967 4730 1054 4770; x_wconf 89' lang='lat' dir='ltr'><strong>me</strong></span> <span class='ocrx_word' id='word_1_621' title='bbox 1077 4716 1240 4772; x_wconf 92' lang='lat' dir='ltr'><strong>fuisse</strong></span> <span class='ocrx_word' id='word_1_622' title='bbox 1260 4717 1566 4782; x_wconf 87' lang='lat' dir='ltr'><strong>sollicitum,</strong></span> <span class='ocrx_word' id='word_1_623' title='bbox 1593 4734 1660 4774; x_wconf 92' lang='lat' dir='ltr'><strong>ne</strong></span> <span class='ocrx_word' id='word_1_624' title='bbox 1683 4718 1824 4788; x_wconf 91' lang='lat' dir='ltr'><strong>quod</strong></span> <span class='ocrx_word' id='word_1_625' title='bbox 1849 4720 2104 4789; x_wconf 88' lang='lat' dir='ltr'><strong>Acephali</strong></span> 
     </span>
    </p>
   </div>
   <div class='ocr_carea' id='block_1_80' title="bbox 516 4806 2106 4880">
    <p class='ocr_par' dir='ltr' id='par_1_80' title="bbox 516 4806 2106 4880">
     <span class='ocr_line' id='line_1_80' title="bbox 516 4806 2106 4880; baseline 0.007 -20"><span class='ocrx_word' id='word_1_626' title='bbox 516 4817 734 4877; x_wconf 85' lang='lat' dir='ltr'><strong>semper</strong></span> <span class='ocrx_word' id='word_1_627' title='bbox 761 4806 1108 4880; x_wconf 85' lang='lat' dir='ltr'><strong>quaesierunt,</strong></span> <span class='ocrx_word' id='word_1_628' title='bbox 1142 4808 1196 4865; x_wconf 93' lang='lat' dir='ltr'><strong>in</strong></span> <span class='ocrx_word' id='word_1_629' title='bbox 1228 4810 1660 4868; x_wconf 88' lang='lat' dir='ltr'><strong>retractationem</strong></span> <span class='ocrx_word' id='word_1_630' title='bbox 1691 4812 1920 4870; x_wconf 86' lang='lat' dir='ltr'><strong>deducta</strong></span> <span class='ocrx_word' id='word_1_631' title='bbox 1959 4813 2106 4871; x_wconf 79' lang='lat' dir='ltr'><strong>fran-</strong></span> 
     </span>
    </p>
   </div>
   <div class='ocr_carea' id='block_1_81' title="bbox 589 5066 2103 5142">
    <p class='ocr_par' dir='ltr' id='par_1_81' title="bbox 589 5066 2103 5142">
     <span class='ocr_line' id='line_1_81' title="bbox 589 5066 2103 5142; baseline 0.001 -18"><span class='ocrx_word' id='word_1_632' title='bbox 589 5069 781 5142; x_wconf 68' lang='lat' dir='ltr'><strong>‘Uimc</strong></span> <span class='ocrx_word' id='word_1_633' title='bbox 809 5068 897 5142; x_wconf 78' lang='lat' dir='ltr'><strong>illa</strong></span> <span class='ocrx_word' id='word_1_634' title='bbox 923 5077 1006 5125; x_wconf 85' lang='lat' dir='ltr'><strong>est</strong></span> <span class='ocrx_word' id='word_1_635' title='bbox 1025 5069 1200 5141; x_wconf 83' lang='lat' dir='ltr'><strong>Vigilii</strong></span> <span class='ocrx_word' id='word_1_636' title='bbox 1225 5069 1364 5142; x_wconf 84' lang='lat' dir='ltr'><strong>apud</strong></span> <span class='ocrx_word' id='word_1_637' title='bbox 1394 5066 1911 5142; x_wconf 80' lang='lat' dir='ltr'><strong>Constantinopolim</strong></span> <span class='ocrx_word' id='word_1_638' title='bbox 1938 5086 2103 5142; x_wconf 84' lang='lat' dir='ltr'><strong>syno-</strong></span> 
     </span>
    </p>
   </div>
   <div class='ocr_carea' id='block_1_82' title="bbox 516 5137 2100 5208">
    <p class='ocr_par' dir='ltr' id='par_1_82' title="bbox 516 5137 2100 5208">
     <span class='ocr_line' id='line_1_82' title="bbox 516 5137 2100 5208; baseline 0.003 -17"><span class='ocrx_word' id='word_1_639' title='bbox 516 5137 637 5204; x_wconf 87' lang='lat' dir='ltr'><strong>dus,</strong></span> <span class='ocrx_word' id='word_1_640' title='bbox 665 5141 818 5208; x_wconf 91' lang='lat' dir='ltr'><strong>cujus</strong></span> <span class='ocrx_word' id='word_1_641' title='bbox 860 5139 999 5196; x_wconf 86' lang='lat' dir='ltr'><strong>facta</strong></span> <span class='ocrx_word' id='word_1_642' title='bbox 1039 5137 1121 5196; x_wconf 74' lang='lat' dir='ltr'><strong>est</strong></span> <span class='ocrx_word' id='word_1_643' title='bbox 1167 5137 1369 5195; x_wconf 82' lang='lat' dir='ltr'><strong>mentio</strong></span> <span class='ocrx_word' id='word_1_644' title='bbox 1398 5141 1450 5194; x_wconf 92' lang='lat' dir='ltr'><strong>in</strong></span> <span class='ocrx_word' id='word_1_645' title='bbox 1489 5137 1802 5208; x_wconf 72' lang='lat' dir='ltr'><strong>prmiatiode</strong></span> <span class='ocrx_word' id='word_1_646' title='bbox 1844 5137 2100 5196; x_wconf 81' lang='lat' dir='ltr'><strong>librorum</strong></span> 
     </span>
    </p>
   </div>
   <div class='ocr_carea' id='block_1_83' title="bbox 519 5208 2104 5282">
    <p class='ocr_par' dir='ltr' id='par_1_83' title="bbox 519 5208 2104 5282">
     <span class='ocr_line' id='line_1_83' title="bbox 519 5208 2104 5282; baseline 0.002 -20"><span class='ocrx_word' id='word_1_647' title='bbox 519 5208 896 5264; x_wconf 72' lang='lat' dir='ltr'><strong>i2:Adductus</strong></span> <span class='ocrx_word' id='word_1_648' title='bbox 928 5221 1022 5274; x_wconf 83' lang='lat' dir='ltr'><strong>est,</strong></span> <span class='ocrx_word' id='word_1_649' title='bbox 1049 5212 1242 5281; x_wconf 88' lang='lat' dir='ltr'><strong>inquit,</strong></span> <span class='ocrx_word' id='word_1_650' title='bbox 1270 5211 1533 5282; x_wconf 82' lang='lat' dir='ltr'><strong>Romanus</strong></span> <span class='ocrx_word' id='word_1_651' title='bbox 1563 5212 1849 5281; x_wconf 78' lang='lat' dir='ltr'><strong>episwpus,</strong></span> <span class='ocrx_word' id='word_1_652' title='bbox 1881 5213 1932 5264; x_wconf 85' lang='lat' dir='ltr'><strong>in</strong></span> <span class='ocrx_word' id='word_1_653' title='bbox 1954 5215 2104 5282; x_wconf 75' lang='lat' dir='ltr'><strong>cujus</strong></span> 
     </span>
    </p>
   </div>
   <div class='ocr_carea' id='block_1_84' title="bbox 515 5281 2101 5350">
    <p class='ocr_par' dir='ltr' id='par_1_84' title="bbox 515 5281 2101 5350">
     <span class='ocr_line' id='line_1_84' title="bbox 515 5281 2101 5350; baseline 0.004 -20"><span class='ocrx_word' id='word_1_654' title='bbox 515 5282 748 5333; x_wconf 68' lang='lat' dir='ltr'><strong>examine</strong></span> <span class='ocrx_word' id='word_1_655' title='bbox 784 5298 899 5334; x_wconf 85' lang='lat' dir='ltr'><strong>cum</strong></span> <span class='ocrx_word' id='word_1_656' title='bbox 938 5283 1090 5350; x_wconf 81' lang='lat' dir='ltr'><strong>gestis</strong></span> <span class='ocrx_word' id='word_1_657' title='bbox 1127 5297 1280 5348; x_wconf 82' lang='lat' dir='ltr'><strong>super</strong></span> <span class='ocrx_word' id='word_1_658' title='bbox 1336 5281 1432 5334; x_wconf 81' lang='lat' dir='ltr'><strong>hac</strong></span> <span class='ocrx_word' id='word_1_659' title='bbox 1472 5297 1629 5334; x_wconf 86' lang='lat' dir='ltr'><strong>causa</strong></span> <span class='ocrx_word' id='word_1_660' title='bbox 1671 5281 2101 5348; x_wconf 81' lang='lat' dir='ltr'><strong>disceptarcmns,</strong></span> 
     </span>
    </p>
   </div>
   <div class='ocr_carea' id='block_1_85' title="bbox 517 5350 2106 5422">
    <p class='ocr_par' dir='ltr' id='par_1_85' title="bbox 517 5350 2106 5422">
     <span class='ocr_line' id='line_1_85' title="bbox 517 5350 2106 5422; baseline 0.003 -23"><span class='ocrx_word' id='word_1_661' title='bbox 517 5350 775 5422; x_wconf 74' lang='lat' dir='ltr'><strong>mediante</strong></span> <span class='ocrx_word' id='word_1_662' title='bbox 797 5355 1038 5417; x_wconf 83' lang='lat' dir='ltr'><strong>conﬂictu</strong></span> <span class='ocrx_word' id='word_1_663' title='bbox 1067 5353 1368 5422; x_wconf 80' lang='lat' dir='ltr'><strong>interrumpi</strong></span> <span class='ocrx_word' id='word_1_664' title='bbox 1387 5361 1505 5405; x_wconf 87' lang='lat' dir='ltr'><strong>acta</strong></span> <span class='ocrx_word' id='word_1_665' title='bbox 1537 5353 1800 5420; x_wconf 76' lang='lat' dir='ltr'><strong>prwcepit,</strong></span> <span class='ocrx_word' id='word_1_666' title='bbox 1827 5361 1870 5404; x_wconf 86' lang='lat' dir='ltr'><strong>et</strong></span> <span class='ocrx_word' id='word_1_667' title='bbox 1901 5353 1961 5405; x_wconf 87' lang='lat' dir='ltr'><strong>ub</strong></span> <span class='ocrx_word' id='word_1_668' title='bbox 1992 5354 2106 5404; x_wconf 85' lang='lat' dir='ltr'><strong>uni-</strong></span> 
     </span>
    </p>
   </div>
   <div class='ocr_carea' id='block_1_86' title="bbox 516 5419 2107 5491">
    <p class='ocr_par' dir='ltr' id='par_1_86' title="bbox 516 5419 2107 5491">
     <span class='ocr_line' id='line_1_86' title="bbox 516 5419 2107 5491; baseline 0.004 -23"><span class='ocrx_word' id='word_1_669' title='bbox 516 5419 673 5471; x_wconf 80' lang='lat' dir='ltr'><strong>versis</strong></span> <span class='ocrx_word' id='word_1_670' title='bbox 697 5421 942 5491; x_wconf 80' lang='lat' dir='ltr'><strong>episcOpis</strong></span> <span class='ocrx_word' id='word_1_671' title='bbox 962 5423 1049 5491; x_wconf 84' lang='lat' dir='ltr'><strong>qui</strong></span> <span class='ocrx_word' id='word_1_672' title='bbox 1072 5419 1344 5477; x_wconf 76' lang='lat' dir='ltr'><strong>aderamus</strong></span> <span class='ocrx_word' id='word_1_673' title='bbox 1365 5425 1575 5490; x_wconf 75' lang='lat' dir='ltr'><strong>expetiit</strong></span> <span class='ocrx_word' id='word_1_674' title='bbox 1596 5431 1651 5475; x_wconf 86' lang='lat' dir='ltr'><strong>ut</strong></span> <span class='ocrx_word' id='word_1_675' title='bbox 1679 5419 1872 5490; x_wconf 82' lang='lat' dir='ltr'><strong>scripto</strong></span> <span class='ocrx_word' id='word_1_676' title='bbox 1893 5423 2107 5490; x_wconf 79' lang='lat' dir='ltr'><strong>quisque</strong></span> 
     </span>
    </p>
   </div>
   <div class='ocr_carea' id='block_1_87' title="bbox 516 5489 2107 5564">
    <p class='ocr_par' dir='ltr' id='par_1_87' title="bbox 516 5489 2107 5564">
     <span class='ocr_line' id='line_1_87' title="bbox 516 5489 2107 5564; baseline 0.004 -22"><span class='ocrx_word' id='word_1_677' title='bbox 516 5489 840 5557; x_wconf 75' lang='lat' dir='ltr'><strong>responderet</strong></span> <span class='ocrx_word' id='word_1_678' title='bbox 868 5489 1011 5562; x_wconf 77' lang='lat' dir='ltr'><strong>quod</strong></span> <span class='ocrx_word' id='word_1_679' title='bbox 1048 5493 1096 5546; x_wconf 82' lang='lat' dir='ltr'><strong>ei</strong></span> <span class='ocrx_word' id='word_1_680' title='bbox 1135 5493 1198 5547; x_wconf 85' lang='lat' dir='ltr'><strong>de</strong></span> <span class='ocrx_word' id='word_1_681' title='bbox 1230 5495 1310 5548; x_wconf 84' lang='lat' dir='ltr'><strong>Itis</strong></span> <span class='ocrx_word' id='word_1_682' title='bbox 1339 5489 1592 5564; x_wconf 78' lang='lat' dir='ltr'><strong>Capitulis</strong></span> <span class='ocrx_word' id='word_1_683' title='bbox 1635 5489 1911 5548; x_wconf 76' lang='lat' dir='ltr'><strong>videretur.</strong></span> <span class='ocrx_word' id='word_1_684' title='bbox 1939 5491 2107 5563; x_wconf 88' lang='lat' dir='ltr'><strong>llnjus</strong></span> 
     </span>
    </p>
   </div>
   <div class='ocr_carea' id='block_1_88' title="bbox 592 5693 1230 5763">
    <p class='ocr_par' dir='ltr' id='par_1_88' title="bbox 592 5693 1230 5763">
     <span class='ocr_line' id='line_1_88' title="bbox 592 5693 1230 5763; baseline 0.006 -15"><span class='ocrx_word' id='word_1_685' title='bbox 592 5695 608 5726; x_wconf 83' lang='grc'>¹</span> <span class='ocrx_word' id='word_1_686' title='bbox 652 5693 796 5749; x_wconf 82' lang='lat' dir='ltr'><strong>idem</strong></span> <span class='ocrx_word' id='word_1_687' title='bbox 827 5696 969 5763; x_wconf 89' lang='lat' dir='ltr'><strong>cod.,</strong></span> <span class='ocrx_word' id='word_1_688' title='bbox 1006 5698 1230 5752; x_wconf 80' lang='lat' dir='ltr'><strong>Hilario.</strong></span> 
     </span>
    </p>
   </div>
   <div class='ocr_carea' id='block_1_89' title="bbox 591 5766 1394 5843">
    <p class='ocr_par' dir='ltr' id='par_1_89' title="bbox 591 5766 1394 5843">
     <span class='ocr_line' id='line_1_89' title="bbox 591 5766 1394 5843; baseline 0.004 -17"><span class='ocrx_word' id='word_1_689' title='bbox 591 5767 612 5800; x_wconf 87' lang='lat'><strong>&#39;</strong></span> <span class='ocrx_word' id='word_1_690' title='bbox 650 5766 796 5827; x_wconf 83' lang='lat' dir='ltr'><strong>idem</strong></span> <span class='ocrx_word' id='word_1_691' title='bbox 825 5767 970 5843; x_wconf 85' lang='lat' dir='ltr'><strong>cod.,</strong></span> <span class='ocrx_word' id='word_1_692' title='bbox 1003 5767 1247 5828; x_wconf 77' lang='lat' dir='ltr'><strong>Ecclesiis</strong></span> <span class='ocrx_word' id='word_1_693' title='bbox 1272 5769 1394 5829; x_wconf 82' lang='lat' dir='ltr'><strong>Dci.</strong></span> 
     </span>
    </p>
   </div>
   <div class='ocr_carea' id='block_1_90' title="bbox 2135 4505 2183 4564">
    <p class='ocr_par' dir='ltr' id='par_1_90' title="bbox 2135 4505 2183 4564">
     <span class='ocr_line' id='line_1_90' title="bbox 2135 4505 2183 4564; baseline 0 0"><span class='ocrx_word' id='word_1_694' title='bbox 2135 4505 2183 4564; x_wconf 84' lang='grc' dir='ltr'><strong>ι)</strong></span> 
     </span>
    </p>
   </div>
   <div class='ocr_carea' id='block_1_91' title="bbox 2201 3710 3793 3786">
    <p class='ocr_par' dir='ltr' id='par_1_91' title="bbox 2201 3710 3793 3786">
     <span class='ocr_line' id='line_1_91' title="bbox 2201 3710 3793 3786; baseline 0.005 -21"><span class='ocrx_word' id='word_1_695' title='bbox 2201 3711 2342 3765; x_wconf 91' lang='lat' dir='ltr'><strong>cium</strong></span> <span class='ocrx_word' id='word_1_696' title='bbox 2384 3710 2703 3780; x_wconf 89' lang='lat' dir='ltr'><strong>pollicitatio</strong></span> <span class='ocrx_word' id='word_1_697' title='bbox 2747 3713 3046 3778; x_wconf 87' lang='lat' dir='ltr'><strong>tenebatur,</strong></span> <span class='ocrx_word' id='word_1_698' title='bbox 3073 3714 3123 3768; x_wconf 91' lang='lat' dir='ltr'><strong>in</strong></span> <span class='ocrx_word' id='word_1_699' title='bbox 3154 3730 3256 3784; x_wconf 88' lang='lat' dir='ltr'><strong>qua</strong></span> <span class='ocrx_word' id='word_1_700' title='bbox 3294 3730 3353 3770; x_wconf 91' lang='lat' dir='ltr'><strong>se</strong></span> <span class='ocrx_word' id='word_1_701' title='bbox 3391 3719 3676 3786; x_wconf 85' lang='lat' dir='ltr'><strong>spopondit</strong></span> <span class='ocrx_word' id='word_1_702' title='bbox 3706 3735 3793 3773; x_wconf 87' lang='lat' dir='ltr'><strong>ea-</strong></span> 
     </span>
    </p>
   </div>
   <div class='ocr_carea' id='block_1_92' title="bbox 2203 3801 3792 3877">
    <p class='ocr_par' dir='ltr' id='par_1_92' title="bbox 2203 3801 3792 3877">
     <span class='ocr_line' id='line_1_92' title="bbox 2203 3801 3792 3877; baseline 0.005 -20"><span class='ocrx_word' id='word_1_703' title='bbox 2203 3801 2325 3857; x_wconf 89' lang='lat' dir='ltr'><strong>dem</strong></span> <span class='ocrx_word' id='word_1_704' title='bbox 2356 3804 2587 3872; x_wconf 87' lang='lat' dir='ltr'><strong>capitula</strong></span> <span class='ocrx_word' id='word_1_705' title='bbox 2619 3804 3018 3869; x_wconf 83' lang='lat' dir='ltr'><strong>damnaturum,</strong></span> <span class='ocrx_word' id='word_1_706' title='bbox 3048 3815 3103 3859; x_wconf 94' lang='lat' dir='ltr'><strong>ut</strong></span> <span class='ocrx_word' id='word_1_707' title='bbox 3131 3821 3190 3860; x_wconf 90' lang='lat' dir='ltr'><strong>se</strong></span> <span class='ocrx_word' id='word_1_708' title='bbox 3217 3807 3366 3876; x_wconf 88' lang='lat' dir='ltr'><strong>quasi</strong></span> <span class='ocrx_word' id='word_1_709' title='bbox 3412 3823 3511 3876; x_wconf 90' lang='lat' dir='ltr'><strong>per</strong></span> <span class='ocrx_word' id='word_1_710' title='bbox 3547 3809 3792 3877; x_wconf 85' lang='lat' dir='ltr'><strong>ignoran-</strong></span> 
     </span>
    </p>
   </div>
   <div class='ocr_carea' id='block_1_93' title="bbox 2203 3893 3793 3966">
    <p class='ocr_par' dir='ltr' id='par_1_93' title="bbox 2203 3893 3793 3966">
     <span class='ocr_line' id='line_1_93' title="bbox 2203 3893 3793 3966; baseline 0.004 -20"><span class='ocrx_word' id='word_1_711' title='bbox 2203 3893 2334 3946; x_wconf 86' lang='lat' dir='ltr'><strong>tiam</strong></span> <span class='ocrx_word' id='word_1_712' title='bbox 2386 3904 2567 3962; x_wconf 84' lang='lat' dir='ltr'><strong>posset</strong></span> <span class='ocrx_word' id='word_1_713' title='bbox 2609 3893 2843 3959; x_wconf 89' lang='lat' dir='ltr'><strong>abluere,</strong></span> <span class='ocrx_word' id='word_1_714' title='bbox 2887 3894 3256 3964; x_wconf 87' lang='lat' dir='ltr'><strong>probationem</strong></span> <span class='ocrx_word' id='word_1_715' title='bbox 3285 3911 3444 3966; x_wconf 89' lang='lat' dir='ltr'><strong>quam</strong></span> <span class='ocrx_word' id='word_1_716' title='bbox 3477 3899 3793 3966; x_wconf 69' lang='lat' dir='ltr'><strong>offerebam,</strong></span> 
     </span>
    </p>
   </div>
   <div class='ocr_carea' id='block_1_94' title="bbox 2207 3985 3795 4054">
    <p class='ocr_par' dir='ltr' id='par_1_94' title="bbox 2207 3985 3795 4054">
     <span class='ocr_line' id='line_1_94' title="bbox 2207 3985 3795 4054; baseline 0.006 -20"><span class='ocrx_word' id='word_1_717' title='bbox 2207 3998 2475 4053; x_wconf 86' lang='lat' dir='ltr'><strong>quamque</strong></span> <span class='ocrx_word' id='word_1_718' title='bbox 2519 3985 2632 4053; x_wconf 90' lang='lat' dir='ltr'><strong>ipse</strong></span> <span class='ocrx_word' id='word_1_719' title='bbox 2681 3985 2941 4039; x_wconf 84' lang='lat' dir='ltr'><strong>instanter</strong></span> <span class='ocrx_word' id='word_1_720' title='bbox 2983 3985 3198 4054; x_wconf 78' lang='lat' dir='ltr'><strong>exigere</strong></span> <span class='ocrx_word' id='word_1_721' title='bbox 3247 3986 3449 4051; x_wconf 86' lang='lat' dir='ltr'><strong>debuit,</strong></span> <span class='ocrx_word' id='word_1_722' title='bbox 3497 4005 3584 4044; x_wconf 88' lang='lat' dir='ltr'><strong>me</strong></span> <span class='ocrx_word' id='word_1_723' title='bbox 3621 3989 3795 4044; x_wconf 85' lang='lat' dir='ltr'><strong>facere</strong></span> 
     </span>
    </p>
   </div>
   <div class='ocr_carea' id='block_1_95' title="bbox 2208 4075 3795 4150">
    <p class='ocr_par' dir='ltr' id='par_1_95' title="bbox 2208 4075 3795 4150">
     <span class='ocr_line' id='line_1_95' title="bbox 2208 4075 3795 4150; baseline 0.003 -20"><span class='ocrx_word' id='word_1_724' title='bbox 2208 4091 2313 4130; x_wconf 90' lang='lat' dir='ltr'><strong>non</strong></span> <span class='ocrx_word' id='word_1_725' title='bbox 2357 4075 2618 4146; x_wconf 88' lang='lat' dir='ltr'><strong>permisit.</strong></span> <span class='ocrx_word' id='word_1_726' title='bbox 2669 4075 2774 4131; x_wconf 88' lang='lat' dir='ltr'><strong>Sed</strong></span> <span class='ocrx_word' id='word_1_727' title='bbox 2815 4077 2978 4146; x_wconf 83' lang='lat' dir='ltr'><strong>gestis</strong></span> <span class='ocrx_word' id='word_1_728' title='bbox 3013 4076 3079 4130; x_wconf 88' lang='lat' dir='ltr'><strong>de</strong></span> <span class='ocrx_word' id='word_1_729' title='bbox 3111 4077 3286 4132; x_wconf 89' lang='lat' dir='ltr'><strong>medio</strong></span> <span class='ocrx_word' id='word_1_730' title='bbox 3327 4079 3573 4143; x_wconf 84' lang='lat' dir='ltr'><strong>sublatis,</strong></span> <span class='ocrx_word' id='word_1_731' title='bbox 3605 4082 3795 4150; x_wconf 78' lang='lat' dir='ltr'><strong>quibus</strong></span> 
     </span>
    </p>
   </div>
   <div class='ocr_carea' id='block_1_96' title="bbox 2207 4169 3796 4242">
    <p class='ocr_par' dir='ltr' id='par_1_96' title="bbox 2207 4169 3796 4242">
     <span class='ocr_line' id='line_1_96' title="bbox 2207 4169 3796 4242; baseline 0.004 -20"><span class='ocrx_word' id='word_1_732' title='bbox 2207 4183 2368 4222; x_wconf 86' lang='lat' dir='ltr'><strong>causa</strong></span> <span class='ocrx_word' id='word_1_733' title='bbox 2413 4177 2651 4236; x_wconf 69' lang='lat' dir='ltr'><strong>coeperat</strong></span> <span class='ocrx_word' id='word_1_734' title='bbox 2697 4169 2915 4237; x_wconf 89' lang='lat' dir='ltr'><strong>aperiri,</strong></span> <span class='ocrx_word' id='word_1_735' title='bbox 2948 4177 3001 4224; x_wconf 90' lang='lat' dir='ltr'><strong>et</strong></span> <span class='ocrx_word' id='word_1_736' title='bbox 3042 4170 3337 4241; x_wconf 78' lang='lat' dir='ltr'><strong>interrupto</strong></span> <span class='ocrx_word' id='word_1_737' title='bbox 3377 4188 3476 4227; x_wconf 90' lang='lat' dir='ltr'><strong>suo</strong></span> <span class='ocrx_word' id='word_1_738' title='bbox 3511 4173 3738 4242; x_wconf 84' lang='lat' dir='ltr'><strong>judicio,</strong></span> <span class='ocrx_word' id='word_1_739' title='bbox 3770 4190 3796 4229; x_wconf 88' lang='lat' dir='ltr'><strong>a</strong></span> 
     </span>
    </p>
   </div>
   <div class='ocr_carea' id='block_1_97' title="bbox 2208 4260 3797 4332">
    <p class='ocr_par' dir='ltr' id='par_1_97' title="bbox 2208 4260 3797 4332">
     <span class='ocr_line' id='line_1_97' title="bbox 2208 4260 3797 4332; baseline 0.004 -18"><span class='ocrx_word' id='word_1_740' title='bbox 2208 4260 2607 4315; x_wconf 89' lang='lat' dir='ltr'><strong>considentibus</strong></span> <span class='ocrx_word' id='word_1_741' title='bbox 2626 4261 2889 4329; x_wconf 82' lang='lat' dir='ltr'><strong>episcopis</strong></span> <span class='ocrx_word' id='word_1_742' title='bbox 2914 4262 3185 4330; x_wconf 84' lang='lat' dir='ltr'><strong>ﬂagitavit,</strong></span> <span class='ocrx_word' id='word_1_743' title='bbox 3212 4272 3267 4317; x_wconf 93' lang='lat' dir='ltr'><strong>ut</strong></span> <span class='ocrx_word' id='word_1_744' title='bbox 3293 4263 3416 4332; x_wconf 90' lang='lat' dir='ltr'><strong>quid</strong></span> <span class='ocrx_word' id='word_1_745' title='bbox 3441 4266 3519 4320; x_wconf 90' lang='lat' dir='ltr'><strong>eis</strong></span> <span class='ocrx_word' id='word_1_746' title='bbox 3547 4265 3614 4320; x_wconf 93' lang='lat' dir='ltr'><strong>de</strong></span> <span class='ocrx_word' id='word_1_747' title='bbox 3635 4281 3797 4321; x_wconf 81' lang='lat' dir='ltr'><strong>cansa</strong></span> 
     </span>
    </p>
   </div>
   <div class='ocr_carea' id='block_1_98' title="bbox 2209 4354 3799 4426">
    <p class='ocr_par' dir='ltr' id='par_1_98' title="bbox 2209 4354 3799 4426">
     <span class='ocr_line' id='line_1_98' title="bbox 2209 4354 3799 4426; baseline 0.002 -20"><span class='ocrx_word' id='word_1_748' title='bbox 2209 4354 2483 4408; x_wconf 86' lang='lat' dir='ltr'><strong>videretur</strong></span> <span class='ocrx_word' id='word_1_749' title='bbox 2513 4354 2715 4423; x_wconf 89' lang='lat' dir='ltr'><strong>prolata</strong></span> <span class='ocrx_word' id='word_1_750' title='bbox 2754 4354 2977 4423; x_wconf 90' lang='lat' dir='ltr'><strong>quisque</strong></span> <span class='ocrx_word' id='word_1_751' title='bbox 3007 4354 3057 4408; x_wconf 91' lang='lat' dir='ltr'><strong>in</strong></span> <span class='ocrx_word' id='word_1_752' title='bbox 3090 4355 3306 4424; x_wconf 83' lang='lat' dir='ltr'><strong>scriptis</strong></span> <span class='ocrx_word' id='word_1_753' title='bbox 3347 4359 3696 4426; x_wconf 85' lang='lat' dir='ltr'><strong>responsione</strong></span> <span class='ocrx_word' id='word_1_754' title='bbox 3726 4359 3799 4412; x_wconf 79' lang='lat' dir='ltr'><strong>si-</strong></span> 
     </span>
    </p>
   </div>
   <div class='ocr_carea' id='block_1_99' title="bbox 2209 4443 3798 4517">
    <p class='ocr_par' dir='ltr' id='par_1_99' title="bbox 2209 4443 3798 4517">
     <span class='ocr_line' id='line_1_99' title="bbox 2209 4443 3798 4517; baseline 0.004 -21"><span class='ocrx_word' id='word_1_755' title='bbox 2209 4454 2419 4514; x_wconf 80' lang='lat' dir='ltr'><strong>gnaret.</strong></span> <span class='ocrx_word' id='word_1_756' title='bbox 2446 4443 2512 4498; x_wconf 90' lang='lat' dir='ltr'><strong>Et</strong></span> <span class='ocrx_word' id='word_1_757' title='bbox 2532 4444 2652 4516; x_wconf 91' lang='lat' dir='ltr'><strong>quia</strong></span> <span class='ocrx_word' id='word_1_758' title='bbox 2675 4444 2748 4498; x_wconf 90' lang='lat' dir='ltr'><strong>illi</strong></span> <span class='ocrx_word' id='word_1_759' title='bbox 2771 4446 3006 4514; x_wconf 90' lang='lat' dir='ltr'><strong>episcopi</strong></span> <span class='ocrx_word' id='word_1_760' title='bbox 3030 4447 3260 4501; x_wconf 86' lang='lat' dir='ltr'><strong>maxime</strong></span> <span class='ocrx_word' id='word_1_761' title='bbox 3279 4445 3798 4517; x_wconf 89' lang='lat' dir='ltr'><strong>Constantinopolim</strong></span> 
     </span>
    </p>
   </div>
   <div class='ocr_carea' id='block_1_100' title="bbox 2213 4536 3798 4608">
    <p class='ocr_par' dir='ltr' id='par_1_100' title="bbox 2213 4536 3798 4608">
     <span class='ocr_line' id='line_1_100' title="bbox 2213 4536 3798 4608; baseline 0.003 -17"><span class='ocrx_word' id='word_1_762' title='bbox 2213 4547 2558 4592; x_wconf 82' lang='lat' dir='ltr'><strong>occurrerant</strong></span> <span class='ocrx_word' id='word_1_763' title='bbox 2588 4537 2640 4590; x_wconf 88' lang='lat' dir='ltr'><strong>in</strong></span> <span class='ocrx_word' id='word_1_764' title='bbox 2669 4536 2785 4605; x_wconf 90' lang='lat' dir='ltr'><strong>ejus</strong></span> <span class='ocrx_word' id='word_1_765' title='bbox 2821 4536 3129 4606; x_wconf 88' lang='lat' dir='ltr'><strong>adventum,</strong></span> <span class='ocrx_word' id='word_1_766' title='bbox 3164 4554 3388 4608; x_wconf 89' lang='lat' dir='ltr'><strong>quorum</strong></span> <span class='ocrx_word' id='word_1_767' title='bbox 3439 4541 3583 4595; x_wconf 86' lang='lat' dir='ltr'><strong>nulla</strong></span> <span class='ocrx_word' id='word_1_768' title='bbox 3620 4540 3673 4594; x_wconf 90' lang='lat' dir='ltr'><strong>in</strong></span> <span class='ocrx_word' id='word_1_769' title='bbox 3704 4540 3798 4595; x_wconf 80' lang='lat' dir='ltr'><strong>hac</strong></span> 
     </span>
    </p>
   </div>
   <div class='ocr_carea' id='block_1_101' title="bbox 2214 4628 3826 4699">
    <p class='ocr_par' dir='ltr' id='par_1_101' title="bbox 2214 4628 3826 4699">
     <span class='ocr_line' id='line_1_101' title="bbox 2214 4628 3826 4699; baseline 0.004 -16"><span class='ocrx_word' id='word_1_770' title='bbox 2214 4643 2374 4684; x_wconf 89' lang='lat' dir='ltr'><strong>causa</strong></span> <span class='ocrx_word' id='word_1_771' title='bbox 2415 4628 2738 4699; x_wconf 81' lang='lat' dir='ltr'><strong>subscriptio</strong></span> <span class='ocrx_word' id='word_1_772' title='bbox 2786 4629 3087 4695; x_wconf 89' lang='lat' dir='ltr'><strong>tenebatur,</strong></span> <span class='ocrx_word' id='word_1_773' title='bbox 3117 4641 3170 4685; x_wconf 90' lang='lat' dir='ltr'><strong>et</strong></span> <span class='ocrx_word' id='word_1_774' title='bbox 3203 4631 3270 4686; x_wconf 91' lang='lat' dir='ltr'><strong>de</strong></span> <span class='ocrx_word' id='word_1_775' title='bbox 3297 4645 3391 4686; x_wconf 87' lang='lat' dir='ltr'><strong>sua</strong></span> <span class='ocrx_word' id='word_1_776' title='bbox 3429 4632 3640 4689; x_wconf 88' lang='lat' dir='ltr'><strong>fuerant</strong></span> <span class='ocrx_word' id='word_1_777' title='bbox 3668 4633 3826 4695; x_wconf 72' lang='lat' dir='ltr'><strong>iute-.</strong></span> 
     </span>
    </p>
   </div>
   <div class='ocr_carea' id='block_1_102' title="bbox 2212 4720 3798 4798">
    <p class='ocr_par' dir='ltr' id='par_1_102' title="bbox 2212 4720 3798 4798">
     <span class='ocr_line' id='line_1_102' title="bbox 2212 4720 3798 4798; baseline 0.006 -24"><span class='ocrx_word' id='word_1_778' title='bbox 2212 4720 2406 4790; x_wconf 91' lang='lat' dir='ltr'><strong>gritate</strong></span> <span class='ocrx_word' id='word_1_779' title='bbox 2433 4720 2630 4786; x_wconf 89' lang='lat' dir='ltr'><strong>securi,</strong></span> <span class='ocrx_word' id='word_1_780' title='bbox 2666 4736 2762 4790; x_wconf 86' lang='lat' dir='ltr'><strong>per</strong></span> <span class='ocrx_word' id='word_1_781' title='bbox 2796 4723 3135 4778; x_wconf 85' lang='lat' dir='ltr'><strong>occasionem</strong></span> <span class='ocrx_word' id='word_1_782' title='bbox 3173 4722 3330 4794; x_wconf 89' lang='lat' dir='ltr'><strong>hujus</strong></span> <span class='ocrx_word' id='word_1_783' title='bbox 3365 4726 3798 4798; x_wconf 81' lang='lat' dir='ltr'><strong>interrogationis</strong></span> 
     </span>
    </p>
   </div>
   <div class='ocr_carea' id='block_1_103' title="bbox 2210 4814 3800 4888">
    <p class='ocr_par' dir='ltr' id='par_1_103' title="bbox 2210 4814 3800 4888">
     <span class='ocr_line' id='line_1_103' title="bbox 2210 4814 3800 4888; baseline 0.005 -19"><span class='ocrx_word' id='word_1_784' title='bbox 2210 4814 2314 4885; x_wconf 85' lang='lat' dir='ltr'><strong>ipsi</strong></span> <span class='ocrx_word' id='word_1_785' title='bbox 2361 4829 2574 4885; x_wconf 89' lang='lat' dir='ltr'><strong>quoque</strong></span> <span class='ocrx_word' id='word_1_786' title='bbox 2615 4816 2904 4886; x_wconf 88' lang='lat' dir='ltr'><strong>separatim</strong></span> <span class='ocrx_word' id='word_1_787' title='bbox 2935 4817 3200 4888; x_wconf 89' lang='lat' dir='ltr'><strong>compulsi</strong></span> <span class='ocrx_word' id='word_1_788' title='bbox 3234 4828 3359 4874; x_wconf 91' lang='lat' dir='ltr'><strong>sunt</strong></span> <span class='ocrx_word' id='word_1_789' title='bbox 3387 4820 3455 4877; x_wconf 90' lang='lat' dir='ltr'><strong>ab</strong></span> <span class='ocrx_word' id='word_1_790' title='bbox 3481 4819 3800 4877; x_wconf 84' lang='lat' dir='ltr'><strong>adversariis</strong></span> 
     </span>
    </p>
   </div>
   <div class='ocr_carea' id='block_1_104' title="bbox 2208 5079 3798 5150">
    <p class='ocr_par' dir='ltr' id='par_1_104' title="bbox 2208 5079 3798 5150">
     <span class='ocr_line' id='line_1_104' title="bbox 2208 5079 3798 5150; baseline 0.004 -21"><span class='ocrx_word' id='word_1_791' title='bbox 2208 5085 2349 5144; x_wconf 84' lang='lat' dir='ltr'><strong>acta,</strong></span> <span class='ocrx_word' id='word_1_792' title='bbox 2380 5087 2574 5150; x_wconf 59' lang='lat' dir='ltr'><strong>printer</strong></span> <span class='ocrx_word' id='word_1_793' title='bbox 2613 5079 2729 5133; x_wconf 79' lang='lat' dir='ltr'><strong>hmc</strong></span> <span class='ocrx_word' id='word_1_794' title='bbox 2767 5095 2883 5149; x_wconf 81' lang='lat' dir='ltr'><strong>qum</strong></span> <span class='ocrx_word' id='word_1_795' title='bbox 2925 5093 2950 5131; x_wconf 90' lang='lat' dir='ltr'><strong>a</strong></span> <span class='ocrx_word' id='word_1_796' title='bbox 2997 5080 3250 5136; x_wconf 86' lang='lat' dir='ltr'><strong>Facundo</strong></span> <span class='ocrx_word' id='word_1_797' title='bbox 3284 5083 3601 5150; x_wconf 88' lang='lat' dir='ltr'><strong>recitantur,</strong></span> <span class='ocrx_word' id='word_1_798' title='bbox 3641 5082 3798 5136; x_wconf 89' lang='lat' dir='ltr'><strong>inter-</strong></span> 
     </span>
    </p>
   </div>
   <div class='ocr_carea' id='block_1_105' title="bbox 2214 5149 3797 5222">
    <p class='ocr_par' dir='ltr' id='par_1_105' title="bbox 2214 5149 3797 5222">
     <span class='ocr_line' id='line_1_105' title="bbox 2214 5149 3797 5222; baseline 0.003 -21"><span class='ocrx_word' id='word_1_799' title='bbox 2214 5150 2365 5222; x_wconf 64' lang='lat' dir='ltr'><strong>iere;</strong></span> <span class='ocrx_word' id='word_1_800' title='bbox 2398 5149 2496 5202; x_wconf 90' lang='lat' dir='ltr'><strong>nisi</strong></span> <span class='ocrx_word' id='word_1_801' title='bbox 2519 5150 2662 5219; x_wconf 76' lang='lat' dir='ltr'><strong>quod</strong></span> <span class='ocrx_word' id='word_1_802' title='bbox 2688 5166 2752 5222; x_wconf 84' lang='lat' dir='ltr'><strong>ex</strong></span> <span class='ocrx_word' id='word_1_803' title='bbox 2780 5166 2840 5203; x_wconf 90' lang='lat' dir='ltr'><strong>ea</strong></span> <span class='ocrx_word' id='word_1_804' title='bbox 2871 5158 3052 5204; x_wconf 88' lang='lat' dir='ltr'><strong>natum</strong></span> <span class='ocrx_word' id='word_1_805' title='bbox 3081 5163 3286 5206; x_wconf 88' lang='lat' dir='ltr'><strong>constat</strong></span> <span class='ocrx_word' id='word_1_806' title='bbox 3305 5154 3607 5222; x_wconf 83' lang='lat' dir='ltr'><strong>judicatqu</strong></span> <span class='ocrx_word' id='word_1_807' title='bbox 3628 5153 3797 5222; x_wconf 77' lang='lat' dir='ltr'><strong>Vigilii</strong></span> 
     </span>
    </p>
   </div>
   <div class='ocr_carea' id='block_1_106' title="bbox 2212 5219 3797 5292">
    <p class='ocr_par' dir='ltr' id='par_1_106' title="bbox 2212 5219 3797 5292">
     <span class='ocr_line' id='line_1_106' title="bbox 2212 5219 3797 5292; baseline 0.004 -22"><span class='ocrx_word' id='word_1_808' title='bbox 2212 5222 2275 5292; x_wconf 68' lang='lat' dir='ltr'><strong>ad</strong></span> <span class='ocrx_word' id='word_1_809' title='bbox 2311 5219 2554 5292; x_wconf 73' lang='lat' dir='ltr'><strong>Mutinam</strong></span> <span class='ocrx_word' id='word_1_810' title='bbox 2587 5221 3074 5289; x_wconf 82' lang='lat' dir='ltr'><strong>archiepiscopum,</strong></span> <span class='ocrx_word' id='word_1_811' title='bbox 3107 5222 3156 5274; x_wconf 91' lang='lat' dir='ltr'><strong>in</strong></span> <span class='ocrx_word' id='word_1_812' title='bbox 3187 5219 3413 5292; x_wconf 58' lang='lat' dir='ltr'><strong>qno&#39;tria</strong></span> <span class='ocrx_word' id='word_1_813' title='bbox 3437 5222 3682 5292; x_wconf 87' lang='lat' dir='ltr'><strong>Capitula</strong></span> <span class='ocrx_word' id='word_1_814' title='bbox 3699 5219 3797 5277; x_wconf 74' lang='lat' dir='ltr'><strong>sub</strong></span> 
     </span>
    </p>
   </div>
   <div class='ocr_carea' id='block_1_107' title="bbox 2209 5288 3796 5361">
    <p class='ocr_par' dir='ltr' id='par_1_107' title="bbox 2209 5288 3796 5361">
     <span class='ocr_line' id='line_1_107' title="bbox 2209 5288 3796 5361; baseline 0.004 -21"><span class='ocrx_word' id='word_1_815' title='bbox 2209 5288 2383 5352; x_wconf 82' lang='lat' dir='ltr'><strong>aliqua</strong></span> <span class='ocrx_word' id='word_1_816' title='bbox 2408 5288 2830 5358; x_wconf 66' lang='lat' dir='ltr'><strong>dispensatione,</strong></span> <span class='ocrx_word' id='word_1_817' title='bbox 2855 5293 3000 5345; x_wconf 82' lang='lat' dir='ltr'><strong>salva</strong></span> <span class='ocrx_word' id='word_1_818' title='bbox 3029 5288 3218 5361; x_wconf 89' lang='lat' dir='ltr'><strong>synodi</strong></span> <span class='ocrx_word' id='word_1_819' title='bbox 3243 5288 3695 5349; x_wconf 82' lang='lat' dir='ltr'><strong>Chalcedonensis</strong></span> <span class='ocrx_word' id='word_1_820' title='bbox 3719 5308 3796 5347; x_wconf 86' lang='lat' dir='ltr'><strong>re-</strong></span> 
     </span>
    </p>
   </div>
   <div class='ocr_carea' id='block_1_108' title="bbox 2210 5360 3797 5432">
    <p class='ocr_par' dir='ltr' id='par_1_108' title="bbox 2210 5360 3797 5432">
     <span class='ocr_line' id='line_1_108' title="bbox 2210 5360 3797 5432; baseline 0.004 -21"><span class='ocrx_word' id='word_1_821' title='bbox 2210 5360 2476 5432; x_wconf 81' lang='lat' dir='ltr'><strong>verentia,</strong></span> <span class='ocrx_word' id='word_1_822' title='bbox 2492 5361 2904 5432; x_wconf 73' lang='lat' dir='ltr'><strong>condemnabat,</strong></span> <span class='ocrx_word' id='word_1_823' title='bbox 2932 5372 2984 5419; x_wconf 86' lang='lat' dir='ltr'><strong>ut</strong></span> <span class='ocrx_word' id='word_1_824' title='bbox 3009 5360 3168 5417; x_wconf 79' lang='lat' dir='ltr'><strong>decet</strong></span> <span class='ocrx_word' id='word_1_825' title='bbox 3190 5363 3411 5432; x_wconf 83' lang='lat' dir='ltr'><strong>epistola</strong></span> <span class='ocrx_word' id='word_1_826' title='bbox 3435 5365 3562 5419; x_wconf 86' lang='lat' dir='ltr'><strong>cieri</strong></span> <span class='ocrx_word' id='word_1_827' title='bbox 3579 5363 3797 5418; x_wconf 77' lang='lat' dir='ltr'><strong>Romani</strong></span> 
     </span>
    </p>
   </div>
   <div class='ocr_carea' id='block_1_109' title="bbox 2209 5428 3795 5500">
    <p class='ocr_par' dir='ltr' id='par_1_109' title="bbox 2209 5428 3795 5500">
     <span class='ocr_line' id='line_1_109' title="bbox 2209 5428 3795 5500; baseline 0.003 -18"><span class='ocrx_word' id='word_1_828' title='bbox 2209 5428 2278 5482; x_wconf 91' lang='lat' dir='ltr'><strong>ad</strong></span> <span class='ocrx_word' id='word_1_829' title='bbox 2307 5431 2593 5500; x_wconf 84' lang='lat' dir='ltr'><strong>legatarios</strong></span> <span class='ocrx_word' id='word_1_830' title='bbox 2621 5429 2949 5486; x_wconf 84' lang='lat' dir='ltr'><strong>Francorum</strong></span> <span class='ocrx_word' id='word_1_831' title='bbox 2984 5441 3129 5489; x_wconf 91' lang='lat' dir='ltr'><strong>tomo</strong></span> <span class='ocrx_word' id='word_1_832' title='bbox 3153 5433 3171 5487; x_wconf 89' lang='grc' dir='ltr'><strong>Ι</strong></span> <span class='ocrx_word' id='word_1_833' title='bbox 3197 5428 3563 5491; x_wconf 86' lang='lat' dir='ltr'><strong>Conciliorum</strong></span> <span class='ocrx_word' id='word_1_834' title='bbox 3595 5434 3795 5492; x_wconf 71' lang='lat' dir='ltr'><strong>Galliae.</strong></span> 
     </span>
    </p>
   </div>
   <div class='ocr_carea' id='block_1_110' title="bbox 2292 5696 3055 5778">
    <p class='ocr_par' dir='ltr' id='par_1_110' title="bbox 2292 5696 3055 5778">
     <span class='ocr_line' id='line_1_110' title="bbox 2292 5696 3055 5778; baseline -0.005 -22"><span class='ocrx_word' id='word_1_835' title='bbox 2292 5700 2310 5731; x_wconf 89' lang='grc'>³</span> <span class='ocrx_word' id='word_1_836' title='bbox 2350 5697 2498 5756; x_wconf 84' lang='lat' dir='ltr'><strong>Idem</strong></span> <span class='ocrx_word' id='word_1_837' title='bbox 2530 5696 2675 5770; x_wconf 91' lang='lat' dir='ltr'><strong>cod.,</strong></span> <span class='ocrx_word' id='word_1_838' title='bbox 2708 5698 2862 5754; x_wconf 83' lang='lat' dir='ltr'><strong>etiam</strong></span> <span class='ocrx_word' id='word_1_839' title='bbox 2891 5697 3055 5778; x_wconf 80' lang='lat' dir='ltr'><strong>illos._</strong></span> 
     </span>
    </p>
   </div>
  </div>
