4104 6360
396 257 491 312 361
1337 267 1360 286 ⁸
1509 291 1514 294 -
1579 255 1783 313 LIBER
1821 252 1973 313 CONi

2079 260 2101 313 ι
2140 256 2521 318 MOCIANUM.

3576 257 3683 314 86‘!

393 370 649 428 Ecclesiae
675 370 945 442 quomodo
973 370 1308 428 dictaverunt
1336 369 1387 426 in
1416 370 1783 442 praejndicium
1809 373 1982 443 magni
2012 371 2062 432 Α
2090 373 2602 430 anathematisasset
2625 373 3180 442 Ecclesiam,servarc
3207 388 3308 431 nos
3333 373 3387 430 in
3410 373 3502 430 illo
3519 389 3681 446 Opor-

391 463 609 518 concilii
655 463 1003 532 respondere.
1049 464 1127 519 Ac
1168 479 1237 520 ne
1282 471 1467 533 postea
1503 463 1898 530 subtraherent,
1930 473 1987 519 et

392 571 513 626 quae
540 555 742 625 scripto
767 555 1160 624 responderant
1193 555 1396 627 judicio
1431 571 1536 611 non
1566 556 1841 622 offerrent,
1870 557 1983 624 jam

391 649 495 703 sub
533 649 910 717 prosecutione
952 648 1189 717 ipsorum
1231 657 1394 717 atque
1435 647 1675 704 custodia
1714 648 1886 718 palam
1917 647 1983 702 ad

390 741 547 797 illum
571 740 970 796 deducebantur
992 742 1205 796 tradere
1231 757 1324 797 sua
1351 741 1571 811 profana
1595 751 1650 798 et
1671 741 1984 797 detestanda

390 847 674 900 reSponsa.
705 831 885 888 Oculis
915 847 1012 886 nos
1045 833 1160 888 haec
1190 832 1442 888 vidimus.
1472 833 1770 900 Acephalos
1799 849 1982 890 coram

389 922 511 993 ipso
551 920 729 993 judice
775 924 982 978 alacres
1029 935 1080 978 et
1126 924 1455 980 exsultantes
1497 926 1820 994 aspeximus,
1861 940 1980 980 cum

388 1014 678 1085 episcopos
713 1014 780 1068 ad
822 1031 943 1070 eum
983 1015 1314 1072 adducerent
1351 1017 1538 1072 eadem
1568 1031 1821 1083 Γεδεόυεξὶ
1856 1032 1981 1085 por-

389 1113 586 1159 tantes.
621 1105 688 1158 Et
729 1106 940 1174 quando
987 1106 1102 1161 haec
1137 1107 1215 1162 sic
1265 1107 1561 1162 inhaereant
1607 1109 1862 1164 cordibus
1887 1124 1984 1163 au-

393 1196 678 1266 dientium,
707 1207 795 1251 aut
821 1199 898 1252 sic
923 1213 984 1254 ea
1008 1198 1264 1254 detestari
1289 1216 1352 1255 ac
1381 1201 1562 1266 lugere
1588 1201 1820 1270 possitis,
1845 1203 1981 1258 sicut

391 1303 510 1355 nos,
530 1287 583 1342 in
606 1304 828 1359 quorum
851 1290 1046 1346 animis
1069 1292 1304 1360 ipsorum
1329 1293 1590 1347 malorum
1613 1295 1788 1349 adhuc
1807 1294 1983 1365 imago

389 1381 677 1453 versatur?
705 1380 1014 1451 Suscipiens
1045 1398 1172 1438 vero
1202 1384 1292 1438 ille
1323 1393 1644 1439 memoratas
1671 1388 1980 1455 responsio-

388 1484 516 1533 nes,
568 1479 689 1538 post
737 1471 941 1540 aliquot
981 1471 1100 1527 dies
1143 1473 1207 1526 ad
1258 1473 1510 1542 palatium
1553 1474 1773 1540 detulit,
1822 1485 1982 1543 atque

389 1561 545 1616 alteri
571 1561 787 1615 tradidit
811 1564 968 1631 parti,
996 1564 1047 1616 in
1073 1563 1440 1632 praejudiciutn
1472 1565 1661 1634 synodi
1686 1566 1984 1622 Chalcedo-

391 1650 572 1705 nensis
599 1665 720 1705 cum
749 1652 974 1707 aliorum
1007 1652 1378 1724 chirographis
1411 1656 1498 1724 qui
1542 1664 1698 1710 antea
1744 1657 1982 1712 subscri-

2091 466 2191 519 tuit
2220 466 2542 520 sententiam
2573 479 2745 530 suam,
2785 466 2936 536 sequi
2961 465 3103 535 quod
3133 464 3287 520 nobis
3314 465 3536 534 pra-buit
3569 467 3678 537 pri-

2089 570 2196 610 scan
2237 555 2562 624 integritatis
2607 557 2940 624 exemplum.
2985 557 3113 611 Nam
3151 557 3456 626 priusquam
3493 557 3596 612 hoc
3625 567 3680 614 et

2088 646 2204 716 ipse
2244 646 2626 713 committeret,
2674 647 2917 702 scribens
2954 646 3021 700 de
3068 646 3260 701 itinere
3302 645 3679 702 Constantino-

2088 733 2326 803 politano
2373 732 2663 802 episcopo,
2711 734 2800 801 qui
2856 732 3174 801 prmjudicio
3225 747 3429 802 magnae
3486 735 3678 804 synodi

2087 826 2292 894 primus
2338 823 2591 889 assensit,
2628 823 2720 877 sed
2758 838 2914 892 quem
2954 823 3146 878 litteris
3176 822 3285 878 suis
3316 823 3672 890 praeveniens,

2085 918 2200 971 ait:
2233 935 2251 968 ‹
2288 916 2628 985 Quapropter
2660 913 2989 970 credidimus
3038 913 3381 970 indicandum
3411 913 3550 983 quod
3583 914 3678 968 doc

2087 1010 2264 1063 minus
2313 1007 2457 1062 ﬁlius
2503 1016 2689 1062 noster
2741 1005 3194 1060 clementissimus
3241 1005 3535 1074 imperator
3583 1019 3679 1074 per

2084 1101 2321 1155 Leonem
2371 1099 2632 1154 illustrem
2683 1098 2857 1153 virum
2905 1110 3004 1151 nos
3036 1097 3394 1152 serenissimis
3433 1095 3670 1152 hortatur

2083 1193 2356 1262 affatibus,
2384 1200 2442 1245 ut
2471 1206 2655 1261 pacem
2686 1205 2844 1260 quam
2882 1188 3131 1244 Christus
3161 1188 3417 1244 Dominus
3449 1191 3591 1244 Deus
3623 1195 3676 1242 et

2085 1285 2333 1341 Salvator
2361 1295 2548 1339 noster
2588 1296 2749 1352 supra
2790 1281 2968 1337 omnia
3012 1279 3323 1334 holocausta
3356 1279 3550 1348 diligit,
3583 1294 3674 1331 vo-

2084 1377 2290 1432 biscum
2316 1384 2370 1430 et
2392 1389 2512 1428 cum
2535 1372 2806 1428 universis
2837 1369 3095 1426 fratribus
3127 1378 3182 1426 et
3217 1369 3554 1440 coepiscopis
3581 1383 3650 1422 no

2083 1469 2229 1534 stris,
2255 1478 2306 1522 et
2329 1467 2672 1523 custodiente
2702 1465 2877 1520 stabili
2904 1465 3157 1518 ﬁrmitate
3182 1477 3481 1518 servemus.
3504 1462 3675 1530 Quant

2083 1560 2310 1630 piissimi
2354 1559 2609 1628 principis
2651 1557 3078 1611 adhortationem
3129 1554 3360 1610 libenter
3397 1555 3675 1624 amplecti-

2086 1667 2225 1705 mur.
2258 1650 2363 1706 Sed
2395 1651 2437 1704 si
2469 1650 2614 1720 pacis
2642 1647 2861 1713 bouum,
2897 1649 3035 1701 sicut
3065 1646 3238 1700 locum
3280 1646 3565 1701 sacerdotii
3599 1644 3674 1700 tui

390 1753 610 1812 pscrant
650 1745 1028 1800 reservandas.
1060 1744 1257 1800 Verum
1290 1762 1358 1801 ne
1383 1749 1494 1800 suis
1521 1748 1744 1802 traditor
1773 1748 1981 1804 \‘idere—
2014 1743 2056 1804 Β
2086 1743 2360 1805 convenit,
2391 1743 2661 1816 Sapienter
2687 1737 2950 1804 attendas.
2983 1746 3036 1794 el
3063 1738 3344 1792 advenere
3384 1747 3439 1792 θι
3475 1738 3673 1805 llr-“1“

390 1843 495 1900 tur,
526 1832 716 1889 talibus
749 1835 927 1890 verbis
953 1851 1047 1891 eos
1079 1836 1282 1902 fefellit,
1315 1846 1373 1892 ut
1395 1837 1603 1894 diceret
1632 1857 1644 1891 :
1676 1839 1814 1906 Quid
1839 1839 1979 1910 apud

391 1941 491 1982 nos
520 1941 857 1982 reservamus
891 1928 992 1982 ista
1022 1930 1287 1984 contraria
1316 1930 1523 2002 synodo
1555 1931 1979 1988 Chalcedonensi

390 2032 668 2088 responsa,
693 2027 752 2072 ut
775 2018 987 2074 inventa
1011 2019 1329 2090 quandoque
1358 2022 1408 2075 in
1441 2021 1696 2077 Ecclesiae
1722 2022 1979 2080 Romana:

387 2108 590 2163 scrinio
615 2122 646 2162 a
676 2108 833 2163 nobis
863 2111 1154 2178 approbata
1195 2111 1515 2166 credantur?
1547 2113 1654 2169 Sed
1691 2114 1978 2170 aderamus

385 2199 479 2256 illa
521 2200 575 2255 in
623 2201 899 2271 palatium,
933 2213 986 2256 et
1026 2201 1094 2256 de
1133 2202 1239 2257 illis
1275 2204 1474 2274 agaut‘
1509 2221 1524 2258 :
1553 2204 1652 2274 ipsi
1674 2205 1784 2274 jam
1815 2221 1979 2261 nove-

388 2294 517 2347 rint.
551 2293 711 2360 Quasi
759 2309 821 2349 ea
868 2294 1116 2350 scindere
1155 2295 1237 2350 vel
1285 2311 1443 2351 urere
1474 2295 1587 2366 ipse
1624 2312 1730 2352 non
1772 2307 1976 2368 posset,

385 2393 477 2438 aut
499 2400 595 2454 per
614 2401 765 2440 suam
789 2401 1050 2442 evacuare
1071 2387 1418 2454 sententiam,
1445 2397 1538 2442 aut
1561 2389 1696 2458 ipsis
1725 2404 1755 2443 a
1785 2390 1980 2459 quibus

384 2476 598 2532 fuerant
634 2478 757 2532 data
801 2479 1085 2534 refuttdere
1126 2497 1138 2532 :
1179 2496 1297 2550 quae
1329 2495 1427 2536 nec
1469 2481 1744 2550 suscipere
1780 2481 1846 2535 ab
1875 2483 1975 2550 eis,

385 2587 483 2625 uec
509 2583 832 2641 extorquere
862 2574 1144 2642 debuerat,
1176 2576 1222 2630 si
1261 2591 1388 2631 vere
1419 2574 1784 2644 prtrjudicium
1815 2590 1979 2644 gene-

384 2663 513 2716 ralis
543 2663 732 2734 synodi
766 2667 1122 2734 praecavebat.
1150 2667 1326 2738 Atque
1368 2669 1468 2723 ista
1509 2670 1528 2699 '
1556 2669 1709 2723 solita
1739 2669 1973 2740 fictione,

384 2751 592 2822 ﬁngens
638 2755 754 2822 ejus
797 2756 1170 2826 prmjudicium
1199 2773 1258 2814 se
1285 2773 1499 2827 cavere,
1525 2758 1630 2814 hoc
1658 2774 1754 2829 pro
1783 2761 1976 2815 volun-

387 2840 496 2900 tale
544 2847 935 2901 contrariorum
992 2848 1150 2915 fecit,
1199 2849 1338 2918 quod
1388 2849 1439 2904 ei
1486 2849 1532 2904 si
1579 2849 1976 2906 dissimulcmus

384 2938 719 3007 praejudicet.
760 2939 1040 3006 Quomodo
1087 2941 1230 2996 enim
1279 2955 1387 2994 non
1437 2940 1776 3012 prarjudicet,
1806 2941 1850 2996 si
1882 2941 1978 2998 de-

385 3040 754 3087 monstrentur
785 3034 853 3089 70
893 3034 1108 3089 circiter
1150 3035 1387 3104 episcopi
1418 3049 1538 3090 cum
1574 3036 1814 3090 llomauo
1841 3035 1978 3090 anti-

2086 1849 2211 1889 care
2251 1844 2302 1889 te
2347 1847 2565 1888 necesse
2596 1841 2676 1886 est
2703 1846 2821 1901 qua:
2853 1844 2950 1900 pax
2987 1830 3036 1882 in
3067 1829 3157 1884 Dei
3200 1828 3437 1883 Ecclesia
3474 1829 3546 1882 sit
3591 1837 3675 1884 te-

2085 1925 2282 1992 nenda,
2323 1941 2443 1980 cum
2491 1924 2804 1994 Apostolus,
2834 1923 2925 1992 qui
2965 1921 3248 1975 Dominum
3291 1931 3530 1975 nostrum
3562 1921 3675 1986 spi-

2086 2018 2244 2073 ritum
2287 2017 2338 2070 in
2387 2031 2446 2071 se
2494 2014 2639 2084 ioqui
2685 2014 2973 2083 perhibuit,
3004 2011 3122 2066 ait:
3158 2011 3273 2065 Pax
3314 2010 3522 2076 Christi,
3564 2023 3674 2080 quae

2084 2119 2349 2181 exsuperat
2398 2124 2595 2161 onmem
2645 2122 2868 2170 sensum,
2921 2105 3180 2159 custodiat
3225 2105 3380 2157 corda
3420 2113 3582 2158 vestra
3625 2113 3674 2157 et

2084 2201 2444 2272 intelligendas
2473 2209 2661 2253 vestras
2692 2197 2918 2269 (Philip.
2954 2212 3026 2265 tv,
3061 2197 3138 2266 7).
3165 2195 3283 2267 ipse
3312 2204 3489 2251 autem
3518 2194 3673 2250 Chri-

2084 2305 2197 2347 stus
2228 2292 2368 2347 Dens
2409 2300 2592 2345 noster
2622 2289 2808 2343 volens
2840 2286 3088 2358 perfectae
3119 2295 3145 2323 ⁸
3177 2285 3323 2355 pacis
3351 2284 3546 2340 indicia
3575 2283 3673 2340 de-

2086 2395 2408 2451 monstrare,
2437 2385 2566 2439 dicit
2594 2399 2609 2440 :
2640 2382 2823 2436 Pacem
2852 2398 3014 2435 meam
3046 2381 3280 2449 relinquo
3307 2381 3464 2446 vobis,
3495 2395 3672 2450 pacem

2085 2495 2248 2532 meam
2286 2480 2350 2531 do
2399 2478 2536 2530 vobis
2566 2493 2584 2531 :
2617 2492 2717 2529 non
2757 2474 3006 2544 quomodo
3052 2474 3276 2526 mundus
3319 2473 3429 2538 dat,
3465 2487 3557 2542 ego
3605 2472 3672 2526 do

2086 2574 2224 2628 vobis
2254 2571 2433 2642 (Joau.
2460 2587 2533 2638 tv,
2562 2570 2679 2638 ‘27).
2713 2568 2934 2635 Quaiem
2965 2567 3106 2621 enim
3140 2565 3369 2620 mundus
3393 2563 3522 2620 dare
3552 2579 3672 2634 pos-

2085 2669 2175 2730 sit,
2202 2669 2315 2736 ipse
2342 2681 2439 2721 nos
2470 2665 2688 2720 instruit
2713 2679 2805 2732 per
2829 2663 3140 2734 prophetam
3163 2662 3250 2732 qui
3275 2662 3384 2716 ait:
3415 2659 3670 2730 Dicentes,

2085 2775 2206 2828 pax,
2230 2772 2353 2826 pax,
2383 2772 2496 2810 cum
2534 2771 2633 2807 non
2665 2763 2790 2807 esset
2821 2770 2921 2821 ναῖε
2946 2751 2997 2824 (J
3006 2769 3077 2806 er.
3111 2768 3185 2817 Vl,
3213 2752 3322 2820 Μ).
3352 2751 3411 2805 ΕΙ
3443 2749 3571 2804 illud
3601 2747 3670 2804 si-

2087 2852 2195 2906 mili
2239 2851 2444 2904 ratione
2490 2862 2796 2917 pensemus,
2826 2845 2949 2916 quia
2993 2846 3045 2900 in
3091 2845 3456 2913 apostolorum
3501 2841 3669 2898 actio-

2086 2943 2243 2998 nibus
2291 2943 2356 2997 dc
2405 2939 2640 3011 perfecta
2695 2953 2824 3008 pace
2873 2937 2949 2992 sic
2996 2947 3079 2991 est
3118 2936 3184 2992 de
3234 2935 3578 2991 credentibus
3618 2937 3669 2991 in

2087 3035 2311 3091 Domino
2348 3034 2699 3096 declaratum,
2731 3027 2870 3099 quod
2900 3037 3019 3083 erat
3064 3028 3115 3083 in
3162 3028 3267 3083 illis
3301 3042 3395 3082 cor
3426 3044 3589 3083 unuut
3619 3036 3679 3084 el

383 3124 507 3178 s‘ite
538 3123 1063 3195 Constantinopolim
1101 3126 1427 3197 congregati,
1476 3135 1531 3181 ut
1573 3127 1693 3182 illos
1732 3126 1972 3182 omittam
2007 3131 2052 3190 C
2084 3130 2258 3184 anima
2289 3142 2388 3182 una
2415 3126 2550 3196 (Act.
2583 3139 2652 3188 tv,
2684 3120 2799 3190 5'2).
2830 3121 2990 3175 Multa
3015 3133 3143 3190 ergo
3171 3130 3294 3175 sunt
3323 3137 3441 3192 quae
3470 3122 3536 3177 de
3567 3128 3668 3176 ter-

381 3215 472 3284 qui
501 3224 625 3270 ante
655 3216 1111 3286 subscripserant,
1144 3218 1536 3276 condemnasse
1565 3233 1686 3274 cum
1711 3218 1976 3288 approba-

383 3306 590 3362 toribus
625 3308 737 3362 suis
781 3309 1066 3378 epistolam
1097 3326 1126 3364 a
1158 3310 1584 3367 Chalcedonensi
1625 3313 1852 3368 concilio
1881 3328 1976 3381 ap-

381 3398 697 3468 probatam?
719 3409 772 3456 et
795 3402 944 3456 illum
973 3404 1308 3475 episcopum,
1333 3404 1486 3475 cujus
1507 3406 1765 3462 doctrinae
1786 3407 1974 3462 laudes

379 3493 433 3546 in
479 3503 780 3550 memorato
826 3493 1254 3552 Chalcedonensi
1296 3498 1528 3552 concilio
1573 3498 1811 3553 recitatae
1848 3507 1974 3554 sunt

377 3582 593 3638 nemine
619 3586 927 3656 resistente,
952 3600 1071 3641 eum
1101 3587 1216 3643 suis
1246 3588 1586 3658 dogmatibus
1607 3589 1970 3646 anathemati-

375 3689 532 3730 zasse
574 3684 695 3743 post
732 3686 984 3745 mortem,
1019 3679 1313 3735 scientibus
1348 3682 1584 3748 caeteris,
1613 3691 1669 3738 et
1699 3684 1754 3737 in
1785 3698 1970 3737 eorum

373 3768 754 3822 communione
793 3768 1170 3825 manentibus?
1204 3770 1286 3826 0b
1316 3771 1418 3826 hoc
1447 3786 1575 3842 ergo
1604 3775 1969 3829 necessarium

375 3855 472 3912 fuit
501 3873 607 3914 non
639 3860 798 3914 modo
838 3860 904 3915 ab
939 3876 1128 3916 eorum
1180 3877 1280 3918 nos
1327 3863 1706 3918 communione
1750 3864 1970 3919 subtra-

374 3948 526 4014 lzere,
577 3965 763 4006 verum
812 3952 1000 4017 etiam,
1051 3952 1171 4022 quia
1231 3953 1496 4022 potiorem
1544 3953 1865 4009 videbantur
1914 3954 1968 4009 in

372 4041 612 4097 Ecclesia
641 4052 826 4098 tenere
859 4044 1061 4109 locum,
1086 4044 1176 4113 qui
1204 4045 1363 4113 primi
1393 4044 1516 4098 huic
1544 4045 1854 4115 praejudicio
1876 4045 1970 4100 im-

369 4140 619 4201 peratore
659 4131 886 4202 jubente
927 4143 1230 4205 cesserunt,
1275 4150 1343 4190 ne
1383 4136 1625 4205 ipsorum
1677 4137 1846 4207 magis
1887 4147 1966 4191 tc-

369 4226 546 4280 nenda
577 4227 844 4282 sententia
869 4228 1164 4296 videretur,
1195 4243 1644 4297 commemorare,
1669 4231 1810 4300 quod
1837 4231 1965 4287 alibi

369 4317 616 4386 fecimus,
649 4320 918 4390 quomodo
949 4321 1063 4376 sive
1102 4320 1285 4376 Menas
1314 4319 1962 4390 Constantinopolitanus,

369 4408 484 4465 sive
513 4408 698 4465 Zoilus
738 4410 1156 4477 Alexandrinus,
1189 4413 1305 4468 sive
1346 4413 1715 4468 Antiochenus
1760 4413 1965 4484 Ephre-

2081 3237 2208 3279 rcna
2238 3231 2290 3276 et
2319 3218 2527 3276 caelesti
2559 3231 2687 3289 pace
2713 3213 3066 3270 discernenda
3099 3214 3428 3269 inveniamus
3452 3217 3669 3284 scripta.

2079 3316 2208 3384 Qu:e
2239 3314 2358 3382 quia
2390 3327 2486 3368 vos
2517 3327 2623 3368 non
2668 3312 2938 3368 credimus
2988 3312 3256 3382 ignorare,
3303 3307 3536 3364 sufﬁciat
3564 3323 3672 3364 ex»

2078 3407 2344 3476 cerpsisse
2385 3419 2552 3476 pauca
2600 3405 2667 3460 de
2707 3404 2978 3478 plurimis,
3009 3411 3067 3457 ut
3098 3401 3264 3472 magis
3295 3410 3397 3456 tuae
3428 3399 3670 3454 fraterni-

2079 3500 2202 3553 tatis
2249 3496 2420 3567 possit
2463 3495 2733 3552 aestimare
2792 3493 3052 3565 judicium
3101 3508 3220 3564 quae
3269 3506 3370 3562 pax
3425 3489 3598 3561 potius
3639 3501 3668 3542 a

2075 3588 2450 3644 sacerdotibus
2479 3589 2547 3643 sit
2581 3585 2832 3643 tenenda.
2870 3604 2889 3639 ι
2923 3585 3110 3641 Nonne
3137 3585 3477 3656 perspicuum
3507 3590 3590 3639 est
3617 3590 3667 3637 et

2075 3681 2354 3737 evidenter
2379 3689 2602 3750 apparet
2633 3696 2696 3735 ex
2727 3680 2810 3733 his
2840 3694 2957 3750 quae
2987 3676 3422 3742 memoravimus,
3448 3674 3587 3748 quod
3617 3681 3668 3732 et

2077 3772 2176 3842 ipsi
2200 3772 2452 3828 contrarii
2479 3771 2566 3840 qui
2596 3787 2624 3825 a
2656 3770 2810 3826 nobis
2837 3770 2890 3825 in
2922 3769 3101 3823 multis
3124 3767 3467 3833 dissentiunt,
3492 3767 3544 3821 in
3571 3766 3667 3822 hoc

2077 3874 2254 3920 tamen
2299 3864 2657 3926 consentiant,
2691 3862 2834 3932 quod
2875 3860 2927 3913 in
2966 3859 3162 3914 talibus
3202 3857 3379 3914 causis
3411 3857 3667 3927 praevari-

2074 3966 2313 4012 catorum
2356 3955 2429 4009 sit
2470 3954 2682 4009 vitanda
2730 3951 3070 4008 communio?
3110 3959 3165 4007 ct
3202 3949 3343 4022 quod
3376 3950 3462 4006 illa
3505 3964 3606 4020 pax
3638 3965 3667 4003 a

2077 4045 2168 4102 Dei
2198 4045 2567 4102 saterdotibus
2597 4045 2649 4098 in
2681 4043 2921 4098 Ecclesia
2951 4042 3021 4097 sit
3057 4040 3285 4098 tenenda
3314 4056 3431 4112 quae
3468 4049 3669 4097 statqu

2074 4139 2242 4208 ipsius
2273 4154 2378 4192 non
2407 4136 2684 4192 subvertat
2714 4134 3002 4190 Ecclesiae?
3032 4132 3364 4190 subvertitur
3393 4142 3596 4198 autem,
3620 4133 3667 4188 si

2071 4234 2198 4302 ejus
2238 4232 2306 4287 de
2350 4231 2455 4287 fide
2501 4229 2770 4302 generalia
2821 4230 3115 4283 constituta
3158 4228 3394 4284 decretis
3437 4228 3665 4284 aliorqu

2071 4325 2411 4382 sacerdotum
2451 4324 2690 4395 qualibet
2737 4323 3022 4381 occasione
3059 4323 3395 4395 frangantur.
3436 4323 3665 4395 Propter

2071 4417 2213 4488 quod
2259 4428 2312 4474 et
2352 4417 2474 4474 illos
2510 4417 2600 4488 qui
2641 4417 2835 4473 talibus
2864 4417 3394 4473 communicaverant
3439 4417 3663 4472 veniens

367 4502 540 4569 mins,
589 4512 642 4559 et
695 4504 884 4561 Petrus
929 4505 1485 4578 llierosolymitanus,
1539 4517 1827 4578 antequam
1877 4507 1963 4563 vel
1990 4517 2044 4578 Ι)
2071 4511 2122 4566 in
2161 4510 2363 4580 regiam
2402 4511 2668 4565 civitatem
2697 4524 2726 4564 a
2759 4510 3140 4565 communione
3176 4509 3454 4578 suspendit
3481 4507 3531 4563 δ.
3560 4508 3662 4577 Qui

368 4596 738 4652 consentirent
763 4599 846 4652 vel
873 4599 1154 4666 cederent,
1189 4601 1369 4656 testati
1408 4610 1534 4656 sunt
1576 4599 1690 4656 ﬁeri
1731 4616 1838 4657 non
1867 4601 1966 4659 de-

369 4683 518 4739 bere.
548 4686 629 4741 0b
657 4688 758 4742 hoc
785 4691 946 4746 etiam
975 4693 1044 4749 de
1068 4694 1238 4764 ipsius
1265 4694 1501 4764 episcopi
1537 4693 1761 4750 Romani
1785 4696 1966 4751 chiro-

372 4775 624 4843 graphis,
675 4779 757 4833 vel
807 4785 954 4848 prius
1001 4785 1310 4841 ambitionis
1362 4787 1629 4856 impulsu,
1673 4801 1797 4844 eum
1851 4789 1963 4844 fieri

369 4863 590 4921 arderet
631 4869 938 4938 episc0pus,
971 4876 1052 4928 vel
1087 4886 1269 4944 postea
1315 4878 1607 4933 reualitate
1639 4880 1777 4948 parti
1808 4879 1962 4935 alteri

367 4952 547 5022 factis,
581 4960 945 5014 necessarium
991 4962 1246 5020 duximus
1289 4981 1396 5020 non
1437 4977 1640 5035 tacere,
1678 4983 1746 5022 ne
1783 4979 1967 5024 aucto-

367 5046 528 5103 ritate
552 5048 783 5104 nominis
811 5050 930 5120 ejus
963 5054 1330 5122 praejudicium
1357 5056 1494 5112 ﬁdes
1523 5073 1648 5112 vera
1689 5057 1962 5115 suﬂerret.

365 5138 519 5208 Quod
549 5143 594 5197 si
623 5140 725 5197 hoc
751 5157 858 5199 non
879 5141 1094 5215 fuisset,
1124 5161 1300 5218 neque
1331 5149 1448 5221 ipse
1476 5151 1628 5221 prius
1658 5150 1962 5208 universam

434 5347 463 5416 ξ
502 5339 634 5416 god.
665 5356 802 5416 unus
827 5355 955 5416 ms.,
987 5345 1236 5416 prwfatw.

432 5407 473 5490 ξ’,
507 5413 750 5490 Mennam
783 5414 836 5468 in
865 5407 1189 5486 primis,qui
1223 5417 1380 5473 trium
1408 5418 1774 5490 Capitulorum
1803 5418 1948 5475 dam-

364 5481 566 5539 nationi
606 5485 814 5555 primus
859 5481 1234 5557 consenserat,
1281 5481 1510 5562 quatuor
1549 5493 1816 5549 mensium
1857 5507 1950 5549 cx-

365 5677 628 5809 υιι;ίηῗξ)ᾱ⁶
659 5684 882 5760 Veron"
913 5699 960 5747 εί
999 5692 1124 5765 lluid
1154 5693 1216 5754 de
1243 5693 1348 5753 illis
1378 5702 1559 5768 agant,
1591 5694 1690 5769 ipsi
1718 5697 1833 5769 jam
1868 5713 1958 5754 no.

2071 4605 2150 4662 sic
2178 4619 2366 4660 rursus
2397 4603 2450 4659 in
2485 4604 2798 4658 memoratis
2825 4602 2937 4658 suis
2964 4601 3154 4658 litteris
3182 4601 3311 4657 dicit
3343 4619 3355 4655 :
3390 4621 3409 4654 ί
3438 4601 3663 4669 Quando

2073 4697 2228 4752 nobis
2275 4711 2380 4752 non
2427 4698 2498 4752 sit
2539 4695 2869 4766 incognitum
2907 4695 3031 4765 quia
3061 4694 3319 4751 diaconus
3354 4694 3660 4766 Stephanus

2071 4798 2197 4844 tunc
2223 4788 2555 4858 responsalis
2578 4797 2796 4853 nostrae,
2818 4786 2903 4842 cui
2926 4800 3022 4857 per
3045 4785 3138 4842 Dei
3161 4785 3384 4856 gratiam
3405 4786 3661 4855 praeside-

2069 4893 2208 4944 mus,
2242 4878 2520 4944 Ecclesiae,
2572 4893 2696 4933 cum
2751 4877 2995 4946 plurimis
3051 4874 3373 4932 Christianis
3419 4876 3657 4948 quaudiu

2069 4969 2245 5023 visita
2269 4976 2357 5022 tua
2375 4984 2434 5023 se
2450 4969 2827 5025 communione
2843 4967 3211 5038 suspenderit;
3239 4977 3292 5022 et
3314 4967 3367 5021 in
3387 4965 3657 5021 Siciliensi

2069 5062 2238 5116 insula
2281 5062 2577 5130 constituti,
2620 5064 2782 5118 fratre
2819 5069 2875 5118 et
2916 5061 3240 5131 coepiscopo
3281 5065 3467 5114 nostro
3499 5058 3656 5113 Datio

2068 5151 2361 5220 referente,
2393 5153 2678 5210 didicimus
2709 5153 2851 5224 quod
2880 5161 2934 5208 et
2961 5153 3074 5223 ipse
3103 5159 3158 5207 et
3185 5150 3273 5207 alii
3302 5150 3656 5210 consacerdo-

2060 5349 2546 5405 commnnicatione
2592 5346 2873 5410 multavit,
2911 5356 2969 5401 ut
3010 5345 3211 5402 dictum
3241 5346 3419 5402 estad
3452 5347 3545 5405 lib.
3577 5363 3650 5405 tv.

2058 5421 2414 5492 Theophanes
2436 5421 2490 5476 in
2519 5418 2786 5475 Chronico
2813 5433 2828 5473 :
2859 5430 2943 5480 Ὠς
2971 5423 3054 5474 καὶ
3085 5421 3447 5480 ἀκοινωνησίαν
3463 5422 3653 5480 τεσσᾶυ

3549 5513 3654 5568 ρων

2135 5703 2155 5736 ³
2195 5700 2341 5761 idem
2369 5698 2518 5768 cod.,
2550 5698 2640 5756 ita.
