4104 6360
436 277 542 335 863

1536 263 1831 324 FACUNDI
1872 260 2091 320 EPiSC.
2134 254 2637 319 HERMIANENSIS

3624 253 3760 311 864

440 402 524 449 tes
554 389 749 459 nostri,
777 396 832 445 et
859 384 1011 445 multi
1039 382 1134 441 ﬁlii
1166 380 1426 439 Ecclesiae
1452 377 1771 442 Christiani,
1799 391 1827 431 a
1858 383 1948 431 tua
1978 387 2037 430 se
2065 374 2117 437 Α
2142 383 2306 442 atque
2346 370 2413 427 ad
2441 384 2541 427 nos
2571 364 2883 423 intaminata
2912 363 3190 436 pervenit;
3220 362 3264 459 si
3294 362 3539 459 displicet
3564 365 3754 459 etiam

443 482 791 539 nihilominus
824 476 1203 534 communione
1241 471 1640 536 subtraxerint;
1668 477 1723 525 et
1751 467 1878 522 dum
1907 479 2036 521 cau-

441 592 530 632 sas
571 574 743 630 exorti
785 583 1153 643 quaereremus
1190 565 1452 633 scaudali,
1485 573 1611 620 ante
1653 563 1739 618 dic
1764 575 1828 617 us
1870 560 2037 618 frater

441 678 495 724 et
520 667 868 737 coepiscopus
893 670 1077 719 noster
1107 657 1385 730 respondit
1426 656 1530 712 hoc
1554 654 1907 711 fraternitatis
1932 661 2039 707 tua:

445 757 634 813 fecisse
670 767 979 824 personam,
1010 750 1154 822 quod
1184 765 1213 804 a
1242 748 1388 805 nullo
1432 747 1782 803 decessorum
1823 754 2038 799 tuorum

442 845 899 914 decessorumque
935 851 1241 898 nostrorum
1282 838 1615 910 temporibus
1645 837 1882 907 qualibet
1907 834 2039 890 fuis-

443 947 529 995 set
547 938 758 995 ratione
784 935 1157 993 commissum.
1196 954 1216 989 ι
1249 933 1437 990 Cernis
1469 930 1609 1000 quod
1640 946 1746 984 non
1776 928 1924 984 solus
1955 927 2041 983 hic

445 1028 607 1101 judex
648 1028 870 1100 ejusque
912 1028 1174 1084 diaconus
1214 1026 1262 1092 ,¹,
1315 1023 1410 1080 sed
1462 1031 1519 1078 et
1563 1022 1747 1076 Datius
1792 1018 2043 1075 Mediola-

448 1120 630 1177 nensis
672 1119 996 1190 episcopus,
1051 1132 1174 1173 cum
1232 1115 1353 1172 aliis
1402 1114 1811 1181 sacerdotibus,
1858 1112 2041 1167 talium

450 1210 926 1281 prtevaricatorum
965 1207 1400 1264 communionem
1448 1205 1721 1261 ferendam
1769 1219 1890 1260 esse
1935 1219 2043 1259 non

447 1303 699 1359 duxerit?
740 1302 879 1371 Quid
924 1302 1085 1372 igitur
1133 1301 1307 1356 adhuc
1356 1299 1513 1354 nobis
1557 1298 1623 1352 de
1672 1297 1773 1353 hoc
1817 1295 2044 1367 qumstio

448 1404 842 1461 commovetur,
870 1393 1009 1449 unde
1040 1407 1140 1449 nec
1170 1393 1309 1447 inter
1342 1390 1777 1447 contradicentes
1815 1386 2041 1442 invicem

451 1486 559 1541 ulla
613 1494 697 1541 est
753 1485 1146 1550 contradictio,
1206 1497 1307 1538 nec
1359 1483 1499 1538 inter
1554 1480 1938 1536 dissentientes
1992 1478 2043 1532 in

451 1577 639 1633 multis
685 1574 911 1631 habetur
958 1575 1062 1629 ulla
1110 1573 1411 1630 dissensio?
1460 1573 1590 1629 Nam
1639 1571 1804 1643 judex
1852 1569 2048 1625 asserit

451 1667 597 1739 quod
627 1665 826 1721 invitus
853 1666 980 1721 illud
1013 1664 1296 1736 protulerit
1321 1664 1613 1734 judiCatutn
1642 1672 1689 1717 ι.
1722 1662 1829 1716 Nos
1857 1671 2043 1715 contra

2137 462 2441 519 sollicitudo
2467 469 2521 517 et
2548 458 2761 517 cautela
2803 458 2975 514 sancti
3019 466 3177 528 atque
3203 455 3500 512 doctissimi
3539 458 3759 513 orthoo

2137 553 2261 609 doai
2292 553 2398 609 viri
2432 550 2774 623 Hieronymi;
2816 550 2864 605 si
2895 548 3141 618 displicet
3176 548 3229 603 in
3274 546 3762 606 Chalcedonensis

2139 662 2351 717 quoque
2399 645 2612 702 concilii
2666 659 2826 700 causa
2884 642 3081 699 dudum
3146 643 3303 699 nobis
3348 643 3632 725 pmbitnm
3688 646 3778 700 in!

2141 740 2338 795 Acacio
2383 755 2415 793 a
2464 738 2628 794 tantis
2658 737 2976 808 praesulibus
3007 736 3318 805 apostolica:
3359 736 3507 793 sedis
3549 752 3765 794 exem-

2141 832 2312 903 plum,
2344 830 2668 888 universalis
2694 829 2950 885 Ecclesiae
2976 829 3333 884 consensione
3363 827 3671 893 ﬁrmatum;
3701 830 3758 884 si

2143 921 2390 992 displicet
2438 922 2578 992 quod
2637 922 2690 976 in
2740 920 2992 989 praesenti
3040 934 3253 991 quoque
3302 918 3468 988 ipsius
3517 921 3758 978 concilia

2141 1013 2539 1082 oppugnatione
2577 1019 2881 1066 statuerunt
2927 1010 3179 1065 Africana
3220 1011 3490 1079 concilia;
3534 1011 3582 1067 si
3629 1011 3759 1069 dis-

2144 1102 2306 1173 plicet
2352 1103 2493 1174 quod
2540 1102 2766 1158 aliarum
2810 1118 3023 1173 quoque
3071 1101 3463 1173 provinciarum
3496 1103 3761 1175 episcopt

2146 1192 2453 1250 faciendum
2485 1208 2606 1250 esse
2632 1193 2904 1261 viderunt,
2932 1194 3074 1249 sicut
3102 1193 3299 1266 Illyrici
3334 1202 3492 1265 atque
3525 1194 3757 1250 Dalma-

2148 1286 2275 1340 titn:
2310 1284 2520 1356 placeat
2570 1284 2656 1341 vel
2706 1285 2849 1355 quod
2896 1286 3011 1352 ipse
3039 1286 3282 1357 Vigilius,
3309 1286 3393 1341 vel
3436 1286 3581 1355 quod
3626 1288 3759 1357 ipse

2147 1376 2367 1432 Sorcius
2394 1376 2585 1441 sensit,
2614 1377 2757 1447 quod
2789 1377 2841 1431 in
2872 1376 3179 1447 huiusmodi
3208 1377 3385 1432 causis
3428 1379 3756 1434 communio

2149 1467 2335 1522 talium
2377 1467 2851 1537 prmvaricatorum
2902 1467 3116 1523 vitanda
3162 1466 3253 1523 sit.
3301 1466 3506 1523 idcirco
3554 1468 3757 1525 beatus

2149 1570 2362 1629 quoque
2392 1558 2693 1628 Stephanus
2718 1555 2910 1629 praesul
2941 1559 3250 1626 apostolica:
3273 1560 3440 1624 sedis,
3470 1574 3593 1615 eum
3620 1575 3755 1616 san-

2152 1660 2294 1705 etum
2341 1649 2665 1720 Cyprianum
2711 1658 2872 1720 atque
2920 1651 3057 1706 alios
3109 1651 3268 1707 Afros
3322 1652 3630 1722 episcopos,
3683 1653 3756 1712 de

454 1756 846 1827 respondemus
901 1757 1043 1827 quod
1086 1756 1229 1812 ultro
1272 1771 1368 1826 per
1402 1756 1748 1810 ambitionem
1787 1754 2046 1822 poilicita-
2080 1754 2122 1812 Β
2153 1742 2486 1812 baplilandis
2522 1744 2772 1800 omnibus
2801 1744 3069 1800 hmrcliCis
3108 1742 3414 1800 decreVisse
3452 1759 3755 1816 cognosci-

454 1848 603 1904 tione
632 1848 771 1903 facta
798 1850 1122 1919 peccaverit,
1149 1863 1251 1903 nec
1283 1848 1390 1901 ulla
1419 1846 1730 1901 SItSlinUf'l'll
1755 1851 2047 1908 tormenta,

456 1940 652 2010 quibus
678 1939 909 1996 cessisse
938 1939 1212 1995 credatur.
1236 1939 1485 2008 Cumque
1506 1938 1609 1992 hoc
1637 1935 1861 1990 invitum
1884 1949 1943 1989 se
1974 1933 2051 1989 fe-

462 2032 605 2090 cisse
633 2041 860 2097 asserat,
892 2046 1079 2087 rursus
1107 2031 1304 2086 ibidem
1337 2030 1469 2086 dicit
1512 2029 1653 2101 quod
1686 2029 1936 2099 ignorans
1974 2025 2052 2081 fe-

462 2125 621 2181 cerit.
650 2124 756 2180 Nos
780 2139 908 2181 vero
931 2125 1227 2195 probamus
1246 2139 1351 2179 non
1384 2139 1507 2179 eum
1534 2123 1773 2193 potuisse
1800 2123 2053 2193 ignoran-

458 2226 568 2271 tetu
603 2214 803 2283 latere,
839 2215 981 2286 quod
1010 2216 1234 2270 invitum
1274 2231 1333 2269 se
1359 2215 1552 2270 asserit
1580 2212 1882 2268 admisisse.
1925 2212 2053 2267 Post

459 2307 576 2365 item
604 2308 767 2365 etiam
795 2308 967 2365 videri
1010 2309 1121 2363 volt
1166 2308 1296 2363 nihil
1342 2308 1396 2363 in
1425 2306 1796 2379 praeiudicium
1826 2305 2053 2363 Chalcec

456 2400 711 2457 donensis
756 2402 933 2473 egisse
969 2400 1206 2457 concilii.
1251 2401 1345 2456 Cui
1382 2416 1480 2456 nos
1510 2416 1635 2456 suas
1679 2400 2053 2456 excusationes

456 2491 781 2560 opponimus
806 2507 821 2545 :
849 2492 974 2561 quia
1005 2489 1105 2545 nisi
1130 2491 1232 2545 hoc
1253 2490 1452 2561 egisset
1471 2490 1613 2559 quod
1648 2505 1739 2561 pra
1755 2490 2051 2561 judicaret,

459 2597 798 2655 nequaquam
828 2598 889 2639 se
919 2582 1001 2639 vel
1027 2583 1093 2639 de
1118 2583 1417 2653 principum
1450 2581 1725 2652 violentia,
1758 2582 1842 2638 vel
1865 2582 1933 2639 de
1956 2595 2051 2637 sua

458 2670 761 2743 ignorantia
803 2689 1030 2745 purgare
1076 2684 1237 2745 atque
1267 2674 1549 2731 absolvere
1595 2675 1879 2732 niteretur.
1918 2674 2051 2731 Cum

461 2763 625 2835 igitur
663 2765 830 2820 multa
874 2765 1013 2821 inter
1054 2780 1155 2821 nos
1183 2765 1250 2820 de
1282 2765 1365 2820 bis
1394 2774 1556 2836 atque
1600 2766 1719 2821 aliis
1748 2766 2055 2822 inveniatur

461 2870 587 2912 esse
618 2857 905 2928 dissensio,
945 2857 1070 2914 inde
1104 2867 1281 2913 tamen
1311 2858 1562 2913 convenit
1596 2857 1740 2913 inter
1772 2868 1970 2928 partes,
2000 2869 2055 2913 et

462 2947 603 3018 apud
634 2963 820 3004 omnes
866 2949 982 3005 sine
1025 2948 1133 3004 ulla
1162 2948 1530 3005 controversia
1567 2957 1799 3017 constat,
1827 2948 1968 3019 quod
1999 2950 2053 3005 in

462 3038 660 3095 talibus
680 3041 856 3095 causis
877 3040 1350 3111 praevaricatorutn
1379 3037 1453 3093 sit
1480 3038 1785 3094 communio
1814 3040 2049 3097 vitanda.

2155 1842 2254 1909 ret,
2291 1833 2557 1903 quamvis,
2592 1846 2647 1889 ut
2696 1835 2898 1890 dictum
2946 1844 3050 1901 est,
3083 1834 3232 1891 nullo
3275 1835 3593 1905 interposito
3619 1849 3758 1888 ειυς

2154 1924 2412 1991 themate,
2445 1940 2623 2003 neque
2659 1927 2913 1982 adversus
2943 1925 3052 1982 ulla
3076 1926 3290 1982 concilii
3317 1926 3584 1998 generalis
3611 1927 3754 1982 anti-

2153 2016 2340 2088 quiora
2368 2017 2583 2074 decreta
2615 2028 2707 2073 aut
2756 2017 3104 2073 conniventes
3134 2017 3402 2075 haereticis
3432 2020 3595 2076 talem
3626 2033 3748 2075 sen-

2165 2110 2364 2165 entiam
2389 2110 2773 2179 protulisscnt,
2815 2109 3071 2166 continuo
3125 2117 3303 2166 tamen
3334 2110 3385 2167 ei
3410 2109 3754 2168 denuntiavi:

2154 2200 2296 2272 quod
2330 2200 2375 2255 si
2406 2202 2497 2272 qui
2528 2199 2631 2255 hoc
2671 2198 2959 2266 auderent,
2989 2200 3058 2255 ab
3103 2198 3341 2257 Ecclesia
3372 2200 3708 2269 pellerentur
3737 2217 3752 2256 :

2153 2301 2211 2349 et
2240 2291 2500 2363 Stephani
2535 2291 2713 2364 potius
2757 2307 2917 2361 quam
2947 2291 3205 2363 Cypriani
3248 2292 3573 2347 sententiam
3606 2301 3754 2351 tenet

2155 2390 2421 2458 Ecclesia,
2456 2404 2563 2445 non
2598 2389 2771 2445 solum
2802 2390 2870 2444 de
2896 2404 3000 2444 non
3031 2387 3425 2459 rebaptizandis
3456 2390 3752 2455 hereticis,

2154 2499 2342 2541 verum
2389 2484 2555 2539 etiam
2578 2483 2653 2553 de
2695 2482 3150 2552 rebaptizantibus
3195 2496 3299 2540 non
3331 2484 3592 2539 ferendis.
3644 2484 3754 2542 Se-i

2156 2579 2238 2636 vir
2268 2578 2724 2650 prudentissimos
2754 2580 3103 2650 Augustitus,
3134 2578 3199 2634 ad
3230 2579 3533 2651 arguendos
3559 2581 3631 2636 de
3655 2595 3752 2636 suo

2155 2672 2447 2729 schismate
2476 2671 2808 2735 Donatistas,
2838 2671 2927 2742 qui
2967 2671 3285 2726 auctoritate
3316 2671 3459 2726 beati
3496 2670 3752 2742 Cypriani

2157 2764 2502 2836 sacrilegium
2522 2778 2629 2835 quo
2652 2763 2913 2833 baptisma
2933 2764 3126 2818 iterant
3149 2774 3411 2819 conantur
3429 2762 3753 2830 defendere,

2154 2858 2408 2915 sufﬁcere
2457 2857 2687 2914 credidit
2731 2857 2848 2929 ejus
2875 2857 3180 2928 exemplum
3230 2876 3245 2913 :
3288 2858 3411 2928 quia
3440 2872 3562 2913 cum
3599 2858 3755 2914 aliter

2156 2965 2318 3020 quam
2356 2950 2537 3022 plures
2566 2950 2793 3006 aliarum
2827 2950 3223 3021 provinciarum
3253 2950 3491 3020 episcopi
3518 2949 3590 3005 de
3620 2951 3754 3021 bap—

2159 3042 2323 3098 tismo
2350 3052 2585 3114 saperet,
2616 3059 2720 3099 non
2754 3052 2932 3100 tamen
2960 3057 3019 3100 se
3040 3043 3489 3115 quemadmodum
3518 3044 3623 3115 ipsi
3652 3044 3755 3101 Do-

464 3129 705 3203 Deuique
734 3145 833 3187 nec
875 3132 1097 3188 Sorcius
1139 3132 1467 3202 praecipuum
1496 3130 1660 3188 decus
1700 3132 1866 3202 partis
1906 3132 2055 3204 ipso—
2084 3129 2130 3194 C
2162 3136 2371 3191 natistze
2398 3136 2466 3193 ab
2496 3136 2736 3193 Ecclesia
2768 3137 3088 3209 segregavit.
3122 3136 3441 3208 chregaret
3476 3146 3685 3203 auzem,
3711 3137 3755 3192 si

465 3240 609 3291 tum,
658 3234 712 3281 et
761 3240 922 3295 quem
976 3239 1098 3280 esse
1127 3224 1228 3280 nisi
1265 3239 1387 3281 cum
1435 3224 1633 3281 talibus
1664 3240 1770 3281 non
1815 3224 2052 3294 deceret,

448 3316 587 3393 huic
614 3316 896 3372 sententia:
927 3316 1268 3383 contradicit,
1307 3316 1415 3371 imo
1446 3330 1573 3373 vero
1609 3328 1665 3374 et
1705 3316 1904 3386 aliquid
1936 3333 2052 3372 am-

463 3404 607 3476 plius
638 3406 750 3477 ipse
777 3406 925 3462 dicit.
974 3406 1104 3463 Nam
1134 3407 1379 3464 scribens
1418 3410 1574 3465 beato
1612 3410 1726 3466 seni
1776 3409 1982 3465 Boetho
2004 3408 2053 3477 ιι,

465 3497 776 3571 priusquam
811 3498 1103 3569 navigaret,
1130 3514 1248 3570 quae
1277 3499 1628 3559 damnaverat
1656 3514 2052 3575 resttmpturus,

466 3588 750 3645 anathema
774 3590 916 3660 quod
938 3589 1186 3647 Africana
1210 3593 1434 3649 concilia
1458 3608 1563 3651 non
1594 3593 1852 3662 fecerunt,
1882 3596 1934 3652 in
1960 3610 2056 3652 eos

466 3682 689 3753 protulit
711 3681 895 3741 dicens
928 3701 941 3737 :
979 3702 999 3737 ε
1030 3682 1439 3743 Anathematizo
1458 3685 1755 3759 Eutychcm
1785 3700 1909 3742 cum
1939 3699 2056 3741 om-

467 3772 626 3829 nibus
673 3775 1032 3843 sectatoribus
1061 3776 1179 3848 ejus
1223 3776 1663 3850 adjutnribusque
1706 3778 1907 3851 ipsius,
1939 3777 2060 3849 qui-

466 3881 676 3939 cunque
722 3878 988 3925 conantur
1036 3880 1238 3927 tomum
1284 3872 1453 3929 sancti
1495 3872 1705 3929 concilii
1752 3871 2055 3929 Chalcedo-

467 3960 648 4015 nensis
680 3959 733 4016 in
774 3962 955 4033 aliquo
985 3964 1300 4036 infringere;
1340 3958 1726 4036 et'quicunque
1769 3966 2053 4037 epistolam

469 4049 575 4106 Iba:
614 4067 771 4123 quam
822 4054 951 4110 illud
994 4066 1240 4114 sanctum
1283 4059 1569 4113 concilium
1611 4056 2053 4114 Chalcedonense

468 4144 721 4215 suscepit,
754 4146 1088 4214 anatlietnat,
1120 4150 1401 4205 anathema
1435 4151 1563 4207 milii
1614 4160 1716 4207 est.
1749 4172 1768 4205 ι
1821 4151 2055 4227 Proinde

444 4229 515 4288 'si
558 4234 801 4292 Mociano
830 4238 1077 4309 displicet
1106 4242 1157 4297 in
1198 4243 1360 4297 simili
1404 4242 1603 4300 Nictcni
1649 4245 1863 4300 concilii
1894 4240 2055 4300 causa

446 4322 806 4399 observantia
839 4327 1026 4385 llilarii
1076 4340 1133 4385 et
1161 4332 1390 4387 aliorum
1419 4334 1744 4405 collegarum
1789 4333 1929 4404 ejus,
1963 4349 2057 4403 per

470 4427 603 4484 quos
642 4416 950 4473 orthodoxa
998 4419 1134 4479 ﬁdes
1177 4423 1230 4478 itt
1264 4424 1351 4479 illa
1385 4414 1703 4497 tempestate
1734 4433 1945 4481 servata
1975 4435 2057 4482 est

2159 3228 2298 3282 inter
2336 3240 2395 3283 se
2433 3242 2498 3283 ac
2527 3227 2904 3285 dissentientes
2930 3227 3216 3283 anathema
3257 3228 3541 3283 deﬁnisset
3563 3229 3607 3282 '.
3643 3227 3755 3284 iloe

2159 3315 2321 3387 igitur
2351 3318 2655 3389 exemplum
2704 3318 2845 3374 beati
2892 3318 3146 3391 Cypriani
3195 3318 3355 3390 hujus
3396 3322 3753 3376 assertionem

2160 3407 2295 3462 nihil
2327 3407 2564 3479 adjuvat,
2590 3418 2650 3464 ut
2673 3408 2886 3477 videtis,
2910 3410 3004 3466 sed
3032 3411 3300 3481 quomodo
3327 3425 3427 3467 nos
3456 3412 3637 3482 potius
3662 3414 3755 3467 ad-

2152 3498 2324 3570 juvet,
2367 3501 2552 3559 videre
2598 3503 2830 3562 debetis.
2875 3503 3112 3561 Dicimus
3154 3520 3283 3574 ergo
3312 3506 3565 3573 quoniam
3617 3506 3754 3561 sicut

2159 3592 2403 3660 quamvis
2434 3594 2833 3663 reitapt'zantes
2861 3592 3169 3650 Donatistas
3197 3594 3516 3650 damnemus
3546 3594 3614 3650 ab
3650 3595 3754 3650 Ec-

2161 3682 2323 3739 clesia
2370 3697 2666 3754 separatos,
2702 3700 2808 3741 non
2853 3696 3030 3741 tamen
3063 3687 3381 3742 damnamus
3423 3685 3754 3758 Cyprianum

2160 3783 2214 3831 et
2244 3775 2421 3831 socios
2451 3776 2591 3847 ejus,
2614 3776 2703 3847 qui
2728 3778 2932 3834 nullius
2960 3777 3319 3834 anathematis
3347 3778 3754 3847 interpositione

2161 3867 2229 3924 ab
2258 3867 2496 3923 Ecclesia
2526 3883 2587 3924 se
2615 3868 2934 3937 diviserunt,
2965 3884 3087 3925 cum
3114 3870 3181 3925 de
3212 3870 3532 3941 baptismate
3562 3870 3753 3926 deﬁni-

2161 3968 2284 4015 rent
2330 3959 2473 4030 quod
2520 3974 2661 4017 nunc
2713 3961 2926 4016 videtur
2968 3962 3306 4018 occasionem
3354 3961 3753 4017 Donatistarum

2160 4053 2329 4109 errori
2361 4054 2595 4109 dedisse.
2646 4054 2721 4109 ita
2763 4054 3008 4125 quamvis
3036 4055 3354 4110 damnemus
3404 4054 3754 4111 Nesmriauos

2161 4147 2229 4202 ab
2270 4146 2508 4202 Ecclesia
2551 4154 2851 4216 separatos.
2886 4154 3203 4202 non-tamen
3235 4146 3553 4201 damnamus
3600 4146 3757 4216 Mop-

2161 4249 2470 4296 sucstenum
2501 4240 2872 4307 Theodorum,
2903 4240 2993 4311 qui
3037 4240 3237 4296 nullius
3282 4239 3643 4295 anathematis
3677 4240 3757 4295 in-

2164 4334 2512 4405 terpositione
2541 4334 2610 4388 ab
2646 4332 2879 4389 Ecclesia
2904 4333 2926 4364 ³
2960 4333 3161 4399 divisit,
3195 4333 3277 4387 vel
3310 4333 3355 4387 si
3384 4332 3585 4401 aliquid
3624 4332 3755 4387 scri-

2167 4429 2296 4498 psit,
2339 4428 2481 4500 quod
2513 4427 2650 4485 forte
2680 4442 2823 4484 nunc
2863 4427 3075 4485 videtur
3113 4426 3451 4483 occasionem
3480 4424 3756 4482 Nestoria-

474 4615 571 4680 fac-1:)
611 4604 774 4680 μηνῷν
807 4596 998 4680 boias".
1033 4608 1175 4674 Μηνᾷ
1221 4612 1293 4679 τῷ
1331 4605 1897 4680 ventorum-numam;
1930 4607 2051 4680 ⁸ἐπι·

2173 4619 2304 4679 :um,
2338 4600 2481 4667 nunc
2517 4612 2868 4669 constitutum
2900 4619 3083 4675 vocat;
3120 4602 3757 4680 prolatttmqucpstendit

450 4671 647 4738 ’σκόπῳ
694 4671 759 4727 εἰς
778 4672 1076 4745 ⁸ἐπιτίμιον.
1123 4671 1292 4739 Quem
1339 4688 1515 4729 tamen
1544 4688 1727 4745 postea
1760 4676 2057 4732 Theodorus

472 4748 680 4819 rogatu,
705 4748 761 4819 ut
778 4739 1131 4819 Thetqilianes
1156 4746 1298 4801 idem
1331 4751 1457 4802 rete.
1475 4760 1515 4814 t,
1540 4739 1592 4803 in
1623 4750 2054 4804 communionem

450 4874 451 4877 η
476 4809 678 4875 recepit
708 4810 793 4865 die
822 4809 891 4866 29
918 4812 1079 4868 Junii.

448 4894 493 4964 ’,
521 4878 686 4964 ,⁸,Ρθ
712 4896 818 4950 (1ηο
847 4886 1090 4964 Ρτοξὶηιθ
1115 4884 1225 4954 jatn
1250 4886 1446 4964 dictum
1476 4898 1578 4942 est.
1603 4886 1796 4964 Clerici
1827 4889 2054 4964 Romani

471 4946 555 5029 ad.
587 4946 910 5029 Francorum
957 4946 1160 5029 legatos
1200 4961 1543 5011 consntutum
1606 4962 1895 5027 appellant.
1946 4963 2057 5016 Iloc

471 5025 614 5103 enim
647 5032 729 5076 est
757 5025 1008 5103 quodhab
1047 5028 1370 5103 imperatore
1399 5043 1581 5103 postea
1611 5025 1880 5099 recepisse
1914 5033 2057 5103 Vigi-

474 5088 602 5143 ltunt
628 5103 861 5147 narrant.
897 5088 1167 5159 Pra’slittt,
1197 5088 1458 5163 inquiunt,
1494 5101 1630 5155 Deus
1659 5112 1714 5153 ut
1737 5088 1832 5156 hac
1856 5088 2057 5157 ratione

472 5170 675 5241 sanctus
704 5180 856 5241 papa.
890 5164 1104 5241 Vigilius
1143 5164 1469 5223 constitutum
1506 5174 1643 5241 quod
1678 5173 1728 5224 in
1761 5175 1874 5236 ipsa
1904 5191 2060 5227 causa

473 5230 681 5313 fererut,
705 5230 916 5316 publica
946 5230 997 5289 in
1031 5250 1273 5316 conventu
1302 5230 1567 5309 recipere",
1602 5245 1636 5295 ά
1666 5230 1908 5297 nuntians
1932 5247 2054 5307 quia

474 5303 518 5353 si
555 5303 677 5385 quis.
708 5303 1004 5385 Cnet-orum
1024 5382 1031 5385 Δ
1053 5303 1417 5385 ερίδροιζοηᾳηί
1452 5303 1610 5381 usque
1646 5314 1714 5365 at!
1757 5303 2054 5368 universalis

471 5373 971 5454 {oriciltiltractatum
998 5382 1061 5454 de
1085 5373 1192 5436 istis
1221 5373 1471 5450 Capitulis
1493 5373 1689 5450 aliquid
1721 5387 1938 5451 fecisset,
1969 5395 2057 5437 att!

472 5439 781 5523 {‘{cit'ntibus
800 5452 1145 5517 acquievisset,
1173 5470 1202 5503 tt
1230 5439 1590 5509 communione
1606 5439 1741 5509 sedis
1762 5439 2059 5523 apostolica:

476 5509 672 5595 arruns
701 5509 975 5595 existeret._
996 5523 1070 5574 De
1100 5509 1200 5576 hoc
1231 5525 1391 5595 etiam
1420 5541 1583 5593 agens
1607 5509 1829 5595 Vigiltu's
1864 5528 1978 5591 ipse
2007 5529 2058 5580 in

475 5586 694 5648 cpistola
725 5593 791 5639 ad
828 5589 1103 5645 liusticum
1140 5604 1195 5646 et
1231 5586 1625 5665 Sebastianum,
1670 5586 1810 5653 nunc
1848 5586 1943 5668 jt'td
1970 5614 2058 5653 ca-

544 5721 560 5803 ξ
597 5722 729 5803 Coti.
770 5723 990 5803 Verona
1013 5731 1256 5803 diaconus
1287 5732 1594 5803 S'cpltauus.

541 5791 561 5822 ⁸
602 5795 747 5849 ldum
777 5796 919 5863 cod..
958 5799 1227 5867 tle/istam.

2166 4683 2255 4736 die
2282 4677 2505 4737 Sahbato
2529 4693 2738 4755 sancto,
2761 4683 3091 4752 missumque
3120 4677 3184 4736 ad
3218 4679 3463 4755 Mennam
3496 4677 3756 4755 Constan-

2168 4756 2603 4823 tinopolitanntn.
2635 4753 2742 4808 Sed
2774 4755 2929 4824 longe
2956 4747 3236 4810 diversum
3279 4752 3349 4804 ab
3379 4750 3481 4824 hoc
3516 4747 3757 4824 iudicato

2165 4818 2308 4897 aliud
2360 4828 2455 4878 fuit
2501 4818 3041 4895 constitutttm'qttod
3084 4822 3428 4897 A\'igilins_dc
3467 4818 3659 4874 cadent
3698 4831 3757 4897 re

2166 4896 2367 4965 aliquot
2397 4906 2517 4965 post
2544 4911 2736 4957 annos,
2767 4911 2887 4948 cum
2917 4890 3215 4966 'sytiodus'v
3249 4890 3756 4966 inciioargtur,_ctii-

2166 4967 2198 5020 d
2226 4958 2334 5019 t'atl
2364 4958 2719 5021 iustiuiannm
2745 4966 2916 5035 pridie
2943 4958 3059 5021 i'dus
3089 4966 3250 5020 Maias
3280 4966 3337 5018 Ι).
3364 4962 3427 5016 (ἶ.
3461 4960 3641 5015 Basilii
3669 4958 3752 5011 li.

2241 5038 2265 5075 ιι
2308 5038 2417 5091 Iloc
2461 5048 2545 5093 est
2591 5038 2821 5110 ptitnati.
2866 5038 2955 5110 Sic
2992 5036 3137 5110 enim
3180 5036 3250 5087 ob
3276 5035 3451 5110 anatis
3490 5044 3754 5110 praeroga-

2170 5108 2327 5162 tivam
2358 5110 2615 5180 appellari
2672 5109 2861 5180 solitos
2910 5109 2978 5180 iu_
3014 5108 3191 5161 Africa
3240 5108 3493 5180 primates
3540 5108 3755 5180 provin-

2168 5181 2377 5231 ciarum
2396 5172 2531 5234 alibi
2559 5178 2911 5232 oSIendimus.
2955 5177 3163 5232 Pritnas
3188 5172 3366 5230 autem
3401 5174 3635 5228 Boethus
3664 5172 3755 5223 luit

2165 5249 2455 5320 Byzacium:
2484 5250 2790 5318 provinciae.
2828 5249 3009 5303 Victor
3040 5250 3091 5304 in
3119 5247 3387 5303 Chronico
3418 5243 3532 5320 :‘l’.
3564 5242 3626 5297 C.
3657 5240 3754 5294 Ba-

2160 5315 2264 5373 stiii
2324 5320 2382 5373 V.
2435 5315 2497 5376 (ἐξ
2547 5336 2683 5373 anno
2728 5320 2795 5374 12
2853 5319 3141 5375 l’rimaaius
3178 5332 3375 5383 quoque
3429 5315 3753 5369 .‘icwmcteusi

2163 5392 2471 5445 monasterio
2518 5394 2794 5461 relrg'alur.
2848 5391 2955 5447 Sed
3004 5390 3182 5445 Boetio
3233 5388 3453 5459 primate
3501 5384 3752 5454 Byzaceni

2160 5463 2365 5516 concilii
2391 5470 2552 5517 morte
2596 5460 2873 5531 praevento,
2922 5474 2975 5516 ut
3018 5463 3066 5517 ei
3106 5460 3419 5527 succederet,
3466 5464 3749 5512 memorata

2161 5534 2481 5588 damnationi
2513 5535 2746 5603 protinus
2770 5535 3007 5589 assensit.

2251 5739 2270 5771 ³
2310 5736 2440 5794 Cod.
2476 5736 2693 5805 Vcron.,
2726 5753 2777 5793 se
2801 5736 2862 5791 ab
2895 5733 3143 5797 Ecclesia.
