4104 6360
359 252 466 309 865

1514 255 1713 313 LIBER
1749 255 2024 315 CONTRA
2064 253 2445 315 MOCIANUM.

3519 258 3625 313 866

357 382 554 427 norum
581 369 750 425 errori
778 368 1011 427 dedisse.
1044 368 1115 424 Et
1149 366 1290 425 sicut
1313 367 1467 425 nobis
1499 370 1697 426 sufﬁcit
1722 379 1939 426 senten-
1969 376 2013 434 Α
2045 379 2197 437 trem,
2225 378 2274 424 et
2315 367 2499 439 sufﬁcit
2542 366 2687 423 nobis
2731 364 2917 437 (Joan.
2956 379 3067 435 xtv,
3099 366 3179 438 8),
3209 365 3428 440 impune
3460 371 3627 428 cessit

358 464 461 518 tias
489 462 558 518 de
583 462 854 531 baptismo
873 461 1123 533 Cypriani
1151 471 1203 517 et
1228 461 1497 516 sociorum
1520 462 1637 533 ejus
1663 476 1938 532 respuere,

359 570 460 612 nec
504 554 607 611 sub
650 555 990 611 anathemate
1021 553 1405 617 condemnare,
1448 554 1520 608 ita
1565 554 1610 609 si
1640 553 1764 624 quid
1805 552 1943 608 forte

357 648 537 703 minus
580 645 883 717 intelligens
930 645 1246 702 Theodorus
1294 644 1437 701 male
1480 643 1716 713 scripsit,
1745 643 1941 700 sulﬁcit

358 736 516 793 nobis
562 751 840 806 respuere,
876 750 974 792 nec
1026 736 1127 791 sub
1155 736 1497 791 anathemate
1527 735 1886 790 condemnare
1923 750 1940 790 :

359 831 610 897 quoniam
654 830 791 885 hanc
838 828 1197 885 reverentiam
1224 843 1439 897 semper
1470 827 1706 883 Ecclesia
1751 825 1945 881 detulit

358 923 415 977 in
446 924 648 993 gremio
677 922 827 991 pacis
851 935 962 976 suae
991 928 1151 990 atque
1180 920 1385 975 honore
1413 917 1701 986 defunctis,
1732 924 1791 971 ut
1834 930 1943 972 non

358 1014 531 1067 solum
556 1027 648 1068 eos
676 1013 765 1083 qui
796 1012 933 1067 forte
958 1011 1011 1066 in
1039 1010 1235 1066 talibus
1255 1009 1641 1081 quaestionibus
1670 1023 1764 1079 per
1792 1009 1943 1079 igno~

358 1104 588 1159 rantiam
635 1103 881 1158 humana:
923 1102 1250 1157 inﬁrmitatis
1291 1109 1581 1167 errasseut,
1610 1114 1796 1155 verum
1844 1111 1943 1154 nec

359 1198 477 1267 ipsa
517 1211 703 1253 eorum
749 1196 914 1261 dicta,
961 1197 1100 1251 sicut
1146 1193 1542 1257 haereticorum,
1574 1192 1677 1247 sub
1722 1190 1945 1246 anathe-

360 1300 503 1346 mate
546 1290 951 1346 condemnaret.
983 1288 1303 1345 llaereticum
1348 1287 1648 1342 enimnon
1696 1284 1943 1339 humana:

360 1382 689 1437 inﬁrmitatis
736 1381 1055 1452 ignorantia,
1101 1379 1198 1436 sed
1249 1376 1546 1449 pervicacia
1593 1375 1736 1430 facit.
1790 1373 1944 1431 Unde

361 1472 553 1527 beatus
575 1472 902 1542 Augustinus
925 1472 979 1526 in
996 1470 1136 1526 libro
1156 1470 1226 1526 de
1237 1456 1644 1552 Catechizandis
1667 1467 1938 1523 Rudibus:

365 1583 384 1616 ι
421 1564 760 1633 Quanquam,
786 1563 983 1633 inquit,
1030 1571 1085 1618 et
1106 1562 1181 1618 illi
1210 1562 1303 1633 qui
1329 1556 1577 1618 catholici
1608 1575 1676 1631 ex
1706 1561 1806 1615 hac
1832 1559 1941 1614 vita

359 1656 675 1726 migrarunt,
706 1663 762 1711 et
789 1653 990 1723 aliquid
1022 1655 1321 1708 litterarum
1365 1650 1787 1707 Christianarum
1817 1662 1945 1718 pos-

2042 470 2193 517 tanto
2214 468 2455 531 tempore
2473 460 2742 517 Christum
2766 474 2873 516 non
2892 461 3229 532 cognovisse.
3256 461 3477 518 Ananize
3495 476 3626 519 vero

2048 560 2097 607 et
2126 550 2403 621 Sapphirtn
2425 550 2853 607 subtrahentium
2874 551 2943 607 de
2971 551 3143 620 pretio
3162 550 3245 607 sui
3271 551 3454 622 ρι’κὰἰί
3474 567 3627 608 com-

2043 641 2267 697 missum
2308 640 2469 712 paulo
2515 652 2640 699 ante
2667 643 2921 699 delictum
2957 643 3145 699 mortis
3193 658 3348 715 pana
3377 654 3461 702 est
3502 658 3627 715 pro-

2043 732 2187 788 tinus
2214 742 2525 789 consecuta.
2580 734 2752 791 Aliter
2794 734 2975 807 itaque
3014 735 3277 804 iudicatur
3320 751 3351 791 a
3400 737 3627 795 Domino

2043 822 2272 893 simplex
2321 824 2533 893 pietatis
2577 825 2897 895 ignorantia,
2945 835 3001 881 et
3045 827 3203 883 aliter
3252 827 3449 898 duplex
3491 844 3625 885 con-

2045 914 2271 973 scientia
2305 914 2603 985 pravitatis.
2647 915 2714 969 Et
2742 915 3036 985 apostolica
3066 916 3282 986 quidem
3327 918 3484 974 sedes
3532 933 3630 986 per

2044 1004 2259 1061 beatum
2307 1003 2576 1061 Gelasium
2621 1005 2774 1061 nefas
2814 1005 3022 1075 judicat
3066 1016 3185 1076 post
3227 1018 3453 1062 mortem
3492 1022 3628 1064 con-

2043 1095 2302 1151 demnare
2328 1105 2352 1133 ³·
2396 1095 2699 1167 quempiam
2744 1095 2797 1151 in
2845 1095 3104 1151 Ecclesiae
3134 1111 3262 1166 pace
3290 1098 3622 1166 defunctum,

2044 1201 2165 1242 cum
2192 1187 2366 1244 dicit:
2403 1204 2423 1240 ι
2460 1187 2613 1255 Quod
2661 1202 2824 1257 super
2852 1195 3051 1242 nostra;
3080 1186 3344 1244 facultatis
3383 1200 3464 1244 est
3502 1204 3620 1244 mo-

2043 1277 2250 1345 dulum,
2280 1277 2463 1347 divino
2482 1277 2690 1349 judicio
2716 1278 3101 1349 relinquamus.
3127 1280 3243 1334 Non
3272 1290 3450 1336 autem
3474 1281 3630 1337 nobis

2018 1432 2021 1433 ν
2044 1377 2298 1441 poterunt
2318 1370 2585 1440 imputare
2606 1370 3059 1441 praevaricationis
3078 1371 3359 1437 offensam,
3382 1372 3429 1428 si
3449 1374 3632 1429 viven-

2045 1462 2189 1518 tibus
2218 1463 2574 1535 remittamus,
2607 1463 2749 1533 quod
2787 1463 3041 1530 Ecclesiae
3071 1465 3180 1520 Deo
3206 1464 3466 1536 largiente
3507 1479 3634 1535 pos-

2045 1555 2201 1611 sibile
2232 1564 2337 1621 est,
2359 1557 2452 1626 qui
2477 1570 2578 1612 nos
2600 1556 2762 1623 etiam
2787 1558 3011 1613 mortuis
3034 1566 3124 1613 aut
3152 1558 3361 1613 veniam
3388 1566 3479 1613 aut
3503 1572 3633 1613 con-

2045 1646 2447 1702 demnationem
2493 1647 2624 1702 dare
2685 1657 2929 1717 poscunt,
2980 1647 3129 1727 quod
3178 1647 3332 1703 nobis
3379 1647 3632 1718 possibile

361 1746 493 1801 teris
530 1746 900 1815 reliquerunt,
946 1745 998 1799 in
1038 1743 1361 1815 quibusdam
1394 1742 1528 1796 locis
1562 1740 1940 1810 opusculorum
1973 1742 2019 1802 Β
2047 1752 2153 1791 non
2176 1752 2300 1795 esse
2323 1737 2668 1793 manifestum
2691 1751 2775 1796 est
2797 1755 2816 1796 :
2840 1741 2962 1809 quia
2987 1754 3108 1795 cum
3137 1740 3335 1795 dictum
3358 1741 3424 1795 sit
3453 1757 3471 1795 :
3505 1741 3633 1808 Quis

358 1851 603 1903 suorum,
628 1836 716 1892 vel
746 1851 852 1891 non
884 1835 1161 1899 intellecti,
1186 1834 1292 1900 vel,
1318 1833 1473 1889 sicuti
1495 1842 1579 1890 est
1610 1831 1840 1886 humana
1864 1830 1945 1883 in-

360 1929 607 1994 ﬁrmitas,
643 1928 817 1983 minus
847 1928 1083 1981 valentes
1119 1926 1234 1981 acie
1264 1926 1459 1981 mentis
1488 1923 1749 1978 abditiora
1782 1935 1946 1991 pene-

359 2030 526 2090 trare,
555 2030 609 2074 et
636 2018 1100 2077 verisimilitudine
1129 2034 1157 2072 a
1191 2020 1411 2072 veritate
1437 2016 1772 2081 aberrantes,
1803 2029 1945 2084 prte-

356 2112 727 2183 sutnptoribus
751 2122 804 2167 et
840 2112 1132 2167 audacibus
1170 2110 1387 2166 fuerunt
1426 2111 1693 2166 occasioni
1730 2109 1797 2163 ad
1842 2110 1944 2163 ali-

359 2218 518 2274 quam
558 2203 803 2257 haeresim
845 2202 1167 2258 moliendam
1208 2213 1369 2272 atque
1415 2201 1756 2272 gignendam.
1789 2218 1807 2251 ι
1839 2200 1944 2255 Ca-

358 2295 587 2350 tholicos
618 2296 796 2366 itaque
833 2294 962 2349 dicit
990 2311 1056 2349 ex
1090 2294 1189 2349 hae
1215 2295 1322 2349 vita
1362 2294 1622 2364 migrasse
1650 2293 1946 2349 catholLeus

358 2386 707 2455 Augustinus,
742 2385 831 2456 qui
865 2387 918 2440 in
956 2385 1197 2441 Ecclesia
1224 2386 1498 2440 constituti
1529 2400 1627 2455 per
1655 2385 1943 2439 humanam

358 2476 720 2535 inﬁrmitatem
769 2481 945 2535 minus
973 2479 1256 2534 valuerunt
1290 2478 1405 2534 acie
1449 2478 1645 2533 mentis
1677 2476 1944 2533 abditiora

358 2578 661 2641 penetrare,
694 2577 750 2624 et
785 2568 1260 2623 verisimilitudine
1305 2582 1336 2620 a
1387 2568 1613 2622 veritate
1654 2566 1946 2621 aberrare-

356 2669 519 2717 runt:
550 2676 647 2718 nec
670 2662 783 2716 vult
821 2675 916 2717 eos
944 2661 1225 2716 haireticos
1253 2660 1378 2726 diei,
1407 2659 1648 2730 quamvis
1686 2675 1947 2729 praesum-

358 2752 605 2821 ptoribus
645 2761 700 2805 et
724 2751 1014 2806 audacibus
1044 2751 1314 2807 occasioni
1364 2751 1673 2806 fuerunt‘ad
1712 2752 1942 2821 aliquam

358 2845 607 2901 haeresim
638 2845 960 2900 moliendam
991 2854 1148 2916 atque
1175 2845 1513 2915 gignendam.
1551 2843 1618 2899 Et
1663 2844 1785 2900 ideo
1814 2844 1943 2899 bea-

358 2946 470 2992 tum
498 2936 823 3009 Cyprianum
857 2937 1080 3007 ejusque
1108 2938 1366 3008 collegas,
1400 2938 1489 3006 qui
1535 2952 1627 3005 per
1659 2939 1943 2992 humanam

359 3031 719 3086 inﬁrmitatem
746 3031 797 3086 in
826 3030 1123 3101 quaestione
1142 3030 1479 3100 baptismatis
1500 3040 1836 3097 erraverunt,
1863 3031 1945 3086 vel

2049 1827 2325 1898 ligaveritis
2346 1846 2500 1899 super
2524 1838 2730 1898 terram,
2757 1841 2904 1885 erunt
2930 1830 3087 1901 ligata
3114 1840 3158 1886 et
3185 1832 3238 1884 in
3267 1831 3392 1886 caelo
3416 1828 3632 1900 (Matth.

2049 1934 2159 1987 ιη,
2196 1920 2308 1989 l9),
2340 1935 2475 1991 quos
2522 1935 2626 1974 non
2666 1934 2786 1975 esse
2811 1922 2922 1992 jam
2968 1930 3178 1976 constat
3220 1935 3380 1991 super
3408 1928 3632 1986 terram,

2050 2025 2156 2065 non
2188 2009 2440 2076 humano,
2468 2010 2562 2065 sed
2607 2024 2705 2064 suo
2747 2009 2952 2079 judicio
2992 2011 3305 2065 reservavit.
3338 2008 3448 2064 Nec
3474 2010 3635 2069 audet

2050 2103 2290 2158 Ecclesia
2320 2104 2536 2159 sibimet
2565 2102 2836 2159 vindicare
2867 2102 3006 2173 Quod
3029 2103 3158 2172 ipsis
3185 2102 3354 2158 beatis
3379 2102 3634 2173 apostolis

2050 2194 2313 2263 conspicit
2342 2209 2448 2249 non
2480 2193 2645 2249 fuisse
2682 2207 3021 2249 concessum.
3063 2193 3120 2249 Si
3146 2194 3286 2248 enim
3320 2193 3445 2248 licet
3485 2190 3635 2263 ligari

2050 2294 2312 2353 mortuos,
2355 2286 2477 2341 licet
2502 2294 2559 2340 et
2587 2284 2752 2351 solvi;
2781 2293 2836 2341 et
2860 2285 2905 2339 si
2935 2285 3055 2340 licet
3083 2285 3305 2340 mortuis
3334 2283 3637 2338 damnatio-

2050 2394 2172 2433 nem
2216 2378 2437 2441 inferre,
2487 2377 2612 2433 licet
2660 2387 2715 2433 et
2760 2379 2972 2434 veniam
3004 2376 3155 2432 dare.
3191 2396 3210 2429 ι
3244 2377 3352 2434 Sed
3404 2378 3448 2433 si
3499 2379 3635 2433 forte

2048 2474 2296 2540 cuiquam
2330 2471 2541 2527 videtur
2579 2468 2724 2525 illam
2755 2478 2939 2527 tenere
2972 2473 3292 2526 sentent’am
3337 2484 3440 2541 qua
3479 2469 3636 2525 dam-

2051 2565 2211 2619 nandi
2242 2563 2724 2643 creduntur_aliqui
2766 2563 2818 2619 in
2856 2563 3112 2619 Ecclesiae
3142 2578 3271 2633 pace
3301 2562 3557 2628 defuncti,
3584 2572 3636 2620 et

2050 2675 2154 2713 non
2186 2659 2356 2728 magis
2382 2657 2518 2710 hanc
2546 2655 2857 2725 apostolicae
2883 2655 3029 2712 sedis
3055 2670 3176 2726 qua:
3202 2655 3303 2711 soli
3335 2656 3449 2711 haec
3476 2655 3637 2710 intel-

2049 2752 2163 2820 ligit
2188 2750 2369 2805 divino
2392 2749 2594 2819 judicio
2635 2746 2999 2816 reservatum,’
3013 2758 3069 2805 et
3102 2747 3471 2804 concesserit‘
3498 2763 3635 2819 quo-

2050 2844 2190 2897 niam
2220 2840 2265 2896 si
2296 2841 2420 2896 licet
2449 2841 2602 2910 ligari
2632 2852 2893 2907 mortuos,
2927 2841 3052 2895 licet
3082 2848 3138 2896 et
3164 2840 3327 2906 solvi,
3360 2851 3412 2895 et
3442 2841 3486 2895 si
3514 2839 3636 2896 licet

2050 2936 2278 2991 mortuis
2302 2935 2697 2990 damnationem
2727 2934 2944 2999 inferre,
2979 2933 3103 2988 licet
3133 2942 3187 2988 et
3212 2932 3424 2988 veniam
3466 2931 3595 2987 dare
3620 2948 3633 2984 :

2049 3042 2388 3098 consequens
2419 3042 2523 3082 non
2564 3034 2649 3081 est
2685 3033 2743 3097 ut
2788 3024 2839 3081 ei
2881 3034 3162 3096 propterea
3207 3023 3447 3079 videatur
3476 3023 3636 3080 etiam

358 3120 698 3178 Theodorum
742 3123 1199 3192 Mopsuestenum,
1231 3122 1277 3176 si
1325 3137 1355 3175 a
1397 3121 1619 3175 veritate
1661 3120 1712 3176 in
1767 3122 1945 3191 aliquo
1974 3118 2018 3180 C
2053 3120 2460 3189 MopsueSIenus
2488 3119 2801 3173 Theodorus
2828 3134 2948 3174 esse
2973 3118 3325 3172 damnandus.
3354 3117 3470 3173 Non
3493 3117 3637 3174 enim

361 3214 495 3267 forte
525 3212 809 3269 aberrasse
855 3222 1202 3277 monstretur,
1245 3221 1299 3268 et
1329 3211 1398 3267 de
1439 3212 1538 3269 hac
1566 3214 1671 3266 vita
1723 3213 1776 3267 iu
1830 3213 1948 3282 ipso

359 3308 567 3374 positus
616 3318 801 3359 errore
849 3304 1140 3371 migrasse,
1188 3304 1477 3358 haereticos
1530 3316 1637 3356 non
1687 3301 1945 3367 dicimus,

360 3408 492 3463 quos
522 3396 733 3464 usque'l
761 3395 814 3450 in
857 3394 963 3451 ﬁne
1012 3395 1274 3451 mansisse
1304 3396 1357 3450 in
1402 3394 1642 3449 Ecclesia
1685 3395 1946 3451 catholica

360 3498 467 3538 non
502 3499 778 3553 negamus.
813 3485 1031 3539 Frustra
1066 3485 1228 3555 igitur
1258 3485 1439 3541 nescio
1469 3499 1571 3554 qua
1603 3486 1703 3540 iste
1731 3485 1794 3538 ad
1822 3501 1948 3539 cau-

361 3588 476 3629 sam
508 3590 612 3629 nou
645 3576 963 3646 pertinentia
1007 3576 1167 3632 soli:e
1213 3578 1315 3631 sibi
1363 3577 1648 3647 colligebat
1682 3579 1947 3647 exempla,

360 3666 555 3736 quibus
570 3668 800 3737 probare
830 3669 1101 3723 nitebatur
1121 3683 1264 3739 smpe
1287 3670 1484 3724 dictum
1515 3668 1947 3739 Mopsuestenum

358 3758 701 3816 Theodorum
737 3761 881 3831 juste
928 3775 993 3816 ac
1034 3762 1351 3833 regulariter
1400 3762 1564 3817 fuisse
1612 3764 1947 3816 damnatum.

359 3851 667 3923 Noncnim,
714 3854 757 3910 si
787 3855 1067 3925 quisquam
1097 3855 1434 3910 damnandus
1462 3855 1482 3886 ³
1512 3854 1821 3923 episcopus,
1858 3854 1947 3923 qui

348 3945 597 4000 moriens
640 3946 954 4001 hzereticum
1004 3946 1057 4000 in
1097 3947 1211 4000 suis
1258 3944 1600 4000 facultatibus
1628 3954 1950 3999 testamento

357 4037 483 4091 fecit
519 4036 808 4104 haeredem,
835 4038 950 4092 acie
994 4036 1193 4092 mentis
1224 4046 1283 4091 ut
1325 4036 1427 4090 hoc
1457 4036 1657 4092 faceret
1684 4035 1947 4092 abditiora

359 4139 641 4196 penetrare
672 4144 777 4183 non
816 4129 1004 4194 valuit,
1044 4137 1137 4182 aut
1166 4127 1637 4185 verisimilitudine
1666 4144 1696 4182 a
1728 4129 1950 4185 veritate

359 4220 660 4286 aberravit;
700 4219 797 4276 sed
840 4218 1182 4275 manifestum
1218 4219 1429 4274 facinus
1470 4232 1577 4273 non
1619 4217 1950 4274 inﬁrmitatis

358 4315 679 4387 ignorantia,
712 4314 806 4370 sed
848 4312 1138 4368 voluntatis
1181 4312 1449 4383 pravitate
1491 4313 1785 4366 commisit.
1823 4312 1949 4367 lude

356 4415 440 4462 est
467 4405 609 4478 quod
637 4405 880 4477 Philippo
899 4404 1099 4461 dicenti
1123 4420 1138 4460 :
1169 4402 1405 4470 Domine,
1431 4403 1639 4458 ostende
1665 4403 1809 4458 nobis
1838 4402 1948 4458 Pa-

2053 3226 2146 3267 eos
2178 3211 2382 3279 impetit
2412 3210 2501 3264 illa
2527 3210 2790 3265 sententia
2841 3208 2951 3279 qui,
2974 3210 3114 3263 sicut
3134 3208 3322 3263 beatus
3341 3205 3638 3279 Cyprianus

2052 3305 2274 3374 ejusque
2304 3302 2460 3368 socii,
2504 3298 2601 3372 per
2629 3302 2912 3356 humanam
2945 3300 3308 3355 inﬁrmitatem
3342 3301 3518 3354 minus
3546 3314 3639 3369 po-

2054 3404 2269 3449 tuerunt
2298 3394 2412 3448 acie
2443 3395 2635 3448 mentis
2666 3393 2928 3447 abditiora
2956 3399 3263 3462 penetrare,
3295 3401 3350 3447 et
3375 3389 3639 3446 verisimi-

2052 3470 2278 3542 litudine
2308 3502 2337 3541 a
2374 3488 2595 3541 veritate
2638 3488 3048 3550 alienaverunt,
3079 3484 3171 3539 sed
3201 3498 3296 3539 eos
3341 3484 3519 3559 potius
3548 3482 3639 3551 qui

2053 3584 2348 3651 probantur
2378 3582 2610 3636 scientes
2654 3579 3000 3649 volentesque
3030 3591 3297 3647 pecc:tsse.
3331 3576 3555 3646 insuper
3585 3584 3640 3631 et

2053 3685 2236 3726 natum
2267 3682 2347 3726 est
2387 3671 2527 3740 quod
2580 3670 2647 3726 de
2692 3669 2791 3724 hac
2819 3668 3086 3724 Theodori
3129 3682 3288 3722 causa
3332 3675 3441 3721 tum
3483 3666 3639 3721 fuerit

2047 3762 2367 3832 judicatum,
2396 3778 2515 3816 eum
2568 3761 2941 3831 Apolinarista:
2988 3760 3355 3829 progenitores
3393 3758 3640 3827 Acepha-

2054 3856 2251 3918 lorum,
2285 3868 2405 3907 cum
2440 3852 2755 3922 quibusdam
2789 3850 3053 3904 dictorum
3095 3850 3211 3917 ejus
3241 3846 3486 3915 capitulis
3518 3862 3638 3901 eum

2052 3954 2354 4014 qumrercnt
2399 3943 2537 3997 abdit
2557 3943 2656 4007 ari,
2691 3954 2744 3997 et
2794 3957 2822 3995 a
2855 3942 3059 3995 Joanne
3104 3939 3440 3994 Antiocheuo
3479 3948 3640 4009 atque

2053 4033 2300 4088 orientali
2342 4031 2593 4097 concilio,
2634 4045 2733 4085 nec
2774 4044 2880 4084 non
2911 4030 3111 4101 Cyrillo
3158 4026 3544 4095 Alexandrino,
3587 4037 3640 4082 et

2053 4123 2247 4180 Proclo
2276 4122 2867 4191 Constantinopolitano
2908 4119 3107 4189 repulsi
3157 4128 3301 4174 sunt.
3345 4117 3451 4173 Sed
3499 4132 3640 4173 nunc

2052 4216 2107 4272 in
2142 4214 2510 4285 prtejudicium
2540 4228 2746 4283 magna:
2768 4210 2957 4284 synodi
2980 4210 3437 4265 Chalcedonensis
3464 4222 3641 4263 resus-

2052 4308 2245 4364 citator
2274 4308 2392 4377 ejus
2438 4307 2665 4376 qtuestio
2713 4314 2837 4359 ante
2882 4311 3095 4358 centum
3146 4311 3200 4357 et
3244 4299 3428 4369 viginti
3472 4314 3641 4353 annos

2053 4398 2199 4455 ﬁnita
2229 4407 2285 4455 et
2332 4396 2587 4454 oblivioni
2627 4396 2738 4467 jam
2784 4396 2997 4451 tradita.
3029 4392 3128 4451 Cui
3166 4392 3477 4466 pracjudicio
3508 4404 3640 4462 quo-

429 4679 455 4752 ?
495 4676 689 4734 Gelasii
708 4679 879 4752 verba
910 4683 1094 4752 sunte
1122 4674 1342 4752 synodo
1361 4675 1598 4752 Romana
1624 4675 1675 4730 in
1708 4689 1813 4746 qua
1842 4674 1936 4752 ah-
1964 4678 2014 4739 D
2041 4676 2293 4752 stitutum‘
2316 4673 2492 4752 νῇκὶιῆ
2523 4686 2645 4728 cum
2671 4670 2925 4752 judicato_
2939 4668 3213 4752 confundi,
3264 4675 3328 4752 et_
3366 4666 3467 4752 alia
3490 4681 3631 4752 ,ρει-ς

358 4749 563 4804 solutus
591 4759 674 4802 est
705 4749 938 4803 Misenus
965 4748 1271 4818 episcopus.
1304 4747 1468 4816 Cujus
1497 4748 1600 4800 alia
1642 4762 1853 4817 quoque
1883 4748 1935 4801 in

360 4818 601 4887 eamdem
628 4822 950 4887 sententiam
997 4818 1187 4872 similia
1229 4827 1444 4872 exstant
1488 4820 1538 4871 in
1580 4818 1782 4887 aliquot
1821 4819 1938 4885 ejus

360 4886 618 4953 epistolis.
657 4885 808 4957 idem
859 4890 1020 4957 etiam
1062 4898 1453 4957 argumentum,
1487 4885 1688 4957 eodem
1741 4887 1938 4941 Gelasii

362 4968 517 5011 utens
548 4956 873 5021 testimonio,
916 4955 1146 5010 uberius
1166 4965 1357 5010 tractat
1385 4956 1608 5021 Vigilius
1646 4958 1698 5009 in
1739 4959 1942 5009 consti-

363 5036 494 5081 Iulo.
542 5027 595 5079 lu
638 5039 745 5094 quo
785 5034 1066 5095 propterea
1110 5026 1379 5080 Theodori
1418 5024 1777 5092 Mopsuesteni
1807 5028 1942 5079 alio-

360 5112 546 5153 rumve
590 5096 727 5150 dicta
767 5106 820 5150 et
863 5109 1076 5149 errores
1121 5096 1207 5164 qui
1238 5095 1648 5163 objiciebantur,
1680 5096 1764 5164 ita
1811 5109 1944 5149 con-

358 5170 598 5233 damnat,
630 5176 684 5219 ιη
715 5166 858 5236 ipsos
905 5176 1081 5236 tamen
1124 5163 1377 5236 auctores
1419 5167 1469 5219 in
1500 5179 1627 5230 pace
1660 5163 1944 5218 defunctos

358 5240 577 5294 minime
606 5234 939 5292 damnandos
968 5234 1243 5294 decernat.
1276 5234 1384 5292 Sed
1430 5236 1680 5307 quoniam
1720 5245 1773 5292 et
1816 5249 1943 5291 cou-

430 5464 450 5493 ¹
495 5460 661 5516 idem.
693 5460 839 5529 006.,
869 5474 1150 5530 quousque.

430 5532 451 5563 ⁸
492 5530 811 5599 ldem'cod.,
835 5530 1157 5617 damnandus
1186 5536 1279 5582 est.

2045 4744 2254 4806 turbate
2281 4747 2332 4801 in
2364 4739 2461 4800 hac
2489 4754 2600 4799 tota
2647 4739 2807 4800 causa
2840 4741 3031 4797 referri
3061 4742 3223 4811 vulgo
3251 4741 3443 4804 solent,
3490 4739 3630 4793 haud

2042 4821 2139 4876 abs
2184 4834 2244 4873 re
2293 4818 2461 4877 viSum
2505 4823 2607 4880 est,
2665 4815 2933 4885 prmeipua
2982 4828 3159 4868 rerum
3202 4812 3397 4882 capita,
3429 4818 3538 4862 tum
3568 4825 3631 4863 ea

2044 4890 2341 4960 praesertim
2387 4886 2621 4960 quaead
2656 4887 2903 4960 V’igilium
2948 4891 3212 4960 Spectant,
3263 4891 3520 4960 quantum
3553 4894 3653 4960 es

2048 4946 2178 5014 cieri
2211 4946 2435 5011 ltoman'i
2477 4957 2541 5010 ad
2581 4946 2783 5025 legatus
2810 4946 3058 5028 epistola,
3111 4946 3294 5028 atque'
3328 4966 3391 5003 ex
3454 4946 3632 5028 Yigiiii

2050 5031 2218 5098 ipsius
2247 5028 2544 5099 encyclios,
2571 5018 2864 5099 constituto
2888 5034 2943 5080 et
2971 5024 3111 5088 aliis,
3133 5018 3630 5099 observarelicuit‘,

2048 5087 2164 5153 s'uis
2194 5087 2584 5164 annis'singula
2625 5099 2643 5120 ‘
2688 5097 2840 5155 brevi
2887 5087 3208 5164 compendio
3247 5090 3501 5146 distincta
3530 5087 3632 5143 sub

2048 5169 2235 5225 oculos
2266 5167 2353 5222 hic
2383 5183 2602 5239 ponere.

2120 5449 2142 5481 ⁵
2182 5449 2325 5532 idem
2373 5454 2531 5532 cod.,
2569 5458 2617 5504 et
2664 5462 2778 5518 qua
2826 5449 3157 5518 (apostolica
3195 5444 3398 5515 sedes)
3447 5441 3634 5500 asserit

2045 5531 2307 5592 quoniam,
2337 5531 2440 5577 etc.

416 5747 443 5806 ἠ·
465 5746 601 5800 tl'am
622 5749 862 5810 synopsim
887 5752 1111 5810 tanquam
1134 5742 1288 5797 facem
1323 5745 1546 5797 omnibus
1584 5743 1745 5796 Facun
1758 5741 1793 5794 li
1813 5741 2023 5803 scriptis,
2049 5740 2097 5795 iu
2118 5740 2214 5793 ﬁne
2238 5731 2469 5793 tibiarum
2496 5733 2916 5823 tsjcollocarimus
