4104 6360
500 192 604 249 867

1559 186 1857 245 FACUNDI
1901 187 2113 246 EPISC.
2155 189 2659 250 llERMlANENSlS

3685 193 3818 252 863

502 311 648 366 niam
682 305 1078 364 communicare
1109 303 1400 360 timuerunt
1439 303 1607 360 beata:
1653 304 1931 360 memoria:
1978 303 2086 358 Ma-
2114 309 2168 369 Α
2193 305 2378 360 eadem
2407 308 2670 378 sequitur,
2720 305 2971 378 quoniam
3004 303 3144 361 sicut
3189 304 3382 362 videtis
3412 296 3680 366 actibuem
3726 311 3817 366 illi

502 403 721 458 rianus‘
753 399 1057 454 Dotacenus
1094 404 1151 452 et
1192 396 1478 451 Basiliscus
1514 395 1852 452 Serdicensis
1880 396 2091 466 cpisco-

503 508 626 565 pus,
656 491 752 547 sed
779 499 829 546 et
861 488 1199 558 Lampridius
1237 489 1517 558 presbyter
1545 498 1600 543 et
1627 488 1798 544 abbas
1841 488 2093 543 Hieroso-

505 582 750 655 lymitani
774 579 1110 647 monasterii,
1153 579 1426 634 Mocianus
1469 594 1564 636 eos
1601 581 2090 650 ConstantinOpoli,

501 684 566 732 ut
602 690 661 732 se
703 672 1131 741 commendaret,
1163 673 1213 729 in
1263 673 1560 745 gehennam
1611 673 1813 729 abiisse
1859 673 2092 728 dicebat.

503 768 612 823 Sed
643 782 750 824 non
793 768 892 823 hac
917 766 1001 823 via
1033 767 1276 838 pergitur
1310 767 1361 821 in
1404 768 1728 838 gehennam,
1760 783 1918 837 quam
1955 767 2095 820 llila-

503 857 618 914 rius
656 873 775 913 cum
805 859 917 913 suis
943 857 1186 928 collegis,
1229 871 1390 929 quam
1431 856 1788 929 Hieronymus
1833 857 1999 914 tenuit
2040 856 2092 911 in

497 963 665 1004 causa
698 949 899 1005 Nicmni
931 949 1163 1016 concilii,
1195 964 1355 1018 quam
1385 957 1464 1004 tot
1492 949 1801 1019 apostolicae
1831 949 1972 1004 sedis
2001 965 2095 1002 an-

505 1043 701 1098 tistites
733 1052 913 1112 postea
946 1042 1116 1097 secuti
1166 1051 1307 1108 sunt,
1340 1056 1461 1096 cum
1493 1042 1822 1111 temporibus
1864 1041 2095 1097 Zenonis

503 1136 752 1192 viderent
799 1135 1246 1191 Chalcedonense
1296 1135 1578 1190 concilium
1629 1135 1876 1190 similiter
1923 1136 2097 1203 impu-

503 1227 681 1295 gnari.
713 1226 817 1282 Sed
844 1226 931 1281 illa
959 1226 1216 1297 gehennae
1247 1234 1330 1282 est
1369 1227 1474 1293 via,
1506 1240 1664 1296 quam
1691 1241 1790 1296 pro
1819 1226 2096 1282 voluntate

506 1316 804 1374 Constantii
833 1317 973 1387 apud
1016 1318 1318 1374 Ariminum
1355 1327 1408 1372 et
1439 1317 1738 1374 Seleuciam
1769 1317 1985 1373 lsaurize
2017 1318 2097 1373 in-

508 1423 694 1481 gressa
729 1417 817 1465 est
849 1409 1180 1478 temporibus
1208 1409 1518 1466 Sirmiensis
1548 1408 1835 1464 multitudo
1878 1427 1892 1463 :
1933 1425 2092 1480 quam

507 1510 562 1557 et
592 1503 693 1557 iste
717 1509 934 1558 secutus
953 1510 1056 1566 est,
1084 1501 1173 1572 qui
1195 1500 1473 1558 Wandalis
1495 1501 1841 1572 regnantibus
1864 1500 2095 1557 Arianus

505 1591 640 1657 luit;
674 1592 868 1649 deinde
894 1594 1120 1663 imperio
1149 1593 1473 1649 succedente
1505 1593 1766 1663 Romano,
1798 1606 1922 1647 cum
1953 1601 2094 1648 tem-

2194 397 2489 453 consiliarii
2519 399 2890 468 priestiterunt
2923 414 2937 452 :
2967 412 3071 466 qua
3102 412 3208 452 non
3255 406 3565 462 contentus,
3611 401 3819 456 adhuc

2194 490 2398 546 ambire
2421 507 2526 547 non
2556 499 2735 547 cessat
2771 505 2835 545 ex
2868 489 3094 544 aliorum
3127 505 3337 559 qunque
3368 492 3666 561 perditione
3700 493 3822 546 ati-

2194 584 2319 653 quid
2370 583 2654 638 sublimius
2703 582 2948 652 adipisci.
3007 581 3097 638 Sic
3146 581 3344 652 quippe
3401 592 3643 652 tempore
3695 587 3819 639 isto

2196 675 2502 745 proﬁcitur;
2527 686 2580 732 et
2607 675 2779 731 sicubi
2808 683 3008 745 potest,
3042 689 3136 743 per
3163 674 3298 727 tales
3324 672 3596 743 adjutores
3616 675 3638 706 '
3663 691 3821 730 con-

2195 779 2345 822 sueta
2395 769 2655 838 nequitia,
2705 764 3029 821 testimoniis
3075 765 3576 820 inconvenientibus
3619 764 3818 820 unde-

2196 873 2406 926 cunque
2435 859 2699 920 collectis.
2731 858 2888 912 etiam
2922 857 3023 910 hoc
3051 855 3260 921 suadet,
3290 855 3432 926 quod
3465 857 3590 912 licet
3631 855 3814 911 Chal-

2198 951 2499 1005 ccdonensc
2541 950 2828 1005 concilium
2879 958 3216 1003 retractetur.
3267 949 3367 1004 Ubi
3415 965 3545 1004 vero
3591 948 3646 1003 id
3691 965 3815 1003 non

2200 1050 2374 1109 poest
2414 1042 2664 1106 suadere,
2695 1049 2786 1094 aut
2817 1040 3106 1094 nefandum
3150 1040 3278 1094 illud
3302 1041 3600 1110 judicatum
3630 1056 3813 1096 excu-

2199 1143 2301 1197 sat,
2325 1143 2415 1186 aut
2437 1131 2943 1186 condemnationem
2967 1130 3205 1186 defendit
3225 1130 3590 1200 Mopsuestcni
3612 1132 3812 1186 Theo-

2198 1224 2344 1289 dori;
2379 1232 2468 1278 aut
2494 1225 2537 1277 si
2567 1223 2699 1276 nihil
2732 1222 2920 1278 horum
2953 1230 3151 1293 potest,
3184 1223 3283 1278 sub
3310 1224 3528 1278 nomine
3561 1224 3718 1293 pacis
3750 1234 3809 1279 et

2200 1315 2340 1384 regis
2367 1355 2381 1379 ,
2428 1315 2494 1368 ad
2563 1313 2818 1384 pollutam
2859 1312 3294 1368 communionem
3347 1313 3431 1370 vel
3477 1317 3808 1383 temporalis

2199 1405 2450 1461 utilitatis
2472 1406 2716 1475 cupidos,
2740 1405 2824 1461 vel
2845 1405 3091 1462 indoctos
3117 1414 3173 1463 et
3205 1406 3537 1477 improvidos
3563 1420 3805 1464 conatur

2200 1498 2455 1554 inducere
2489 1515 2502 1552 :
2534 1498 2653 1554 illos
2698 1497 2930 1554 invitatis
2967 1498 3440 1568 promissionibus,
3473 1500 3608 1556 istos
3647 1503 3802 1554 veri-

2198 1589 2464 1644 similibus
2495 1589 2789 1646 rationibus
2826 1591 3038 1658 lallens,
3082 1590 3172 1661 qui
3220 1588 3403 1658 legunt
3453 1599 3661 1644 tantum
3705 1593 3798 1648 vel

509 1700 640 1756 pore
669 1701 858 1742 versus
879 1694 968 1742 est
1002 1694 1060 1742 ut
1089 1686 1385 1742 catholicus
1410 1685 1716 1751 videretur;
1761 1685 2089 1740 nuncetiam
2125 1683 2418 1759 Bautliunt
2463 1697 2579 1752 qua:
2638 1684 2834 1752 scripta
2881 1693 3026 1749 sunt,
3082 1697 3297 1740 causam
3350 1697 3480 1739 vero
3532 1699 3630 1754 pro
3677 1698 3795 1752 qua

505 1779 576 1835 de
621 1778 821 1850 palatio
871 1777 1196 1849 praeiudiciis
1243 1777 1522 1836 catholicae
1573 1777 1850 1849 religionis
1892 1777 2092 1833 exortis

577 1978 593 2008 ⁸
633 1975 771 2033 Cod.
804 1976 1027 2044 Veron”
1056 1977 1406 2033 Marinianus.

2195 1775 2392 1844 Stl‘lpla
2422 1783 2544 1829 sunt
2571 1790 2677 1829 non
2705 1773 2984 1844 requirunt

2274 1975 2295 2004 ⁸
2335 1972 2479 2028 ldcm
2511 1971 2654 2037 cod.,
2689 1971 2813 2024 tam
2841 1969 3026 2024 invenit
3051 1969 3328 2024 auditores.

2127 2189 3787 2222 Ἢ

1765 2393 2588 2507 FACUNDI

767 2669 1676 2798 EPISTOLA
1765 2665 2253 2796 FIDEI
2347 2661 3463 2795 CATHOLIC/E

1032 2961 1151 3036 IN
1227 2958 1913 3066 DEFENSIONE
1986 2957 2349 3032 TRIUM
2429 2956 3252 3070 CAI’ITULOBUM.

1512 3180 1595 3234 Ea:-
1620 3189 1756 3234 tomo
1783 3175 1879 3230 111
1909 3175 2176 3247 Spicilegit’
2200 3175 2376 3230 damni
2409 3175 2562 3230 Luca:
2584 3173 2840 3229 Dacherit'.
2870 3234 2877 3241 _

1989 3385 2295 3404 _

577 3555 754 3611 Movet
777 3555 1036 3626 quosdam
1085 3564 1141 3612 et
1193 3553 1472 3626 requirunt
1499 3569 1618 3625 qua:
1644 3554 1717 3610 sit
1748 3556 1903 3610 trium
1933 3552 2093 3624 Capi-

2207 3572 2564 3644 circumsepta
2595 3572 2664 3629 ab
2693 3573 2944 3630 omnibus
2976 3573 3272 3632 hmresibus
3293 3577 3628 3645 deuotauda,
3671 3595 3790 3640 cum

506 3647 741 3702 tulorum
769 3662 953 3714 causa,
1004 3662 1100 3718 pro
1122 3663 1226 3718 qua
1259 3647 1505 3702 universa
1531 3655 1699 3704 totum
1725 3663 1860 3718 pene
1891 3662 1985 3717 per
2007 3663 2096 3701 0r-

503 3737 626 3793 bem
653 3737 1081 3792 scandalizantur
1114 3737 1314 3793 Christi
1347 3738 1586 3792 membra
1611 3755 1624 3804 ;
1652 3738 1938 3809 dicuntque
1967 3738 2095 3808 quid

503 3837 682 3898 potest
711 3829 989 3883 catholica:
1013 3827 1265 3885 Ecclesia:
1297 3844 1493 3885 nocere
1515 3830 1787 3886 damnatio
1817 3845 1934 3900 quae
1959 3831 2096 3885 facta

502 3930 586 3974 est
611 3920 999 3989 Capitulorum,
1052 3921 1164 3976 sive
1197 3937 1544 3991 personarum
1575 3923 1644 3977 sit
1664 3924 1777 3978 sive
1806 3922 2097 3978 dictorum?

506 4011 839 4080 Prmsertim,
869 4013 1134 4085 inquiunt,
1164 4029 1284 4070 cum
1314 4024 1368 4071 et
1389 4015 1490 4086 ipsi
1517 4015 1858 4072 damnatores
1883 4032 1941 4072 se
1972 4031 2096 4086 pro-

507 4103 761 4160 ﬁteantur
806 4119 928 4161 cum
958 4121 1062 4162 non
1093 4106 1467 4163 damuantibus
1516 4108 1676 4164 ﬁdem
1727 4118 1935 4176 tenere,
1990 4124 2095 4163 uno

506 4195 755 4274 symbolo
780 4197 1074 4267 baptizare,
1110 4213 1321 4269 unoque
1346 4199 1451 4255 ritu
1484 4208 1591 4255 tam
1621 4200 1885 4257 solemnia
1909 4201 2096 4257 lectio-

505 4303 656 4356 num,
686 4304 843 4361 quam
873 4291 1036 4345 etiam
1081 4292 1327 4348 sacriticii
1358 4293 1605 4350 ordinem
1636 4295 1934 4352 celebrare.
1967 4295 2096 4362 Qui-

507 4381 628 4447 bus,
657 4383 908 4450 quoniam
937 4385 1320 4453 compendiose
1350 4387 1611 4442 rationem
1641 4387 1740 4441 sibi
1763 4387 1913 4442 reddi
1942 4388 2094 4458 nagi-

507 4480 644 4538 taut,
666 4475 743 4527 sic
769 4474 999 4529 breviter
1017 4475 1238 4532 Domino
1260 4478 1522 4548 largiente
1542 4479 1971 4548 respondendum
1989 4491 2092 4546 est,

507 4574 568 4617 ut
625 4564 712 4618 isti
753 4565 853 4636 ipsi
904 4569 1064 4622 trium
1093 4568 1458 4638 Capitulorum
1487 4571 1852 4638 damnatores,
1881 4572 1970 4642 qui
2000 4588 2096 4627 ne-

505 4669 635 4725 gare
684 4671 792 4710 non
821 4668 1044 4726 possunt
1092 4674 1307 4716 causam
1355 4677 1543 4717 eorum
1589 4663 1642 4716 in
1672 4662 2094 4719 Chalcedonensi

507 4755 696 4800 sancto
746 4749 975 4803 concilio
1018 4760 1144 4805 ante
1182 4761 1396 4806 centum
1453 4760 1508 4806 et
1540 4752 1719 4822 viginti
1768 4751 1885 4808 fere
1926 4767 2097 4808 annos

508 4839 670 4897 fuisse
692 4840 1127 4911 determinatam,
1145 4844 1328 4900 dicere
1349 4845 1594 4914 primitus
1616 4856 1896 4916 cogantur,
1919 4855 2094 4902 utrmn

2201 3679 2296 3734 per
2327 3673 2401 3719 tot
2423 3679 2685 3720 annorum
2716 3665 2982 3721 curricula
3013 3667 3264 3734 nescivit,
3295 3684 3468 3740 tteque
3491 3671 3790 3742 intelligere

2199 3755 2392 3826 potuit,
2416 3756 2556 3825 quod
2580 3756 2667 3812 isti
2694 3765 2821 3814 ante
2852 3758 2919 3813 15
2937 3769 3024 3814 aut
3055 3759 3124 3814 16
3147 3775 3336 3826 annos,
3369 3763 3531 3817 variis
3557 3773 3607 3817 et
3630 3777 3788 3834 pere-

2197 3849 2365 3919 grinis
2397 3857 2584 3904 contra
2615 3851 2966 3920 apostolicum
2993 3863 3316 3922 przeceptum
3341 3852 3561 3909 abducti
3591 3854 3790 3909 doctri-

2199 3941 2281 3997 nis
2308 3950 2364 3996 et
2389 3941 2740 4011 obsequendo
2757 3941 3094 4012 jussionibns
3123 3945 3372 4013 palatinis
3401 3955 3789 4016 cognoverunt.

2198 4034 2278 4089 Ac
2333 4048 2428 4103 per
2470 4032 2574 4088 hoc
2619 4043 2674 4090 et
2727 4035 2828 4103 ipsi
2876 4034 3114 4090 haeretici
3143 4044 3287 4100 sunt,
3317 4045 3372 4092 et
3417 4038 3484 4090 ab
3525 4037 3789 4093 haereticis

2199 4123 2477 4193 baptizati,
2513 4139 2689 4195 neque
2710 4124 2887 4180 adhuc
2917 4125 2986 4181 ab
3015 4126 3197 4195 aliquo
3228 4127 3560 4182 reconciliati
3593 4145 3609 4181 :
3652 4144 3789 4197 quo-

2199 4217 2363 4285 niam,
2397 4217 2738 4272 sicutdicuut
2763 4218 2886 4287 ipsi,
2915 4228 3040 4272 sunt
3062 4217 3314 4273 catholici
3352 4220 3442 4289 qui
3475 4235 3646 4288 nuper
3693 4223 3788 4274 tria

2199 4307 2440 4377 Capitula
2467 4309 2876 4376 damnaverunt,
2913 4311 2995 4366 vel
3038 4311 3330 4378 damnant,
3377 4313 3614 4382 ipsisque
3641 4314 3788 4368 dam-

2199 4401 2479 4455 natoribus
2523 4405 2952 4470 communicant;
3014 4405 3249 4460 haeretici
3301 4415 3479 4460 autem
3537 4408 3630 4477 qui
3692 4422 3787 4464 nec

2201 4494 2613 4562 damnaverunt,
2660 4510 2758 4549 nec
2785 4496 3073 4561 damnant,
3100 4513 3199 4551 nec
3224 4498 3603 4553 damuantibus
3629 4514 3782 4554 com-

2201 4587 2496 4640 municant.
2522 4586 2650 4652 Qua:
2675 4602 2794 4642 cum
2828 4591 2898 4642 ita
2923 4591 3048 4656 sint,
3078 4599 3170 4643 aut
3193 4591 3282 4644 illa
3296 4592 3476 4657 utique
3505 4591 3627 4660 fuit,
3655 4593 3784 4647 sicut

2203 4693 2328 4732 vere
2354 4679 2472 4745 fuit,
2500 4685 2679 4744 etest,
2723 4681 2933 4750 eritque
2955 4681 3214 4736 catholica
3252 4683 3512 4750 Ecrlesia,
3541 4699 3662 4754 qua:
3691 4687 3781 4738 tria

2201 4771 2444 4841 Capitula
2476 4788 2572 4828 nec
2605 4774 2902 4838 damnavit,
2936 4791 3034 4830 nec
3065 4776 3306 4842 damnat,
3340 4792 3436 4832 nec
3476 4779 3592 4833 istis
3621 4779 3779 4834 scele-

2203 4864 2456 4920 Stissimis
2484 4865 2892 4922 damnatoribus
2915 4883 3208 4938 eorumque
3236 4870 3776 4925 communicatoribus

506 4935 783 4992 catholica:
813 4935 1069 4993 Ecclesia:
1099 4941 1154 4993 in
1193 4953 1297 5008 qua
1334 4939 1584 5008 baptizati
1637 4948 1762 4995 sunt
1809 4950 2093 5012 antequam

2205 4958 2303 5011 nisi
2359 4960 2457 5014 sub
2512 4961 2697 5014 merita
2751 4961 3113 5018 satisfactione
3165 4965 3560 5029 communicat;
3613 4974 3670 5019 et
3697 4964 3777 5018 isti

507 5041 696 5081 eorum
727 5027 1000 5085 damnatio
1033 5028 1195 5100 impie
1221 5031 1545 5101 proveniret,
1577 5034 1857 5088 nocuerint
1885 5050 1953 5087 an
1987 5050 2092 5089 non

508 5122 812 5178 nocuerint.
841 5125 895 5177 Si
951 5124 1200 5178 nocuisse
1251 5123 1516 5193 dixerint,
1580 5135 1760 5180 notam
1816 5129 2017 5182 erroris
2041 5136 2095 5181 et

507 5216 752 5271 criminis
801 5216 1082 5272 catholicae
1126 5218 1381 5275 Ecclesiae
1438 5222 1830 5276 convincuntur
1897 5223 2094 5290 impor-

509 5314 623 5360 tare
656 5324 668 5359 :
704 5318 761 5362 ut
787 5317 879 5363 aut
907 5309 1176 5376 haeretica,
1226 5311 1367 5381 quod
1398 5311 1501 5367 dici
1528 5313 1710 5394 vnctus
1759 5320 1864 5377 est,
1909 5310 2092 5378 fuerit,

507 5412 629 5454 cum
678 5415 813 5472 quos
871 5404 956 5458 isti
998 5403 1144 5459 velut
1194 5404 1478 5461 haereticos
1530 5405 1944 5472 damnaverunt,
2003 5406 2092 5461 illa

509 5507 617 5546 non
639 5497 812 5550 solum
855 5510 959 5550 non
1009 5497 1307 5565 damnavit,
1337 5499 1435 5553 sed
1462 5500 1682 5570 insuper
1737 5508 1791 5554 et
1833 5499 2092 5565 laudavit,

509 5583 758 5654 dictaque
805 5600 989 5641 eorum
1035 5603 1102 5642 ex
1150 5589 1378 5644 decretis
1401 5589 1857 5676 Chalcedonensis
1902 5595 2090 5665 synodi

509 5677 808 5735 orthodoxa
837 5680 1240 5749 pronuntiavit:
1265 5693 1356 5742 aut
1382 5693 1533 5745 certe
1565 5684 2076 5763 ignorantitenubilo

2203 5049 2386 5117 procul
2440 5051 2603 5106 dubio
2657 5053 2936 5118 hazretici,
3009 5053 3097 5124 qui
3159 5055 3368 5109 noviter
3433 5055 3777 5117 admiserunt,

2202 5141 2343 5209 quod
2396 5140 2447 5195 in
2475 5142 2708 5198 Ecclesia
2737 5159 2858 5214 quae
2908 5159 3000 5200 eos
3052 5147 3394 5215 rcgencravit
3427 5163 3532 5200 non
3566 5162 3778 5215 accepe-

2202 5243 2324 5286 runt
2359 5249 2372 5286 :
2422 5243 2516 5288 aut
2561 5236 2604 5290 si
2631 5236 2738 5300 illa,
2773 5237 2913 5306 quod
2948 5237 3132 5290 audire
3180 5238 3494 5309 sacrilegum
3543 5247 3646 5303 est,
3683 5253 3776 5291 non

2201 5322 2297 5378 fuit
2324 5325 2583 5380 catholica
2619 5327 2877 5393 Ecclesia,
2928 5328 3013 5382 isti
3046 5327 3202 5383 simili
3231 5330 3393 5383 modo
3424 5329 3644 5384 remotis
3676 5345 3775 5381 am-

2203 5417 2426 5486 bagibus
2448 5418 2683 5472 haeretici
2710 5430 2854 5482 sunt,
2901 5421 3045 5489 quia,
3073 5429 3129 5474 ut
3159 5419 3360 5474 dictum
3391 5431 3497 5484 eSt,
3550 5421 3663 5490 ipsa
3693 5432 3776 5474 eos

2205 5508 2444 5563 Eccle>ia
2478 5509 2758 5580 baptizavit
2791 5527 2906 5580 qua:
2926 5510 3166 5581 Capitula
3201 5512 3296 5564 ista
3332 5526 3598 5580 nunquam
3631 5510 3774 5564 dam-

2199 5599 2362 5654 navit.
2413 5601 2556 5668 Quas
2609 5601 2678 5656 ob
2734 5616 2817 5655 res
2851 5602 3098 5655 utrolibet
3150 5600 3360 5672 oltjccto
3401 5600 3772 5670 restiondcant,

2199 5691 2436 5750 haeretici
2466 5692 2852 5752 convincantur
2881 5706 3100 5749 necesse
3129 5704 3208 5752 cst
3283 5694 3336 5753 Si
3371 5703 3574 5759 autem,
3635 5690 3767 5757 quod
