4104 6360
1133 162 1234 181 ..κθ--
1280 167 1300 179 ι
1353 165 1364 175 δ

422 250 544 312 ὓὸθ

1582 245 1916 307 EPISTOLA
1954 244 2134 305 FIDE]
2167 245 2580 306 CATBOLICE

2916 173 2960 188 ,1‘

3613 252 3717 309 870

430 381 619 425 verum
647 373 754 435 est,
810 361 945 420 nihil
971 361 1218 418 nocuisse
1263 360 1448 418 eadem
1471 361 1714 432 Capitula
1754 377 1850 432 per
1887 376 2013 418 cen-
2043 364 2097 426 Α
2121 363 2289 418 Deum
2321 363 2408 419 cui
2438 361 3000 433 credidit,perdidisse
3029 361 3386 419 convincitur.
3413 362 3514 432 Qui
3534 374 3717 421 autem

433 467 548 513 tum
577 464 631 512 et
655 454 906 524 amplius,
960 464 1020 510 ut
1049 453 1359 524 prmdictum
1389 462 1492 519 est,
1544 467 1714 510 annos
1740 453 2018 510 catholica:

434 546 692 604 Ecclesia:
714 545 974 616 dixerim,
1002 546 1171 600 multo
1195 544 1363 616 magis
1394 546 1672 615 magisque
1698 561 1758 601 se
1784 561 1906 601 reos
1938 546 2020 601 in-

433 645 679 714 telligant
738 640 1172 696 inexcusabiliter
1215 657 1227 692 :
1279 639 1704 695 animadvertant
1759 647 2017 708 quantum

434 736 558 790 mali
600 740 788 788 contra
839 732 954 802 ejus
1007 730 1221 786 decreta
1279 730 1656 785 commiserint
1711 729 2018 786 damnando

433 827 574 897 quod
604 827 690 882 illa
721 840 830 881 non
853 824 1131 879 damnavit
1155 843 1168 890 ;
1192 835 1522 896 cognoscant
1544 826 1671 895 quid
1701 827 1929 899 egerint,
1961 834 2015 881 et

425 921 667 976 sentiant
696 932 754 972 se
780 918 849 972 ab
889 932 953 973 ea
986 917 1260 986 praecisos,
1311 917 1467 987 cujus
1515 917 1730 973 decreta
1761 926 2017 988 quantum

436 1015 491 1068 in
522 1013 652 1081 ipSis
675 1019 759 1066 est
787 1011 1178 1077 convellentes,
1200 1011 1577 1066 haereticorum
1605 1026 1665 1066 se
1686 1011 1919 1066 catervis
1945 1010 2019 1064 fa-

435 1105 610 1159 vendo
638 1118 826 1158 eorum
848 1103 991 1158 votis
1041 1099 1385 1172 pertinaciter
1428 1112 1802 1173 aggregarunt.
1837 1101 2019 1172 Siqui-

432 1197 553 1250 dem
576 1195 644 1250 ab
672 1193 957 1264 Acephalis
983 1191 1273 1259 hazreticis,
1321 1193 1373 1247 id
1401 1203 1480 1248 est
1503 1193 2017 1262 Semieutychiauis,

428 1287 695 1357 exquisita
719 1295 772 1341 et
798 1285 981 1342 elicita
1001 1286 1366 1356 Capitulorum
1399 1285 1706 1353 damnatio;
1749 1297 1804 1343 et
1839 1286 2018 1356 Vigilii

434 1390 592 1449 atque
620 1379 815 1449 Pelagii
848 1379 1216 1434 Romanorum
1257 1379 1750 1448 praevaricatorum,
1802 1387 1857 1434 et
1888 1379 2004 1434 Pri-

435 1469 588 1523 tnasii
645 1469 909 1539 Byzaceni
959 1469 1217 1541 prtecipui
1300 1470 1534 1525 doctoris
1590 1469 2014 1540 Acepltalorum,

425 1557 573 1615 edita
621 1567 809 1613 contra
848 1558 1144 1614 Ecclesiam
1195 1559 1396 1629 scripta
1449 1568 1833 1629 protestantur.
1891 1560 2020 1627 Qua:

431 1667 553 1704 cum
585 1650 654 1704 ita
686 1651 814 1720 sint,
845 1650 1234 1719 quomodojam
1257 1660 1310 1704 et
1341 1650 1470 1705 illud
1490 1650 1570 1706 eis
1589 1651 1784 1721 poterit
1805 1661 2020 1706 coasts-

2121 454 2329 523 sintqui
2348 454 2774 512 hocviolaverint
2788 465 2999 525 pactum
3017 469 3141 510 mox
3155 455 3475 528 videbimus,
3493 472 3614 512 cum
3635 457 3715 528 ip-

2120 544 2232 600 sius
2261 544 2684 616 symboliverba,
2706 563 2812 602 non
2841 547 3060 618 quidem
3089 547 3142 602 in
3173 548 3716 620 ordinemprolixita-

2121 637 2189 693 tis
2204 637 2433 693 vitandm
2449 641 2640 710 gratia,
2654 640 2748 696 sed
2765 640 3046 698 admodum
3063 641 3342 698 delibando
3354 643 3712 714 posuerimus.

2121 729 2448 800 Principium
2479 731 2658 802 itaque
2675 734 2903 804 sytnboli
2926 734 3153 804 hocest:
3180 733 3447 791 Credimus
3475 735 3528 789 in
3555 751 3716 789 unum

2120 819 2288 875 Deum
2312 820 2518 876 Patrem
2539 823 2966 893 omnipotentem;
2996 833 3043 879 et
3072 826 3126 879 in
3150 842 3305 880 unum
3320 825 3596 879 Dominum
3622 825 3714 880 Je-

2120 927 2233 966 sum
2256 911 2512 966 Christum
2544 911 2593 966 F
2595 914 2741 967 ilium
2772 917 2903 987 ejus,
2934 926 3109 970 natum
3134 933 3196 971 ex
3226 917 3425 986 Spiritu
3446 927 3621 972 sancto
3661 925 3709 973 et

2121 1002 2296 1057 Maria
2326 1003 2567 1076 Virgine,
2598 1006 2683 1075 qui
2711 1004 2800 1059 sub
2831 1005 3020 1060 Pontio
3046 1007 3221 1061 Pilato
3257 1009 3533 1078 cruciﬁxus
3563 1019 3634 1064 est
3662 1019 3710 1063 et

2117 1095 2378 1164 sepultus;
2402 1095 2553 1150 tertia
2583 1095 2664 1149 die
2685 1098 2907 1150 surrexit
2928 1114 2959 1150 a
2983 1099 3191 1152 mortuis
3214 1114 3235 1162 ;
3271 1100 3514 1154 ’ascendit
3540 1101 3589 1154 in
3615 1117 3714 1155 rae-

2122 1184 2250 1250 lum,
2279 1185 2418 1240 sedet
2441 1186 2510 1238 ad
2536 1186 2798 1243 dexteram
2822 1185 3017 1254 Patris,
3043 1188 3179 1242 unde
3209 1198 3444 1244 t'enturns
3468 1199 3542 1244 est
3563 1192 3706 1261 judil

2119 1291 2236 1329 care
2284 1277 2419 1330 vivos
2475 1287 2523 1331 et
2575 1289 2821 1347 mortuos,
2878 1289 2932 1335 et
2964 1279 3190 1349 reliqua.
3239 1280 3320 1335 En
3349 1288 3496 1336 certe
3524 1281 3577 1335 in
3610 1285 3713 1336 hoc

2125 1383 2267 1424 nunc
2311 1371 2486 1424 omnis
2535 1371 2781 1426 consistit
2808 1373 3033 1442 quaestio
3081 1373 3147 1428 de
3190 1373 3431 1428 vivorum
3465 1383 3712 1429 mortuo-

2121 1475 2348 1530 rumque
2402 1463 2664 1532 judicio:
2721 1464 2864 1533 quod
2924 1473 3112 1519 contra
3175 1464 3378 1520 nullam
3429 1464 3714 1535 aliquando

2122 1553 2396 1622 hmresim,
2428 1565 2488 1608 ut
2513 1553 2645 1610 illud
2675 1554 2742 1610 de
2763 1555 3070 1626 aequalitate
3097 1555 3273 1611 Patris
3313 1565 3368 1611 et
3397 1555 3516 1610 Filii
3545 1557 3596 1610 in
3621 1556 3713 1626 Ni-

2122 1659 2273 1698 (ιωηο
2322 1643 2554 1700 concilio
2603 1654 2790 1700 contra
2820 1647 3029 1715 Arium,
3087 1647 3170 1702 vel
3214 1647 3282 1703 de
3324 1647 3712 1718 omnipotentia

430 1756 512 1808 re,
554 1742 695 1812 quod
722 1741 902 1796 dicunt
925 1757 1082 1797 unam
1107 1757 1165 1797 se
1187 1756 1307 1797 cum
1331 1757 1435 1797 non
1458 1742 1836 1798 damnantibus
1861 1743 2017 1797 [idem
2049 1738 2096 1799 Β
2124 1735 2352 1804 Spiritus
2384 1739 2556 1792 sancti
2606 1737 2659 1792 in
2701 1738 3295 1808 Constantinopolitano
3324 1749 3507 1794 contra
3534 1739 3712 1794 Mace-

426 1835 654 1890 tenere?
684 1835 814 1889 Cum
839 1849 938 1891 nos
960 1835 1010 1890 in
1041 1848 1148 1890 uno
1180 1835 1405 1889 Domino
1433 1845 1617 1890 nostro
1646 1836 1772 1892 Jesu
1795 1834 2014 1891 Christo

429 1924 528 1979 Dei
552 1933 608 1980 et
633 1924 864 1980 hominis
893 1925 1056 1992 Filio,
1099 1925 1324 1980 duarum
1356 1935 1669 1982 naturarum
1715 1927 2014 1996 proprieta-

427 2024 537 2071 tem
561 2016 614 2070 in
645 2014 848 2071 unitate
871 2031 1116 2086 personae
1157 2016 1530 2084 confiteamnr,
1576 2017 1717 2087 quod
1750 2018 2015 2074 catholica

428 2123 644 2179 semper
685 2109 924 2164 custodit
968 2117 1024 2165 et
1068 2109 1226 2165 docet
1273 2108 1529 2165 Ecclesia.
1561 2109 1651 2164 Isti
1690 2122 1867 2166 autem
1922 2127 2015 2180 pa-

427 2201 598 2258 rendo
621 2201 932 2272 Acephalis,
966 2209 1022 2256 et
1064 2201 1116 2255 in
1157 2201 1358 2269 scripto
1400 2199 1682 2256 dicentes:
1722 2220 1741 2253 ‹
1774 2204 2011 2258 Anathe-

429 2296 748 2350 Inatizamus
794 2292 1014 2363 impiam
1069 2295 1352 2362 epistolam
1386 2295 1488 2349 lbre
1536 2311 1692 2363 quam
1722 2295 1786 2349 ad
1828 2295 2011 2350 Marini

434 2384 656 2440 Persam
688 2386 924 2453 scripsit,
961 2399 1082 2439 cum
1116 2385 1199 2440 his
1229 2386 1316 2455 qui
1355 2384 1625 2440 vindicant
1649 2401 1793 2452 eam,
1829 2396 1883 2442 et
1923 2403 2010 2442 re-

429 2485 567 2532 ctam
598 2491 718 2534 esse
745 2477 951 2545 dicunt,
988 2479 1072 2534 vel
1105 2488 1310 2548 partem
1338 2480 1454 2548 ejus
1480 2495 1494 2536 :
1531 2499 1547 2532 ι
1584 2496 1796 2536 omnem
1826 2483 2012 2552 procul

430 2567 595 2623 dubio
644 2569 1131 2626 anathematizasse
1177 2572 1474 2641 probantur
1528 2573 1846 2639 Ecclesium,
1893 2591 2014 2645 quas

429 2678 549 2718 eam
572 2662 859 2720 vindicavit
889 2674 942 2719 et
964 2663 1218 2730 vindicat,
1267 2675 1575 2736 rectumque
1601 2682 1722 2732 esse
1766 2668 1918 2733 dixit,
1960 2678 2014 2724 et

429 2754 660 2809 dicitzut
683 2764 806 2824 pote
830 2771 948 2826 qua:
972 2755 1072 2812 hoc
1101 2759 1166 2812 de
1190 2756 1558 2813 lncarnatione
1581 2757 1802 2826 Christi,
1829 2762 1880 2815 in
1908 2776 2012 2831 qua

427 2846 617 2902 salutis
643 2855 840 2902 nostrm
864 2858 1258 2903 sacramentum
1281 2849 1546 2913 consistit,
1573 2850 1858 2905 confitetur
1871 2852 2012 2922 quod

428 2941 615 2995 eadem
670 2955 767 3010 per
815 2941 994 2996 omnia
1045 2941 1287 2998 continet
1328 2942 1576 3010 epistola.
1619 2944 1794 2998 Verba
1817 2946 2013 3015 quippe

427 3032 667 3103 ejusdem
696 3032 959 3103 epistolae,
986 3032 1078 3088 ubi
1107 3036 1306 3089 sanitas
1335 3035 1605 3090 catholica:
1637 3037 2007 3103 confessionis,

2121 1824 2369 1894 donium,
2404 1827 2458 1882 in
2499 1827 2745 1899 symbolo
2791 1836 2874 1884 est
2916 1829 3181 1896 additum,
3220 1844 3248 1883 a
3279 1829 3424 1885 nulla
3473 1844 3708 1900 unquam

2120 1917 2336 1984 haeresi,
2390 1918 2499 1974 nisi
2528 1919 2595 1975 ab
2623 1920 2722 1976 hac
2753 1921 3059 1976 novissimis
3100 1922 3430 1992 temporibus
3454 1923 3599 1978 velut
3638 1937 3709 1979 ex

2117 2025 2402 2084 compacta
2447 2014 2686 2071 omnium
2719 2015 3091 2073 haereticorum
3121 2016 3254 2074 faece
3283 2028 3492 2088 exorta,
3544 2018 3710 2075 viola-

2121 2115 2231 2161 tum
2263 2116 2373 2174 est;
2421 2123 2516 2177 per
2536 2108 2938 2166 damnationem
2967 2111 3178 2168 scilicet
3201 2112 3443 2168 vivorum
3467 2123 3710 2172 mortuos

2118 2211 2346 2268 rumque
2373 2213 2534 2269 quam
2564 2200 2642 2255 sic
2674 2199 2952 2271 inscripto
2981 2202 3334 2271 protulerunt,
3363 2203 3605 2260 dicentes
3631 2204 3712 2259 in-

2119 2296 2200 2342 ter
2229 2288 2330 2342 alia
2361 2306 2373 2342 :
2429 2308 2446 2340 σ
2467 2289 2524 2345 Si
2570 2289 2691 2359 quis
2720 2290 2961 2348 defendit
3008 2292 3228 2362 impium
3281 2293 3623 2349 Theodorum
3655 2301 3709 2349 et

2116 2378 2276 2449 impia
2307 2381 2422 2452 ejus
2448 2385 2770 2452 conscripta,
2831 2384 2926 2440 sed
2959 2399 3065 2440 non
3113 2385 3533 2442 anathematizat
3580 2402 3704 2442 eum

2115 2480 2170 2526 et
2197 2471 2357 2541 impia
2387 2472 2505 2543 ejus
2532 2475 2864 2546 conscripta,
2893 2485 2948 2532 et
2973 2491 3163 2532 omnes
3188 2478 3275 2547 qui
3299 2477 3595 2548 suscipiunt
3622 2477 3706 2536 vel

2118 2564 2415 2620 defendunt
2435 2582 2581 2632 eum,
2606 2577 2658 2622 et
2689 2567 2873 2622 dicunt
2899 2569 3192 2623 orthodoxa
3211 2585 3332 2625 eum
3355 2571 3702 2640 exposuisse;

2118 2667 2172 2712 et
2201 2658 2292 2726 qui
2319 2658 2652 2728 scripserunt
2684 2674 2780 2730 pro
2803 2674 2892 2725 eo,
2949 2669 3005 2716 et
3031 2660 3218 2716 eadem
3273 2661 3349 2715 illi
3390 2669 3702 2731 sapuerunt,

2117 2749 2200 2805 vel
2223 2749 2466 2804 scribunt
2492 2765 2586 2819 pro
2612 2766 2676 2806 eo
2707 2751 2788 2807 vel
2813 2753 2987 2820 impiis
3004 2751 3119 2821 ejus
3145 2753 3487 2822 conscriptis,
3512 2760 3567 2807 et
3595 2766 3692 2806 eos

2116 2841 2205 2912 qui
2232 2842 2423 2897 similia
2455 2843 2528 2897 illi
2558 2844 2775 2913 sapiunt
2802 2845 2887 2898 vel
2915 2844 3198 2912 aliquando
3227 2853 3549 2912 sapuerunt,
3578 2845 3700 2899 talis

2116 2934 2397 2988 anathema
2426 2935 2516 2988 sit.
2536 2935 2588 2991 Si
2614 2935 2732 3006 quis
2757 2935 2999 2992 defendit
3023 2936 3184 3006 impia
3198 2936 3521 2991 Theodoreti
3547 2936 3695 2990 scri-

2119 3034 2228 3094 pta,
2254 3024 2348 3079 sed
2374 3040 2477 3080 non
2501 3027 2918 3090 anathematizat
2946 3041 3031 3092 ea,
3055 3033 3109 3080 et
3134 3040 3227 3082 eos
3253 3025 3342 3096 qui
3373 3025 3565 3080 similia
3583 3024 3702 3096 ejus

426 3136 548 3195 pust
586 3125 687 3180 alia
733 3126 812 3181 sic
838 3141 897 3181 se
927 3125 1162 3182 habent:
1211 3146 1230 3180 ι
1265 3129 1503 3184 Ecclesia
1534 3140 1707 3186 autem
1736 3132 1814 3186 sic
1847 3131 2008 3187 dicit:

2120 3127 2414 3186 sapuerunt
2444 3117 2527 3173 vel
2548 3119 2782 3189 sapiunt,
2811 3119 2931 3174 talis
2951 3121 3238 3174 anathema
3266 3120 3357 3174 sit.
3378 3119 3431 3176 Si
3461 3122 3579 3189 quis
3608 3120 3702 3175 de-

429 3217 554 3270 Dua:
584 3226 812 3282 naturae,
839 3233 943 3272 una
973 3219 1163 3285 virtus,
1193 3234 1294 3273 una
1327 3235 1576 3289 persona,
1603 3221 1740 3290 quod
1765 3231 1847 3276 est
1875 3238 2012 3278 unus

428 3307 596 3362 Filius
623 3307 880 3362 Dominus
904 3318 1090 3364 noster
1126 3309 1284 3365 Jesus
1314 3310 1578 3367 Christus.
1610 3330 1628 3364 ι
1674 3314 2013 3384 Quapropter

427 3403 472 3455 si
508 3401 624 3456 hrec
659 3401 888 3457 duarum
916 3412 1223 3457 naturarum
1265 3404 1675 3462 Dominiutosiri
1707 3405 1832 3460 Jesu
1858 3406 2011 3462 Chri-

423 3491 494 3547 sti
526 3491 579 3546 in
625 3491 835 3548 unitate
865 3508 1108 3562 persona:
1135 3493 1444 3559 confessio,
1500 3505 1555 3550 ut
1606 3495 1692 3550 isti
1737 3497 2006 3568 dixerunt,

422 3579 585 3651 impia
615 3592 698 3638 est
725 3591 779 3638 et
805 3582 923 3638 siue
957 3584 1085 3651 Deo,
1147 3583 1329 3638 dicant
1379 3586 1477 3655 ipsi
1507 3587 1716 3642 noviter
1761 3590 1884 3658 quid
1938 3591 2010 3644 sit

422 3674 574 3742 pium
609 3684 879 3745 rectaeque
900 3673 1324 3730 Christianorum
1351 3676 1474 3732 fidei
1499 3680 1845 3735 conveniens.
1881 3680 2010 3736 Pro-

424 3764 566 3820 tecto
595 3779 746 3836 ergo,
797 3767 937 3822 sicut
967 3768 1162 3823 veritas
1187 3782 1282 3824 eos
1307 3783 1374 3824 ex
1416 3771 1667 3839 operibus
1698 3781 1752 3825 ct
1793 3772 2008 3841 scriptis

424 3872 611 3913 eorum
641 3859 968 3930 redarguens
998 3858 1152 3914 fateri
1181 3861 1344 3929 cogit,
1387 3871 1477 3915 aut
1525 3877 1685 3915 unam
1712 3865 1762 3916 in
1793 3863 2008 3919 Christo

424 3957 705 4016 naturam,
758 3949 897 4006 sicut
945 3949 1264 4020 Entychiani
1311 3950 1393 4005 vel
1441 3951 1733 4020 Acephali,
1779 3969 2004 4023 quorum

423 4039 562 4094 votis
582 4048 884 4105 cesserunt,
926 4049 980 4094 et
1025 4040 1091 4095 ab
1117 4038 1363 4095 Ecclesia
1396 4051 1756 4107 recesserunt,
1798 4043 2004 4110 dicunt,

423 4139 513 4186 aut
538 4132 738 4186 nullam
764 4148 780 4188 :
815 4131 958 4202 quod
984 4147 1145 4201 quam
1174 4135 1243 4188 sit
1267 4132 1490 4203 impium
1522 4143 1576 4189 et
1602 4135 2002 4207 blaSphemum,

422 4231 582 4304 atque
601 4238 630 4278 a
654 4223 914 4278 catholica
937 4224 1164 4279 veritate
1185 4224 1444 4289 alienum,
1496 4226 1737 4296 quisquis
1763 4242 1894 4283 sana
1925 4241 2006 4286 est

423 4301 674 4386 praiditus
754 4325 936 4373 mente
1010 4318 1216 4389 absque
1288 4318 1624 4374 dubitatione
1693 4333 2000 4391 cognoscet.

419 4408 571 4465 Nunc
597 4409 794 4466 deinde
822 4410 954 4466 illud
987 4420 1394 4480 pertractemus,
1427 4412 1570 4483 quod
1597 4413 1778 4469 dicunt
1799 4416 1997 4484 verbis,

2118 3209 2289 3264 tendit
2322 3211 2538 3280 impiam
2567 3210 2852 3280 epistolam
2886 3226 3044 3282 quam
3062 3211 3255 3267 dicitur
3284 3211 3400 3266 lbas
3426 3211 3492 3266 ad
3514 3212 3701 3266 Maritn

2119 3301 2339 3358 Persam
2374 3304 2686 3360 hmreticum
2714 3305 3022 3375 scripsisse,
3041 3305 3134 3359 sed
3155 3321 3260 3360 non
3287 3304 3701 3361 anathetnatizat

2115 3409 2232 3448 eam
2254 3403 2310 3450 ct
2334 3394 2646 3452 defensores
2666 3395 2804 3466 ejus,
2830 3406 2883 3451 ct
2906 3410 3004 3452 eos
3033 3397 3122 3466 qui
3144 3396 3330 3452 dicunt
3347 3411 3468 3452 eam
3495 3403 3698 3451 rectam

2113 3504 2254 3556 esse,
2282 3491 2366 3546 vel
2396 3501 2605 3561 partem
2632 3491 2770 3560 ejus,
2798 3501 2850 3546 et
2878 3506 2973 3547 cos
2999 3491 3088 3559 qui
3113 3493 3466 3560 scripserunt,
3499 3489 3581 3544 vel
3606 3490 3701 3559 qui

2112 3581 2354 3637 scribunt
2379 3597 2475 3652 pro
2504 3595 2592 3648 ea,
2621 3583 2704 3638 vel
2729 3595 2826 3652 pro
2853 3581 3126 3652 impietate
3156 3597 3274 3652 quas
3297 3581 3350 3636 in
3377 3595 3438 3637 ea
3461 3581 3700 3636 contine-

2116 3683 2218 3737 tur,
2235 3682 2288 3729 et
2307 3684 2634 3742 praisumunt
2654 3689 2772 3730 eam
2785 3673 3098 3739 defendere,
3117 3674 3239 3728 talis
3256 3675 3539 3728 anathema
3560 3672 3652 3726 sit.
3675 3689 3698 3724 ν

2111 3766 2224 3834 Qua
2270 3767 2578 3836 blasphema
2633 3769 2898 3823 sententia
2939 3777 2994 3822 et
3045 3766 3166 3821 illos
3201 3773 3441 3820 mortuos
3479 3779 3618 3834 quos
3642 3764 3698 3824 in

2111 3873 2340 3927 corpore
2367 3861 2686 3914 constitutos
2714 3873 2872 3914 nemo
2900 3859 3196 3926 damnavit,
3257 3871 3358 3914 nec
3387 3857 3696 3913 hmreticatn

2112 3963 2298 4004 eorum
2330 3949 2628 4004 doctrinam
2657 3950 2935 4020 quisquam
2961 3949 3252 4020 judicavit,
3281 3950 3393 4005 into
3415 3962 3563 4016 vero,
3594 3951 3696 4004 sic.

2115 4051 2172 4097 ut
2212 4042 2627 4099 evidentissimis
2655 4043 2990 4098 documentis
3031 4043 3244 4113 probari
3289 4051 3481 4112 potest,
3512 4043 3696 4097 ortho-

2111 4134 2304 4190 doxazn
2335 4135 2592 4206 synodica
2623 4135 2838 4190 Patrum
2874 4135 3232 4204 pronuntiavit
3255 4136 3550 4190 auctoritas
3579 4177 3594 4200 ,
3637 4144 3693 4189 et

2109 4230 2299 4285 devota
2332 4231 2592 4285 hactenus
2617 4229 2953 4285 conservavit
2976 4239 3364 4299 conservatque
3387 4228 3692 4297 posteritas,

2108 4331 2164 4377 et
2190 4322 2334 4391 ipsos
2359 4321 2544 4380 Patres
2571 4324 2659 4393 qui
2689 4337 2783 4379 eos
2809 4322 3058 4391 dictaque
3089 4336 3280 4376 eorum
3314 4319 3688 4384 laudaverunt,

2110 4422 2166 4468 et
2199 4427 2296 4468 nos
2325 4414 2564 4476 viventes
2595 4414 2708 4482 pari
2730 4428 2852 4470 cum
2878 4413 2957 4469 eis
2985 4413 3328 4469 anathemate
3356 4421 3615 4482 quantum
3641 4413 3693 4474 in

421 4515 529 4556 uno
559 4516 618 4555 se
648 4501 895 4573 symbolo
917 4502 1192 4573 baptizare
1214 4547 1228 4572 ,
1261 4511 1438 4558 utrum
1466 4505 1628 4559 rebus
1648 4515 1702 4560 et
1722 4505 2000 4562 effectibus
2028 4497 2080 4557 D
2106 4505 2234 4575 ipsis
2258 4514 2365 4572 est,
2417 4505 2777 4563 involverunt.
2831 4505 2934 4562 Ubi
2960 4515 3042 4562 est
3069 4521 3197 4577 ergo
3219 4505 3360 4576 quod
3404 4503 3694 4560 Chri-tiani

421 4606 611 4646 verum
641 4593 721 4648 eis
774 4609 896 4649 esse
942 4603 1172 4651 constet.
1226 4596 1379 4661 Quod
1439 4605 1496 4650 ut
1534 4596 1734 4666 liquido
1778 4601 2001 4666 clareat,

422 4679 588 4747 ipsius
615 4682 846 4751 symboli
877 4682 1120 4752 primitus
1151 4684 1539 4739 consideranda
1572 4695 1655 4741 cst
1679 4696 1842 4757 atque
1873 4703 2004 4757 pen-

421 4769 588 4823 sanda
635 4772 719 4825 vis
778 4773 1194 4843 magnitudoque
1247 4774 1528 4841 veritatis;
1589 4780 1842 4845 quoniam
1897 4779 2000 4833 nisi

425 4859 764 4930 praecesserit
791 4874 884 4928 per
903 4863 1049 4930 quod
1076 4862 1332 4929 creditur,
1360 4866 1528 4919 virtus
1552 4881 1854 4936 munusque
1877 4883 2000 4924 cre-

419 4947 679 5016 dulitatis,
709 4948 848 5018 quod
874 4950 1234 5020 subsequitur,
1280 4967 1614 5022 nequaquam
1661 4958 1998 5025 conceditur,

417 5040 554 5096 sicut
582 5041 840 5110 scriptum
864 5052 981 5096 est:
1017 5041 1140 5096 Nisi
1164 5045 1504 5111 credideritis,
1555 5063 1656 5101 non
1705 5049 2000 5119 inteiligctis

419 5132 555 5201 (lsa.
589 5148 683 5200 vn,
712 5131 768 5200 9,
797 5135 950 5204 juxta
971 5131 1167 5203 LXX).
1198 5133 1513 5205 Symbolum
1546 5138 1744 5210 itaque,
1776 5141 1998 5196 collatio

415 5224 531 5281 sive
558 5232 770 5293 pactum
798 5223 940 5294 quod
964 5224 1022 5278 lit
1052 5223 1256 5281 homini
1277 5240 1396 5282 cum
1430 5227 1566 5295 Deo,
1611 5239 1794 5299 patres
1824 5235 1995 5288 nostri

416 5315 664 5371 catholici
690 5317 935 5372 doctores
969 5316 1310 5387 interpretari
1361 5319 1679 5377 docuerunt.
1730 5323 1994 5391 Quoniam

415 5425 542 5482 ergo
575 5420 784 5481 pactum
805 5427 926 5468 cum
958 5412 1069 5468 Deo
1093 5410 1340 5481 fecimus,
1377 5425 1434 5471 et
1459 5415 1540 5472 sic
1575 5415 1626 5471 in
1656 5433 1760 5473 uno
1790 5431 1993 5476 sanctae

415 5501 689 5558 Trinitatis
711 5504 924 5560 nomine
948 5503 1421 5574 baptizatisumus,
1458 5507 1500 5561 si
1528 5508 1645 5577 quis
1689 5524 1852 5564 unum
1886 5511 1992 5566 iota

413 5591 496 5647 vel
523 5608 685 5648 unum
704 5594 907 5664 apicem
939 5610 1002 5650 ex
1035 5605 1190 5666 pacto
1212 5597 1351 5668 quod
1377 5613 1497 5654 cum
1527 5599 1634 5653 Deo
1659 5600 1774 5655 iniit
1794 5602 1995 5656 dissol-

414 5682 569 5748 verit,
596 5675 900 5746 siue'dubio
925 5687 1082 5746 fidem
1119 5704 1223 5760 qua
1262 5689 1370 5748 Deo
1424 5690 1688 5760 credidit,
1726 5704 1778 5751 ct
1815 5695 1990 5763 ipsum

2111 4596 2280 4652 videri
2302 4597 2505 4662 volunt,
2537 4605 2629 4652 aut
2653 4596 2777 4662 dici,
2807 4596 3139 4667 symboliquc
3161 4611 3220 4652 se
3239 4595 3512 4652 custodire
3534 4594 3602 4651 [id
3617 4612 3700 4651 em

2111 4688 2254 4744 inani
2288 4687 2627 4758 multiloquio
2668 4686 2940 4757 jactitant,
2993 4687 3082 4757 qui
3098 4687 3359 4756 judicium
3399 4687 3503 4742 sibi
3551 4686 3702 4756 quod

2110 4779 2213 4834 soli
2237 4778 2370 4835 Filio
2396 4780 2551 4835 Pater
2595 4779 2761 4843 dedit,
2818 4779 3046 4849 superba
3072 4779 3206 4835 satis
3228 4779 3560 4847 nimiumque
3584 4776 3682 4832 do-

2110 4871 2266 4926 lenda
2294 4872 2608 4928 temeritatis
2630 4871 2850 4928 audacia
2885 4882 3299 4942 usurpaverant,
3321 4886 3442 4926 cum
3474 4884 3570 4939 per
3596 4870 3692 4925 hu-

2105 4961 2340 5030 jttsmodi
2400 4965 2868 5033 praesumptionem
2905 4967 3066 5020 etiam
3127 4964 3327 5020 diaboli
3381 4963 3690 5032 supergredi

2107 5056 2399 5124 probentur
2453 5056 2766 5111 insaniam?
2838 5057 3113 5127 Siquidem
3157 5057 3249 5112 ille
3303 5055 3691 5125 superbissimo

2107 5145 2288 5200 cordis
2340 5146 2576 5215 appetitu
2634 5147 2814 5203 dixit:
2869 5147 2976 5201 Ero
3019 5147 3203 5202 similis
3230 5146 3497 5200 Altissimo
3554 5145 3688 5218 (lsn.

2107 5250 2216 5301 xiv,
2267 5235 2393 5306 14).
2440 5236 2505 5292 lli
2553 5246 2732 5294 autem
2781 5236 3157 5307 prmveniendo
3193 5235 3452 5306 judicium
3475 5237 3597 5305 Dei,
3636 5247 3691 5294 et

2105 5341 2266 5396 opere
2287 5326 2563 5383 mortifero
2578 5328 2972 5384 damnationem
2997 5337 3326 5384 mortuorum
3344 5327 3691 5398 vivorumque

2101 5433 2205 5474 non
2235 5419 2334 5472 sibi
2357 5420 2806 5477 consentientium
2833 5421 3210 5489 perpetrando,
3246 5435 3349 5477 non
3378 5423 3488 5493 jam
3511 5438 3689 5494 mqua-

2099 5507 2178 5564 les
2205 5517 2294 5563 aut
2315 5509 2534 5574 similes,
2571 5509 2710 5566 sicut
2738 5510 2825 5566 ille
2852 5512 3028 5568 adhuc
3056 5512 3124 5568 de
3147 5513 3327 5568 futuro
3356 5514 3516 5577 dixit,
3558 5513 3687 5579 Ero,

2101 5602 2194 5656 sed
2239 5602 2544 5670 superiores
2565 5617 2686 5659 esse
2743 5619 2841 5659 suo
2867 5605 3092 5663 Domino
3119 5617 3375 5680 quantum
3406 5607 3472 5663 ad
3502 5622 3687 5662 eorum

2099 5694 2286 5749 attinet
2315 5692 2688 5765 intentionem,
2741 5698 3157 5757 constituerunt.
3222 5701 3284 5756 Et
3334 5715 3438 5756 non
3483 5699 3681 5754 erube-
