4104 6360
418 182 513 238 871

421 395 530 442 tate
549 386 726 440 dicere
773 397 832 436 se
855 395 1014 435 unam
1043 394 1163 432 cum
1186 378 1559 433 damnantibus
1583 379 1740 434 fidem
1771 383 1990 435 tenere!

424 479 586 548 Quasi
625 491 755 532 vero
796 489 902 528 non
947 480 1002 528 et
1049 471 1324 526 daemones
1366 470 1588 526 credant
1626 481 1680 526 et
1719 473 2002 527 contremi-

425 579 611 638 scant,
661 566 754 623 sed
802 564 1167 636 operationem
1219 578 1326 619 non
1374 562 1476 617 nisi
1511 565 1734 632 erroris,
1765 579 1922 635 quam
1953 573 2007 618 et

427 665 543 722 istm
568 661 781 718 novitite
811 669 991 730 pestes
1012 666 1288 725 exercent,
1339 657 1540 713 habere
1564 665 1856 712 noscuntur
1903 656 2003 727 ipsi

427 764 672 813 errantes
704 761 759 809 et
804 754 936 808 alios
967 752 1018 807 in
1065 767 1306 807 errorem
1349 752 1643 806 mittentes.
1674 750 1857 820 Neque
1886 761 2005 802 tan-

428 845 700 903 tummodo
729 844 905 899 verbis
928 843 1271 898 mendacibus
1298 844 1350 897 ln
1381 857 1618 897 errorem
1648 841 2006 907 traducentes,

428 940 521 998 sed
551 938 800 994 violentis
821 939 1042 1006 insuper
1072 933 1532 1005 persecutionihus
1563 931 1629 986 ad
1654 932 2006 986 consentien-

429 1034 555 1088 dum
585 1031 688 1086 sibi
717 1029 801 1085 vel
827 1027 1330 1084 communicandum
1355 1039 1488 1096 quos
1516 1025 1788 1095 potuerint
1814 1032 2012 1092 pertra-

431 1122 611 1179 heudo
659 1129 934 1190 cogentes.
1005 1119 1070 1173 Et
1100 1133 1203 1173 non
1235 1117 1517 1173 intendunt
1546 1115 1786 1169 infelices
1832 1125 2012 1183 neque

432 1215 883 1280 animadvertunt,
916 1211 1055 1282 quod
1087 1227 1191 1265 non
1213 1226 1307 1266 eos
1329 1210 1502 1280 iuvet,
1527 1209 1634 1263 imo
1666 1218 1720 1262 et
1739 1205 1867 1262 satis
1889 1221 2007 1276 gra-

434 1315 545 1370 vet,
564 1305 720 1360 dictis
747 1303 982 1374 polliceri
1006 1315 1161 1357 nosse
1185 1301 1374 1365 Deum,
1407 1299 1559 1354 factis
1580 1305 1754 1352 autem
1781 1298 2015 1366 negare?

437 1396 694 1465 Quoniam
727 1409 914 1450 revera
965 1395 1008 1448 si
1047 1393 1308 1448 veraciter
1343 1390 1599 1457 confossi,
1648 1389 1761 1445 sive
1785 1389 1873 1444 alii
1916 1403 2014 1459 pro

438 1489 522 1544 eis
547 1503 668 1544 cum
694 1487 1095 1556 baptizarentur
1136 1483 1361 1554 professi
1411 1490 1536 1537 sunt
1599 1480 1821 1536 credere
1869 1493 1926 1533 se
1963 1479 2014 1533 in

440 1580 608 1636 Deum
633 1579 841 1633 Patrem
870 1576 1316 1646 omnipotentem,
1366 1581 1421 1629 et
1445 1574 1498 1627 in
1525 1571 1709 1628 Jesum
1744 1569 2013 1624 Christum

1513 171 1815 232 FACUNDI
1847 171 2062 232 EPISC.
2101 171 2602 232 IIEMIIANENSIS

420 301 578 355 scunt
605 291 791 350 miseri
817 304 912 347 ore
939 286 1199 358 sacrilego
1245 294 1402 358 atque
1427 286 1725 359 impudenti
1756 290 1997 360 procaci-
2028 294 2079 355 Α
2107 290 2270 344 Deum
2349 288 2613 359 superbiai
2677 285 2867 342 cristas
2923 292 3250 351 erexerunt,

3581 168 3718 227 872

3332 286 3715 356 prmrtptendo

2100 384 2357 456 judicium
2381 385 2519 452 ejus,
2573 397 2874 450 novumque
2897 397 3135 436 errorem
3165 397 3260 450 per
3291 381 3715 438 damnationem

2103 476 2353 530 vivorum
2393 490 2454 530 ac
2491 485 2820 530 mortuorum
2859 473 3168 538 condendo,
3221 485 3274 527 et
3313 485 3550 528 veterern
3608 491 3718 529 rc—

2105 568 2430 635 staurando,
2477 581 2600 622 cum
2645 573 2697 620 et
2729 565 3121 634 Acephalorum
3170 563 3408 619 fautores
3466 580 3710 618 οοημυτ-

2109 670 2291 731 tesque
2313 659 2490 715 effecti
2521 668 2662 722 sunt,
2693 667 2747 713 et
2775 660 2987 712 caneris
3046 657 3317 711 hazreticis
3346 656 3576 711 dextras
3600 657 3718 709 de-

2108 753 2322 818 derunt,
2344 753 2569 806 utliceat
2592 752 2670 806 eis
2691 750 2900 820 quoties
2928 749 3143 804 libuerit
3164 749 3499 819 etquomodo
3522 748 3718 802 libue-

2110 847 2182 900 rit
2225 843 2649 899 orthodoxorum
2692 841 2998 912 pontificum
3029 841 3250 895 decreta
3276 832 3585 894 rescindere
3618 837 3723 891 vel

2111 935 2383 989 damnare.
2423 934 2602 1003 Neque
2631 933 2795 993 enim,
2826 939 2883 984 nt
2907 931 3213 999 ignorantes
3239 929 3454 998 quidam
3489 930 3720 987 dicunt.

2114 1029 2272 1081 trium
2303 1025 2670 1096 Capitulorum
2697 1025 2900 1094 geritur
2923 1037 3110 1086 causa,
3129 1021 3222 1076 sed
3249 1017 3485 1075 omnium
3520 1019 3722 1088 pootl—

2115 1115 2295 1183 ﬁcum,
2326 1115 2442 1186 qui,
2483 1117 2550 1170 ab
2575 1112 2834 1184 apustolis
2872 1107 3346 1183 apostolorumque
3367 1105 3723 1164 successori-

2114 1209 2214 1264 bus
2245 1223 2415 1278 usque
2437 1208 2502 1262 ad
2542 1206 2806 1279 synodum
2843 1204 3360 1269 Chalcedonensem,
3409 1203 3462 1256 in
3491 1217 3595 1272 qua
3617 1217 3727 1256 ea—

2118 1299 2239 1355 dem
2268 1298 2508 1369 Capitula
2553 1298 2849 1353 orthodoxa
2883 1304 3009 1352 sunt
3047 1296 3305 1365 iudicata,
3333 1309 3396 1348 ac
3442 1293 3716 1359 deinceps

2120 1391 2187 1447 ad
2213 1400 2394 1446 nostra
2419 1405 2586 1461 usque
2611 1401 2848 1458 tempora
2872 1389 2924 1444 in
2950 1405 3050 1443 una
3075 1388 3371 1456 eademque
3391 1387 3725 1441 defensiooe

2123 1492 2283 1552 atque
2307 1481 2685 1537 communione
2708 1481 3082 1550 perdurantes,
3105 1478 3353 1533 catholici
3379 1493 3445 1532 ex
3477 1478 3579 1531 hac
3603 1478 3726 1530 vita

2125 1573 2478 1644 emigrarunt,
2510 1578 2819 1642 perpetrata
2844 1569 3059 1626 deletur
3088 1570 3380 1625 damnatio.
3417 1567 3571 1635 Quod
3605 1565 3726 1621 evi-

441 1670 634 1727 Filium
671 1669 805 1739 ejus,
855 1677 907 1723 et
929 1668 981 1722 in
1029 1666 1287 1735 Spiritum
1313 1673 1581 1728 sanctum.
1621 1660 1760 1733 quod
1793 1658 2020 1730 symboli
2054 1652 2100 1712 Β
2129 1664 2462 1720 dentissimis
2491 1662 2826 1719 documentis
2853 1672 2907 1717 et
2927 1658 3176 1717 veridicis
3208 1657 3503 1714 rationibus
3533 1667 3725 1727 pater-

441 1771 590 1817 tenet
614 1760 904 1815 auctoritas
920 1800 936 1825 ,
959 1759 1219 1812 veraciter
1238 1771 1450 1827 quoque
1475 1754 1696 1811 credere
1725 1752 2024 1807 debuerunt

445 1859 499 1907 et
525 1851 790 1922 patienter
810 1858 1126 1917 exspectare
1155 1847 1403 1902 eumdem
1429 1845 1620 1900 Filium
1649 1843 1740 1897 Dei
1767 1851 1821 1897 et
1852 1841 2026 1894 homi-

445 1943 529 1995 nis
582 1940 765 1996 Jesum
817 1937 1089 1992 Christum
1149 1937 1432 1991 Dominum
1481 1942 1725 1989 nostrum
1781 1939 2027 1999 tempore

446 2028 712 2100 praeﬁnito
734 2037 1019 2082 venturum
1051 2027 1116 2081 de
1139 2027 1289 2081 caelis
1319 2026 1385 2080 ad
1414 2023 1758 2094 iudicandum
1789 2023 1938 2076 vivos
1976 2008 2031 2077 et

449 2127 691 2176 mortuos
719 2138 733 2185 ;
770 2129 824 2174 ct
846 2136 949 2174 non
983 2120 1082 2188 ipsi
1106 2133 1244 2173 nunc
1273 2118 1432 2188 impia
1460 2117 1807 2172 vehementer
1835 2115 2034 2170 atroci-

451 2220 581 2276 tate,
612 2221 666 2266 et
688 2212 926 2267 viventes
949 2226 1065 2277 nos,
1097 2219 1151 2265 et
1173 2221 1411 2265 mortuos
1438 2210 1562 2265 olim
1587 2209 1879 2263 catholicos
1905 2223 2036 2277 pon-

452 2303 623 2358 tifices
645 2318 749 2358 non
778 2305 951 2357 solum
974 2302 1235 2372 judicare,
1267 2317 1456 2357 verum
1477 2301 1637 2356 etiam
1661 2301 1817 2371 quasi
1847 2315 2036 2371 perpe-

453 2398 561 2446 tua:
607 2393 890 2448 sententia:
935 2394 1275 2448 anathemate
1305 2392 1686 2448 condemnare.
1740 2392 1846 2448 Sed
1881 2391 2039 2447 forsi-

455 2491 544 2536 tan
593 2497 690 2552 pro
712 2499 804 2537 sua
832 2483 1116 2538 sanctitate
1143 2491 1198 2538 et
1239 2483 1561 2538 mirabilium
1610 2497 1829 2551 operum
1856 2482 2038 2538 eflica-

457 2573 565 2638 cia,
599 2583 656 2626 ut
685 2583 805 2642 pote
831 2573 1042 2644 iudices
1066 2574 1308 2629 vivorum
1331 2582 1386 2630 et
1408 2582 1763 2636 mortuorum,
1788 2587 1815 2627 a
1845 2579 2041 2629 semet-

459 2664 610 2734 ipsis,
639 2665 765 2734 quin
798 2666 905 2722 imo
943 2681 974 2721 a
1004 2675 1156 2735 patre
1185 2680 1282 2720 suo
1331 2665 1546 2721 diabolo
1592 2666 1764 2721 consti
1793 2665 1888 2730 uti,
1944 2663 2043 2719 hos

462 2755 608 2825 ipsos
633 2765 872 2811 mortuos
900 2771 1036 2827 quos
1066 2757 1454 2813 damnaverunt
1483 2757 1834 2812 resuscita:se
1875 2771 1935 2810 se
1963 2754 2046 2810 di-

466 2856 619 2911 cunt,
655 2855 710 2903 et
730 2848 807 2901 sic
856 2848 1037 2902 audita
1067 2863 1252 2904 eorum
1277 2863 1459 2915 causa,
1513 2849 1654 2903 sicut
1684 2848 1941 2902 Dominus
1991 2846 2045 2900 in

464 2938 755 3008 Evangelia
777 2938 935 2995 dicit:
958 2938 1068 3012 Ego
1101 2942 1228 2994 sicut
1251 2941 1406 2994 audio
1422 2940 1608 3014 judico
1634 2937 1811 3011 (Joan.
1840 2953 1893 3006 v,
1927 2938 2044 3007 50),

2129 1771 2315 1811 narum
2341 1753 2682 1808 traditionum
2725 1753 2810 1808 hic
2840 1753 3001 1808 latius
3029 1751 3314 1808 ostendere
3343 1764 3647 1819 possemus,
3673 1749 3723 1802 si

2129 1846 2385 1916 castigata
2413 1846 2612 1900 sineret
2637 1843 2892 1898 brevitas.
2919 1843 3124 1910 Quibus
3155 1842 3439 1912 dil’genter
3471 1839 3726 1894 conside-

2132 1939 2261 1992 ratis
2307 1946 2466 2007 atque
2513 1936 2742 2001 libratis,
2781 1935 2983 2005 iudicet
3027 1935 3266 2005 quisquis
3310 1932 3576 2003 judicium
3627 1931 3725 1986 Dei

2134 2031 2345 2098 metuit,
2386 2029 2624 2100 quisquis
2677 2029 2768 2083 Dei
2817 2028 3012 2082 Filium
3043 2037 3280 2095 tempore
3310 2034 3619 2094 opportuno
3672 2024 3726 2076 in

2136 2120 2311 2175 forma
2339 2118 2480 2175 servi
2512 2133 2671 2189 quam
2696 2133 2792 2188 pro
2820 2117 2977 2173 nobis
3006 2116 3242 2187 suscepit
3292 2125 3581 2170 venturum
3609 2127 3728 2167 cre-

2138 2213 2214 2268 dit
2237 2221 2289 2267 et
2310 2211 2598 2266 confitetur
2614 2209 2848 2280 iudicem
2875 2208 3239 2274 manifestum,
3265 2222 3422 2277 quem
3453 2206 3729 2261 credendo

2137 2301 2325 2358 didicit
2366 2301 2420 2356 in
2453 2300 2781 2370 plenitudine
2812 2299 3070 2369 temporis
3097 2298 3310 2352 venisse
3339 2297 3632 2360 occultum,
3681 2294 3728 2348 si

2143 2392 2194 2446 hi
2221 2391 2352 2447 tales
2375 2390 2464 2460 qui
2485 2389 2829 2461 superbiores
2852 2397 2907 2445 et
2934 2388 3350 2444 excellentiores
3376 2387 3599 2440 audacia
3616 2385 3729 2439 dia-

2141 2483 2290 2550 bolo,
2326 2483 2660 2539 Antichristo
2690 2497 2902 2554 quoque
2929 2482 3168 2538 existunt
3211 2481 3542 2547 deteriores,
3575 2477 3731 2535 Chri-

2142 2575 2319 2630 stiano
2343 2575 2534 2630 saltem
2561 2574 2778 2630 nomine
2820 2573 3095 2641 censendi,
3128 2583 3181 2629 et
3211 2588 3318 2628 non
3361 2572 3540 2643 potius
3573 2572 3726 2626 Anti-

2144 2668 2332 2724 christi
2375 2667 2604 2723 ministri
2652 2666 2976 2737 appellandi,
3009 2666 3289 2737 modisque
3334 2665 3585 2719 omnibus
3623 2664 3732 2718 sint

2148 2760 2400 2830 fugiendi.
2435 2762 2564 2828 Qua:
2591 2774 2710 2814 cum
2746 2760 2816 2813 ita
2838 2760 2964 2825 sint,
2998 2758 3269 2828 quomodo
3293 2759 3404 2827 iam
3433 2759 3516 2812 eis
3540 2755 3734 2826 poterit

2149 2866 2396 2910 constare
2427 2854 2567 2925 quod
2591 2853 2812 2909 credere
2855 2869 2915 2909 se
2941 2853 3125 2908 dicunt
3165 2854 3216 2907 in
3247 2852 3413 2908 Deum
3441 2851 3652 2907 Patrem
3683 2860 3737 2906 et

2152 2945 2205 2998 in
2235 2943 2427 2998 Filium
2458 2945 2596 3012 ejus,
2626 2945 2764 3013 quod
2795 2943 3050 3013 prazcedit
3081 2944 3133 2998 in
3172 2943 3439 3012 symbolo,
3473 2959 3599 2998 cum
3632 2957 3738 2999 non

465 3027 648 3098 iudicii
689 3032 1008 3085 sententiam
1039 3031 1292 3086 adversus
1320 3044 1414 3086 eos
1445 3031 1803 3099 protulerunt.
1835 3028 2041 3095 Qumri-
2076 3019 2120 3082 C
2152 3036 2234 3091 eis
2261 3043 2471 3089 constet
2501 3034 2642 3105 quod
2676 3034 2787 3089 illic
2831 3035 3177 3105 subsequitur
3209 3033 3275 3088 de
3301 3049 3408 3089 uno
3436 3035 3738 3102 eodemque

468 3134 586 3174 mus
607 3134 734 3190 ergo
756 3121 823 3174 ab
850 3121 929 3176 eis
955 3120 1168 3191 quando
1190 3120 1457 3177 redivivos
1482 3133 1667 3175 eorum
1700 3118 1912 3173 cineres
1941 3117 2053 3172 col-

467 3209 714 3280 legerint,
755 3227 953 3282 eosque
989 3214 1446 3281 resuscitaverint,
1473 3222 1567 3267 aut
1597 3212 1688 3267 ubi
1717 3211 1783 3266 ad
1802 3211 2053 3281 iudican-

469 3300 596 3355 dum
619 3302 879 3357 sederint.
935 3303 1137 3373 Nempe
1168 3304 1235 3367 in
1265 3304 1404 3360 valle
1443 3303 1701 3374 Josaphat
1720 3302 2055 3373 iudicaturus

471 3401 556 3446 est
583 3392 840 3448 Dominus
861 3408 1049 3449 omnes
1071 3403 1279 3464 gentes,
1313 3394 1555 3464 quamvis
1582 3402 1636 3449 et
1664 3395 1826 3448 alium
1859 3393 2056 3449 haheat

471 3483 824 3540 intelleCtum.
849 3486 1094 3556 Nunquid
1128 3495 1304 3541 tamen
1337 3486 1488 3540 vallis
1511 3486 1771 3555 Josaphat
1790 3477 2056 3541 constan—

473 3573 746 3642 tinopolis,
803 3577 893 3631 ubi
943 3577 1045 3633 hoc
1098 3568 1407 3633 inchoatum
1466 3577 1861 3649 sacrilegium?
1908 3578 2056 3632 Nun-

475 3663 603 3734 quid
631 3666 782 3721 valiis
810 3665 1066 3736 Josaphat
1104 3678 1312 3724 cmtcrae
1341 3671 1500 3725 urbes
1531 3679 1585 3725 et
1613 3671 1879 3735 civitates,
1939 3685 2058 3740 quae

475 3754 764 3810 nefandum
828 3757 882 3811 in
933 3757 1276 3814 damnatione
1337 3759 1581 3814 vivorum
1630 3770 1683 3815 et
1725 3769 2058 3814 mortuorum

475 3848 739 3917 prolatum
768 3849 1142 3919 subscripsere
1185 3864 1575 3921 susceperequo
1614 3850 1889 3906 decretum
1917 3851 1939 3906 ἲ
1974 3851 2060 3905 Di-

473 3945 600 3992 cant
626 3939 787 3993 etiam
809 3948 864 3994 et
883 3941 1166 3995 ostendant
1190 3941 1276 3996 ubi
1298 3942 1578 3998 damnatos
1609 3956 1736 3997 suos
1765 3943 2060 3998 constitue-

477 4038 623 4096 runt,
647 4039 704 4086 ut
732 4044 763 4085 a
789 4032 935 4086 nullo
953 4047 1060 4087 non
1085 4032 1395 4099 damnante,
1428 4033 1530 4088 nisi
1554 4041 1758 4089 tantum
1787 4049 1816 4088 a
1841 4034 2062 4088 damna-

481 4122 711 4191 toribus,
744 4123 944 4178 sciatur
969 4138 1036 4179 an
1061 4124 1193 4194 ipsis
1214 4125 1344 4180 solis
1371 4124 1549 4181 aditus
1579 4133 1848 4181 reseratus
1877 4134 1958 4181 est
1985 4125 2061 4179 in-

477 4213 710 4270 ferorum
743 4215 928 4272 locus?
960 4216 1149 4272 Dicant
1175 4216 1371 4273 deinde
1399 4219 1555 4274 nobis
1575 4218 2061 4287 viventibus,quos

476 4321 597 4362 cum
648 4308 856 4376 pridem
914 4310 1144 4364 mortuis
1197 4309 1638 4378 damnaverunt,
1698 4310 1912 4380 quando
1964 4309 2062 4364 hos

2154 3127 2364 3182 Christo
2393 3127 2700 3196 specialiter
2736 3126 2934 3181 dictum
2959 3167 2972 3193 ,
3001 3127 3087 3197 qui
3117 3135 3355 3181 venturus
3403 3137 3478 3181 est
3499 3125 3741 3196 judicare

2154 3219 2289 3271 vivos
2321 3227 2365 3270 et
2397 3227 2645 3272 mortuos.
2680 3217 2940 3285 Quoniam
2968 3217 3078 3284 isti,
3102 3219 3241 3272 sicut
3269 3217 3517 3286 superius
3539 3217 3740 3270 dictum

2156 3320 2539 3379 ostensumque
2569 3317 2672 3375 est,
2698 3318 2751 3364 et
2782 3309 2834 3363 in
2864 3308 3090 3363 mortuis
3119 3309 3248 3363 olim
3279 3317 3333 3364 et
3356 3309 3407 3363 in
3439 3307 3744 3362 viventibus

2158 3401 2312 3454 nobis
2342 3399 2699 3454 damnationis
2737 3413 2849 3453 suae
2886 3398 3062 3468 iacula
3110 3399 3475 3454 vibraverunt.
3524 3397 3631 3454 Sed
3663 3399 3743 3450 his

2160 3489 2450 3560 praemissis
2478 3487 2621 3542 aliud
2670 3487 2847 3542 adhuc
2875 3488 3175 3543 videamus.
3207 3489 3263 3543 Si
3307 3490 3450 3544 enim
3501 3497 3743 3542 mortuos

2159 3597 2293 3653 quos
2318 3579 2705 3636 damnaverunt
2731 3593 2892 3649 prave
2922 3578 3174 3633 docuisse
3221 3587 3273 3633 et
3305 3577 3562 3633 hmrelico
3586 3592 3745 3631 sensu

2161 3675 2324 3729 libros
2357 3671 2745 3743 conscripsisse
2793 3671 2996 3737 dicunt,
3028 3670 3319 3741 quaerimus
3360 3673 3427 3726 ab
3463 3669 3542 3724 eis
3570 3678 3746 3724 utrum

2161 3778 2283 3818 cum
2313 3763 2554 3817 viverent
2603 3760 2857 3815 admoniti
2910 3762 3012 3816 sint
3037 3761 3188 3830 iuxta
3227 3776 3434 3816 morem
3472 3760 3745 3814 catholica:

2162 3854 2517 3911 observantia:
2547 3867 2611 3908 ac
2641 3851 2962 3922 disciplima,
2997 3863 3054 3907 ut
3083 3867 3270 3907 sanum
3303 3862 3617 3922 rectumque
3657 3867 3747 3905 sa-

2163 3955 2372 4017 perent,
2407 3945 2750 4015 pertinaciter
2772 3947 3090 4014 restiterint,
3121 3946 3462 4015 convictique
3477 3946 3544 3999 de
3568 3958 3750 3998 errore

2165 4053 2281 4104 suo,
2316 4037 2400 4092 vel
2432 4038 2485 4091 in
2524 4037 2701 4108 aliquo
2730 4036 2959 4091 concilio
2987 4037 3254 4105 accersiti,
3291 4045 3348 4090 ut
3377 4035 3542 4091 Arios
3582 4037 3632 4089 in
3656 4034 3750 4088 NI-

2164 4142 2334 4194 cacno,
2368 4127 2706 4183 Macedonius
2737 4128 2789 4182 in
2818 4127 3433 4197 Constantinopolitano,
3465 4128 3748 4183 Nestorius

2165 4220 2218 4276 in
2239 4220 2504 4289 Ephesino
2529 4221 2718 4290 primo,
2738 4219 3006 4291 Eutychos
3027 4229 3188 4289 atque
3207 4221 3495 4275 Dioscorus
3514 4221 3566 4275 in
3590 4221 3748 4287 Chal-

2166 4311 2478 4380 cedonensi,
2502 4310 2840 4367 condemnati
2863 4311 3055 4366 fuerint
3078 4326 3264 4367 necne.
3292 4313 3346 4366 Si
3378 4312 3574 4366 factum
3598 4312 3749 4366 dixe-

479 4399 614 4452 mori
642 4399 885 4464 fecerint,
939 4401 1290 4469 protinusque
1319 4401 1780 4467 resuscitaverint,
1844 4400 1982 4454 sicut
2008 4398 2060 4452 in
2090 4393 2143 4454 D
2170 4405 2295 4469 rint,
2325 4418 2448 4458 mox
2492 4402 2617 4457 ferri
2647 4402 2922 4474 synodalia
2969 4411 3116 4472 gesta
3147 4403 3579 4473 flagitaverimus,
3618 4403 3750 4456 sicut

481 4491 597 4557 illo,
652 4492 736 4545 vel
767 4501 892 4547 ante
921 4491 1054 4546 illud
1095 4491 1306 4546 Domini
1341 4493 1598 4562 judicium
1645 4507 1773 4563 erga
1799 4493 1897 4547 hos
1926 4506 2062 4562 quos

483 4581 537 4635 in
583 4595 743 4635 carne
789 4583 1035 4637 viventes
1061 4581 1178 4652 ejus
1227 4582 1485 4639 adventus
1530 4583 1794 4640 invenerit
1824 4582 2063 4638 futurum

484 4669 751 4724 catholica
793 4669 1080 4725 conﬁtetur
1115 4670 1382 4726 Ecclesia.
1459 4672 1612 4740 Quod
1642 4673 1685 4727 si
1719 4673 1834 4728 lucc
1863 4674 2062 4740 etalia,

481 4776 602 4831 quas
630 4770 870 4833 tempore
895 4763 995 4818 soli
1032 4765 1143 4820 Deo
1170 4765 1384 4834 cognito
1414 4775 1638 4821 ventura
1659 4767 1951 4833 credimus,
1979 4769 2056 4822 fa—

479 4869 605 4913 cere
626 4857 998 4926 nequiverunt,
1039 4872 1162 4928 qua:
1183 4857 1448 4913 dementia
1494 4858 1655 4914 corda
1685 4875 1871 4915 eorum
1919 4860 2067 4915 inva-

483 4948 585 5016 sit,
631 4949 924 5019 oculosque
970 4964 1158 5006 eorum
1211 4951 1418 5007 fumosa
1463 4965 1562 5006 sua
1617 4953 1826 5008 vanitas
1853 4993 1868 5021 ,
1921 4955 2069 5007 velut

482 5038 774 5096 densarum
793 5041 1247 5112 palpabiliumque
1271 5043 1610 5100 tenebrarum
1635 5059 1797 5114 Opaca
1821 5059 1948 5111 nox,
1974 5046 2069 5100 ob-

482 5133 723 5198 ctecavit,
751 5141 811 5186 ut
839 5148 943 5188 non
972 5133 1217 5190 viderent
1241 5149 1338 5190 nec
1388 5149 1797 5205 perseveranter
1827 5147 2071 5193 tenerent

483 5223 625 5289 quod
669 5223 719 5278 in
740 5224 992 5294 symbolo
1014 5226 1230 5296 quando
1263 5227 1514 5296 baptizati
1538 5239 1664 5284 sunt
1691 5240 2015 5298 acceperunt
2045 5230 2068 5283 ?

484 5313 591 5367 Sed
618 5329 714 5384 pro
735 5329 834 5370 suo
861 5317 1036 5382 libitu,
1085 5317 1247 5374 modo
1278 5319 1592 5374 muneribus
1613 5321 1873 5389 corrupti,
1909 5318 2068 5374 modo

487 5404 778 5460 honoribus
812 5413 868 5462 et
892 5407 1276 5464 ambitionibus
1316 5409 1500 5479 illecti,
1542 5409 1701 5464 modo
1723 5412 1884 5465 etiam
1912 5423 2068 5478 pere-

487 5495 654 5564 grinte
681 5497 793 5552 sive
834 5498 1007 5567 potius
1050 5501 1371 5570 serpentium:
1416 5501 1664 5556 versutia:
1694 5500 1938 5555 doctrina
1965 5503 2068 5555 cir-

489 5586 782 5656 cumducti,
806 5600 1069 5664 ventoque
1094 5595 1358 5663 superbia:
1381 5597 1538 5653 afflati
1572 5606 1620 5651 et
1655 5596 1844 5661 innati,
1883 5602 2066 5650 contra

2169 4492 2360 4548 horum
2392 4492 2767 4562 proferuntur,
2799 4493 2886 4548 ubi
2925 4492 3309 4548 condemnatus
3350 4509 3534 4548 eorum
3566 4507 3747 4554 error,

2171 4585 2257 4640 ubi
2280 4585 2482 4654 prolata
2505 4584 2762 4639 adversus
2791 4597 2884 4639 eos
2915 4586 3176 4640 sententia
3195 4585 3471 4640 doceatur.
3495 4585 3550 4641 Si
3575 4593 3748 4640 osten-

2169 4676 2367 4742 derint,
2393 4692 2578 4730 rursus
2601 4678 2888 4744 quacrimus
2908 4677 3175 4747 quomodo
3205 4693 3302 4747 per
3321 4687 3535 4732 centum
3564 4689 3618 4731 et
3639 4691 3750 4730 am-

2170 4768 2309 4836 plius
2333 4782 2592 4820 annorum
2617 4769 2808 4821 seriem
2837 4769 3138 4822 universam
3158 4767 3480 4821 catholicam
3505 4768 3752 4820 latuerint

2173 4857 2491 4922 Ecclesiam,
2523 4873 2641 4910 cum
2671 4866 2722 4911 et
2751 4857 2998 4911 humanae
3043 4856 3191 4925 leges
3223 4856 3436 4926 triginta
3469 4858 3624 4910 annis
3661 4857 3754 4910 hu-

2172 4963 2358 5003 manas
2388 4949 2623 5002 adimant
2655 4947 3001 5016 quzestiones,
3031 4956 3088 5001 et
3111 4947 3368 5000 Dominus
3394 4956 3578 5002 nosmr
3603 4947 3754 5001 Je~us

2172 5040 2420 5097 Christus
2446 5041 2700 5109 apostolis
2731 5041 2842 5093 suis
2875 5049 3193 5109 potestatem
3226 5040 3422 5108 ligandi
3454 5049 3614 5109 atque
3645 5041 3754 5092 Sul-

2171 5134 2330 5188 vendi
2365 5131 2733 5187 tantummodo
2762 5147 2882 5200 qua:
2921 5145 3082 5199 super
3133 5139 3332 5183 terram
3363 5139 3489 5184 sunt
3525 5129 3756 5183 divinant

2175 5223 2384 5279 dederit
2427 5224 2618 5290 legem.
2652 5226 2754 5276 Aut
2805 5221 2892 5275 uhi
2935 5231 3182 5290 putamus
3229 5219 3416 5274 eadem
3449 5219 3755 5274 delituerint

2175 5328 2353 5388 gesta,
2386 5327 2442 5370 ut
2493 5331 2664 5385 nuper
2712 5314 2777 5369 ad
2828 5314 3197 5368 damnantium
3247 5312 3624 5378 solummodo,
3655 5327 3754 5365 nor

2175 5410 2336 5464 etiam
2365 5407 2430 5462 ad
2460 5423 2563 5462 non
2591 5407 2957 5461 damnantium
2988 5405 3228 5460 notitiam
3256 5405 3535 5475 pervenire
3561 5403 3753 5472 potuis-

2177 5503 2338 5557 sent?
2366 5501 2420 5557 Si
2461 5511 2638 5555 autem
2662 5539 2676 5565 ,
2707 5499 2848 5570 quod
2880 5500 3047 5569 magis
3075 5513 3258 5553 verum
3301 5505 3614 5568 certumque
3642 5502 3758 5560 est,

2177 5593 2422 5650 proferre
2439 5591 2638 5662 aliquid
2662 5592 2765 5649 tale
2787 5591 3076 5662 antiqui-tus
3092 5598 3298 5661 gestum
3319 5597 3612 5657 nequeunt,
3637 5586 3757 5652 qnia
