4104 6360
546 326 652 387 875

1502 324 1801 386 FACUNBI
1842 325 2173 387 EPISTOLA
2216 326 2401 386 FIDE!
2438 328 2867 388 CATHOLIC/E.‘

3748 336 3868 390 876

468 448 479 454 ’
545 446 701 499 cabor
720 439 893 511 vobis,
920 438 1162 513 quoniam
1189 439 1354 510 iniqui
1395 449 1513 495 sunt
1547 452 1704 497 cretus
1745 444 1896 497 vestri
1928 443 2057 515 (lsa.
2094 460 2131 508 ι,
2165 448 2212 505 Α
2244 445 2329 515 plu
2354 444 2650 499 ostenditur
2672 454 2724 500 et
2757 444 3043 513 probatur,
3073 440 3338 500 obnoxios
3376 458 3564 503 omnes
3590 456 3649 503 et
3671 452 3869 520 culpa

543 538 635 605 ‘15,
691 535 813 607 15);
846 534 1117 603 multaque
1157 534 1352 589 similia
1390 547 1510 603 qua:
1558 550 1988 590 commemorare
2031 537 2139 588 lon-

543 644 670 703 gum
698 638 797 684 est.
834 628 941 684 Sed
987 638 1345 699 opportunum
1373 626 1728 699 judicavimus
1753 629 1913 684 etiam
1944 627 2138 696 glorio-

544 720 741 780 sissimi
771 722 1022 794 martyris
1051 731 1105 778 et
1135 720 1374 791 episcttpi
1414 720 1692 792 Cypriani,
1741 722 1825 777 vel
1856 736 2018 775 unum
2050 729 2141 774 aut

543 818 650 874 duo
671 825 854 873 contra
878 831 971 873 eos
1001 831 1097 885 pro
1120 815 1279 871 simili
1301 830 1459 871 causa
1491 815 1689 884 scripta
1720 813 1961 884 proferre
1986 813 2137 868 testi-

528 928 585 968 m
602 910 725 967 onia
743 926 759 977 ;
776 911 903 982 quia
924 908 1211 982 diligenter
1233 910 1416 964 cordis
1437 906 1605 963 oculis
1621 907 1955 963 considerata
1978 914 2141 974 atque

532 1012 826 1074 perspecta
850 1003 1245 1059 animadvertet
1263 1001 1504 1072 quisquis
1526 1000 1689 1055 corde
1708 998 2015 1069 intelligens
2037 1005 2138 1063 est,

530 1102 582 1153 si
616 1097 756 1153 ultra
778 1113 1044 1153 novorum
1071 1096 1450 1152 haereticorum
1479 1095 1739 1151 sacrificia
1772 1102 2027 1164 appetere
2052 1093 2145 1147 de-

528 1194 689 1249 beat.
734 1189 833 1247 Hic
883 1205 1115 1260 namque
1163 1191 1214 1244 in
1242 1188 1464 1259 epistola
1518 1202 1615 1257 pro
1661 1197 1848 1243 sancto
1894 1186 2143 1253 Cornelio

537 1284 799 1341 similiter
820 1290 1055 1353 martyre
1086 1290 1141 1337 et
1165 1282 1421 1351 epiSCOpo
1444 1280 1591 1335 urbis
1615 1278 1823 1344 Romae,
1854 1294 2011 1348 quem
2040 1276 2144 1331 No-

550 1377 799 1433 vatianus
824 1375 1108 1431 haereticus
1137 1374 1437 1444 expulerat,
1461 1380 1517 1427 et
1542 1386 1601 1427 se
1619 1372 1740 1426 loco
1766 1370 1902 1441 ejus,
1930 1371 2067 1425 sicut
2092 1376 2147 1424 et

551 1483 695 1525 nunc
726 1484 754 1523 a
785 1467 1009 1524 novellis
1054 1466 1324 1522 haereticis
1365 1464 1565 1521 factum
1594 1471 1705 1531 est,
1739 1464 2141 1534 subrOgaverat,

550 1561 617 1616 ad
648 1561 891 1630 Magnum
913 1560 1115 1629 scripta
1143 1567 1263 1630 post
1287 1558 1386 1612 alia
1404 1557 1572 1611 dicit:
1610 1566 1635 1593 α
1670 1574 1688 1607 ‹
1723 1554 1778 1611 Si
1807 1564 1984 1609 autem
2018 1569 2147 1623 grex

547 1670 688 1709 unus
720 1664 834 1722 est,
868 1653 1140 1725 quomodo
1172 1659 1347 1723 potest
1382 1649 1531 1725 gregi
1570 1649 1915 1705 annumerari
1962 1648 2052 1718 qui
2094 1646 2147 1702 in

548 1732 777 1805 numero
807 1751 982 1822 gregis
1007 1762 1113 1803 non
1161 1747 1287 1803 est?
1327 1747 1432 1801 Aut
1464 1755 1647 1817 pastor
1671 1744 1854 1798 haberi
1877 1741 2148 1814 quomodo

2246 546 2299 589 et
2323 549 2497 604 pmnm
2528 544 2550 571 θ
2579 535 2753 604 quise
2794 536 3151 591 scbismaticis
3190 546 3378 593 contra
3428 542 3764 611 praepositos
3805 552 3871 599 et

2247 630 2559 684 sacerdotes
2585 630 2680 684 Dei
2713 631 3005 700 irreligioso
3042 632 3711 702 tcmeritatemiscuerint,
3744 637 3868 693 sic-

2246 723 2482 775 utetiam
2519 737 2613 791 per
2637 722 2829 777 Oscam
2863 724 3181 793 prophetam
3214 726 3449 795 Spiritus
3469 741 3699 786 sanctus
3724 745 3869 786 oon-

2249 820 2502 879 testatur,
2539 824 2591 870 et
2633 816 2765 870 dicit
2800 835 2811 869 :
2847 815 3124 886 Sacriﬁcia
3162 834 3340 893 eorum
3389 828 3640 892 tamquam
3698 824 3869 893 panis

2248 909 2446 976 luctus;
2471 927 2642 965 omnes
2664 912 2751 981 qui
2772 912 3087 966 manducent
3114 930 3173 969 ea
3194 915 3863 979 contaminabunturfﬂse.

2248 1018 2322 1070 rx,
2351 1002 2436 1073 4):
2466 988 2668 1058 docens
2709 1005 2917 1060 scilicet
2964 1015 3019 1061 et
3047 1006 3344 1062 ostendens
3387 1021 3581 1063 omnes
3624 1009 3867 1063 omnino

2246 1109 2367 1150 cum
2396 1097 2707 1153 auctoribus
2731 1099 2998 1168 supplicio
3019 1101 3296 1172 conjungi,
3320 1102 3409 1171 qui
3433 1102 3636 1157 fuerint
3660 1118 3865 1159 eorum

2250 1209 2472 1267 peccato
2530 1197 2900 1252 contaminati.
2953 1217 2972 1250 ι
3027 1198 3165 1265 Quid
3222 1199 3328 1254 hoc
3376 1200 3698 1255 testimonio
3736 1199 3864 1254 evi—

2247 1286 2512 1342 dentius?
2543 1287 2680 1353 Quid
2716 1287 2979 1343 lucidius?
3007 1287 3146 1354 Quid
3193 1287 3301 1344 dici
3334 1290 3580 1346 veracius
3617 1300 3810 1359 potest
3839 1292 3868 1346 ἲ

2252 1384 2393 1439 Ecce
2423 1384 2565 1440 cnim
2604 1396 2797 1439 omnes
2832 1383 3054 1439 omnino
3092 1383 3208 1453 pari
3238 1391 3387 1440 reatu
3432 1383 3661 1453 parique
3690 1397 3865 1453 ptent

2250 1476 2573 1532 constrictos
2595 1475 2775 1542 docet,
2799 1484 3060 1546 quotquot
3087 1475 3287 1531 fuerint
3307 1476 3574 1531 malorum
3604 1491 3862 1531 eorumn-

2250 1568 2411 1624 nione
2442 1569 2651 1638 polluti.
2685 1568 2823 1636 Quid
2848 1583 2978 1639 ergo
3027 1578 3133 1632 est,
3164 1569 3308 1639 quod
3340 1569 3558 1639 quidam
3601 1574 3761 1641 quasi
3794 1585 3860 1626 se

2252 1672 2572 1718 excusantes
2593 1663 2809 1729 dicunt;
2839 1664 2953 1732 ipse
2995 1663 3095 1719 scit
3126 1664 3411 1733 episcopus
3446 1679 3601 1719 meus
3626 1666 3677 1719 si
3701 1666 3859 1720 dam-

2256 1757 2402 1809 navit
2432 1760 2735 1825 quempiam
2761 1756 2955 1810 talibus
2983 1755 3367 1821 comminettrr,
3391 1756 3583 1811 dicens
3611 1775 3624 1809 :
3654 1755 3737 1810 Tu
3757 1775 3856 1811 au-

545 1852 749 1914 rulest.
779 1843 871 1913 qui
900 1851 1149 1898 manente
1176 1856 1304 1896 vero
1340 1848 1574 1911 pastore.
1608 1848 1661 1894 et
1686 1839 1737 1893 in
1770 1836 2011 1892 Ecclesia
2040 1836 2147 1889 DO-
2179 1834 2222 1894 Β
2252 1862 2349 1905 tem
2371 1851 2525 1905 odisti
2558 1851 2907 1921 disciplinam,
2941 1860 2987 1903 et
3021 1850 3255 1921 abjecisti
3289 1865 3545 1903 sermones
3601 1866 3745 1904 meo:
3769 1866 3853 1906 re-

548 1938 682 1999 mini
725 1936 971 1992 ordinate
1021 1936 1347 1991 succedente
1377 1944 1400 1972 ο
1434 1950 1497 1988 ac
1539 1931 1896 2003 praesidente,
1944 1928 2144 1984 nemini

549 2027 716 2099 ipseb
748 2027 1045 2084 succedens
1086 2037 1140 2082 et
1168 2042 1195 2079 a
1225 2027 1403 2095 seipso
1436 2024 1729 2094 incipiens,
1771 2022 1978 2076 alienus
2012 2020 2071 2073 lit
2097 2026 2151 2074 et

552 2119 834 2189 profanus,
853 2120 1140 2174 dominicae
1158 2119 1306 2188 pacis
1329 2132 1391 2172 ac
1415 2116 1610 2171 divinae
1630 2115 1850 2169 unitatis
1875 2111 2146 2177 inimicus,

550 2227 655 2269 non
686 2213 938 2269 habitans
967 2212 1023 2268 in
1050 2212 1212 2269 domo
1233 2211 1346 2277 Dei,
1382 2211 1434 2265 id
1485 2218 1569 2266 est
1600 2211 1650 2263 in
1682 2208 1923 2264 Ecclesia
1953 2206 2148 2275 Dei,,in

551 2322 655 2377 qua
688 2323 793 2362 non
835 2305 938 2361 nisi
977 2304 1277 2362 concordes
1320 2312 1481 2375 atque
1530 2302 1810 2356 unanimes
1864 2296 2150 2353 habitant?

553 2398 794 2468 Denique
816 2413 973 2468 quam
998 2398 1066 2450 sit
1096 2395 1454 2465 inseparabile
1487 2392 1710 2448 unitatis
1728 2398 2147 2455 sacramentum,

553 2501 605 2548 et
636 2507 792 2562 quam
818 2492 937 2547 sine
966 2505 1063 2561 spe
1103 2491 1232 2556 sint,
1265 2499 1317 2544 et
1344 2487 1702 2559 perditionem
1727 2486 1829 2541 sibi
1863 2484 2149 2539 maximam

556 2584 623 2639 de
650 2584 1017 2655 indignatione
1042 2583 1135 2639 Dei
1162 2582 1441 2651 acquiraut
1472 2580 1563 2652 qui
1585 2580 1822 2635 schisma
1845 2579 2064 2646 faciunt,
2098 2585 2153 2633 et

549 2676 744 2730 relicto
777 2675 1034 2745 episcopo
1062 2674 1225 2729 alium
1265 2672 1366 2730 sibi
1401 2682 1423 2709 ε
1458 2670 1979 2743 pseudoepiscOpum
2018 2683 2150 2724 con-

548 2769 782 2823 Stilttunt
803 2765 866 2823 ιι.
894 2806 908 2821 .
927 2806 941 2822 .
964 2808 981 2823 .
1009 2764 1162 2834 Quod
1187 2765 1233 2820 si
1261 2764 1451 2834 aliquis
1481 2762 1611 2817 illud
1650 2759 1895 2833 opponit,
1930 2770 1985 2814 ut
2012 2758 2155 2814 dicat

542 2860 800 2917 eamdem
828 2859 1188 2917 Novatianum
1220 2857 1392 2926 legem
1445 2865 1652 2922 tenere,
1679 2868 1839 2925 quam
1886 2850 2151 2907 catholica

552 2952 798 3010 Ecclesia
826 2963 995 3023 tenet,
1021 2960 1075 3009 et
1104 2951 1293 3008 eodem
1333 2948 1581 3022 symbolo
1612 2962 1720 3018 quo
1746 2956 1800 3003 et
1838 2960 1937 3001 nos
1975 2945 2150 3014 bapti-

550 3060 699 3115 ‘zare,
722 3048 969 3105 eumdem
994 3062 1155 3104 nosse
1182 3045 1352 3102 Deum
1394 3044 1641 3111 Patrem,
1674 3041 1924 3097 eumdem
1955 3037 2151 3093 Filium

550 3141 851 3207 Christum,
876 3140 1127 3196 eumdem
1173 3137 1433 3209 Spiritum
1463 3144 1708 3190 sanctum
1731 3149 1744 3198 ;
1770 3132 1903 3186 sciat
1929 3131 2019 3201 qui
2053 3129 2154 3184 hoc

2252 1952 2349 1996 tro.
2394 1942 2457 1997 Si
2495 1942 2699 1996 videbas
2739 1943 2923 2012 furem,
2967 1942 3205 1995 currebas
3242 1942 3309 2008 ei,
3352 1951 3399 1995 et
3438 1956 3555 1994 cum
3595 1944 3850 1998 adulteris

2253 2041 2536 2111 portionem
2564 2047 2705 2091 tuam
2731 2036 2953 2109 ponebas
2978 2035 3150 2105 (Psal.
3178 2049 3324 2101 χιιι,
3346 2035 3435 2100 17,
3463 2036 3577 2103 18).
3612 2035 3685 2091 Et
3712 2035 3848 2091 infra

2254 2133 2563 2189 manifestat
2582 2142 2636 2186 et
2665 2130 2983 2200 comprobat
3022 2129 3217 2183 Paulus
3259 2129 3532 2198 apostolus
3564 2129 3760 2200 (Rom.
3793 2144 3843 2198 ι,

2250 2226 2346 2294 52)
2378 2234 2550 2279 morte
2574 2224 2768 2295 dignos
2797 2238 2916 2278 esse
2944 2231 2999 2277 et
3024 2222 3088 2277 ad
3114 2234 3323 2293 poenam
3355 2222 3563 2289 venire,
3588 2239 3697 2277 non
3731 2234 3846 2280 tan-

2254 2327 2364 2372 tum
2410 2318 2529 2373 illos
2558 2318 2648 2387 qui
2679 2317 2820 2371 male
2860 2316 3096 2382 faciunt,
3130 2317 3222 2371 sed
3266 2317 3429 2371 etiam
3470 2330 3564 2373 eos
3592 2319 3689 2389 qui
3724 2318 3845 2373 talia

2253 2411 2535 2482 agentibus
2551 2412 2921 2466 consentiunt:
2942 2409 3033 2481 qui
3055 2425 3175 2465 cum
3202 2410 3359 2466 malis
3380 2419 3433 2466 et
3450 2413 3845 2480 peccatoribus,

2255 2514 2309 2559 et
2331 2503 2697 2573 paenitentiam
2725 2518 2826 2558 non
2846 2503 3125 2572 agentibus
3149 2502 3333 2557 illicita
3358 2504 3847 2560 communicatione

2248 2598 2573 2667 miscentur,
2599 2597 2909 2652 nocentium
2940 2596 3277 2651 contactibus
3298 2596 3638 2665 polluuntur,
3652 2605 3704 2651 et
3722 2597 3845 2651 dum

2251 2688 2553 2759 junguntur
2591 2689 2646 2742 in
2687 2688 2866 2757 culpa,
2894 2688 2972 2743 sic
3004 2702 3101 2742 nec
3142 2689 3192 2741 in
3226 2701 3380 2757 poena
3414 2698 3758 2758 separantur.
3785 2693 3848 2745 At

2256 2782 2343 2836 isti
2365 2797 2380 2835 :
2407 2780 2513 2835 Sed
2534 2795 2641 2834 non
2666 2781 3052 2843 consentimus,
3070 2780 3339 2850 inquiunt,
3360 2780 3695 2837 damnationi
3720 2790 3846 2836 mor-

2252 2859 2493 2929 tuorum.
2526 2874 2569 2927 υ
2600 2871 2945 2928 intolerabile
2982 2873 3213 2927 malum!
3243 2872 3289 2929 Ο
3316 2874 3618 2929 inauditum
3658 2888 3852 2944 oppro-

2258 2968 2465 3023 brium!
2502 2983 2609 3024 non
2639 2966 2947 3023 consentire
2984 2969 3137 3037 quasi
3169 2968 3368 3034 verbis,
3401 2967 3737 3022 damnationi
3774 2968 3848 3023 di-

2258 3071 2407 3127 cunt,
2436 3072 2493 3118 et
2518 3062 2864 3118 consentiunt
2891 3061 3165 3131 operibus,
3190 3061 3330 3131 quod
3350 3060 3593 3117 deterius
3622 3073 3727 3131 est,
3761 3078 3851 3119 exs

2256 3156 2508 3211 secrabili
2532 3156 2896 3211 communioni
2918 3171 2931 3220 ;
2960 3168 3082 3210 cum
3103 3155 3271 3224 magis
3292 3155 3623 3211 cumulatior
3643 3166 3852 3215 maneat

558 3233 935 3305 opponendum
976 3242 1150 3304 Ρυιθῐν
1197 3230 1302 3287 hoc
1353 3230 1608 3300 adjuvare
1649 3227 1784 3283 “1'95
1824 3241 1930 3281 "0"
1970 3238 2150 3294 Ροεδθ·
2185 3241 2231 3304 C
2264 3261 2422 3319 paena
2440 3249 2518 3302 eis
2534 3249 2621 3319 qui
2642 3257 2696 3302 et
2723 3262 2829 3303 non
2852 3247 3491 3317 ignorantveritatem,et
3513 3258 3693 3304 tamen
3716 3265 3853 3305 com-

557 3326 690 3384 Nam
711 3338 765 3385 et
793 3326 931 3383 Core
954 3368 968 3393 ,
997 3335 1053 3383 et
1100 3325 1332 3390 Datban,
1365 3333 1421 3380 et
1462 3323 1666 3379 Abiron
1687 3367 1701 3390 ,
1727 3336 1850 3376 cum
1876 3321 2156 3375 sacerdote

559 3421 740 3479 Aaron
767 3431 825 3479 et
851 3421 1035 3494 Moyse
1064 3420 1315 3476 eumdem
1362 3418 1532 3474 Deum
1563 3424 1828 3473 noverant
1847 3456 1860 3481 ,
1887 3415 2001 3485 pari
2043 3415 2157 3485 lege

560 3524 617 3571 et
640 3514 902 3585 religione
946 3514 1189 3568 viventes
1208 3553 1224 3580 ,
1256 3526 1422 3567 unum
1451 3520 1505 3566 et
1530 3524 1717 3566 verum
1750 3509 1917 3563 Deum
1947 3507 2039 3577 qui
2068 3520 2159 3562 co-

560 3604 753 3663 lendus
780 3616 941 3677 atque
980 3604 1317 3661 invocandus
1359 3603 1549 3671 fuerat,
1582 3601 1945 3668 invocabant;
1981 3612 2156 3657 tamen

563 3704 687 3775 quia
731 3704 837 3760 loci
874 3705 957 3759 sui
1004 3703 1362 3759 ministerium
1394 3702 1719 3773 transgressi
1768 3711 1954 3757 contra
1979 3703 2159 3759 Aaron

562 3798 929 3861 sacerdotem,
963 3796 1057 3868 qui
1099 3795 1461 3852 sacerdotium
1511 3794 1806 3866 legitimum
1850 3793 2161 3863 dignatione

561 3890 659 3947 Dei
691 3899 849 3963 atque
870 3890 1213 3947 ordinatione
1232 3898 1571 3963 perceperat,
1603 3887 1945 3944 sacriﬁcandi
1974 3887 2077 3943 sibi
2101 3888 2161 3942 li-

563 3985 794 4039 centiam
842 3984 1291 4051 vindicaverunt,‘
1344 3983 1600 4039 divinitus
1651 3983 1934 4053 percussi,
1974 3995 2162 4052 pcenas

565 4078 743 4134 statim
778 4093 875 4148 pro
898 4078 1099 4134 illicitis
1124 4078 1407 4135 conatibus
1431 4077 1818 4148 rependerunt,
1848 4090 1949 4132 nec
1974 4085 2165 4146 potue-

564 4179 691 4225 runt
740 4179 856 4225 rata
903 4185 1023 4227 esse
1068 4178 1122 4226 et
1155 4171 1419 4242 prolicere
1463 4168 1727 4225 sacrificia
1768 4167 2068 4238 irreligioso
2110 4178 2165 4224 et

564 4262 749 4319 illicito
775 4271 964 4318 contra
982 4262 1075 4334 jus
1116 4262 1313 4319 divina:
1351 4262 1722 4333 dispositionis
1751 4260 1954 4316 oblata.
1990 4260 2164 4328 Quare

566 4355 655 4427 qui
680 4357 998 4421 Novatiano,
1022 4357 1139 4412 sive
1162 4356 1374 4412 caeteris
1398 4355 1708 4427 hujusmodi
1735 4355 2162 4425 patrocinantur,

568 4448 765 4504 frustra
809 4450 1164 4505 contendunt.
1198 4451 1376 4520 Atque
1426 4458 1484 4503 ut
1513 4449 1682 4520 magis
1728 4448 1952 4517 intelligi
1986 4453 2167 4517 posset

486 4570 491 4577 -
570 4554 757 4597 contra
790 4540 1101 4611 huiusmodi
1127 4541 1429 4609 audaciam,
1455 4556 1575 4612 qua:
1607 4544 1678 4595 sit
1708 4553 1934 4594 censura
1961 4538 2162 4604 divina,

2267 3341 2545 3396 municant
2562 3340 2802 3394 veritatis
2819 3341 3071 3395 inimicis.
3089 3340 3147 3395 Si
3163 3340 3304 3396 enim
3323 3342 3574 3396 haeresim
3596 3341 3853 3408 fecerunt,

2261 3433 2403 3487 sicut
2431 3432 2733 3498 docuimus,
2770 3431 2822 3485 hi
2857 3432 3051 3501 quibus
3081 3432 3517 3499 communicatis,
3547 3433 3850 3489 damnando

2260 3525 2412 3578 vivos
2434 3534 2487 3577 et
2517 3530 2788 3587 mortuos;
2822 3520 2868 3576 si
2904 3521 2970 3577 ad
3002 3521 3283 3578 haereticos
3314 3524 3585 3589 exierunt,
3614 3521 3853 3580 faciendo

2260 3616 2403 3687 quod
2433 3616 2695 3684 Acephali
2726 3615 3036 3680 voluerunt,
3061 3615 3303 3671 haeretici
3330 3615 3575 3686 profecto
3616 3617 3857 3688 utrisque

2259 3710 2508 3766 admissis
2536 3717 2931 3764 remanserunt.
2974 3707 3255 3775 Quomodo
3302 3721 3431 3777 ergo
3457 3708 3550 3778 qui
3582 3707 3855 3763 htereticis

2262 3802 2684 3866 communicant,
2731 3799 2954 3855 lueresis
3000 3800 3227 3856 crimine
3284 3800 3456 3856 teneri
3487 3803 3857 3872 negabuntur‘l
3909 3829 3917 3869 ;

2265 3903 2355 3949 aut
2379 3910 2480 3965 qua
2514 3895 2691 3950 fronte
2718 3893 2995 3948 catholicas
3037 3892 3433 3948 communicare
3454 3892 3555 3947 sibi
3578 3876 3858 3948 videntur!

2265 3991 2346 4044 An
2374 3988 2500 4058 quia
2548 3985 2883 4042 manufactas
2903 3985 3163 4041 ecclesias
3186 3984 3421 4055 palatino
3449 3984 3648 4041 sulfulti
3674 3985 3860 4041 suffra-

2263 4083 2351 4153 gio
2395 4082 2632 4151 depulsis
2662 4083 2944 4138 catholicis
2993 4088 3371 4151 pervaserunt,
3419 4081 3541 4137 ideo
3564 4094 3662 4135 vos
3706 4080 3861 4135 fidem

2263 4176 2581 4230 catholicam
2617 4189 2910 4246 pacemque
2941 4174 3303 4229 Christianam
3345 4174 3399 4228 itt
3429 4172 3724 4243 parietibus
3749 4188 3861 4228 esse

2264 4271 2640 4327 arbitramini?
2682 4269 2741 4326 Si
2771 4270 2871 4326 hoc
2922 4269 3238 4340 opinamini,
3282 4268 3461 4324 audite
3508 4267 3655 4339 quod
3708 4268 3859 4324 etiam

2266 4373 2484 4419 sanctus
2519 4363 2754 4419 Hilarius
2784 4364 3070 4433 episcopus
3112 4361 3388 4417 confessor
3413 4370 3467 4416 et
3490 4361 3683 4417 doctor
3711 4362 3856 4430 egre-

2265 4453 2386 4523 gius
2412 4453 2732 4523 quibusdam
2785 4452 3049 4522 episc0pis
3098 4462 3341 4523 tempore
3370 4450 3668 4507 Constantii
3704 4454 3856 4520 impe‘

2264 4547 2481 4613 ratoris,
2530 4561 2635 4615 quo
2684 4547 2761 4602 sic
2812 4547 2993 4601 Ariani
3047 4546 3148 4602 sub
3204 4547 3417 4601 nomine
3447 4546 3592 4617 pacis
3624 4554 3681 4601 et
3727 4544 3855 4614 regis

569 4635 873 4690 invenimus
901 4636 951 4690 in
984 4636 1075 4691 tali
1104 4636 1343 4692 facinore
1367 4652 1473 4692 non
1502 4636 1675 4690 solum
1700 4634 1865 4689 duces
1888 4641 1944 4688 et
1974 4642 2160 4689 aucto-
2189 4635 2245 4697 Β
2270 4646 2612 4709 pervaserant
2657 4640 2937 4694 universas
2965 4653 3099 4708 pene
3121 4640 3282 4694 totius
3299 4639 3444 4693 orbis
3470 4639 3669 4694 locales
3697 4637 3857 4693 cccle-

573 4744 682 4797 rcs,
716 4729 810 4785 sed
838 4739 891 4785 et
912 4731 1204 4801 participes
1234 4731 1407 4800 pmuis
1430 4729 1712 4794 deStinari,
1738 4726 1841 4781 nisi
1869 4741 1928 4781 se
1955 4741 1983 4779 a
2014 4741 2164 4782 com-

574 4826 831 4880 munione
884 4825 1146 4879 malorum
1208 4822 1620 4893 separaverint,
1672 4820 2018 4890 praecipiente
2072 4835 2168 4889 per

573 4915 790 4987 Moysen
826 4917 1074 4983 Domino,
1114 4926 1169 4972 et
1210 4916 1465 4972 dicente:
1496 4914 1827 4982 Separamini
1866 4930 1898 4968 a
1937 4914 2167 4971 taberna-

573 5013 700 5067 culis
732 5013 994 5067 hominum
1023 5014 1243 5067 istorum
1264 5010 1678 5076 durissimarum,
1703 5016 1752 5063 et
1777 5008 1935 5064 nolite
1964 5019 2166 5080 tangere

573 5106 634 5159 ab
665 5106 899 5161 omnibus
944 5120 1060 5176 qua:
1085 5114 1203 5160 sunt
1232 5105 1327 5172 eis,
1362 5116 1423 5158 ne
1451 5102 1608 5157 simul
1639 5104 1857 5173 pereatis
1882 5104 1937 5157 in
1966 5111 2166 5174 peccato

575 5214 750 5253 eorum
790 5198 981 5272 (Num.
1024 5213 1133 5265 xvt,
1173 5196 1301 5266 26).
1352 5196 1423 5250 Et
1460 5196 1602 5266 quod
1667 5196 2028 5251 comminatus
2074 5210 2169 5263 per

578 5290 795 5363 Moysen
836 5289 1093 5347 Dominus
1133 5288 1311 5345 fuerat
1354 5287 1600 5360 implevit
1634 5305 1647 5342 :
1680 5297 1739 5344 ut
1775 5288 2017 5359 quisquis
2040 5301 2100 5342 se
2134 5301 2167 5341 a

578 5384 737 5451 Core,
781 5392 837 5440 et
871 5384 1110 5453 Datban,
1141 5392 1194 5440 et
1235 5381 1435 5439 Abiron
1480 5397 1586 5438 non
1622 5389 1959 5452 separasset,
1988 5395 2169 5451 pinnas

578 5476 761 5532 statim
785 5491 883 5547 pro
900 5477 1063 5549 impia
1079 5477 1460 5533 communione
1484 5475 1840 5547 persolveret.
1863 5475 1980 5542 Quo
1999 5488 2172 5529 exem-

653 5691 681 5721 ι
704 5682 761 5737 In
791 5682 892 5738 hoc
911 5682 1165 5751 Cypriani
1196 5681 1508 5737 testimonio
1524 5677 1807 5735 Facundus
1830 5675 2009 5746 aliqua
2032 5690 2169 5745 prte~

579 5754 853 5819 terntittit,
883 5756 1047 5808 verba
1080 5754 1239 5807 etiam
1260 5763 1450 5807 mutat.

655 5836 682 5864 ⁸
710 5826 897 5895 Cypr.,
930 5826 1251 5881 ordinatione
1270 5824 1577 5881 succidanea
1595 5820 1921 5894 prasidente,

654 5896 683 5940 δ
708 5896 990 5954 Βεάυιιᾰαι
1018 5899 1145 5965 ipse.

2274 4736 2401 4799 sias,
2430 4733 2569 4789 sicut
2602 4749 2743 4789 nunc
2774 4733 3093 4804 Eutychiani
3117 4734 3228 4789 sive
3258 4734 3539 4804 Acepltali,
3594 4734 3661 4789 de
3684 4732 3783 4789 hac
3809 4746 3861 4787 re

2274 4827 2495 4894 scribat,
2544 4836 2662 4896 post
2688 4826 2789 4880 alia
2843 4827 3056 4900 dicens:
3109 4845 3127 4877 ι
3158 4825 3265 4880 Oro
3317 4841 3433 4892 vos,
3481 4825 3745 4896 episc0pi,
3774 4826 3861 4897 qui

2272 4921 2377 4976 hoc
2398 4936 2518 4977 esse
2542 4936 2638 4975 vos
2668 4920 2911 4985 creditis,
2945 4920 3265 4987 quibusnam
3292 4920 3561 4990 suﬂ‘ragiis
3581 4922 3647 4975 ad
3678 4922 3862 4992 praedi-

2275 5014 2499 5069 candum
2531 5011 2885 5081 Evangelium
2916 5011 3142 5080 apostoli
3191 5012 3269 5066 usi
3307 5010 3467 5065 sunt?
3488 5011 3684 5080 quibus
3706 5010 3863 5083 adjuti

2276 5106 2630 5177 potestatibus
2659 5104 2930 5160 Christhm
2961 5105 3409 5175 prmdicaverunt,
3437 5114 3736 5174 gentesque
3761 5104 3863 5161 fuit

2273 5212 2465 5255 omnes
2512 5213 2579 5253 ex
2630 5197 2787 5252 idolis
2809 5196 2876 5251 ad
2929 5196 3213 5249 Dominum
3246 5195 3671 5249 transtulerunt?
3718 5197 3866 5250 Anne

2275 5291 2507 5361 aliquam
2558 5291 2656 5345 sibi
2690 5288 3039 5344 assumebant
3069 5302 3099 5343 e
3141 5288 3343 5358 palatio
3372 5288 3724 5359 dignitatem?
3762 5308 3781 5339 ι
3810 5287 3864 5341 Et

2272 5382 2441 5437 infra:
2479 5402 2497 5435 ι
2528 5381 2703 5438 Unum
2731 5394 2946 5446 moneo,
2978 5379 3170 5450 inquit,
3219 5389 3411 5435 cavete
3440 5378 3859 5441 Antichristutu;

2274 5475 2416 5531 male
2437 5476 2579 5531 enim
2607 5488 2703 5530 vos
2733 5474 2997 5545 parietum
3026 5486 3178 5528 amor
3206 5471 3370 5544 cepit,
3401 5472 3543 5528 male
3572 5470 3863 5529 Ecclesiam

2356 5675 2589 5747 9Cypr.,
2622 5677 2717 5730 sibi
2748 5678 2891 5745 foris.

2348 5745 2375 5855 te!
2670 5739 2880 5872 assunt,
2913 5745 3116 5803 videsis
3144 5744 3287 5817 apud
3321 5744 3485 5817 Cypr.
3518 5744 3677 5817 epist.
3704 5739 3794 5799 76.

2491 5858 2527 5886 .,
2590 5836 2620 5871 ιι
2647 5835 2679 5872 u
2745 5836 2788 5873 ε.
