4104 6360
370 286 474 354 877

1189 304 1604 377 FERRANDUS
1634 314 1982 383 DIACONUS
2018 322 2370 389 CARTHAG.
2409 360 2481 377 --
2516 328 2817 397 NOTITIA.‘

3536 348 3641 409 878

369 411 462 467 Dei
484 413 537 468 in
570 413 722 472 tectis
766 418 1109 494 :edillciisque
1151 433 1503 505 veneramini,
1537 437 1674 491 male
1716 439 1818 493 sub
1867 439 1950 495 bis
1978 445 2024 501 A
2054 440 2131 497 sic
2160 446 2388 502 tenenda
2410 458 2467 504 ut
2489 452 2554 506 ad
2577 451 2695 509 illos
2721 469 2818 511 nos
2847 462 3124 525 exeamus,
3151 461 3361 533 etquod
3388 462 3463 520 illi
3490 480 3639 538 sum,

363 505 510 574 pacis
542 522 736 566 nomen
759 511 1017 584 ingeritis.
1044 520 1197 575 Anne
1219 523 1524 595 ambiguum
1557 537 1637 582 est
1659 529 1711 583 in
1732 528 1813 585 his
1838 532 1945 588 An-

2050 534 2153 591 hoc
2200 554 2295 593 nos
2326 557 2534 614 quoque
2585 546 2905 605 efﬁciamur.
2962 550 3200 624 Denique
3250 557 3389 627 quod
3452 560 3638 620 beatus

2342 598 2356 611 ,
2451 598 2464 614 ,
2595 598 2905 605 ρων-η.-
2962 598 3090 607 νυ...
3138 598 3200 609 -υ
3290 598 3389 612 ..νυ
3452 598 3638 620 um"...

362 598 664 658 ticltristum
712 620 832 661 esse
879 615 1192 669 sessurum?
1244 617 1450 675 Montes
1478 622 1607 676 mihi
1638 632 1692 678 et
1719 625 1866 681 silvae
1893 636 1947 683 et
2049 638 2382 710 Augustinus
2425 645 2639 701 dicebat
2678 658 2733 704 ει
2779 651 3039 708 suadet»,l
3086 598 3401 729 Sanguis,
3437 662 3639 722 habere

362 691 505 729 in...
554 706 607 729 ..ι
641 712 889 729 ..α-...ψη
958 715 1005 729 -.
1037 710 1319 729 -.μηςμη
1461 722 1517 729 --
1565 718 1597 729 Α.
1774 719 1793 729 -
1863 720 1911 729 ..

358 691 526 762 lacus,
554 706 612 751 et
640 712 909 768 carceres,
954 715 1008 761 et
1037 710 1321 779 voragines
1354 723 1478 768 sunt
1503 718 1744 773 tutiores.
1774 719 1827 773 ln
1862 720 1943 778 his

357 788 498 841 enim
526 790 801 861 prophetas
829 806 982 851 erant
1024 811 1325 869 manentes,
1373 812 1427 859 et
1465 807 1654 879 spiritu
1706 809 1794 864 Dei
1821 827 1942 881 pro-

354 878 666 951 phetabant.
702 903 721 938 ι
759 886 883 943 Hatc
912 889 1124 947 interim
1157 909 1253 963 pro
1286 878 1550 955 brevitate
1595 904 1795 970 prolata
1822 878 1940 961 suf-

353 973 535 1029 ticiant
565 976 889 1047 testimonia,
916 986 1168 1052 quoniam
1190 988 1235 1043 si
1263 992 1494 1059 amplius
1509 1008 1829 1053 coacervare
1853 1000 1936 1055 vel

348 1069 659 1128 ratiocinari
688 1074 970 1145 vellemus,
1030 1081 1320 1152 legentium
1374 1086 1592 1141 forsitan
1624 1092 1932 1150 memoriam

346 1171 720 1221 Oneraremus.
745 1164 893 1223 Nunc
916 1170 1024 1239 jam
1049 1172 1176 1227 illud
1206 1190 1418 1246 quoque
1439 1176 1674 1234 breviter
1695 1195 1937 1236 comme-

345 1266 565 1311 morare
599 1256 877 1327 debemus,
901 1264 1041 1331 quod
1089 1280 1154 1319 ex
1185 1267 1324 1322 beati
1350 1268 1632 1339 Augustini
1662 1274 1935 1340 opusculis

342 1354 527 1399 contra
568 1346 873 1407 Donatistas
925 1355 1136 1424 scriptis
1184 1357 1467 1428 objitiunt,
1495 1361 1764 1417 dicentes:
1792 1364 1933 1419 Dixit

340 1449 554 1493 sanctus
581 1440 947 1511 Augustinus:
984 1448 1126 1501 Bona
1155 1458 1237 1504 est
1291 1466 1422 1521 pax,
1475 1454 1665 1509 habete
1709 1470 1927 1524 pacem;

337 1526 478 1585 bona
508 1541 590 1586 est
615 1520 809 1601 unitas,
847 1537 1049 1609 diligite
1073 1542 1352 1607 unitatem,
1390 1560 1494 1598 non
1517 1546 1788 1602 scindatur
1814 1549 1932 1604 uni-

337 1626 437 1673 tas.
471 1614 577 1677 Sed
619 1623 735 1681 hmo
788 1635 845 1683 et
888 1630 1011 1684 talia
1059 1634 1258 1704 egregii
1312 1635 1549 1692 doctoris
1600 1639 1926 1708 testimonia,

334 1723 588 1779 quantum
620 1731 712 1771 eos
740 1720 1084 1791 supplodant,
1114 1740 1211 1781 nos
1245 1741 1374 1783 vero
1400 1729 1692 1796 stabiliant,
1720 1748 1925 1803 nequa-

2048 747 2255 802 pacem,
2297 736 2523 807 diligere
2554 742 2835 809 unitatem,
2861 747 3074 817 egregie
3106 752 3240 806 satis
3268 762 3323 806 et
3348 753 3638 814 salubriter

2044 829 2290 889 dicebat:
2330 833 2472 904 ipsos
2500 836 2642 891 enim
2677 839 2948 908 cupiebat,
2981 845 3430 912 quemadmodum
3457 861 3509 904 et
3533 866 3633 908 nos

2043 927 2198 995 istos,
2229 928 2483 984 damnan
2511 946 2696 986 errore
2717 946 2816 988 suo
2846 934 2912 989 ad
2943 936 3261 995 catholicam
3292 940 3489 1009 redire,
3523 944 3629 999 sic-

2040 1028 2097 1072 ut
2131 1021 2185 1074 in
2227 1022 2410 1076 multis
2439 1024 2709 1093 opusculis
2750 1035 2937 1080 contra
2996 1042 3180 1084 eorum
3230 1031 3461 1087 schisma
3493 1036 3630 1089 seri-

2040 1112 2144 1181 ptis
2166 1111 2587 1171 luculentissinte
2621 1117 2829 1174 edocet.
2856 1118 2969 1173 Non
2995 1130 3051 1174 ut
3073 1120 3209 1190 ipse,
3237 1126 3623 1196 autquisquam

2038 1207 2459 1264 orthodoxornm
2512 1211 2718 1273 relicta.
2749 1213 2889 1281 quod
2938 1214 3099 1280 absit,
3129 1216 3413 1283 catholica,
3446 1220 3629 1274 errori

2035 1313 2221 1355 eorum
2252 1303 2631 1358 communione
2661 1305 2916 1375 sacrilega
2943 1307 3280 1363 misceretur.
3316 1308 3427 1364 lluc
3447 1319 3501 1365 et
3527 1324 3631 1369 nos

2037 1390 2152 1446 istis
2183 1407 2304 1447 cum
2352 1410 2540 1463 magna
2589 1410 2719 1464 pace
2772 1397 3028 1451 dicimus:
3082 1399 3341 1456 Damnate
3389 1416 3630 1461 errorem

2034 1502 2191 1554 quem
2250 1487 2555 1555 induxistis,
2604 1490 2810 1547 auferte
2837 1492 3198 1550 damnationis
3241 1495 3438 1552 malum
3481 1498 3624 1566 quod

2030 1576 2309 1644 intulistis,
2360 1594 2455 1649 per
2505 1581 2647 1651 quod
2689 1594 2744 1636 et
2789 1581 3024 1639 haeretici
3070 1583 3220 1651 facti,
3254 1593 3312 1642 et
3338 1587 3624 1644 haeretico-

2031 1682 2151 1722 rum
2184 1671 2421 1727 fautores
2448 1672 2763 1743 exstitistis;
2798 1685 2851 1731 et
2896 1676 3173 1734 nobiscum
3205 1695 3393 1751 pacem
3426 1681 3626 1738 haben-

2032 1766 2132 1823 tes,
2194 1770 2247 1815 et
2292 1762 2433 1817 sicut
2470 1765 2676 1835 pridem
2712 1775 2975 1837 tenentes,
3032 1772 3316 1829 universos
3343 1775 3624 1833 haereticos

334 1818 491 1873 quam
533 1811 884 1879 perspiciunt.
933 1816 988 1871 Si
1038 1819 1183 1873 enim
1240 1821 1325 1875 isti
1373 1822 1463 1890 qui
1507 1823 1621 1879 hanc
1650 1836 1835 1883 contra
1863 1845 1923 1885 se

334 1896 508 1934 nnlinc
531 1911 803 1934 Ληηηηηιιι
872 1905 1125 1934 ηιιιηιτη...
1158 1911 1403 1934 -..:---a-_-
1432 1915 1627 1934 -__-.,-.-
1656 1933 1680 1934 η
1780 1923 1787 1929 ν

2201 1811 2246 1815 -_
2293 1811 2432 1817 __-_-
2470 1811 2676 1835 rm--."
2713 1811 2975 1837 ...........,..,
3034 1811 3316 1829 ...ηνυηυσ
3343 1811 3622 1833 ιιυυιῠιιιιυα

2030 1852 2367 1920 confudistis,
2395 1865 2449 1910 et
2476 1858 2757 1914 catholica:
2781 1876 2878 1917 vos
2899 1863 3088 1917 unitati
3110 1865 3437 1922 reddidistis.
3461 1867 3622 1934 Quis-

332 1896 509 1962 potius
531 1911 826 1970 opponunt,
872 1905 1131 1962 nolebant
1157 1911 1406 1967 scindere
1431 1915 1720 1983 unitatem;
1746 1923 1788 1973 si
1823 1936 1923 1975 no—

330 1983 512 2041 lebant
556 1991 751 2046 bellum
782 1994 983 2053 inferre
1026 2001 1304 2058 catholica:
1354 2005 1627 2074 Ecclesire,
1660 2024 1755 2079 per
1780 2014 1921 2083 quod

328 2089 433 2147 pax
482 2081 804 2153 violaretur;
853 2089 996 2158 quod
1052 2092 1104 2147 in
1145 2107 1207 2148 ea
1230 2094 1571 2167 invenerunt,
1608 2100 1708 2155 hoc
1743 2081 1923 2174 utique

328 2184 538 2230 servare
567 2186 621 2231 et
646 2180 874 2237 viriliter
912 2187 1201 2253 custodire,
1254 2191 1393 2246 sicut
1432 2207 1597 2262 supra
1643 2204 1918 2253 ostensum

325 2273 427 2329 est,
470 2267 789 2327 debuerunt.
839 2274 991 2343 Quod
1048 2289 1228 2335 autem
1259 2282 1369 2348 illa,
1426 2293 1517 2338 aut
1546 2286 1614 2340 ab
1667 2287 1755 2341 illa
1811 2306 1916 2347 non

324 2367 667 2428 acceperunt,
717 2372 968 2436 tanquam
1004 2384 1131 2426 vere
1164 2373 1382 2428 noxium
1431 2386 1483 2429 et
1505 2375 1704 2434 lethale
1732 2378 1917 2450 fugere

323 2460 622 2521 cavereque
650 2454 966 2513 debuerunt.
1004 2459 1136 2518 Nam
1168 2460 1415 2522 habenda
1446 2477 1530 2524 est
1560 2484 1684 2541 pax,
1720 2487 1916 2529 secun-

320 2540 446 2597 dum
501 2549 851 2615 apostolicam
897 2552 1221 2623 doctrinam,
1264 2573 1385 2614 cum
1419 2562 1689 2630 omnibus,
1720 2563 1765 2619 si
1799 2566 1913 2622 ﬁeri

320 2645 521 2706 potest,
552 2639 881 2713 hominibus,
912 2660 1016 2703 non
1043 2659 1220 2706 tamen
1246 2666 1366 2708 cum
1384 2655 1633 2711 omnibus
1661 2658 1909 2714 tenenda.

314 2726 597 2798 Siquidem
617 2734 773 2804 longe
788 2737 931 2792 aliud
961 2739 1031 2795 sit
1057 2740 1256 2798 habere
1283 2743 1504 2813 aliquid,
1535 2746 1680 2802 aliud
1702 2758 1907 2807 tenere.

314 2817 430 2874 Non
464 2822 639 2879 solum
663 2824 828 2895 igitur
856 2844 979 2885 cum
1008 2832 1372 2889 scbismaticis
1403 2846 1458 2891 et
1497 2837 1786 2906 haereticis,
1812 2844 1908 2898 sed

299 2913 475 2967 etiam
500 2929 619 2970 cum
649 2917 849 2975 Judaeis
879 2923 1185 2981 carnalibus
1225 2935 1386 2999 atque
1406 2931 1626 3002 paganis
1665 2931 1907 2990 habenda

314 3015 395 3061 est
424 3021 545 3076 pax.
571 3008 677 3065 Sed
708 3012 793 3068 illa
825 3015 1064 3084 profecto
1094 3033 1218 3088 pax,
1254 3036 1347 3090 per
1382 3038 1537 3093 quam
1570 3039 1664 3080 eos
1685 3036 1909 3097 empta-

313 3111 431 3154 mus
454 3108 511 3155 et
535 3103 781 3173 cupimus
808 3106 921 3162 Deo
943 3112 1240 3179 acquirere,
1282 3123 1337 3169 et
1367 3116 1575 3171 veritati
1608 3117 1904 3189 unitatique

310 3195 520 3251 sociare
548 3200 855 3268 catholicae;
889 3212 1107 3274 propter
1130 3208 1271 3276 quod
1305 3209 1468 3265 etiam
1498 3219 1557 3265 ut
1582 3221 1906 3269 convertan-

310 3290 415 3354 lur,
460 3293 759 3348 secundum
787 3296 1097 3354 mandatum
1130 3298 1227 3355 Dei
1254 3315 1353 3373 pro
1382 3303 1459 3360 eis
1504 3318 1754 3360 oramus:
1794 3321 1903 3363 non

2030 1945 2152 2014 quis
2204 1944 2385 2016 itaque
2435 1948 2549 2003 haec
2580 1949 2732 2020 legis,
2791 1951 3060 2023 eloquium
3093 1956 3203 2010 noli
3233 1971 3493 2026 quaerere,
3526 1962 3620 2017 sed

2025 2051 2114 2092 res
2144 2040 2459 2110 pondusque
2485 2041 2724 2099 veritatis
2743 2044 3026 2116 diligenter
3056 2049 3285 2107 intuere.
3320 2050 3387 2107 Et
3411 2053 3457 2107 si
3482 2068 3617 2123 pras-

2023 2128 2382 2185 varicatorum
2414 2135 2794 2191 communione
2823 2138 3063 2206 pollutus
3079 2155 3187 2195 non
3213 2154 3294 2209 es,
3320 2156 3417 2197 ora
3446 2142 3618 2201 Deum

2023 2230 2464 2291 ntiperseveres.
2507 2225 2565 2283 Si
2594 2242 2723 2284 vero
2768 2241 2858 2284 aut
2902 2232 3213 2301 ignoranter
3240 2243 3333 2291 aut
3359 2237 3619 2295 violenter

2024 2310 2209 2382 lapsus
2238 2329 2317 2383 es,
2351 2330 2602 2386 reparare
2632 2321 2696 2374 ad
2738 2321 3058 2380 catholicam
3103 2329 3383 2384 veritatem
3432 2346 3617 2387 recur-

2020 2406 2189 2460 rendo
2215 2407 2430 2487 festina,
2461 2415 2895 2471 communionem
2925 2419 3042 2487 ejus
3056 2421 3414 2479 resumendo:
3443 2424 3615 2480 omni~

2018 2497 2120 2554 bus
2142 2501 2402 2571 siquidem
2436 2506 2818 2572 paenitentibus
2859 2513 3120 2578 promissa
3146 2523 3230 2569 est
3247 2517 3425 2571 venia.
3443 2516 3614 2575 Nemo

2017 2589 2394 2661 desperatione
2435 2596 2726 2667 frangatur.
2759 2599 2947 2657 Nullus
2986 2606 3310 2675 serpentiuis
3337 2609 3612 2680 deceptio-

2015 2683 2175 2739 nibus
2214 2686 2441 2743 ulterius
2472 2690 2775 2747 irretiatur:
2811 2696 3087 2763 quoniam,
3128 2700 3269 2754 sicut
3307 2709 3611 2772 transgres-

2013 2778 2227 2833 soribus
2257 2788 2311 2834 et
2346 2782 2708 2851 impmnitenti
2748 2787 2913 2843 corde
2940 2792 3384 2858 permanentibus
3411 2793 3610 2865 sempi-

2013 2878 2225 2925 ternum
2260 2888 2380 2928 cum
2415 2873 2630 2931 diabolo
2658 2891 3016 2951 przeparatum
3058 2893 3141 2939 est
3170 2886 3510 2959 supplicium,
3531 2888 3607 2946 sic

2011 2977 2041 3017 a
2081 2964 2308 3020 Domino
2350 2967 2459 3022 Deo
2497 2980 2708 3039 pactum
2746 2970 2861 3041 ejus
2888 2976 3355 3043 conservantibus,
3398 2986 3457 3034 et
3480 2980 3608 3037 ﬁdei

2008 3054 2287 3111 catholicae
2335 3056 2681 3115 fundamenta
2715 3063 3163 3135 custodientium,
3230 3068 3605 3140 novitatesque

2009 3148 2260 3218 profanas
2288 3149 2666 3217 devitantlbus,
2695 3162 2953 3212 aeternum
2980 3163 3037 3213 et
3061 3160 3178 3215 sine
3209 3158 3315 3217 ﬁne
3358 3174 3604 3220 reservaa

1935 3222 1981 3289 (ἶ
2013 3253 2124 3299 tum
2150 3254 2233 3301 est
2263 3248 2539 3316 prtemium
2562 3248 2876 3319 gloriosum.

304 3462 3597 3543 Ἢ

1609 3642 1780 3691 ANNO
1804 3646 2037 3695 DOMINI
2067 3650 2311 3702 DXLVII.

868 3732 1873 4099 ruminas
1946 3868 3006 4162 lt‘llllllthllUS,

710 4234 1787 4349 CARTHAGINIENSIS
1862 4248 2454 4338 ECCLESI/E
2528 4255 3172 4346 DIACONUS.

1633 4445 2310 4474 ‘—

1526 4623 2354 4761 NOTITIA.

1713 4838 1816 4901 [Ex
1853 4839 2155 4906 Gallantlo.]

362 4974 402 5030 Ι.
426 4975 747 5059 Fulgentius
777 4977 1102 5059 Eerrandus,
1133 4985 1183 5059 si
1206 4983 1745 5059 Chil‘ﬂetiumaudias
1776 4990 1874 5059 (α),

290 5048 460 5103 sancti
491 5047 751 5125 Fulgentii
782 5050 1073 5119 Ruspensis
1088 5047 1336 5125 episcopi
1370 5057 1689 5112 autal’linem
1714 5047 1877 5115 fuisse

288 5128 381 5173 aut
399 5118 882 5197 consanguineum,
898 5118 961 5177 iet
994 5118 1303 5193 praenomen
1330 5135 1385 5181 et
1409 5131 1579 5182 sancti
1628 5130 1875 5197 praesulis

289 5190 528 5268 modeste
549 5191 635 5268 ab_
661 5205 728 5246 eo
755 5190 1229 5268 commemoratum
1268 5213 1437 5267 genus
1484 5190 1690 5255 illustre
1735 5214 1876 5268 pene

284 5263 595 5331 persuadet.
614 5263 763 5319 "Inter
792 5264 1083 5336 discipulos
1111 5263 1293 5322 sancti
1318 5269 1589 5339 Fulgentii
1621 5263 1869 5339 eminuit,

287 5348 446 5416 quem
478 5347 927 5416 proptere-asilum
952 5340 1261 5416 magistrum
1282 5340 1515 5416 appellat
1539 5344 1615 5416 (ὁ)
1640 5361 1652 5396 :
1681 5345 1872 5413 dignus

282 5406 444 5482 plane
472 5417 616 5464 tanto
642 5407 950 5464 institutore
1000 5406 1419 5479 discipttluste
1438 5430 1504 5469 eo
1545 5406 1695 5482 plura
1731 5406 1869 5482 fim-

286 5478 451 5569 clarf,
475 5489 532 5531 ut
557 5483 777 5564 assolet,
805 5483 1033 5569 scriptor
1054 5478 1513 5569 eminentissimus
1543 5478 1614 5569 (ί)
1643 5506 1654 5540 ς
1689 5505 1719 5569 _r_
1733 5478 1876 5569 Fier-

286 5549 504 5619 randus,
555 5549 748 5622 inquit,
798 5549 1076 5611 Africanos
1114 5569 1396 5626 episcopos
1457 5558 1513 5614 in
1549 5549 1872 5617 'Sardiniam

357 5766 433 5848 (ᾳ)
468 5767 648 5848 gnam.
678 5775 882 5848 pmfat.
908 5774 975 5832 ad
1001 5776 1137 5848 Opp.
1170 5772 1431 5837 reuma.

354 5840 431 5911 (b)
471 5840 727 5901 Fcrrand.
752 5848 908 5919 epist.
931 5850 984 5917 Ξ,
1021 5840 1180 5911 infra.
1213 5866 1333 5924 pag.
1368 5852 1493 5911 889.

1905 4995 1957 5055 D
1985 4996 2352 5086 'lrgr‘asa‘mundi
2371 5004 2515 5086 regis
2524 5004 2681 5086 jussu
2712 5009 3022 5080 deportatos
3050 5025 3287 5086 secutus,
3315 5018 3370 5076 in
3392 5034 3573 5080 canon

1986 5068 2074 5121 bio
2101 5068 2694 5164 Iexsulatnte}itidem
2721 5068 3570 5164 sanctoj‘iilge‘nt—io‘eonstrvuclo,

1987 5140 2305 5219 monachum
2332 5144 2536 5222 induit.
2560 5147 2833 5209 Hilderieo
2854 5140 3569 5222 .nittsei’miiiégé'iﬁli;

1984 5215 2268 5303 episcopos
2297 5215 2361 5270 ab
2387 5220 2578 5275 exsilio
2600 5236 2908 5303 r;evn_c_an_te,
2933 5243 3186 5303 unacum
3210 5215 3569 5303 βεηαευῖἱόἶῆ

1986 5280 2218 5367 Africam
2250 5300 2523 5373 reversus,
2550 5307 2578 5345 a
2593 5280 2882 5373 _Boniiacio
2896 5280 3567 5373 ἐἰξέῆἰᾶβῖἑέἶιρωυϐῖτιῖιέῖ

1980 5353 2528 5435 gittiensis_Ecclesim
2557 5364 2626 5419 ob
2654 5369 2903 5423 eximiam
2961 5353 3170 5426 morter
3307 5373 3567 5435 doctrinm

1982 5426 2349 5509 excellentiam
2380 5434 2636 5509 (licentius
2666 5437 3034 5509 inauguratus,
3069 5426 3305 5499 omnium
3350 5464 3567 5505 sermo.

1980 5510 2049 5549 ne
2096 5496 2291 5592 ubiq'ne
2335 5505 2727 5592 celebrabatur.
2777 5496 2869 5564 lTle
2915 5496 3087 5569 sancti
3108 5496 3399 5588 sagittis};
3421 5496 3566 5592 ’χργῷ

1977 5570 2191 5625 caeteris
2222 5572 2388 5628 libros
2432 5576 2621 5630 diurna
2670 5588 3038 5655 nocturnaque
3064 5570 3564 5663 iniuideam}?

2045 5788 2333 5883 (plrimis.
2368 5793 2871 5883 llis-t...controv.__de
2900 5822 3007 5865 uno
3048 5825 3121 5869 ex
3160 5808 3356 5872 Trinit.
3380 5825 3561 5883 posse,

1967 5871 2019 5914 c.
2051 5862 2105 5930 9,
2128 5862 2263 5933 Opp.
2297 5874 2426 5922 tom.
2458 5864 2548 5934 lll,
2573 5882 2690 5941 pag.
2720 5871 2850 5931 855.
