4104 6360
350 317 449 375 881

1834 313 2129 375 ΝΟΤῘΤΙΑ.
2194 338 2199 343 ·

3521 316 3626 373 88ἱ

348 445 562 507 quoque
591 432 847 507 Vidimus,
878 435 1053 491 virum
1076 434 1293 506 quidem
1335 390 1455 507 non
1471 448 1644 506 usque
1672 433 1810 507 adeo
1835 448 1935 490 sae-
1961 432 2017 495 Α
2045 431 2306 507 Cilimere
2332 435 2522 505 pulsus
2548 442 2602 491 et
2642 424 2808 507 regno
2834 434 3093 506 spoliatus
3121 441 3222 490 est.
3264 451 3284 487 ι
3308 432 3431 507 nuc
3458 420 3628 504 usque

349 505 621 560 cularibus
653 506 843 560 litteris
872 505 1177 573 eruditum,
1219 507 1315 562 sed
1348 505 1651 560 divinarum
1693 505 1937 574 Scriptu-

348 592 530 632 rarum
573 577 803 632 lec1i0ne
849 579 1239 645 plenissimum.
1284 576 1384 631 Hic
1427 577 1495 631 ad
1530 585 1804 644 parentem
1840 592 1937 632 no-

348 657 518 717 stram
566 648 794 701 Probam
822 650 1082 715 virginem
1121 663 1327 704 sacram
1379 663 1443 702 ex
1476 648 1731 717 operibus
1762 649 1935 703 sancti

348 716 630 789 Augustini
654 719 809 773 valde
848 721 1137 774 altissimas
1164 718 1489 789 quaestiones
1516 716 1582 773 ac
1613 720 1933 787 sententias,

348 802 412 844 ac
441 790 683 845 diversas
714 806 800 844 res
828 790 1121 860 deﬁurans,
1156 793 1206 845 in
1244 805 1349 842 uno
1377 804 1606 857 corpore
1633 791 1936 845 necessaria

347 861 512 915 nimis
544 861 965 928 dispensatione.
998 872 1053 916 et
1074 863 1127 916 in
1159 860 1414 915 trecentis
1440 860 1654 931 triginta
1686 868 1809 914 octo
1847 875 1938 915 ca-

387 931 533 986 itulis
563 932 865 987 collocavit.
908 951 926 984 ι
966 934 1140 987 lnnuit
1162 934 1248 986 hic
1280 932 1528 986 nimirum
1561 932 1789 985 Senator
1816 931 1938 985 Col-

370 1008 653 1057 ectaneum
688 1004 1128 1071 Augustinianum
1178 1004 1245 1058 ab
1277 1002 1543 1072 Eugippio
1590 1002 1892 1056 confectum
1916 1041 1936 1068 ,

353 1089 374 1124 ι
411 1072 731 1129 cohortante
760 1074 964 1129 Marino
986 1076 1200 1140 abbate,
1239 1093 1256 1125 ι
1290 1083 1757 1142 nuncupatumque
1783 1090 1803 1124 ι
1840 1073 1939 1127 do-

348 1142 510 1198 mina:
542 1145 737 1198 merito
778 1145 1069 1200 venerabili
1100 1156 1151 1200 et
1195 1146 1369 1198 fructu
1403 1158 1572 1199 sacra:
1615 1142 1937 1210 virginitatis

348 1215 403 1269 in
430 1214 631 1268 Christi
657 1217 823 1281 gratia
857 1232 1072 1283 semper
1102 1216 1297 1269 illustri
1324 1215 1531 1282 Probae,
1572 1234 1591 1267 ι
1629 1222 1685 1268 ut
1710 1216 1941 1284 ipsemet

348 1285 404 1339 in
429 1285 746 1354 praefatione
771 1288 1074 1355 proﬁtetur.
1100 1285 1268 1355 Hujus
1296 1286 1517 1353 virginis
1540 1284 1728 1339 Proba:
1753 1284 1938 1341 laudes

349 1356 587 1411 celebrat
619 1356 931 1428 Fulgentius
953 1358 1053 1425 (α),
1081 1373 1238 1426 quam
1270 1374 1289 1407 ι
1316 1360 1429 1410 avis
1460 1355 1734 1425 atavisque
1759 1364 1936 1428 natam

348 1428 664 1481 consulibus
692 1426 747 1482 ei
769 1428 978 1483 deliciis
1001 1429 1268 1497 regalibus
1291 1428 1579 1482 enutritam
1615 1444 1636 1478 ι
1672 1426 1937 1496 perhibet,

348 1498 634 1569 eidemque
650 1498 782 1553 duas
798 1500 1051 1568 epistolas
1072 1510 1313 1569 quartam
1336 1499 1654 1569 et'quintam
1672 1497 1936 1551 inscribit.

348 1566 431 1640 Ex
478 1569 671 1640 quibus
710 1566 847 1639 ergo
887 1566 1103 1640 tempus
1148 1566 1480 1640 compertum
1534 1568 1790 1640 habemus
1833 1582 1939 1637 quo

347 1638 531 1711 ﬂoruit
572 1638 870 1711 Engippius
914 1641 982 1695 ad
1006 1638 1182 1710 'quem
1215 1639 1405 1711 scribit
1453 1649 1636 1695 noster
1672 1638 1940 1711 diaconus

348 1708 833 1779 Carthaginiensis.
869 1712 985 1778 Qua
1013 1708 1080 1765 de
1109 1727 1169 1765 re
1200 1710 1449 1765 consulas
1475 1711 1639 1765 velim
1666 1709 1940 1764 Sirmondi

349 1780 629 1848 epistolam
671 1783 736 1835 ad
781 1779 1104 1836 Chiiﬁetium
1156 1780 1259 1851 (ὁ).
1298 1781 1432 1835 Hinc
1474 1782 1600 1835 item
1632 1780 1939 1847 exploditur

349 1860 715 1922 commentum
744 1853 810 1905 de
837 1852 1048 1907 duobus
1084 1852 1379 1922 Eugippiis,
1410 1866 1637 1922 quorum
1666 1852 1803 1922 alter
1834 1851 1937 1905 lta-

347 1920 456 1993 l_us,
501 1921 785 1977 Africanus
811 1924 948 1978 alter
978 1920 1367 1987 fuerit,Miraeo
1412 1921 1509 1991 (c),
1540 1920 1801 1993 Bollando
1828 1922 1934 1993 (ἀ),

346 1989 525 2064 Caveo
561 1994 649 2063 (e)
688 1994 912 2064 aliisque
949 1994 1251 2061 probatum.
1300 1989 1563 2047 Nimirum
1592 1992 1648 2046 in
1692 1989 1935 2064 errorem

346 2061 485 2131 lapsi
514 2061 641 2118 sunt
669 2061 864 2119 eruditi
906 2064 1047 2131 viri,
1097 2064 1363 2134 Sigeberti
1405 2064 1726 2117 auctoritate
1762 2063 1931 2131 ducti,

347 2134 443 2205 (ιυὶ
470 2134 536 2189 de
567 2135 831 2204 Eugippio
859 2136 1024 2190 verba
1054 2135 1253 2205 faciens
1294 2135 1370 2189 sic
1397 2134 1472 2188 ait
1512 2134 1597 2205 (f)
1626 2150 1651 2205 :_
1672 2134 1935 2205 [Eugip-

348 2204 472 2278 pius
504 2203 669 2278 abbas
698 2206 909 2278 hortatu
940 2206 1211 2261 Renducis
1241 2204 1365 2278 [teg.
1399 2203 1654 2278 Reducis]
1685 2203 1939 2278 Neapoli-

350 2276 461 2329 tani
492 2276 727 2343 episcopi
749 2276 1018 2331 deﬂorans
1040 2278 1206 2331 libros
1234 2272 1514 2343 Augustini
1540 2272 1778 2344 episeorii
1806 2272 1935 2344 Hip-

351 2346 627 2418 ponensis,
660 2346 808 2400 dedit
838 2348 1076 2403 codicem
1105 2362 1312 2418 magna:
1339 2346 1584 2418 utilitatis
1613 2344 1679 2418 ad
1704 2346 1933 2401 Probam

349 2417 634 2485 virginem,
681 2426 736 2471 et
765 2433 860 2487 per
900 2433 1088 2473 manus
1115 2416 1353 2486 eju'sdem
1387 2416 1655 2470 Renducis
1696 2418 1934 2485 episcopi

350 2487 545 2541 obtulit
596 2487 854 2543 Ecclesiae
903 2489 1288 2556 Neapolitanre.
1333 2487 1457 2541 Fuit
1509 2496 1749 2555 tempore
1778 2488 1933 2542 Pela-

350 2558 419 2683 gii
462 2558 503 2612 ll
530 2568 583 2613 et
622 2559 960 2628 imperatoris
986 2560 1188 2615 Tiberii
1221 2558 1581 2614 ConSIantini.
1620 2576 1639 2609 ι
1676 2557 1776 2612 Hic
1806 2573 1935 2612 vero

389 2628 594 2683 'fariam
629 2640 773 2683 errat
797 2630 1108 2683 Siaebertus
1148 2648 1160 2682 :
1194 2630 1460 2683 primum.
1507 2627 1649 2683 uuod
1680 2638 1935 2683 excerpta

389 2628 594 2683 iiariam
629 2640 773 2684 errat
797 2630 1108 2700 Sigebertus
1148 2648 1160 2700 ς
1194 2630 1460 2697 primum,
1494 2627 1649 2700 quod
1680 2638 1935 2700 excerpta

352 2698 740 2768 Augustiniana
786 2697 1001 2753 hortatu
1051 2699 1282 2754 Reducis
1314 2698 1557 2768 praesulis
1601 2697 1934 2767 Neapolitani

352 2715 740 2821 augjtstintana
787 2715 1001 2753 portatu
1052 2715 1282 2754 lieUUCIS
1314 2715 1557 2768 praesulis
1601 2715 1934 2767 ueapontant

352 2769 422 2822 ab
471 2770 706 2837 ‘ugippio
731 2770 974 2824 confecta
997 2784 1117 2824 esse
1146 2772 1371 2833 scribat,
1392 2785 1513 2824 cum
1540 2770 1592 2823 in
1621 2784 1713 2823 sua
1744 2769 1936 2837 praefa-

360 2840 510 2894 tione
556 2840 711 2894 aliter
740 2840 1054 2907 proﬁteatur
1100 2840 1239 2895 idem
1290 2840 1581 2909 Eugippius
1610 2880 1624 2904 ,
1678 2849 1734 2893 ut
1776 2840 1935 2909 paulo

353 2918 479 2964 ante
508 2926 572 2963 ex
603 2925 669 2965 eo
711 2912 1102 2977 intelleximus;
1149 2911 1409 2976 secundo,
1443 2910 1584 2978 quod
1617 2909 1933 2980 Eugippium

355 2989 598 3049 tempore
650 2981 849 3048 Pelagii
896 2982 941 3036 ll
970 2997 1030 3037 ac
1077 2981 1279 3036 Tiberii
1327 2980 1526 3035 vixisse
1575 2980 1769 3046 tradat,
1813 2995 1934 3035 cum

355 3048 513 3120 longe
548 3060 674 3107 ante
705 3051 904 3120 Pelagii
944 3051 987 3107 ll
1026 3052 1392 3121 pontiﬁcatum
1424 3066 1487 3106 ac
1517 3052 1718 3106 Tiberii
1761 3053 1932 3119 impe-

355 3122 514 3194 rium,
540 3122 642 3177 hoc
661 3132 745 3177 est
782 3122 938 3194 longe
964 3132 1087 3178 ante
1106 3138 1303 3178 annum
1334 3122 1458 3187 578,
1489 3122 1935 3194 Lucuﬁllanensem

1966 1817 2017 1879 B

2042 505 2367 562 Cbil'ﬁetius.
2415 507 2603 561 Exstat
2630 505 2807 561 autem
2840 505 2954 562 haec
2994 507 3220 572 epistola
3248 506 3407 561 etiam
3448 508 3498 560 in
3529 520 3620 574 ap-

2041 579 2266 647 pendice
2284 578 2348 631 ad
2366 578 2537 640 Opera
2561 578 2731 633 sancti
2757 579 3021 647 Fulgentii
3046 578 3337 646 Ruspensis
3357 579 3619 646 episcopi.
3666 644 3669 645 ν

2124 649 2185 702 γ.
2220 650 2291 704 De
2332 649 2521 703 eodem
2570 658 2887 717 argumento
2916 665 3022 719 quo
3052 649 3384 716 superiorem
3417 651 3621 717 episto-

2042 719 2149 775 lam
2179 719 2246 775 ad
2276 720 2603 783 Anatolium,
2654 721 2875 774 alteram
2920 721 3134 789 scripsit
3180 719 3485 775 Ferrandus
3523 735 3623 773 nu-

2041 806 2194 845 mero
2237 791 2475 860 quintam
2504 792 2570 843 ad
2600 790 2879 855 Severum,
2912 788 3289 846 schelasticum
3317 788 3625 845 Constanti-

2043 861 2411 934 n0politanum
2431 902 2445 927 ,
2476 862 2566 928 qui
2599 860 2767 914 nostri
2799 861 3009 934 diaconi
3039 862 3499 934 Carthaginiensis
3523 860 3623 934 do-

2040 934 2231 986 ctrinae
2287 932 2427 986 fama
2476 941 2773 999 pernicius,
2799 931 2851 984 in
2900 947 3088 1002 magna
3137 931 3500 988 controversia
3552 932 3623 988 de

2042 1018 2151 1057 uno
2171 1018 2236 1057 ex
2257 1003 2521 1057 Trinitate
2547 1015 2725 1069 passo,
2754 1002 2996 1069 ejusdem
3027 1004 3342 1058 sententiam
3368 1019 3460 1070 per
3482 1003 3627 1056 litte-

2041 1088 2129 1128 ras
2159 1073 2443 1143 ﬁagitarat.
2483 1093 2499 1124 ε
2534 1072 2909 1143 Doctissimam
2940 1073 3240 1140 epistolam,
3274 1075 3441 1142 inquit
3469 1071 3628 1127 Nori-

2042 1144 2154 1198 sius
2218 1142 2306 1215 (ι),
2340 1144 2545 1199 remisit
2575 1143 2641 1197 ad
2668 1142 2927 1215 Severum
2960 1143 3288 1198 Ferrandus.
3311 1144 3462 1215 Quod
3494 1158 3627 1199 vero

2042 1225 2157 1270 erat
2184 1214 2411 1269 mOdesti
2444 1216 2524 1269 vir
2554 1214 2776 1284 ingenii,
2810 1228 2873 1268 ac
2902 1214 2969 1268 de
2998 1222 3169 1268 semet
3200 1214 3472 1269 humiliter
3502 1228 3628 1270 sen-

2042 1287 2219 1341 tiens:
2254 1302 2274 1337 t
2304 1285 2631 1355 Loqnantur,
2665 1285 2740 1338 ait
2771 1284 2887 1355 (m),
2909 1294 2962 1340 et
2992 1284 3284 1352 praedicent
3312 1285 3504 1353 quibus
3536 1285 3629 1340 ho-

2042 1372 2145 1411 nor
2191 1356 2475 1411 sacerdotii
2529 1355 2760 1411 docendi
2815 1355 3187 1410 auctoritatem
3240 1356 3472 1420 tribuit;
3528 1371 3626 1409 nos

2042 1428 2255 1482 discere
2291 1430 2459 1494 parati
2505 1442 2711 1492 sumus,
2750 1425 2945 1482 docere
2970 1440 3075 1480 non
3109 1427 3504 1496 prmsumimus.
3539 1426 3626 1480 ln-

2045 1507 2257 1569 terroga
2282 1497 2460 1567 igitur,
2491 1498 2696 1569 subdit,
2728 1496 2808 1552 vir
2831 1496 3267 1565 prudentissime.
3300 1498 3346 1551 si
3371 1499 3497 1569 quid
3528 1511 3622 1551 ve-

2042 1568 2218 1623 ritatis
2238 1570 2389 1638 cupis
2420 1568 2624 1635 audire,
2656 1569 3011 1639 principaliter
3047 1569 3341 1638 apostolica:
3362 1568 3497 1623 sedis
3526 1584 3623 1621 an-

2044 1640 2269 1706 tistitem,
2299 1640 2451 1709 cujus
2477 1655 2605 1695 sana
2627 1638 2869 1694 doctrina
2896 1647 3109 1694 constat
3125 1639 3330 1709 judicio
3355 1639 3622 1705 veritatis,

2045 1718 2100 1764 et
2131 1710 2347 1765 fulcitur
2374 1711 2669 1765 munimine
2708 1710 3062 1764 auctoritatis.
3095 1729 3113 1762 ι
3148 1709 3422 1765 Sententia
3451 1709 3626 1763 enim-

2047 1796 2179 1836 vero
2202 1790 2350 1836 tanto
2379 1783 2536 1852 digna
2570 1782 2812 1847 doctore,
2843 1796 2948 1851 qua
2976 1781 3394 1835 controversiam
3420 1778 3625 1852 deguno

2041 1866 2107 1906 ex
2163 1850 2826 1921 Trinitate‘principaliter
2868 1850 3174 1922 apostolicae
3220 1852 3356 1922 sedis
3404 1850 3626 1922 antistiti

2039 1922 2438 1991 dijudicandam
2467 1938 2529 1977 ac
2555 1920 3158 1991 deliniendatn'dimittit
3182 1938 3196 1975 :
3224 1920 3445 1976 edoctus
3472 1920 3627 1975 nimi-

2038 1990 2159 2047 rum
2188 2010 2215 2046 a
2245 1995 2502 2060 magistro
2539 2008 2638 2047 suo
2675 1992 2956 2062 Fulgentio
2985 1990 3208 2061 ejusque
3235 1991 3493 2046 institutis
3518 1992 3622 2046 im-

2038 2062 2220 2127 butus,
2265 2065 2416 2133 cujus
2452 2074 2629 2118 exstat
2654 2064 2869 2119 effatum
2901 2063 3034 2117 illud
3058 2062 3214 2130 plane
3249 2076 3470 2116 aureum
3501 2062 3577 2133 (η)
3603 2076 3623 2115 :

2045 2152 2065 2185 ε
2096 2132 2378 2201 Duorum,
2430 2135 2624 2202 inquit.
2671 2148 2984 2204 magnorum
3034 2133 3417 2204 luminariumg,
3476 2132 3621 2186 Petri

2038 2204 2244 2260 scilicet
2273 2206 2528 2274 Paulique
2555 2202 3039 2273 verbis,‘tauquam
3086 2202 3494 2274 splendentibus
3526 2217 3626 2274 _ra-

2037 2275 2142 2329 diis
2167 2271 2462 2340 illustrata,
2507 2290 2801 2345 eorumque
2842 2271 3094 2329 decorata
3119 2271 3491 2345 corporibus,
3516 2271 3625 2345 Ro-

2037 2362 2192 2400 mana
2218 2362 2333 2415 qua:
2359 2347 2537 2399 mundi
2563 2343 2806 2400 cacumen
2835 2355 2927 2411 est,
2962 2353 3091 2399 tenet
3120 2354 3164 2397 et
3195 2346 3338 2398 docet
3370 2343 3622 2415 Ecclesia,

2039 2414 2276 2485 totusque
2328 2433 2442 2469 cum
2495 2434 2552 2470 ea
2596 2417 2919 2471 Christianus
2962 2416 3120 2481 orbis,
3170 2424 3225 2469 ct
3260 2415 3325 2469 ad
3359 2414 3625 2484 justitiam

2038 2487 2171 2541 nihil
2203 2489 2459 2542 haesitans
2489 2488 2680 2552 credit,
2712 2496 2767 2542 et
2791 2489 2856 2540 ad
2881 2488 3112 2541 salutem
3138 2501 3242 2539 non
3266 2486 3476 2540 dubitat
3504 2499 3626 2539 con-

2041 2557 2203 2612 ﬁteri.
2238 2578 2256 2609 ›
2300 2559 2562 2612 Caeterum
2595 2557 2665 2613 de
2693 2567 2935 2626 tempore
2978 2572 3083 2627 quo
3118 2555 3435 2627 hujusmodi
3472 2553 3623 2609 .Fer-

2040 2628 2192 2683 randi
2242 2629 2469 2694 epistola
2518 2629 2616 2682 fuit
2656 2614 2895 2693 exarata,
2927 2614 3041 2682 hae'c
3069 2614 3229 2682 hﬂie't
3249 2628 3442 2681 citatus
3463 2627 3625 2679 modo

2039 2698 2121 2752 vir
2147 2698 2335 2753 doctus
2370 2700 2447 2768 (ο)
2474 2715 2487 2752 :
2525 2718 2543 2750 ι
2574 2702 2762 2753 Annus
2788 2713 2895 2767 quo
2918 2698 3133 2752 laudata
3164 2698 3391 2767 epistola
3420 2698 3623 2768 scripta

2038 2779 2144 2835 est,
2177 2766 2470 2837 ignoratur.
2504 2772 2575 2824 At
2600 2785 2719 2825 cum
2764 2766 3005 2837 episcopi
3050 2766 3282 2823 Africani
3330 2782 3475 2821 anno
3514 2766 3622 2837 525

2039 2840 2107 2894 ab
2153 2836 2346 2895 eisilio
2375 2840 2750 2910 Carthaginem
2782 2836 3061 2904 redierint,
3097 2848 3228 2910 post
3241 2838 3444 2910 obitum
3482 2836 3622 2910 lior-

2039 2910 2228 2964 misda:
2256 2926 2335 2980 ea
2381 2905 2608 2979 epistola
2654 2912 2851 2979 scripta
2898 2905 3143 2980 apparet,
3188 2905 3623 2980 Ferrandojam

2040 2990 2152 3034 tum
2186 2976 2427 3036 diacono
2444 2976 2902 3051 Carthaginiensis
2937 2976 3221 3051 Ecclesiae.
3253 2997 3272 3030 ι
3308 2978 3377 3051 At
3404 2976 3625 3051 Chjl‘ﬁe-

2039 3051 2146 3105 tius
2176 3052 2255 3121 (p)
2282 3071 2295 3107 :
2332 3072 2351 3103 ι
2376 3047 2819 3123 ReSponsionem,
2868 3051 3058 3120 inquit,
3082 3047 3349 3123 Ferrandi
3375 3048 3440 3123 ad
3467 3047 3625 3123 Seve:

2041 3118 2599 3178 rum'scholasticum
2651 3118 3304 3189 Constantinopolitanum
3351 3119 3530 3175 refero
3560 3118 3626 3172 ad

357 3192 607 3271 abbatem
640 3194 855 3271 in__vivis
878 3190 1051 3263 egisse
1086 3209 1302 3271 cum_ex
1334 3194 1494 3247 modo
1524 3193 1842 3271 d_ictis,_tum
1869 3208 1934 3271 ex
1961 3209 2010 3271 ο
2045 3208 2245 3271 annum
2291 3192 2497 3249 Christi
2527 3193 2653 3259 5⁸52,
2675 3209 2817 3271 _cu_m_
2848 3192 3022 3271 adhuc
3063 3199 3271 3271 viveret
3310 3190 3628 3271 Fulgentius

356 3277 485 3334 mox
511 3264 751 3319 dicendis
774 3262 931 3334 plane
952 3273 1182 3319 constet.
1206 3264 1376 3318 Porro
1406 3265 1567 3319 errati
1590 3264 1851 3333 originem
1879 3262 1935 3317 in

356 3331 636 3403 Sigeberto
662 3331 865 3403 primus
904 3336 1108 3390 detexit
1134 3337 1254 3389 data
1295 3334 1362 3388 ad
1408 3331 1934 3403 Labbeum‘epistola

359 3401 756 3461 illustrissimus
795 3406 985 3461 Petrus
1015 3407 1081 3459 de
1111 3406 1285 3461 Marca
1317 3401 1756 3475 archiepiscopus
1780 3405 1940 3459 Tolo-

359 3489 541 3539 sanus,
564 3492 721 3545 quam
748 3477 838 3531 ille
865 3478 917 3532 in
944 3476 1205 3531 addendis
1234 3476 1301 3530 ad
1321 3492 1473 3530 suam
1504 3477 1935 3531 dissertationem

358 3546 427 3618 de
465 3547 814 3618 scriptoribus
837 3546 1231 3603 ecclesiasticis
1257 3548 1528 3617 evulgavit
1559 3546 1657 3618 (g).
1692 3546 1824 3602 Rem
1864 3548 1939 3601 la-

360 3615 465 3672 tius
518 3617 772 3688 deinceps
819 3619 1088 3687 prosecuti
1134 3626 1258 3673 sunt
1306 3615 1648 3674 doétissimus
1692 3619 1938 3673 Mabillu-

358 3686 603 3760 nius(h),
643 3686 990 3760 atquei’haud
1036 3688 1107 3743 ita
1152 3689 1360 3760 pridem
1391 3689 1733 3760 doctrinaet
1760 3689 1941 3744 erudi-

359 3705 603 3760 musta),
643 3705 804 3759 atque
847 3705 990 3743 naua
1036 3705 1107 3743 tta
1190 3705 1360 3743 riaem
1391 3705 1636 3745 uocrrma
1677 3705 1733 3743 et
1760 3705 1941 3744 erum-

359 3757 503 3829 tione
527 3767 786 3827 praestans
806 3759 1112 3817 Mazocliius
1147 3705 1231 3829 8).
1257 3759 1431 3816 ﬂosce
1457 3759 1762 3814 triumviros
1782 3760 1941 3815 adeat

357 3826 551 3893 lector,
579 3838 637 3882 ut
660 3839 714 3884 et
742 3830 987 3899 Eugippii
1017 3826 1256 3895 aetatem,
1277 3840 1331 3884 et
1353 3840 1562 3899 tempus
1589 3845 1694 3898 quo
1727 3830 1792 3883 ad
1815 3846 1939 3886 eum

357 3894 1490 3971 epistolamscripsit'Ferrandus,penitius
1515 3894 1767 3971 agnoscat
1801 3916 1938 3971 ξηρή
2035 3900 2315 3971 "Pelagium
2365 3901 2493 3971 (qui
2543 3913 2726 3968 postea
2774 3900 3044 3971 Romanus
3094 3894 3335 3971 pontiiert
3384 3894 3521 3971 fuit)

357 3982 465 4039 que
508 3967 799 4039 NurisiiAV.
831 3970 891 4024 C.
946 3970 1107 4022 ductu
1157 3967 1477 4038 abripiatur,
1532 3967 1623 4035 qui
1675 3968 1942 4039 Sigeberti

356 4037 518 4111 verba
545 4037 878 4111 describens,
929 4040 1075 4111 illum
1100 4037 1316 4111 errasse
1352 4039 1491 4093 haud
1538 4037 1800 4111 intellexit
1831 4040 1936 4111 (j).

356 4107 621 4181 Caeterum
645 4110 723 4181 de
743 4109 1048 4181 hujusmodi
1080 4109 1337 4164 Ferrandi
1366 4108 1592 4181 epistola
1636 4110 1749 4163 haec
1780 4107 1942 4165 habet
2044 4107 2149 4165 cilii
2210 4107 2670 4166 Chalcedonensis
2733 4107 2990 4181 adversus
3058 4110 3376 4181 Acepltalos.

356 4176 652 4235 Chtfﬂetius
683 4180 759 4250 (It)
794 4176 828 4233 ε’
849 4201 867 4232 r
906 4181 1053 4235 Hanc
1078 4194 1109 4234 a
1157 4182 1260 4234 line
1285 4219 1300 4246 ,
1346 4176 1415 4234 ut
1445 4180 1673 4243 videtur,
1727 4190 1942 4235 trunca-

357 4259 463 4304 tam
505 4251 693 4306 damus
722 4267 785 4306 ex
818 4252 977 4307 editis
1001 4293 1016 4316 ,
1064 4250 1265 4305 nullum
1297 4264 1363 4304 ex
1393 4264 1523 4304 mss.
1558 4250 1835 4305 codicibus
1872 4251 1939 4304 ad

355 4334 473 4374 eam
503 4322 880 4391 perﬁciendam
902 4321 1200 4377 subsidium
1231 4323 1391 4376 nacti.
1417 4320 1550 4376 Cum
1582 4330 1759 4375 autem
1787 4323 1941 4376 Aria-

356 4391 586 4463 nisrnnm
618 4396 882 4463 praecipue
901 4403 1065 4463 petat,
1097 4396 1274 4461 sitque
1305 4395 1355 4447 in
1379 4407 1443 4445 ca
1464 4392 1665 4463 mentio
1686 4392 1941 4460 quaestio-

355 4462 438 4515 nis
465 4463 533 4516 ab
559 4465 760 4519 Ariano
785 4462 979 4521 comite
1010 4474 1323 4533 proposuaa,
1347 4477 1411 4518 eo
1435 4462 1744 4531 conjectura
1774 4463 1936 4528 feror,

354 4534 608 4600 scriptam
651 4550 772 4592 esse
808 4536 1056 4591 Vandalis
1099 4536 1276 4589 adhuc
1324 4536 1375 4587 in
1410 4533 1588 4587 Alrica
1628 4549 1807 4587 rerum
1842 4550 1939 4603 po-

354 4605 642 4678 tientihus;
672 4616 728 4661 et
756 4609 969 4677 quidem
1000 4614 1262 4678 regnante
1309 4605 1598 4678 Hilderic‘o,
1632 4605 1787 4678 cujus
1812 4618 1937 4678 erga

353 4674 647 4745 catholicos
725 4674 1012 4745 prppensio
1066 4674 1217 4732 Viam
1281 4675 1554 4731 catechesi
1638 4676 1935 4745 aperiebat,

355 4742 598 4812 adeoque
637 4742 763 4800 ante
789 4742 987 4802 annum
1016 4748 1219 4803 Christi
1249 4748 1375 4817 551,
1425 4762 1531 4817 quo
1560 4742 1865 4803 Hildericus
1904 4761 1936 4802 a

423 4959 498 5033 (η)
533 4961 782 5034 Fulgent.
813 4967 970 5029 epist.
1000 4966 1059 5034 2,
1086 4983 1234 5022 num.
1267 4968 1358 5023 51.

348 5033 803 5159 Pa(rliJgOSirmond.
837 5037 975 5106 Opp.
1016 5033 1143 5092 tum.
1174 5037 1264 5102 IV,
1306 5052 1431 5108 pag.
1459 5038 1562 5094 756
1586 5052 1764 5108 seqq.,
1805 5038 1936 5094 edit.

423 5176 647 5252 (τὴ-Μῦς.
694 5176 881 5252 Schol.
914 5178 979 5232 ad
996 5177 1215 5252 _lsidor.
1249 5192 1369 5248 cap.
1415 5177 1483 5233 15
1506 5219 1521 5246 ,
1568 5187 1623 5236 et
1660 5179 1935 5252 Sigebert.

349 5247 569 5322 αρτ-δερ
600 5248 669 5322 de
696 5247 961 5322 Scriptor.
993 5248 1146 5322 Eccl.

422 5317 505 5389 (α)
537 5320 783 5393 βοηειιᾱ.
834 5318 955 5375 Act.
986 5318 1170 5376 Sanct.
1215 5320 1360 5387 Jan.,
1410 5328 1540 5376 tom.
1574 5320 1615 5387 l,
1648 5335 1770 5393 pag.
1809 5321 1937 5391 485,

349 5402 498 5528 ηυξῗὶ
529 5390 672 5533 ξαν.
704 5460 842 5517 Hist.
877 5461 1044 5518 iitler.
1083 5470 1214 5517 tom.
1247 5462 1289 5529 ι,
1326 5463 1393 5519 ad
1422 5478 1549 5519 ann.
1592 5463 1691 5519 5n
1727 5473 1780 5521 et
1811 5465 1938 5533 555,

351 5543 505 5598 pagg.
532 5531 637 5587 498
661 5543 717 5587 et
742 5533 868 5588 527.

423 5601 500 5676 (fi
528 5602 707 5676 Sigeb.
732 5603 798 5676 de
828 5604 1026 5674 Script.
1059 5604 1208 5660 Eccl.
1243 5620 1361 5676 cap.
1391 5605 1482 5661 59.

352 5669 701 5812 Ἠὲθζθξῖῇὺὺ.
732 5669 1051 5731 (ὶίεεθτιῘάθ
1079 5669 1329 5747 scriptor:
1357 5677 1492 5733 eccl.
1522 5683 1655 5732 tom.
1688 5676 1734 5745 Ι,
1780 5690 1934 5748 pagg.

422 5812 507 5881 (It)
537 5813 732 5872 Mabill.
766 5818 1001 5879 Analecta
1047 5834 1167 5891 pag.
1190 5819 1258 5876 (50
1288 5834 1426 5890 seq.,
1458 5832 1581 5877 nov.
1612 5818 1744 5876 edit.

1964 4576 2020 4638 D

2043 3265 2372 3333 episcopus:
2411 3281 2570 3333 quem
2608 3264 2710 3319 sub
2745 3264 2955 3318 initium
3006 3262 3249 3327 epistolae
3288 3259 3447 3316 tacite
3472 3259 3627 3330 queri

2045 3332 2275 3398 videtur,
2311 3332 2630 3403 non’potius
2649 3349 2805 3404 quam
2835 3349 2895 3389 se
2921 3334 2989 3389 de
3029 3332 3160 3387 tanti
3203 3334 3459 3404 momenti
3492 3345 3626 3404 con:

2045 3406 2307 3460 troversia
2332 3400 2628 3461 conveniri.
2658 3400 2849 3471 Porro,
2879 3405 3165 3468 subinfert,
3201 3403 3338 3458 hanc
3366 3400 3627 3458 Ferrandi

2044 3476 2111 3529 ad
2142 3478 2401 3532 Severum
2441 3477 2722 3547 epistolam
2764 3477 3025 3532 hactenus
3050 3474 3261 3531 mendis
3291 3475 3542 3539 obsitam,
3572 3480 3628 3527 et

2043 3547 2248 3616 aliquot
2276 3548 2509 3617 periodis
2538 3564 2569 3602 a
2599 3548 2707 3603 ﬁne
2745 3547 3031 3617 mutilam,
3064 3560 3209 3602 nunc
3242 3548 3503 3617 integram
3535 3558 3628 3617 ex:

2044 3614 2431 3688 purgatamque
2476 3620 2797 3689 porrigimus
2826 3634 2895 3673 ex
2940 3616 3126 3673 codice
3166 3616 3342 3689 sancti
3361 3614 3629 3689 Augendi

2044 3686 2204 3760 athe
2235 3686 2397 3744 etiam
2427 3686 2493 3745 ei
2521 3686 2712 3746 codice
2744 3689 3230 3760 Carmelitanorum
3266 3686 3626 3742 Discalceato—

2046 3758 2165 3815 ruin
2188 3772 2487 3816 conventus
2512 3760 2915 3815 Claromoutani
2948 3758 3087 3828 apud
3117 3758 3409 3828 Arvernos.
3438 3773 3461 3807 ι

2117 3831 2205 3885 Vl.
2241 3831 2399 3886 Sexta
2446 3829 2707 3885 Ferrandi
2749 3824 3175 3893 epistola'missa
3221 3826 3531 3895 perhibetur
3559 3824 3627 3877 ad

3576 3903 3629 3949 et

2043 3965 2381 4034 Anatolium,
2408 3965 2665 4024 diaconos
2707 3970 2852 4024 urbis
2900 3965 3109 4033 Boium,
3136 3968 3203 4022 de
3243 3967 3471 4035 epistola
3525 3965 3630 4019 Iba:

2045 4042 2282 4109 episcopi
2308 4041 2590 4108 Edesseni,
2616 4041 2856 4109 adeoque
2880 4055 2976 4108 pro
3005 4042 3175 4094 tribus
3206 4036 3465 4108 Capitulis
3491 4051 3625 4092 con-

2045 4112 2149 4162 cilii
2210 4110 2670 4162 Chalcedonensis
2733 4112 2990 4162 adversus
3058 4110 3376 4162 Acephalos.
3462 4107 3625 4162 Huius

3511 4120 3632 4175 mus

2044 4182 2290 4251 epistolce
2321 4182 2563 4236 meminit
2593 4184 2648 4236 in
2692 4183 2879 4251 primis
2910 4177 3194 4234 Facundus
3225 4177 3631 4251 Hermianensis

2045 4249 2129 4306 his
2161 4252 2458 4322 verb.s(q):
2482 4249 2857 4307 «Venerabiles
2878 4252 3123 4321 Pelagius
3139 4260 3192 4305 et
3211 4249 3506 4322 Anatolius,
3540 4250 3632 4301 lio-

2044 4324 2185 4375 mani
2202 4318 2435 4388 diaconi,
2451 4323 2686 4377 debitam
2705 4323 2882 4377 ofﬁcio
2898 4338 2995 4377 suo
3011 4318 3066 4375 et
3085 4323 3201 4375 luco
3217 4318 3630 4374 sollicitudinem
3726 4362 3731 4373 .

2046 4407 2144 4460 pro
2175 4393 2412 4465 Ecclesia
2445 4392 2540 4465 Dei
2574 4404 2844 4465 gerentes,
2878 4392 3159 4447 laudabilis
3190 4392 3243 4445 in
3273 4388 3490 4465 Christo
3518 4404 3631 4443 me-

2044 4467 2230 4517 moriae
2254 4463 2531 4519 Ferrando
2563 4463 2990 4533 Carthaginiensi
3020 4465 3250 4518 diacono
3270 4463 3629 4533 scripserunt,

2046 4542 2103 4587 nt
2142 4534 2324 4589 habito
2351 4537 2418 4589 de
2470 4534 2571 4589 hac
2618 4531 2778 4590 causa
2834 4534 3019 4605 (trium
3060 4532 3457 4605 Cupitulorurn)
3484 4531 3631 4605 dili-

2078 4608 2185 4659 enti
2215 4616 2442 4660 tractatu
2468 4621 2590 4660 cum
2622 4602 3068 4661 reveren'dissimo
3094 4603 3336 4675 ejusdem
3372 4602 3633 4675 Ecclesia:

2090 4676 2502 4749 arthaginiensis
2551 4678 2829 4749 episc0po,
2880 4676 2966 4749 vel
3008 4673 3287 4749 aliis‘quos
3343 4682 3398 4729 et
3446 4673 3629 4749 selum

2043 4747 2167 4803 ﬁdei
2213 4746 2265 4802 et
2307 4748 2503 4804 divina:
2551 4746 2845 4819 Scriptura:
2892 4748 3055 4803 sciret
3100 4746 3298 4803 habere
3346 4746 3630 4811 notitiam,

2115 4965 2177 5034 (ἰ)
2231 4964 2475 5034 Mazoch.
2517 4963 2820 5021 Comment.
2885 4965 2939 5019 in
2990 4970 3099 5019 vet.
3154 4974 3347 5015 marm.
3392 4956 3626 5013 Kalend.

2042 5033 2290 5104 Neapol.,
2318 5036 2426 5089 vol.
2458 5033 2498 5106 Ι,
2525 5050 2680 5106 pagg.
2716 5034 2975 5091 125-155.

2116 5098 2411 5232 (ﬁsgris.
2456 5098 2817 5178 HistfvPelag.
2862 5106 2954 5161 lib.
2999 5120 3068 5171 ll,
3114 5117 3235 5173 cap.
3279 5100 3373 5169 21,
3414 5107 3546 5155 tom.
3583 5098 3629 5167 l,

2116 5192 2163 5232 tt.
2268 5198 2319 5231 ο.

2082 5191 2163 5231 aa.
2196 5177 2319 5231 315.

2043 5190 2163 5247 pag.
2196 5190 2319 5232 915.

2120 5247 2198 5318 (k)
2222 5246 2457 5304 Chiiﬁet.
2490 5247 2698 5317 praefat.
2725 5249 2789 5303 ad
2816 5244 3074 5302 Ferrand.
3101 5242 3203 5318 μ,

2116 5312 2187 5389 (Ι)⁷
2212 5319 2388 5375 Νοτεε.
2425 5312 2560 5389 llist.
2591 5330 2840 5375 controv.
2864 5318 2930 5373 de
2955 5330 3063 5370 uno
3090 5312 3157 5369 ex
3182 5313 3372 5370 'l'rinit.
3404 5326 3525 5384 cap.
3569 5312 3625 5383 9,
3684 5336 3697 5385 ί

2045 5388 2175 5445 tom.
2208 5388 2300 5452 lll,
2337 5404 2455 5460 pag.
2484 5388 2589 5446 856
2619 5406 2734 5458 seq.
2824 5459 2833 5461 _
2870 5458 2893 5461 μ
3242 5459 3254 5461 _
3319 5457 3330 5461 _
3382 5455 3401 5461 _
3690 5412 3699 5461 ξ

2044 5462 2214 5591 90θυι)
2238 5455 2496 5516 Ferrand.
2516 5461 2672 5530 epist.
2692 5455 2745 5525 5,
2772 5459 2837 5513 ad
2862 5458 3074 5523 Sever.,
3099 5473 3217 5528 cap.
3236 5459 3285 5525 i,
3317 5455 3476 5525 infra,
3501 5471 3626 5529 pag.

2080 5537 2166 5589 09.

2116 5604 2198 5675 (η)
2225 5602 2470 5673 Fulgent.
2502 5602 2693 5675 libade
2716 5601 3001 5675 lncarnLet
3025 5599 3174 5657 Grat.
3198 5614 3319 5671 cap.
3346 5600 3429 5662 11.

2117 5670 2195 5748 (0)
2224 5670 2404 5748 Neris.
2433 5676 2536 5729 lo.c.
2573 5672 2663 5748 cit.
2694 5670 2973 5748 pag._858.

2114 5743 2199 5818 (ρ)
2226 5744 2461 5818 Cbilﬁet.
2488 5744 2793 5818 p‘rml'at.»_ad
2820 5745 2957 5813 Opp.
2990 5745 3244 5818 Ferrand.
3281 5743 3491 5818 num.5.

2118 5814 2194 5885 (q)
2222 5814 2461 5877 Facund.
2488 5814 2673 5872 Herm.
2698 5816 2787 5872 lib.
2820 5832 2891 5884 iv,
2915 5830 3034 5885 cap.
3067 5818 3121 5884 5,
3151 5816 3249 5873 sub
3274 5816 3364 5870 ﬁn.
