4104 6360
299 346 408 408 889

1493 322 1850 384 ΕΡΙΞΤΟΙμΕ
1885 320 1976 378 ΕΤ
2014 320 2398 382 OPUSCULA.

3483 328 3590 392 890

300 457 551 532 cipiendo
579 453 719 525 patri
747 450 1031 523 Fulgentio
1059 446 1333 520 episcopo,
1367 444 1676 502 Ferrandus
1713 444 1893 500 diaco-
1926 437 1981 501 Α
2002 441 2114 497 nito
2148 441 2259 497 Deo
2285 444 2462 500 carnis
2486 458 2598 502 suae
2623 446 2905 503 materiam
2946 447 3306 516 ministrasse,
3352 453 3588 510 consub-

300 566 403 611 nus
438 551 490 606 in
523 546 747 602 Dotnino
770 546 1020 600 salutem.

374 648 428 701 1.
459 643 558 712 Qui
591 642 821 696 terrenis
865 638 1098 708 indigent
1129 635 1487 699 facultatibus,
1522 649 1620 690 nec
1659 633 1895 690 diuturni

303 737 486 809 Operis
529 733 835 789 continuato
880 732 1080 794 labore,
1130 729 1216 784 vel
1267 729 1505 783 honestae
1559 731 1692 782 artis
1737 727 1899 781 indu-

304 829 458 894 stria,
489 837 594 882 etc.
625 854 696 867 -—
726 825 942 893 Reliqua
1000 823 1182 877 videsis
1238 822 1370 874 inter
1419 820 1588 890 Opera
1631 817 1896 889 Fulgentii

303 929 431 980 lom.
465 919 630 987 LXV,
673 917 772 973 col.
801 916 927 973 578.

903 1049 1234 1108 EPISTOLA
1277 1047 1344 1104 ll.

382 1212 682 1269 Ferrandus
733 1209 1032 1283 Fulgentio,
1084 1206 1386 1275 quwstiones
1439 1210 1658 1277 quinque
1712 1220 1832 1274 pra-

993 1296 1205 1352 ponens.

382 1441 608 1498 Domino
639 1440 947 1495 beatissimo
971 1446 1028 1494 et
1058 1451 1176 1492 cum
1204 1435 1349 1492 omni
1376 1431 1722 1490 veneratione
1749 1430 1908 1499 inspi-

314 1537 503 1594 ciendo
551 1547 737 1590 sancto
776 1534 911 1604 patri
952 1532 1232 1604 Fulgentio
1272 1530 1546 1601 episcopo,
1590 1526 1896 1584 Ferrandus

313 1629 570 1686 diaconus
595 1629 648 1683 iu
680 1627 905 1682 Domino
944 1626 1192 1681 salutem.

390 1724 441 1775 1.
475 1721 632 1789 Saepe
664 1720 829 1773 inulta
860 1718 1003 1773 volui
1036 1716 1231 1772 affectu
1255 1716 1586 1784 interrogare
1613 1709 1853 1767 discendi
1887 1726 1902 1762 :

317 1813 410 1868 sed
441 1812 718 1867 absentem
748 1810 1062 1879 magistrum
1095 1806 1460 1877 frequentibus
1485 1802 1732 1874 epistolis
1757 1817 1904 1856 com-

318 1907 536 1976 pellere,
586 1904 902 1972 portitorum
946 1900 1137 1954 raritas
1166 1915 1232 1953 ex
1276 1897 1488 1952 itineris
1517 1894 1905 1962 longinquitate

319 1999 610 2068 prohibuit,
641 2007 744 2052 etc.
778 2026 843 2036 —
869 1995 1086 2064 Reliqua
1109 1993 1295 2048 videsis
1317 1992 1448 2046 inter
1471 1990 1640 2061 Opera
1677 1985 1906 2057 Fulgen-

322 2091 396 2158 εἰ,
429 2101 547 2145 tom.
576 2089 736 2158 LXV,
762 2090 861 2143 col.
893 2087 1017 2144 592.

882 2249 1219 2308 EPISTOLA
1259 2247 1344 2303 lll.

566 2385 632 2423 AD
659 2381 966 2424 ANATOLIUM
992 2380 1255 2422 DlACONUM
1285 2378 1434 2420 URBIS
1462 2376 1641 2418 ΒΟΙίιΕο

327 2485 404 2540 De
430 2485 623 2538 duabus
665 2485 718 2536 in
759 2482 964 2537 Christo
994 2483 1190 2536 naturis
1215 2496 1233 2534 :
1254 2488 1300 2534 et
1328 2481 1461 2550 quod
1492 2494 1626 2531 unus
1652 2476 1708 2530 in
1741 2473 1909 2530 Trini—

649 2565 767 2622 tate,
801 2564 946 2608 natus
969 2568 1245 2623 passusque
1273 2553 1376 2604 dici
1407 2551 1581 2620 possit.

400 2692 452 2744 l.
491 2689 619 2744 Post
643 2688 928 2758 epistolam
956 2686 1098 2741 beati
1130 2701 1280 2755 papa:
1327 2682 1543 2752 Leonis,
1584 2690 1640 2737 et
1678 2679 1913 2736 salubria

325 2778 783 2835 Chalcedonensis
819 2779 1038 2833 decreta
1077 2778 1311 2842 concilii,
1345 2787 1530 2830 sancte
1561 2775 1723 2830 frater
1772 2777 1916 2827 Ana-

327 2872 449 2933 toli,
479 2886 585 2925 non
617 2869 819 2940 indiget
850 2869 1165 2940 Eutychetis
1195 2867 1341 2936 ,olim
1389 2867 1640 2920 damnata
1690 2865 1915 2935 perlidia

329 2964 570 3033 pleniore
617 2961 981 3032 disputatione
1025 2960 1294 3015 convinci.
1348 2957 1604 3028 Sepultus
1659 2973 1786 3028 ergo
1832 2956 1918 3027 ja-

331 3072 451 3116 ceat
479 3060 530 3115 in
553 3060 826 3116 cineribus
854 3061 964 3114 suis
996 3057 1240 3113 nefanda:
1261 3057 1534 3112 haereseos
1556 3056 1809 3126 profanus
1833 3053 1917 3108 in-

333 3164 544 3210 ventor.
575 3152 758 3209 Semel
790 3151 944 3206 illum
993 3149 1218 3204 fulmine
1263 3148 1621 3203 anathematis
1673 3146 1917 3215 judican-

335 3246 466 3300 tium
512 3245 853 3299 sacerdotum
901 3243 1169 3314 percussit
1228 3242 1551 3297 auctoritas:
1605 3239 1732 3310 quid
1781 3253 1917 3308 opus
1946 3229 1992 3291 C

336 3345 419 3393 est
443 3338 638 3392 iterum
683 3337 912 3392 cadaver
951 3337 1200 3392 exanime
1232 3334 1409 3405 gladio
1448 3332 1691 3388 veritatis
1721 3331 1917 3386 infici?

335 3429 641 3487 Doctrinam
672 3431 832 3485 simul
862 3439 1134 3485 carentem
1171 3430 1375 3484 lumine
1416 3425 1642 3482 rationis
1674 3423 1925 3495 perpetui

337 3522 538 3578 silentii
593 3536 777 3577 carcer
828 3522 1142 3578 abscondat.
1189 3520 1460 3576 Interdum
1512 3517 1742 3588 pessima
1788 3515 1924 3586 dog-

335 3622 510 3679 mata,
545 3614 670 3669 dum
722 3615 874 3684 quasi
911 3613 1264 3686 expugnanda
1314 3610 1680 3684 proferuntur,
1710 3621 1921 3662 veneno

334 3707 593 3779 pestifero
632 3708 958 3777 simplicium
1018 3709 1181 3764 corda
1226 3706 1564 3776 perturbant.
1611 3703 1792 3759 Satius
1838 3709 1921 3756 est

335 3801 437 3856 ista
468 3802 700 3868 nescire,
726 3801 996 3870 ﬁdemque
1018 3801 1340 3855 catholicam
1375 3799 1653 3870 supplosis
1680 3794 1922 3866 profanis

334 3893 665 3948 novitatibus
715 3892 1082 3947 inviolabilem
1121 3892 1393 3947 custodire
1427 3909 1441 3946 :
1486 3890 1831 3945 manentibus
1866 3888 1921 3941 in

333 3984 561 4054 pristina
591 3983 843 4038 ﬁrmitate
873 3999 992 4054 qum
1013 3993 1136 4040 sunt
1173 3985 1340 4038 etiam
1378 3980 1730 4052 synodalibus
1755 3978 1921 4034 robo-

333 4086 448 4134 rata
489 4075 912 4131 definitionibus.
943 4079 1049 4131 Aut
1079 4075 1124 4130 si
1158 4076 1328 4146 magis
1358 4072 1722 4129 necessarium
1767 4079 1923 4138 putas

333 4171 713 4228 ltarreticorum
783 4169 1066 4224 mendacia
1132 4183 1347 4238 semper
1401 4166 1626 4232 refelli,
1687 4166 1923 4233 linguam

334 4279 511 4320 meam
538 4263 799 4334 jussionis
824 4273 930 4318 tua;
960 4262 1206 4317 clavibus
1227 4261 1376 4330 aperi
1403 4258 1723 4322 :festinabo,
1753 4270 1925 4325 quan-

334 4366 446 4416 tum
477 4360 646 4430 gratia
678 4372 840 4428 posse
869 4355 1174 4422 donaverit,
1214 4353 1438 4411 obedire
1470 4351 1706 4406 suaviter
1751 4350 1924 4417 impe-

333 4451 498 4507 ranti.
549 4450 735 4506 Prrebe
772 4448 1055 4504 dexteram
1101 4445 1230 4502 boni
1285 4442 1505 4508 favoris,
1560 4450 1614 4497 et
1664 4438 1924 4496 orationis

335 4552 488 4598 scuto
536 4542 735 4597 nudum
781 4548 1068 4611 protegens
1112 4547 1321 4608 pectus,
1381 4535 1435 4590 in
1467 4548 1716 4604 campum
1765 4530 1921 4586 liberi

2000 536 2302 592 stantialem
2338 536 2526 592 Filium
2559 542 2714 595 matri
2771 541 2929 596 fateri
2983 543 3228 610 nolebat;
3272 552 3325 599 et
3371 555 3591 617 propter

2003 630 2105 687 hoc
2132 632 2379 687 saucians
2402 635 2683 689 catholicae
2709 635 2930 690 unitatis
2967 636 3352 707 integritatem,
3393 641 3583 696 retorti

2003 725 2277 779 mucronis
2323 723 2522 794 impetu
2554 726 2734 791 noxio,
2767 727 2925 782 Verbi
2975 727 3238 784 incarnati
3286 732 3417 786 duas
3461 733 3588 788 sub-

2003 817 2225 872 stantias
2255 817 2475 871 credere
2522 816 2799 886 dubitans,
2851 835 3008 872 unam
3059 821 3268 890 penitus
3310 821 3590 878 abscinde-

2004 911 2114 965 bat.
2146 911 2251 966 Sed
2280 911 2369 965 ille
2396 913 2485 979 qui
2514 925 2608 979 per
2634 926 2778 964 arma
2803 910 3027 980 jnstitiae
3057 912 3245 968 dextra
3274 922 3329 969 et
3371 915 3588 970 sinistra

2005 1016 2204 1076 pugnat
2251 1005 2302 1060 in
2339 1005 2472 1069 suis,
2505 1019 2660 1058 unam
2689 1005 2905 1073 quidem
2952 1007 3274 1060 sententiam
3323 1007 3588 1062 lethaliter

2004 1102 2302 1155 nocituram
2333 1099 2587 1154 continuo
2612 1099 2814 1152 viribus
2836 1107 3145 1153 evacuatam
3172 1099 3247 1155 sic
3267 1100 3586 1166 debilitavit,

2005 1205 2062 1249 ut
2090 1195 2176 1249 vix
2204 1195 2434 1264 aliquem
2467 1194 2626 1249 modo
2651 1194 2889 1265 reperire
2923 1195 3119 1263 possis,
3151 1195 3240 1264 qui
3274 1210 3467 1264 negare
3497 1210 3588 1249 au-

2005 1285 2131 1341 deat
2158 1285 2383 1340 Domino
2427 1285 2553 1340 .lesu
2586 1285 2799 1340 Christo
2831 1286 3056 1341 materni
3106 1287 3351 1352 corporis
3396 1285 3590 1342 verita-

2009 1388 2139 1434 tem.
2168 1376 2433 1431 Plurimos
2463 1391 2592 1432 vero
2636 1392 2876 1446 persona:
2921 1377 3080 1431 unius
3131 1376 3469 1446 singularitas
3522 1375 3590 1430 ab

2007 1473 2260 1540 Opinione
2314 1471 2540 1526 duarum
2609 1472 3026 1526 substantiarum
3086 1478 3250 1524 terret
3327 1471 3590 1524 incautos.

2008 1562 2261 1632 Utrisque
2290 1571 2467 1615 tamen
2493 1576 2590 1615 nos
2613 1560 3088 1630 propositionibus,
3108 1574 3176 1614 ne
3199 1560 3590 1629 contempsisse

2008 1667 2242 1709 vestrum
2272 1655 2548 1709 videamur
2578 1655 2884 1723 imperium,
2931 1653 3354 1723 respondemus;
3400 1663 3454 1707 et
3501 1667 3591 1707 se-

2008 1757 2236 1818 quentes
2263 1749 2502 1818 regulam
2549 1747 2786 1816 Patrum,
2832 1746 2928 1800 tibi
2961 1760 3173 1817 quoque
3205 1745 3482 1800 notissima
3517 1746 3592 1798 lo-

1932 1845 1982 1906 B
2011 1859 2237 1915 quemur
2261 1842 2532 1912 intrepidi.

2081 1957 2134 2010 2.
2179 1957 2323 2011 Bene
2362 1956 2508 2012 enim
2549 1953 2789 2021 peritiam
2823 1960 2964 2006 tuam
2998 1966 3156 2006 nosse
3195 1951 3428 2017 conﬁdo,
3463 1965 3593 2020 quo-

2011 2048 2153 2104 niam
2183 2047 2252 2112 si,
2286 2045 2579 2100 secundum
2611 2043 2752 2113 quod
2786 2044 3071 2098 haereticus
3111 2043 3308 2110 sapuit,
3359 2041 3468 2096 imo
3501 2057 3594 2111 po-

2012 2141 2120 2195 tius
2162 2138 2408 2206 deslpuit,
2441 2151 2566 2191 caro
2601 2136 2756 2190 Verbi
2805 2135 2894 2191 Dei
2939 2136 3233 2190 secundum
3259 2149 3472 2188 carnem
3506 2151 3595 2188 na-

2012 2232 2213 2288 scentis
2239 2246 2269 2284 a
2299 2245 2459 2283 carne
2489 2227 2718 2297 Virginis
2751 2225 3127 2296 pronuntiatur
3156 2237 3435 2292 extranea,
3482 2224 3596 2281 sine

2011 2337 2173 2378 causa
2215 2321 2384 2376 Filius
2435 2320 2552 2385 Dei,
2603 2319 2761 2373 etiam
2793 2319 2932 2372 ﬁlius
2975 2318 3206 2373 hominis
3243 2319 3413 2372 factus
3454 2333 3597 2372 assc«

2012 2416 2169 2473 ritur.
2197 2416 2478 2484 Quomodo
2505 2413 2647 2468 enim
2677 2412 2990 2466 naturaliter
3029 2410 3172 2466 ﬁlius
3215 2421 3296 2464 est
3343 2410 3594 2475 hominis,

2015 2509 2103 2580 qui
2126 2509 2385 2577 originem
2434 2522 2538 2560 non
2587 2505 2748 2560 habet
2775 2522 2840 2561 ex
2898 2503 3157 2557 homine?
3207 2501 3418 2555 Nullam
3471 2515 3597 2555 vero

2015 2602 2276 2672 originem
2324 2600 2484 2653 habet
2515 2612 2582 2652 ex
2633 2597 2871 2661 homine,
2921 2594 2968 2650 si
3012 2605 3304 2663 conceptus
3349 2594 3402 2647 in
3448 2603 3601 2646 utero

2016 2695 2264 2767 virginali
2307 2709 2520 2750 carnem
2555 2707 2659 2746 non
2690 2691 2851 2746 traxit
2891 2705 2955 2745 ex
2986 2690 3186 2745 carne?
3216 2687 3440 2743 Constat
3469 2702 3592 2742 eum

2018 2789 2136 2845 sine
2163 2788 2369 2843 semine
2398 2786 2560 2855 patris
2586 2794 2823 2840 materna
2853 2783 3060 2838 viscera
3103 2781 3452 2845 fecundasse;
3503 2778 3599 2834 scd

2020 2884 2191 2957 qualis
2218 2883 2322 2938 erit
2364 2881 2544 2935 Maria:
2575 2877 2892 2941 fecunditas,
2937 2876 2983 2930 si
3032 2890 3133 2929 non
3167 2876 3238 2929 sit
3267 2889 3329 2929 ex
3362 2874 3449 2928 illa
3483 2887 3604 2943 quat

2021 2996 2117 3051 per
2159 2993 2276 3034 eam
2309 2975 2547 3030 nascitur
2588 2971 2751 3026 caro?
2791 2969 3008 3022 Verbum
3053 2984 3172 3021 caro
3203 2971 3392 3036 factum
3431 2973 3526 3032 est,
3556 2973 3602 3019 et

2020 3071 2264 3127 habitavit
2290 3070 2340 3122 in
2366 3067 2530 3133 nobis,
2582 3064 2814 3120 Joannes
2840 3060 2968 3115 dicit
3000 3059 3323 3129 evangelista
3365 3056 3516 3129 (Cap.
3552 3072 3605 3122 ι,

2021 3185 2072 3222 υ.
2105 3166 2215 3234 ll).
2241 3163 2449 3230 Quaaris
2473 3159 2616 3214 unde
2649 3158 2843 3214 factum
2874 3163 2956 3210 est
2984 3153 3145 3208 caro?
3190 3154 3381 3208 Beatus
3411 3151 3604 3205 Paulus

2025 3255 2357 3331 inquisitioni
2404 3262 2508 3308 tum
2550 3249 2910 3319 respondeat:
2960 3245 3242 3317 Postquam
3283 3243 3412 3297 venit
3443 3240 3608 3310 pleml

2025 3354 2150 3408 tudo
2195 3351 2454 3419 temporis,
2503 3346 2640 3399 misit
2684 3343 2821 3399 Deus
2869 3339 3066 3395 Filium
3115 3355 3265 3392 suum
3314 3337 3504 3405 factum
3548 3349 3607 3388 ea:

2025 3446 2236 3501 muliere
2260 3441 2403 3512 (Gal.
2436 3454 2514 3504 tv,
2538 3437 2618 3508 4).
2671 3435 2860 3490 Filium
2912 3447 3041 3502 ergo
3069 3435 3224 3486 'suum
3266 3430 3410 3483 misit
3445 3427 3606 3492 Deus,

2025 3539 2079 3595 id
2110 3546 2212 3604 est,
2243 3533 2476 3591 Verbum
2509 3546 2664 3586 suum
2693 3541 2909 3584 carnem
2943 3525 3070 3581 fecit
3100 3525 3271 3590 Deus;
3305 3524 3399 3577 sed
3430 3520 3610 3576 unde?

2024 3631 2106 3688 Ex
2159 3630 2403 3686 muliere.
2451 3627 2507 3682 Si
2558 3626 2720 3695 igitur
2764 3638 2831 3677 ex
2867 3621 3091 3676 muliere
3117 3618 3353 3674 Verbum
3382 3631 3507 3672 caro
3535 3615 3611 3670 fa.

2026 3737 2168 3784 ctum
2211 3734 2317 3790 est,
2370 3737 2498 3780 caro
2540 3720 2703 3776 Verbi
2751 3716 3112 3772 indubitanter
3155 3723 3366 3783 sumpta
3419 3720 3500 3767 est
3543 3709 3611 3765 de

2025 3818 2273 3873 muliere.
2303 3815 2490 3870 Mulier
2520 3812 2609 3866 hic
2645 3825 2859 3879 semper
2874 3809 3033 3874 Virgo
3066 3805 3251 3868 Maria,
3301 3817 3461 3858 sexus
3509 3815 3611 3856 no-

2025 3908 2170 3963 mine
2215 3905 2410 3960 mulier
2459 3909 2816 3967 nuncupatur,
2859 3912 2979 3966 qua:
3023 3904 3305 3965 propterea
3338 3893 3486 3947 salvo
3517 3906 3613 3961 pu-

2027 3998 2160 4052 dore
2184 3994 2428 4064 concepit
2457 4001 2510 4046 ct
2542 3992 2747 4060 peperit
2770 3989 2958 4053 Deum,
2989 3987 3113 4057 quia
3147 3987 3214 4041 de
3245 4001 3306 4040 ea
3329 3986 3610 4039 veritatem

2027 4089 2204 4145 carnis
2235 4089 2373 4142 Deus
2417 4085 2578 4140 homo
2606 4083 2773 4136 factus
2800 4079 3029 4148 accepit.
3076 4078 3328 4148 Alioquin
3378 4077 3423 4131 si
3456 4074 3616 4130 fabri-

2027 4181 2167 4235 cavit
2196 4179 2298 4234 sibi
2320 4178 2543 4232 Creator
2565 4174 2826 4229 creandus
2858 4173 2985 4227 novi
3013 4171 3226 4241 generis
3255 4185 3494 4234 carnem,
3525 4169 3612 4224 vel

2028 4288 2092 4330 ex
2123 4272 2309 4335 nihilo,
2361 4270 2445 4324 vel
2479 4268 2623 4323 unde
2663 4267 2851 4332 voluit,
2906 4280 3164 4335 apparere
3211 4262 3388 4319 subito
3431 4261 3618 4317 debuit

2027 4363 2196 4420 oculis
2247 4360 2571 4424 mortalium,
2608 4366 2632 4394 ι
2666 4371 2824 4426 quam
2861 4356 3049 4411 decem
3081 4356 3361 4410 mensibus
3389 4354 3618 4410 tolerare

2028 4455 2178 4526 parvi
2207 4452 2415 4508 ventris
2459 4449 2774 4521 hospitium,
2810 4447 2961 4517 cujus
2990 4445 3345 4516 magnitudini
3377 4461 3484 4501 non
3507 4445 3621 4501 suf«

2035 4545 2145 4601 ﬁcit
2175 4544 2394 4601 ccelum.
2447 4542 2586 4608 Quid
2645 4540 3008 4595 necessarium
3058 4539 3232 4594 fuerat
3281 4549 3337 4594 ut
3385 4538 3611 4609 Ioseph,

333 4633 648 4690 certaminis
672 4647 907 4696 mecum,
940 4633 982 4685 εί
1020 4631 1088 4684 ila
1133 4630 1332 4700 Flacci:
1389 4625 1645 4696 θςνθάθτε
1685 4641 1700 4679 ³
1737 4632 1931 4678 com”
1953 4615 2008 4676 Β
2032 4655 2268 4713 sponsus
2297 4639 2488 4703 ﬁdelis,
2521 4637 2709 4692 videns
2736 4635 3018 4704 coniugem
3059 4634 3440 4698 castissimam,
3471 4632 3622 4704 prius

337 4728 482 4784 acies
529 4727 743 4796 impias,
777 4739 966 4780 eorum
997 4724 1087 4794 qui
1127 4724 1270 4778 male
1309 4721 1474 4776 occisi
1507 4727 1774 4776 conantur
1822 4715 1926 4771 bre-

337 4817 618 4872 reditatem
641 4817 919 4872 vindicare
949 4815 1292 4881 damnosam,
1339 4814 1458 4869 sine
1501 4811 1688 4867 labore
1719 4825 1926 4882 pugna-

337 4904 505 4963 bitur.
539 4906 645 4961 Nec
669 4921 816 4961 arma
863 4917 988 4960 sunt
1027 4907 1107 4961 eis
1138 4920 1301 4972 nova,
1347 4917 1446 4959 nec
1492 4910 1689 4957 castra.
1743 4903 1922 4957 Muros

339 5000 650 5073 apostolicae
682 4999 1082 5071 praedicationis
1129 5000 1236 5055 illis
1265 4999 1456 5053 volunt
1499 4998 1677 5052 adhuc
1705 4996 1928 5066 spiculis

340 5091 635 5157 debellare,
666 5106 791 5162 quae
821 5089 1043 5160 signifer
1087 5089 1466 5144 hereticorum
1494 5087 1725 5157 jactavit
1756 5087 1930 5141 inani-

341 5191 443 5249 ter,
475 5183 656 5253 przeda
686 5181 859 5237 factus
881 5179 1190 5235 volatilibus
1217 5179 1361 5235 cceli.
1395 5177 1512 5232 Duo
1532 5186 1736 5245 autem,
1762 5191 1932 5246 quan-

340 5284 453 5332 tum
504 5275 756 5346 legimus,
811 5273 1016 5329 erroris
1061 5271 1147 5327 sui
1191 5272 1295 5327 tela
1342 5270 1587 5341 portabat
1632 5267 1925 5341 Eutyches,

340 5369 484 5424 unde
509 5378 801 5425 exeuntem
831 5367 901 5424 de
930 5366 1203 5423 dominico
1257 5365 1424 5423 latere
1470 5373 1725 5436 tanquam
1769 5364 1929 5435 perﬁ-

344 5459 441 5513 dus
487 5461 643 5516 miles
689 5460 974 5514 vulnerare
1027 5457 1278 5528 cupiebat
1331 5456 1656 5512 Ecclesiam.
1714 5455 1931 5526 Negans

345 5553 487 5606 extim
527 5552 746 5607 Mariam
775 5567 990 5621 semper
1017 5551 1280 5620 virginem
1322 5549 1493 5604 sancti
1529 5547 1764 5618 Spiritus
1796 5563 1930 5618 ope-

346 5651 502 5701 rante
523 5645 743 5716 virtute,
774 5647 1046 5702 nascituro
1066 5661 1133 5702 ex
1154 5644 1403 5700 immanis
1423 5643 1721 5700 visceribus
1744 5643 1930 5713 unige-

2032 4749 2196 4804 quam
2247 4731 2626 4796 convenirent,
2678 4727 2815 4783 efﬁci
2864 4727 3205 4796 genitricem,
3260 4726 3624 4796 suspicaretur

2035 4829 2379 4894 adulterium,
2408 4827 2531 4896 quia
2587 4822 2862 4880 nesciebat
2915 4821 3091 4876 adhuc
3147 4820 3368 4875 cteleste
3425 4827 3625 4889 mystea

2038 4923 2210 4979 rium?
2234 4918 2729 4987 Fieretunigenitns
2748 4918 2889 4972 Deus
2912 4916 3076 4970 homo
3099 4916 3240 4969 sicut
3264 4916 3380 4968 sine
3412 4914 3626 4967 homine

2037 5025 2210 5082 patre,
2252 5013 2323 5064 ita
2354 5011 2471 5064 sine
2507 5017 2701 5072 matre,
2757 5010 2801 5062 si
2833 5008 2964 5061 nihil
2993 5008 3042 5061 ei
3095 5005 3467 5075 accipiendum
3523 5004 3620 5058 fuit

2035 5119 2100 5160 ex
2130 5112 2322 5157 matre.
2356 5101 2577 5156 Veniret
2598 5099 2665 5154 ad
2697 5099 2834 5155 ﬁlios
2859 5098 3134 5154 hominum
3165 5097 3364 5151 nullius
3393 5095 3623 5150 hominis

2036 5194 2202 5260 ﬁlius,
2232 5193 2279 5248 si
2309 5191 2441 5247 nihil
2473 5192 2754 5247 habiturus
2804 5198 2949 5246 esset
2988 5201 3276 5244 commune
3323 5200 3444 5240 cum
3502 5183 3623 5239 ﬁliis

2036 5290 2335 5346 hominum.
2370 5288 2650 5358 Repugnat
2681 5286 2846 5358 nimis
2899 5285 3000 5339 ista
3039 5282 3328 5344 sententia,
3385 5277 3623 5333 veritatis

2038 5382 2209 5456 pudor
2247 5380 2502 5452 opprimit
2531 5378 2962 5434 considerantem
3009 5374 3226 5429 diutius.
3262 5370 3422 5441 Virgo
3451 5370 3621 5425 filium

2037 5483 2258 5548 generat
2285 5471 2603 5528 mirantibus
2645 5466 2922 5534 omnibus,
2955 5474 3009 5521 et
3059 5463 3261 5520 sterilia
3298 5461 3630 5519 remansisse

2037 5578 2292 5643 putantur
2321 5569 2523 5622 viscera
2562 5561 2893 5635 generantis,
2952 5561 3076 5632 quia
3136 5557 3266 5614 nihil
3306 5572 3373 5613 ex
3415 5572 3473 5612 se
3504 5571 3628 5626 pro-

2036 5661 2268 5719 fundunt
2294 5660 2346 5715 in
2376 5657 2618 5714 membra
2666 5653 2976 5710 nascentis?
3030 5652 3201 5710 Terra
3231 5649 3427 5709 herbas
3458 5662 3626 5720 gene-

419 5853 448 5887 ι
487 5844 585 5902 llic
609 5846 1105 5920 subintelligendum
1136 5857 1218 5906 est
1246 5854 1437 5922 potius.
1472 5855 1528 5924 ut
1553 5843 2196 5928 passim‘apudautiquos
2227 5839 2541 5911 scriptores.

329 5927 365 5958 Α
