4104 6360
1392 307 1765 366 FULGENTII
1804 303 2158 364 FEBRANDI
2196 302 2470 364 DIACMI
2508 306 2692 366 CAR’I‘
2699 307 2857 365 HAG.

3700 317 3831 375 892:

495 435 585 484 rat
620 425 988 491 'utsensibiles,
1044 424 1334 495 nullusque
1363 423 1444 480 eis
1495 432 1659 494 negat
1709 430 1940 480 terrenas
1976 421 2104 476 sub-
2126 422 2185 483 Α
2208 436 2297 490 per
2319 419 2489 477 Deum
2515 424 2627 478 creti
2660 421 2811 493 (Gen.
2830 436 2977 490 utv,
3005 421 3088 494 2).
3110 422 3322 481 Diceret
3364 426 3549 498 Inique
3580 444 3594 482 :
3624 426 3831 501 Tango

496 523 711 579 statim
739 522 1055 593 qualitatem
1086 536 1101 574 :
1136 520 1302 574 Maria
1330 518 1525 574 Filium
1578 520 1671 574 Dei
1720 518 1980 589 concipit,
2012 516 2099 572 Fi-

496 612 631 671 lium
653 612 751 669 Dei
781 614 942 681 parit,
970 620 1027 667 et
1056 611 1108 666 in
1138 625 1204 667 eo
1230 626 1334 666 non
1361 610 1608 680 agnoscit
1642 626 1754 666 sua:
1784 610 2100 667 substantia

497 705 916 775 proprietatem?
945 704 1304 761 Tolerabilius
1332 706 1573 774 profecto
1621 720 1848 775 peccare
1889 705 2100 774 judica—

496 797 660 866 bitur,
691 797 835 868 quod
866 798 1153 854 Dominum
1204 796 1387 853 Jesum
1429 797 1703 853 Christum
1752 797 1887 853 nihil
1937 812 2096 853 acccc

495 890 642 961 pisse
670 892 955 961 suspicans
975 891 1045 948 do
1072 891 1260 956 Maria,
1290 900 1431 947 tacet
1460 892 1621 949 etiam
1654 904 1873 957 natum;
1903 892 2099 947 nativi-

484 965 593 1039 ‘tati
618 983 765 1039 enim
797 998 1044 1054 magnam
1077 983 1203 1039 iacit
1250 983 1501 1053 iniuriam
1524 1029 1538 1052 ,
1575 984 1819 1054 quisquis
1862 984 2097 1053 aliquam

497 1075 627 1132 facit
663 1075 806 1133 inter
833 1076 1195 1133 substantiam
1239 1076 1507 1147 gignentis
1557 1084 1611 1132 et
1640 1076 1804 1145 geniti
1838 1074 2097 1131 ditl‘eren-

499 1167 663 1237 tiam;
728 1170 1097 1240 redarguente
1172 1169 1311 1224 hanc
1367 1170 1653 1239 pessimam
1712 1169 2101 1239 blasphemiam

497 1259 731 1318 Doctore
758 1263 1023 1331 gentium,
1060 1264 1150 1319 ubi
1178 1278 1321 1320 verae
1354 1264 1478 1320 ﬁdei
1512 1265 1671 1321 titulo
1692 1266 1923 1321 clariore
1950 1266 2099 1335 prin-

497 1355 634 1422 cipia
660 1355 915 1426 Epistolas
940 1358 1246 1415 decoranda
1289 1373 1646 1429 cognoscens,
1700 1360 1804 1416 hoc
1844 1375 2102 1419 sermone

496 1448 663 1513 cmpit
688 1448 962 1506 aediﬁcare
992 1451 1301 1508 Romanos:
1337 1450 1539 1507 Paulus
1573 1470 1747 1507 servus
1789 1454 1917 1507 Jesu
1940 1454 2093 1509 Chri-

497 1542 584 1605 sti,
615 1554 825 1597 vocatus
854 1547 1138 1613 apostolus,
1172 1556 1471 1617 segregatus
1520 1547 1573 1600 in
1604 1544 1953 1617 Evangeiinm
1982 1546 2097 1614 Dei,

495 1633 630 1702 quod
656 1642 775 1689 ante
802 1638 1105 1706 promiserat
1137 1654 1227 1709 per
1257 1639 1536 1707 prophetas
1563 1656 1685 1694 suos
1716 1640 1769 1693 in
1812 1638 2104 1711 Scripturis

494 1724 682 1778 sanctis
705 1726 767 1781 de
792 1725 933 1781 Filio
963 1745 1079 1794 suo,
1110 1730 1199 1799 qui
1237 1730 1405 1799 factus
1428 1740 1503 1786 est
1531 1731 1579 1784 ei
1624 1748 1685 1785 ex
1712 1733 1904 1786 semine
1932 1730 2103 1787 David

2203 521 2390 583 pectus
2463 529 2641 569 meum
2696 514 3111 584 cogitationibus
3160 516 3364 573 sanctis
3420 518 3824 591 splendidum;

2203 612 2359 673 tange
2390 620 2580 661 manus
2604 606 2925 661 innocentiae
2950 606 3075 662 dote
3103 606 3432 677 locupletes;
3457 617 3614 681 tange
3645 622 3826 682 caput

2202 696 2400 753 nullius
2430 697 2721 754 obnoxium
2752 699 3016 756 criminis.
3046 699 3157 755 Cur
3201 700 3513 760 honestiora
3559 707 3826 762 membra

2201 792 2705 859 praetermittuntur,
2734 801 2790 847 et
2819 793 2919 849 sub
2937 794 3054 849 solo
3075 793 3285 852 temore
3300 796 3581 866 iuraturus
3604 816 3829 868 ponere

2201 884 2546 953 compellitur
2576 886 2833 941 manum?
2856 887 3103 957 Magnum
3134 888 3336 959 aliquid
3362 892 3415 945 in
3444 890 3547 949 hoc
3595 892 3823 950 temore

2202 972 2402 1029 latebat
2432 993 2445 1031 :
2480 991 2605 1031 caro
2632 976 2827 1047 quippe
2854 976 3050 1033 Christi
3102 979 3171 1034 ibi
3214 980 3435 1049 latebat,
3470 999 3589 1052 qua:
3625 984 3822 1039 fuerat

2202 1082 2266 1124 ex
2299 1069 2422 1138 ejus
2451 1072 2749 1140 propagine
2777 1074 3069 1128 nascitura.
3105 1073 3397 1143 Propterea
3429 1086 3573 1133 tacto
3600 1078 3824 1135 Temere

2204 1162 2459 1219 terribilis
2482 1163 2965 1235 proferturjuratio
2995 1181 3089 1236 per
3119 1166 3288 1224 Deum
3321 1169 3480 1227 cceli:
3510 1170 3641 1241 quia
3671 1171 3821 1225 Deus

2204 1256 2324 1311 coeli
2345 1266 2459 1310 erat
2488 1256 2556 1311 ita
2578 1257 2869 1313 secundum
2894 1274 3111 1315 carnem
3146 1260 3469 1325 nasciturus,
3490 1261 3632 1317 sicut
3657 1263 3819 1317 nasci

2206 1350 2382 1404 solent
2407 1365 2541 1419 quos
2564 1351 2839 1419 generatio
2862 1354 3077 1407 nomine
3107 1351 3327 1409 femoris
3343 1353 3645 1423 signiﬁcata
3679 1370 3820 1412 con-

2208 1440 2407 1497 formes
2433 1444 2616 1513 utique
2646 1442 2727 1497 his
2757 1442 2825 1498 de
2856 1444 3050 1514 quibus
3076 1443 3375 1499 formantur
3395 1446 3662 1518 assignat.

2277 1532 2331 1590 4.
2378 1533 2518 1589 Caro
2550 1535 2729 1606 itaque
2756 1536 2957 1591 Christi
2987 1537 3055 1591 de
3084 1546 3257 1592 matre
3302 1548 3511 1608 sumpta
3552 1549 3659 1603 est,
3691 1540 3819 1595 ideo

2209 1624 2435 1694 amplius
2453 1640 2577 1681 vera
2604 1638 2721 1693 est;
2756 1629 2851 1683 sed
2882 1630 3037 1697 plane
3059 1638 3242 1684 sancta
3270 1638 3373 1695 est,
3398 1631 3520 1701 quia
3552 1631 3819 1687 divinita-

2210 1718 2279 1771 tis
2310 1716 2641 1773 adunalione
2670 1721 2921 1775 mundata
2962 1730 3061 1776 est.
3090 1721 3146 1775 In
3173 1735 3339 1777 carne
3380 1723 3581 1779 Christi
3621 1736 3817 1783 natura

495 1818 772 1870 secundum
820 1835 1068 1884 carnem;
1110 1822 1197 1889 qui
1230 1822 1629 1889 praedestinatus
1679 1832 1749 1876 est
1782 1820 1957 1877 Filius
2006 1821 2097 1878 Dei

2214 1816 2298 1861 est
2328 1819 2525 1864 nostra:
2555 1812 2754 1879 carnis,
2788 1812 2883 1867 sed
2928 1827 3035 1868 non
3076 1814 3345 1881 repetitur
3375 1816 3533 1885 culpa
3585 1825 3813 1873 natura.

495 1905 549 1959 in
574 1907 759 1962 virtute
796 1911 1081 1965 secundum
1129 1913 1368 1982 spiritum
1413 1914 1860 1975 sanctificationis.
1914 1930 1977 1969 ea:
2022 1932 2103 1969 re-

496 2002 807 2056 surrectione
857 2013 1177 2059 mortuorum
1238 2003 1365 2059 Iesu
1418 2004 1615 2060 Christi
1670 2004 1878 2059 Domini
1938 2009 2102 2063 nostri

496 2088 678 2157 (Rom.
713 2107 762 2160 ι,
808 2092 947 2163 1-4).

569 2183 624 2238 5.
690 2184 845 2240 Dicat
896 2200 1038 2242 nunc
1092 2188 1395 2255 haereticus
1453 2190 1727 2259 quomodo
1781 2190 1949 2246 Filius
2003 2194 2103 2250 Dei

496 2275 669 2333 tactus
729 2288 813 2335 est
863 2296 929 2336 ex
996 2282 1203 2337 semine
1258 2282 1423 2338 David
1497 2284 1793 2341 secundum
1856 2301 2096 2343 carnem.

496 2371 698 2441 Joseph
738 2382 887 2431 certe
935 2375 1070 2431 nihil
1103 2377 1389 2433 seminavit
1434 2378 1487 2433 in
1530 2380 1719 2446 Maria,
1771 2381 1855 2436 cui
1905 2382 2103 2447 dicitur

496 2465 565 2519 ab
622 2465 855 2535 angelo:
913 2466 1143 2536 Spiritus
1203 2478 1413 2523 sanctus
1463 2472 1779 2540 superveniet
1830 2472 1885 2525 in
1938 2482 2004 2539 te,
2050 2481 2100 2528 et

495 2556 653 2612 uirtus
699 2558 949 2613 Altissimi
979 2559 1318 2617 obrumbrabit
1369 2561 1478 2614 tibi.
1505 2559 1682 2627 Quare
1710 2561 1963 2618 Christus
2016 2579 2089 2619 ex

496 2652 705 2706 semine
734 2652 899 2707 David
926 2654 1116 2709 iterum
1161 2654 1589 2727 dicituriquare
1620 2656 1711 2711 ille
1754 2666 1913 2712 natus
1956 2657 2100 2713 inter

494 2739 743 2799 homines
781 2745 897 2801 sine
936 2745 1169 2802 humano
1217 2747 1447 2815 semine,
1475 2748 1647 2805 tactus
1675 2747 1872 2804 dicitur
1897 2765 1961 2805 ex
2006 2765 2096 2805 se-

495 2832 641 2890 mine
673 2833 873 2891 David?
906 2837 1019 2892 Non
1069 2838 1276 2905 leviter,
1311 2855 1483 2911 neque
1540 2842 1905 2912 perfunctorie
1960 2859 2100 2914 prat-

494 2922 779 2983 dicationis
833 2928 991 2998 hujus
1032 2938 1249 2997 oportet
1292 2932 1642 2990 considerare
1674 2935 1955 2990 virtutem.
1980 2936 2094 2993 lle-

500 3030 620 3072 inor
669 3019 865 3089 quippe
918 3018 1207 3089 Apostolus
1250 3022 1512 3080 doctrina:
1556 3039 1670 3081 suae
1718 3026 1967 3083 similiter
1988 3028 2097 3083 alio

495 3122 713 3180 quoque
774 3111 894 3167 loco
942 3111 1283 3169 Timotheum
1340 3115 1728 3173 charissimum’
1771 3118 2094 3186 discipulum

2211 1900 2300 1955 Sic
2329 1916 2456 1957 caro
2486 1904 2684 1958 Christi
2718 1904 2867 1959 carni
2899 1906 3080 1960 Mariae
3103 1916 3158 1961 et
3189 1907 3383 1962 similis
3411 1916 3529 1975 est,
3559 1920 3614 1963 et
3657 1911 3813 1965 disd-

2208 1994 2354 2050 milis
2387 1996 2619 2051 :similis
2648 2041 2663 2066 ,
2704 2000 2826 2069 quia
2852 2000 2975 2055 inde
3000 2001 3157 2055 traxit
3179 2001 3475 2072 originem;
3502 2004 3813 2073 dissimilis,

2209 2086 2331 2155 quia
2356 2102 2461 2142 non
2491 2088 2614 2143 inde
2638 2091 2908 2144 contraxit
2927 2091 3125 2146 vitiata:
3148 2092 3367 2161 originis
3384 2095 3766 2164 contagioncrn
3796 2114 3813 2149 :

2208 2177 2421 2243 similis,
2446 2181 2725 2248 quoniam,
2752 2181 2877 2236 licet
2899 2182 3227 2237 voluntarias
3249 2225 3265 2251 ,
3292 2194 3467 2240 tamen
3503 2202 3663 2243 veras
3691 2202 3811 2242 sen-

2207 2267 2280 2322 sit
2310 2270 2691 2336 inﬁrniitates;
2725 2272 3007 2327 dissimilis
3030 2314 3043 2337 ,
3076 2275 3327 2343 quoniam
3368 2278 3545 2332 nullas
3600 2281 3810 2348 penitus

2206 2375 2382 2430 neque
2412 2378 2506 2433 per
2536 2366 2886 2435 voluntatem,
2923 2380 3097 2437 neque
3138 2382 3234 2436 per
3271 2369 3630 2438 ignorantiam
3660 2388 3808 2429 com-

2206 2460 2355 2514 misit
2384 2460 2690 2530 iniquitates
2718 2479 2731 2515 :
2760 2462 2969 2527 similis,
3002 2464 3124 2532 quia
3157 2464 3426 2532 passibilis
3454 2477 3509 2521 et
3530 2470 3811 2534 mortalis;

2206 2553 2508 2623 dissimilis,
2541 2557 2663 2625 quia
2695 2556 3189 2626 incoinquinabilis,
3213 2569 3267 2613 et
3296 2558 3619 2614 viviﬁcatrix
3646 2563 3807 2616 etiam

2205 2658 2545 2706 mortuorum
2574 2667 2586 2702 :
2611 2649 2807 2705 similis
2832 2664 3055 2720 genere,
3084 2650 3362 2707 dissimilis
3392 2650 3591 2708 merito
3620 2670 3635 2707 :
3665 2655 3807 2709 sumi-
3846 2651 3855 2665 '

2205 2742 2274 2799 lis
2304 2744 2508 2813 specie,
2538 2742 2815 2798 dissimilis
2848 2743 3041 2800 virtute
3074 2762 3088 2798 :
3118 2744 3333 2813 similis,
3361 2746 3485 2815 quia
3511 2745 3811 2803 similitudo

2205 2846 2291 2893 est
2320 2836 2499 2892 carnis
2548 2837 2795 2905 peccati,
2826 2837 3037 2894 dicente
3079 2837 3339 2908 Apostolo
3398 2856 3411 2893 :
3448 2838 3588 2894 Deus
3618 2840 3810 2894 l-‘ilmm

2205 2945 2358 2984 suum
2383 2929 2519 2983 misit
2546 2928 2598 2982 in
2626 2929 3019 2984 similitudinem
3049 2931 3220 2986 carnis
3249 2932 3443 2997 peccati
3477 2932 3661 3000 (llam.
3698 2946 3808 2997 \‘lll,

2206 3022 2286 3089 ὅ).
2313 3022 2453 3075 Ecce
2478 3032 2738 3091 quantum
2783 3036 2908 3077 caro
2948 3020 3147 3078 Christi
3186 3022 3406 3078 docetur
3440 3038 3469 3078 a
3500 3022 3667 3078 Maria
3690 3038 3811 3078 can-

2205 3125 2321 3167 sam
2369 3128 2524 3167 novae
2556 3114 2861 3169 exustcntiaz
2890 3114 3213 3170 naturaliter
3238 3125 3484 3173 assecuta
3512 3116 3810 3172 secundum

493 3214 677 3259 monet
718 3221 731 3258 :
770 3203 972 3260 Mentor
1001 3216 1138 3272 esto,
1162 3209 1408 3279 inquiens
1428 3250 1444 3275 ,
1472 3207 1672 3265 Iesum
1723 3208 1986 3265 Christum
2009 3228 2091 3267 re-
2117 3207 2169 3270 (ζ
2200 3204 2606 3260 solemnitatem
2636 3215 2821 3274 partus
2856 3203 3097 3273 humani,
3120 3216 3457 3275 sequestrata
3489 3217 3813 3265 necessnate

492 3299 772 3352 surrexisse
801 3315 832 3351 a
861 3300 1075 3354 mortuis
1102 3317 1164 3356 ex
1200 3303 1389 3357 semine
1414 3301 1581 3356 Dat-id
1606 3304 1887 3358 secundum
1921 3304 2092 3361 Evan-

491 3388 684 3460 gelium
737 3407 905 3446 meum
935 3390 1024 3463 (11
1056 3392 1194 3447 Tim.
1221 3408 1281 3458 ll,
1313 3393 1390 3463 8).
1420 3394 1551 3459 Quis
1591 3396 1817 3466 proinde
1860 3397 2091 3453 inseruit

492 3481 759 3538 nativitati
798 3483 915 3554 ejus
947 3498 1129 3539 semen
1162 3484 1329 3541 David
1360 3487 1414 3541 in
1439 3487 1741 3543 substantia
1784 3488 2094 3545 humanita-

491 3575 599 3632 tis?
632 3576 731 3633 Ubi
753 3578 928 3648 potuit
952 3578 1069 3634 ﬁeri
1096 3578 1162 3633 de
1185 3578 1392 3635 semine
1414 3579 1624 3635 David?
1653 3580 1708 3636 Si
1730 3581 1847 3636 sine
1875 3580 2094 3638 homine

492 3677 655 3724 natus
698 3678 783 3725 est
814 3680 984 3739 patre,
1017 3684 1119 3738 qua
1166 3670 1373 3726 ratione
1421 3688 1550 3744 ergo
1605 3673 1757 3729 ﬁeret
1788 3691 1854 3730 ex
1888 3678 2095 3733 semine

492 3755 682 3830 David,
717 3762 819 3817 nisi
862 3776 1082 3818 carnem
1132 3763 1459 3830 suscepisset
1489 3779 1556 3820 ex
1584 3774 1758 3822 matre
1777 3782 1897 3836 qua:
1930 3770 2095 3837 perti-

489 3852 654 3909 nebat
674 3854 742 3909 ad
767 3868 954 3910 semen
979 3854 1183 3910 David?
1203 3855 1278 3911 De
1301 3855 1508 3911 semine
1536 3858 1680 3912 enim
1709 3856 1874 3912 David
1902 3858 2090 3922 Maria,

493 3953 551 4001 et
601 3944 668 4001 de
708 3960 893 4027 carne.
926 3947 1106 4002 Mariae
1146 3946 1426 4014 Christus;
1459 3950 1706 4018 quamvis
1737 3951 1856 4005 sine
1883 3951 2095 4005 semine

493 4039 749 4106 maritali,
784 4049 962 4095 tamen
988 4054 1108 4095 cum
1136 4041 1463 4110 proprietate
1488 4051 1713 4098 naturre.
1735 4042 1960 4111 Propter
1992 4042 2094 4098 hoc

490 4131 776 4190 Psalmista
808 4142 990 4190 cantat
1030 4134 1347 4207 prophetico
1396 4134 1587 4205 spiritu
1617 4153 1629 4190 :
1656 4133 1912 4191 Dominus
1955 4136 2096 4190 dabit

491 4226 892 4299 benignitatem,
949 4237 997 4281 et
1063 4236 1200 4283 terra
1254 4236 1429 4283 nostra
1479 4227 1618 4284 dabit
1671 4230 1898 4298 fructum
1943 4245 2095 4284 suum

491 4316 667 4393 (Psat.
687 4319 1021 4391 txxnv,15),
1037 4321 1159 4391 quia
1182 4320 1234 4375 in
1258 4320 1538 4375 manifesta
1552 4319 1732 4375 carnis
1745 4336 1772 4374 a
1790 4336 1849 4376 se
1862 4331 2094 4390 accepta:

491 4415 819 4482 substantia,
851 4416 1017 4471 Maria
1070 4416 1255 4487 genuit
1310 4416 1597 4471 Dominum
1656 4431 1834 4471 suum.
1863 4415 1995 4471 Nam
2049 4416 2094 4471 si

492 4505 711 4562 aliunde
739 4521 867 4562 caro
902 4505 1101 4563 Christi
1137 4518 1469 4573 nasceretur,
1506 4516 1670 4573 terra,
1702 4509 1754 4562 id
1780 4517 1865 4564 est
1895 4508 2089 4577 Maria,

2200 3295 2520 3352 concubitus
2548 3297 2830 3363 maritalis,
2853 3304 2910 3352 ut
2939 3313 3045 3353 non
3069 3298 3139 3352 sit
3163 3298 3381 3364 quidem
3408 3314 3540 3355 caro
3572 3302 3805 3370 peceati,

2202 3390 2326 3457 quia
2354 3402 2481 3443 caro
2504 3397 2585 3444 est
2607 3387 2734 3454 Dei;
2764 3388 2833 3443 sit
2863 3398 3042 3445 tamen
3065 3389 3357 3447 similitudo
3372 3392 3551 3447 carnis
3576 3395 3805 3461 peccati,

2202 3479 2328 3547 quia
2359 3479 2627 3534 veraciter
2678 3487 2801 3535 nata
2852 3490 2932 3534 est
2987 3480 3055 3536 de
3110 3495 3275 3537 carne
3322 3483 3535 3537 mortali
3570 3498 3582 3534 τ
3616 3484 3807 3538 merito

2203 3571 2367 3625 etiam
2396 3572 2674 3639 mortalis,
2703 3572 2823 3643 quia
2856 3572 3135 3627 materiam
3169 3574 3329 3627 traxit
3370 3573 3438 3630 de
3463 3588 3634 3631 carne
3666 3590 3807 3630 mor-

2206 3663 2321 3717 tali.
2354 3664 2409 3718 ln
2439 3678 2604 3718 carne
2633 3662 2773 3717 enim
2815 3680 2919 3718 non
2972 3663 3219 3720 habentis
3257 3666 3476 3720 omnino
3507 3675 3809 3734 peccatum,

2204 3771 2303 3825 per
2330 3771 2491 3828 quam
2536 3756 2756 3827 januam
2802 3756 3104 3811 voluntaria
3129 3772 3275 3811 mors
3302 3757 3577 3822 introiret,
3614 3756 3716 3811 ηἰδὶ
3746 3758 3807 3812 de

2202 3862 2366 3904 carne
2393 3849 2511 3923 ejus
2546 3858 2860 3904 nasceretur
2909 3849 2995 3903 cui
3033 3850 3204 3917 potuit
3232 3850 3407 3905 inesse
3444 3861 3724 3919 peccatum
3756 3860 3813 3906 et

2203 3954 2301 4009 per
2333 3948 2613 4010 peceatum
2648 3940 2834 3995 mors?
2858 3938 3074 3995 Plenius
3104 3940 3204 3995 hoc
3235 3940 3433 3996 lucidis
3465 3940 3809 3998 sermonibus

2204 4035 2559 4104 explicemus.
2593 4032 2732 4091 Caro
2756 4033 2953 4097 Christi
3009 4050 3117 4089 non
3161 4043 3280 4089 erat
3325 4034 3381 4089 in
3426 4035 3812 4105 iniquitatibus

2203 4138 2466 4196 concepta
2500 4146 2513 4180 ;
2548 4136 2764 4195 prOpter
2793 4127 2920 4196 quid
2957 4142 3085 4197 ergo
3108 4127 3475 4184 conditionem
3507 4130 3701 4185 mortis
3730 4130 3805 4185 vi-

2202 4218 2360 4275 detur
2388 4220 2646 4290 experta?
2670 4219 2947 4281 Manifeste
2969 4220 3187 4285 scimus,
3212 4235 3316 4275 non
3346 4222 3696 4287 necessitate,
3718 4219 3811 4279 sed

2203 4315 2477 4369 voluntate
2502 4329 2595 4381 pro
2620 4312 2773 4368 nobis
2804 4322 3071 4369 mortuum
3097 4313 3263 4369 fuisse
3293 4312 3487 4370 Filium
3518 4314 3635 4369 Dei.
3676 4317 3811 4371 San-

2203 4415 2323 4461 ctus
2353 4414 2530 4461 tamen
2565 4405 2718 4462 testis
2748 4406 3130 4475 cstApostolus
3164 4407 3402 4473 veritati,
3436 4407 3711 4462 veraciter
3733 4408 3810 4462 di-

2202 4513 2335 4555 cens
2364 4517 2376 4551 :
2415 4498 2517 4553 Per
2550 4515 2707 4553 unum
2742 4499 2997 4553 Immineat
3044 4509 3308 4569 peccatum
3330 4500 3540 4554 intrarit
3571 4500 3624 4554 in
3658 4516 3809 4554 mun-

494 4598 808 4655 nullatenns
853 4600 1011 4655 daret
1052 4600 1279 4657 fructum
1320 4616 1500 4667 suum,
1543 4602 1638 4657 sed
1688 4602 1958 4665 alienum;
1992 4616 2091 4657 nec
2117 4602 2176 4665 Ι)
2199 4594 2347 4662 dum.
2369 4602 2416 4647 ει
2444 4610 2532 4661 Ρθτ
2552 4602 2818 4664 ρεεεαιηηι
2846 4608 2981 4647 ’ποτε
3007 4592 3188 4660 (ηοητο
3225 4609 3276 4661 νο
3310 4593 3389 4664 1)ο
3418 4592 3476 4649 In
3508 4593 3611 4649 i513
3644 4608 3807 4649 came

495 4690 693 4747 iterum
726 4702 943 4748 sanctus
971 4693 1258 4763 Apostolus
1300 4708 1485 4750 semen
1538 4691 1769 4747 Abrahae
1819 4690 2095 4747 Christum

497 4799 619 4845 esse
644 4784 991 4854 signiﬁcaret,
1026 4787 1097 4841 ita
1118 4787 1341 4858 loquens
1372 4804 1385 4838 :
1418 4784 1636 4839 Abraha:
1661 4784 1813 4840 dieue
1830 4796 1951 4841 sunt
1979 4802 2099 4855 pro-

496 4878 791 4942 missiones,
824 4887 871 4932 et
915 4878 1099 4934 semini
1143 4881 1276 4951 ejus.
1304 4876 1427 4931 Non
1460 4877 1586 4931 dicit
1635 4892 1655 4931 :
1700 4888 1747 4932 et
1794 4878 2095 4949 seminibus,

497 4973 647 5042 quasi
676 4972 726 5025 in
755 4972 969 5039 multis;
997 4973 1108 5037 sed,
1135 4982 1376 5043 tanquam
1422 4973 1475 5026 in
1512 4988 1613 5027 uno
1646 4989 1664 5030 :
1694 4983 1741 5028 et
1770 4976 1952 5029 semini
1988 4984 2097 5043 lno,

497 5063 635 5133 quod
660 5072 732 5118 est
762 5061 992 5118 Christus
1024 5061 1170 5135 (Gal.
1200 5079 1281 5132 ut,
1316 5062 1430 5133 16).
1486 5064 1622 5132 Quid
1654 5068 1927 5134 apertius?
1958 5066 2100 5132 Quid

499 5153 845 5209 evidentius?
871 5153 1061 5209 Nonne
1100 5155 1177 5208 sic
1221 5161 1275 5209 et
1322 5168 1508 5211 semen
1549 5156 1783 5213 Abrahae
1828 5158 2097 5225 Christus,

500 5247 770 5320 quomodo
797 5262 862 5302 et
895 5246 1104 5303 semine
1136 5246 1300 5304 David
1339 5257 1559 5319 propter
1582 5248 1829 5316 Mariam,
1867 5265 1962 5321 per
1992 5251 2102 5305 Ma-

500 5340 656 5404 riam,
682 5340 749 5396 de
777 5339 974 5395 Maria?
1002 5340 1176 5397 Tollat
1204 5342 1397 5413 impius
1418 5342 1718 5413 disputator
1744 5341 1961 5398 Christo
1988 5358 2101 5398 ma-

503 5432 695 5489 teriam
716 5433 1086 5504 carnis,quam
1111 5435 1275 5495 Maria
1299 5436 1642 5503 ministravit,
1667 5443 1723 5491 et
1753 5435 1945 5493 doceat
1969 5450 2103 5505 quo-

506 5523 666 5581 modo
687 5531 966 5585 estsemen
985 5526 1215 5584 Abrahae
1226 5527 1496 5596 Christus,
1519 5536 1613 5584 aut
1643 5528 1915 5598 quomodo
1933 5527 2104 5585 lactus

506 5615 892 5675 esteneutine
906 5616 1352 5692 David.Nunquid
1363 5620 1635 5692 superﬂuo
1646 5632 1983 5680 sacramento
1996 5637 2110 5683 ver-

506 5704 757 5760 naculum
784 5710 1055 5777 prOprium
1086 5709 1252 5766 ﬁdelis
1270 5716 1537 5769 Abraham
1560 5714 1930 5785 constringere
1962 5715 2106 5769 vitle-

506 5794 917 5869 batur,quando
951 5799 1136 5870 plenus
1162 5803 1285 5868 ﬁde,
1307 5807 1563 5875 praescins
1576 5807 1739 5862 etiam
1763 5805 2057 5862 futurorum
2088 5822 2102 5860 :

502 5885 680 5961 “Mitte,
712 5890 908 5962 aiebat,
943 5908 1153 5949 manum
1187 5904 1327 5954 tuam
1364 5900 1457 5954 sub
1489 5901 1663 5967 femur
1693 5915 1884 5971 meum,
1915 5909 1962 5960 et
1990 5914 2106 5962 iura

2205 4683 2405 4740 Christi
2424 4693 2706 4754 peccatum
2751 4698 2857 4739 non
2902 4685 3139 4741 intravit.
3173 4684 3326 4742 Unde
3351 4700 3524 4753 mors,
3554 4686 3805 4756 quamvis

2204 4777 2504 4833 voluntaria
2552 4777 2915 4841 subintroivit,
2945 4778 3045 4833 nisi
3100 4778 3224 4849 quia
3271 4794 3394 4835 eum
3434 4780 3554 4835 sine
3581 4789 3805 4849 peccato

2204 4874 2355 4933 nasci
2386 4873 2564 4928 divina
2596 4872 2725 4928 iecit
2775 4873 3032 4943 potentia,
3053 4872 3174 4929 sine
3205 4883 3428 4944 peccato
3459 4887 3637 4931 autem
3668 4875 3812 4933 mori

2205 4964 2386 5021 divina
2418 4965 2542 5021 fecit
2569 4964 2975 5022 misericordia?
3009 4965 3392 5024 Verumtamen
3419 4983 3514 5039 per
3535 4970 3639 5026 hoc
3662 4969 3806 5039 quod

2206 5058 2261 5117 in
2290 5059 2379 5115 illo
2402 5058 2503 5116 luit
2524 5070 2763 5117 materna
2782 5060 3099 5127 substantia,
3122 5062 3266 5117 nullo
3290 5063 3479 5118 melius
3502 5064 3807 5121 documen-

2211 5160 2265 5205 to
2324 5152 2638 5222 probabitur
2689 5152 2938 5209 Christus
2972 5152 3226 5209 habuisse
3257 5169 3477 5211 carnem
3528 5155 3596 5210 de
3636 5166 3811 5211 matre

2208 5243 2445 5307 mortali,
2472 5244 2577 5298 nisi
2624 5260 2721 5314 per
2762 5246 3083 5315 supplicium
3116 5246 3329 5303 mortis.
3361 5245 3540 5302 Gratia
3583 5247 3684 5310 illi,
3718 5247 3810 5318 qui

2208 5335 2387 5393 carnis
2419 5337 2665 5393 humanae
2687 5338 3033 5407 suscipiendo
3056 5351 3300 5399 naturam
3333 5340 3453 5395 sine
3482 5341 3666 5411 culpa,
3696 5354 3805 5395 non

2212 5438 2392 5487 tamen
2442 5433 2561 5487 sine
2602 5447 2761 5503 pretia
2801 5434 3010 5503 culpam
3042 5436 3275 5499 removit
3306 5453 3317 5488 :
3353 5449 3566 5505 pinnam
3611 5435 3809 5500 ﬁnivit,

2210 5533 2266 5579 et
2314 5532 2559 5581 naturam
2605 5527 2836 5593 sanavit,
2863 5535 2921 5582 ut
2939 5529 3063 5597 quia
3114 5529 3395 5585 nobiscum
3425 5537 3510 5585 est
3532 5530 3582 5582 ei
3615 5536 3810 5587 natura

2211 5619 2532 5681 communis.
2556 5618 2850 5689 Oportebat
2870 5637 3098 5692 namque
3116 5638 3259 5689 eum,
3279 5622 3419 5678 sicut
3442 5621 3805 5684 sacerdotem,

2212 5710 2354 5780 quod
2398 5726 2491 5779 pro
2516 5712 2669 5765 nobis
2696 5712 2915 5767 offerret
2940 5755 2954 5777 ,
2985 5729 3011 5766 a
3058 5715 3210 5769 nobis
3240 5715 3525 5782 accipere;
3555 5711 3804 5766 siautem

2214 5818 2320 5857 non
2349 5805 2550 5872 accepit
2588 5820 2652 5859 ex
2687 5805 2851 5860 Maria
2890 5809 3066 5861 carnis
3097 5808 3410 5871 materiam,
3448 5822 3553 5862 non
3596 5804 3806 5874 accepit

2152 5978 2167 5985 ⁸
2210 5910 2242 5952 a
2272 5895 2426 5955 nobis
2451 5897 2593 5968 quod
2624 5907 2807 5970 posset
2838 5898 3056 5977 goﬁerre
3093 5913 3189 5969 pro
3229 5898 3414 5965 nobis;
3441 5906 3497 5957 et
3533 5892 3807 5969 quomodo
