4104 6360
296 390 401 448 893

1467 379 1829 441 EPISTOLE
1858 378 1951 436 ΕΤ
1987 379 2363 442 OPUSCULA.

3470 401 3572 459 894

295 511 440 582 [ungi
493 509 664 580 potuit
708 505 1023 578 sempiterni
1069 518 1295 563 munere
1324 501 1663 560 sacerdotis?
1689 501 1881 555 Sacer-
1908 497 1962 560 Α
1988 499 2160 557 factus
2183 511 2267 557 est
2296 503 2454 562 homo
2479 509 2672 576 justus,
2706 515 2760 563 et
2796 507 2998 565 homini
3033 512 3300 581 peccator-3
3329 518 3579 575 reconcia

296 604 408 659 doti
438 610 623 658 nostro
663 614 762 656 nos
788 600 1022 667 Oportuit
1047 596 1425 654 immolandam
1460 595 1570 651 Deo
1607 593 1879 648 victimam

295 696 460 760 dare;
494 693 659 752 Filius
702 700 878 747 autem
929 691 1022 747 Dei
1074 690 1248 746 Patris
1278 690 1607 760 uuigenitus,
1637 690 1688 744 in
1719 701 1881 742 carne

296 789 511 845 mortali
533 787 785 844 sacerdos
813 797 993 842 noster
1015 785 1261 853 effectus,
1290 800 1398 841 non
1423 800 1633 851 aurum,
1659 799 1765 839 non
1796 798 1880 837 ar-

296 889 538 950 gentum,
575 896 680 935 non
709 879 975 935 hircorum
1006 880 1344 950 sanguinem,
1368 878 1462 934 sed
1509 892 1702 947 corpus
1726 877 1882 931 obtu-

293 974 358 1029 lit
384 976 679 1044 proprium.
715 972 941 1029 Victima
974 989 1105 1046 ergo
1132 983 1339 1043 nostra,
1371 986 1569 1043 corpus
1616 980 1700 1027 est
1728 970 1878 1041 ejus;

296 1076 353 1123 et
381 1070 424 1122 si
456 1084 651 1140 corpus
681 1068 798 1138 ejus
825 1067 1063 1140 accepit,
1094 1082 1123 1121 a
1169 1067 1323 1123 nobis
1360 1067 1539 1135 itaque
1568 1078 1763 1133 corpus
1793 1078 1881 1119 ac-

295 1164 472 1232 cepit;
502 1171 556 1216 et
611 1160 713 1217 hoc
736 1172 861 1217 tunc
892 1162 1119 1233 accepit,
1154 1160 1368 1229 quando
1397 1174 1518 1214 eum
1548 1164 1733 1215 sancta
1775 1156 1885 1211 Ma-

296 1253 376 1309 ria
420 1256 686 1325 concepit.
739 1253 1220 1309 Consubstantialis
1276 1252 1498 1322 proinde
1554 1250 1709 1306 matri
1762 1264 1883 1305 cre-

296 1347 503 1408 dendus
555 1357 658 1414 est,
713 1348 849 1403 sicut
905 1346 1377 1403 consubstantialis
1426 1352 1508 1399 est
1538 1343 1706 1398 Patri.
1736 1340 1883 1397 Con-

296 1438 666 1495 substantialis
720 1439 878 1493 etiam
952 1436 1105 1492 matri
1167 1438 1327 1493 etiam
1396 1435 1551 1491 nobis
1614 1433 1883 1489 diabolum

295 1533 478 1589 vicit:
529 1532 651 1589 ideo
707 1532 775 1589 de
840 1531 1161 1601 captivitatis
1228 1529 1492 1601 profundo
1563 1535 1729 1583 totum
1796 1542 1887 1595 ge-

293 1642 399 1683 nus
426 1628 703 1682 hominum
738 1624 1047 1682 misericors
1073 1625 1325 1680 elevavit.
1367 1623 1547 1679 Victus
1578 1630 1662 1677 est
1689 1621 1883 1687 Adam,

296 1718 575 1775 blanditiis
630 1719 980 1774 muliebribus
1024 1718 1092 1774 de
1141 1718 1286 1789 ligno
1334 1718 1499 1772 vetito
1549 1716 1709 1771 edere
1765 1730 1883 1784 per-

296 1824 515 1879 suasus;
565 1811 693 1866 vicit
737 1810 1002 1875 Christus,
1036 1810 1214 1864 furore
1262 1808 1484 1864 Iudaico
1530 1818 1585 1863 et
1630 1807 1885 1862 clamori-

1985 595 2143 650 liatus
2156 604 2237 651 est
2261 596 2421 653 Deus.
2442 598 2635 655 Factus
2654 609 2733 656 est
2754 601 2894 657 Deus
2924 605 3065 673 quod
3098 620 3203 660 non
3231 615 3367 672 erat,
3387 607 3575 677 homo;

1984 694 2040 740 et
2086 686 2255 740 factus
2310 695 2393 742 est
2440 687 2599 743 homo
2653 690 2898 747 similiter
2944 693 3084 763 quod
3139 709 3247 749 non
3294 706 3431 765 erat,
3457 698 3577 769 jus-

1987 787 2091 844 tus.
2123 779 2175 835 Si
2207 789 2382 835 autem
2407 782 2583 850 justus
2602 781 2740 836 Deus
2762 781 2830 837 ita
2852 784 2987 837 forte
3011 786 3162 842 ﬁeret
3192 786 3352 845 homo
3372 790 3574 860 justus,

1986 881 2045 927 ut
2073 887 2178 928 non
2210 872 2327 942 ejus
2365 882 2507 927 esset
2545 874 2855 933 substantiae
2875 877 3027 946 cujus
3057 878 3230 934 fuerat
3251 881 3410 941 homo
3442 897 3571 952 pec-

1985 973 2157 1030 cator,
2183 980 2281 1020 nec
2310 965 2529 1021 haberet
2577 965 2775 1037 aliquid
2827 971 3098 1038 pr0prium
3152 972 3221 1028 de
3272 976 3573 1034 substantia

1986 1059 2306 1126 peccatoris,
2338 1058 2391 1113 in
2440 1070 2699 1114 aeternum
2749 1074 3050 1117 remaneret
3093 1064 3252 1120 homo
3303 1080 3574 1135 peccator.

1991 1150 2142 1206 Nunc
2174 1166 2300 1206 vero
2332 1166 2428 1220 per
2456 1152 2863 1220 similitudinem
2903 1155 3221 1210 substantiae
3251 1157 3425 1215 eﬁ‘ecti
3456 1175 3578 1231 par-

1991 1244 2176 1312 ticipes
2204 1243 2389 1313 gratiae
2408 1288 2422 1312 ,
2451 1243 2726 1309 justiﬁcati
2754 1259 2939 1299 sumus
2962 1246 3015 1300 iu
3039 1246 3128 1302 illo
3158 1247 3434 1319 unigenito
3463 1251 3577 1309 Deo

1988 1335 2079 1402 qui
2127 1350 2223 1404 pro
2266 1335 2420 1390 nobis
2453 1334 2564 1390 ﬁeri
2601 1336 2768 1391 voluit
2799 1336 2957 1393 homo
2991 1338 3184 1393 similis
3213 1340 3390 1396 nobis.
3422 1342 3576 1399 Unde

1989 1429 2151 1484 etiam
2191 1429 2562 1487 sanctissimus
2611 1429 2806 1485 Paulus
2844 1431 3231 1489 incarnationis
3262 1439 3578 1508 mysterium

1993 1533 2258 1587 tractans,
2286 1524 2356 1578 ita
2388 1524 2456 1579 de
2485 1524 2703 1579 Christo
2733 1524 2968 1593 loquitur
2996 1526 3062 1581 ad
3105 1527 3395 1587 Hebraeos:
3431 1528 3578 1586 Nus-

1990 1633 2145 1687 quam
2173 1617 2307 1670 enim
2331 1616 2540 1688 angelos
2567 1614 2924 1686 apprehendit,
2943 1618 3033 1672 sed
3055 1635 3221 1673 semen
3248 1620 3469 1677 Abraha:
3494 1641 3579 1693 ap-

1993 1710 2279 1780 prehendit.
2317 1708 2465 1765 Unde
2500 1708 2672 1765 debuit
2716 1726 2804 1780 per
2844 1712 3014 1763 omnia
3055 1712 3301 1781 fratribus
3334 1716 3579 1783 similari,

1993 1810 2051 1856 ut
2076 1804 2359 1856 misericors
2391 1804 2533 1870 ﬁeret
2562 1812 2609 1856 et
2636 1803 2805 1871 ﬁdelis
2836 1804 3067 1873 pontifex
3091 1804 3161 1858 ad
3194 1804 3361 1859 Deum
3404 1816 3461 1860 ut
3498 1823 3579 1862 re-

296 1903 399 1958 bus
428 1904 483 1957 in
514 1904 752 1974 patibulo
775 1903 905 1974 ligni
934 1916 1249 1971 suSpensus.
1279 1901 1418 1970 Quid
1467 1899 1687 1970 prodest
1714 1898 1883 1954 Adam
1913 1890 1962 1953 Β
1989 1899 2285 1970 propitiaret
2318 1897 2502 1952 delicta
2534 1897 2713 1969 populi
2741 1896 2926 1969 (Hebr.
2968 1913 3027 1965 ιι,
3058 1896 3124 1950 16
3146 1940 3162 1966 ,
3196 1897 3305 1967 17).
3337 1900 3468 1968 Quis
3493 1916 3578 1956 ca-

294 1995 493 2051 Christi
521 1998 759 2065 victoria,
786 1999 830 2053 si
862 2013 967 2054 non
995 2006 1077 2051 cst
1099 1998 1215 2067 ejus
1240 1996 1293 2050 in
1316 1995 1528 2051 Christo
1550 1994 1885 2051 substantia?

296 2098 352 2143 et
383 2088 654 2159 quomodo
685 2089 736 2145 id
771 2090 888 2146 ﬁeri
939 2091 1131 2161 potuit,
1172 2089 1274 2144 nisi
1320 2104 1446 2144 eum
1490 2088 1569 2143 sic
1613 2088 1890 2159 genuisset

296 2180 460 2253 Virgo
490 2182 674 2250 Maria,
702 2192 761 2238 ut
792 2183 1055 2253 praeberet
1082 2182 1131 2240 ei
1154 2184 1269 2238 sine
1297 2182 1579 2252 iniquitate
1608 2181 1884 2236 materiam

294 2276 492 2344 carnis,
527 2279 581 2333 in
612 2294 713 2350 qua
748 2279 894 2333 nasci
920 2279 1285 2348 temporalitcr
1313 2291 1494 2349 posset
1523 2287 1576 2333 et
1597 2276 1743 2347 pati?

365 2369 420 2424 5.
462 2370 552 2428 Sic
580 2373 823 2440 omnino,
852 2373 930 2428 sic
978 2374 1317 2429 sentiendum
1354 2374 1485 2429 fides
1516 2372 1772 2428 admonet
1794 2386 1885 2425 ve-

295 2471 373 2527 ra,
398 2458 667 2516 Christum
716 2478 912 2532 corpus
962 2462 1213 2519 habuisse
1244 2478 1451 2530 verum,
1484 2476 1595 2518 non
1641 2476 1882 2527 aereum,

292 2568 399 2607 non
433 2554 843 2623 phantasticum,
878 2571 984 2611 non
1025 2556 1239 2611 aliunde
1291 2555 1723 2623 formatum,scd
1757 2570 1881 2609 caro

294 2661 494 2711 neum;
519 2646 583 2703 de
609 2662 773 2703 carne
796 2648 1025 2719 Virginis
1053 2656 1322 2718 sumptum
1348 2689 1366 2717 ,
1399 2648 1529 2703 licet
1560 2662 1665 2702 non
1692 2662 1886 2701 carna-

294 2738 416 2795 liter
442 2744 765 2797 seminatum
786 2784 801 2809 ,
832 2743 1106 2799 rationalis
1134 2745 1324 2798 anima:
1365 2742 1715 2809 inspiratione
1744 2741 1883 2795 vivi-

293 2833 673 2897 ﬁcatum;t:ile
720 2836 875 2905 quale
923 2850 1022 2891 nos
1074 2836 1351 2902 habemus,
1384 2835 1586 2903 absque
1632 2844 1878 2903 peccato;

294 2924 398 2978 tale
428 2926 480 2978 in
512 2941 620 2995 quo
650 2925 895 2981 diabolus
924 2926 1217 2994 falleretur,
1252 2935 1309 2981 ut
1331 2934 1520 2995 putans
1547 2939 1751 2991 escam,
1785 2925 1881 2977 de-

293 3014 508 3084 glutiret
527 3016 763 3072 hamum.
781 3017 1033 3073 Diabolus
1052 3020 1193 3073 enim
1218 3017 1321 3072 nisi
1348 3017 1555 3073 videret
1584 3017 1637 3072 in
1659 3018 1880 3072 Christo

296 3101 568 3161 Salvatore
616 3123 804 3163 verum
852 3122 1050 3179 corpus
1092 3120 1146 3164 et
1199 3109 1355 3163 matri
1402 3109 1878 3175 consubstantialc,

294 3209 395 3251 nec
448 3207 651 3255 tentare
700 3203 941 3269 auderet,
974 3216 1072 3258 nec
1096 3202 1361 3259 occidere.
1382 3202 1649 3259 Praeterea
1688 3203 1741 3259 in
1773 3218 1878 3272 quo

1990 1990 2142 2061 pituli
2167 1989 2324 2059 hujus
2344 1990 2614 2059 explicare
2642 1989 2817 2060 dignis
2839 1989 3185 2046 sermonibus
3212 1994 3391 2047 valeat
3419 1994 3580 2051 intel-

1989 2082 2226 2139 lectum?
2256 2080 2443 2135 Debuit
2504 2082 2696 2151 inquit,
2720 2098 2811 2154 per
2848 2085 3021 2137 omnia
3060 2085 3311 2155 fratribus
3336 2086 3581 2146 similari.

1988 2176 2034 2231 Ο
2062 2176 2238 2231 stulta:
2285 2175 2506 2230 haeresis
2537 2175 2786 2245 imperite
2814 2176 3093 2234 defensor!
3128 2182 3398 2250 quomodo
3426 2193 3581 2250 pote-

1988 2269 2057 2324 rit
2078 2266 2324 2322 Christus
2356 2267 2614 2323 fratribus
2652 2268 2875 2323 similari
2925 2286 3020 2338 per
3051 2273 3254 2340 omnia,
3281 2274 3325 2330 si
3355 2275 3581 2333 dissimi-

1988 2360 2056 2416 lis
2109 2358 2282 2415 fuerat
2336 2360 2387 2413 iu
2436 2359 2766 2416 substantia?
2798 2362 3077 2429 Quomodo
3110 2365 3306 2419 similis
3362 2369 3582 2425 omnino

1987 2453 2089 2510 erit
2120 2453 2173 2507 in
2204 2452 2522 2520 substantia,
2566 2453 2666 2507 nisi
2720 2468 2937 2508 carnem
2994 2456 3335 2525 suscipiendo
3364 2459 3430 2514 de
3457 2460 3573 2516 Ma-

1988 2545 2103 2599 ria?
2135 2544 2357 2599 Desinat
2396 2558 2490 2598 cor
2532 2542 2816 2613 profanum
2843 2545 2964 2599 talia
2990 2547 3259 2602 meditari.
3291 2548 3392 2616 Qui
3421 2561 3582 2623 negat

1986 2638 2257 2695 Christum
2290 2640 2401 2693 veri
2432 2637 2525 2692 Dei
2551 2636 2747 2693 Filium
2778 2652 2960 2693 verum
2993 2641 3274 2696 veritatem
3304 2645 3483 2699 carnis
3512 2646 3581 2701 de

1988 2746 2111 2787 vera
2127 2740 2297 2785 matre
2318 2729 2639 2785 mirabiliter
2660 2731 3039 2800 assumpsisse,
3065 2741 3230 2789 totum
3251 2734 3361 2789 vult
3377 2736 3580 2793 media-

1989 2826 2121 2880 toris
2168 2838 2439 2879 evacuarc
2486 2824 2783 2893 negotium.
2811 2823 3071 2879 blediator
3103 2826 3300 2896 quippe
3348 2843 3455 2884 non
3498 2837 3580 2888 est

1988 2918 2089 2972 nisi
2121 2916 2351 2972 duorum
2372 2958 2386 2982 ,
2415 2930 2552 2988 quos
2580 2930 2611 2969 a
2640 2931 2699 2970 se
2730 2916 2963 2971 invicem
3005 2927 3279 2987 separatos
3306 2928 3430 2976 tunc
3461 2920 3581 2991 ipse

1988 3010 2199 3063 medius
2241 3007 2520 3063 existeudo
2560 3008 2658 3063 rite
2689 3022 2752 3062 ac
2793 3008 3019 3065 ﬁrmiter
3058 3011 3295 3079 copulat.
3328 3015 3374 3068 si
3418 3014 3578 3071 utris-

1986 3118 2091 3171 que
2143 3102 2213 3155 sit
2251 3101 2440 3155 similis
2489 3115 2582 3170 per
2620 3101 2995 3170 substantiam,
3028 3120 3162 3174 quos
3203 3106 3303 3162 sibi
3334 3106 3462 3165 facit
3486 3124 3581 3180 ap—

1987 3192 2352 3265 prOpinquare
2376 3208 2469 3263 per
2498 3193 2746 3261 gratiam.
2781 3193 3028 3251 Christus
3057 3206 3238 3252 autem
3267 3199 3361 3254 Dei
3396 3209 3452 3256 et
3483 3202 3579 3259 ho-

296 3288 425 3345 nihii
450 3308 604 3348 suum
634 3295 868 3363 videbat,
901 3297 1017 3366 ipso
1048 3296 1273 3353 Domino
1302 3296 1577 3369 discipulis
1614 3298 1724 3352 suis
1755 3314 1880 3352 ηπ-
1911 3267 1957 3331 C
1987 3286 2193 3340 minum
2243 3285 2507 3340 mediator
2533 3286 2794 3355 existens,
2835 3286 2975 3343 sicut
3006 3286 3112 3343 Vas
3142 3289 3423 3349 electionis
3450 3293 3579 3353 iusi-

294 3398 448 3444 rame
480 3407 491 3442 :
520 3388 651 3445 Ecce
671 3392 830 3446 veniet
851 3390 1086 3462 princeps
1113 3391 1289 3445 mundi
1312 3391 1469 3463 hujus
1493 3432 1509 3456 ,
1537 3400 1582 3446 et
1613 3392 1666 3445 in
1698 3408 1773 3446 me
1802 3392 1882 3446 in-

293 3480 452 3534 ueniet
498 3480 625 3534 nihil
676 3482 853 3549 (Joan.
888 3498 998 3543 xiv,
1029 3481 1145 3553 50),
1204 3484 1390 3553 utique
1434 3484 1636 3554 peccati
1695 3500 1709 3538 :
1758 3500 1881 3540 nam

294 3575 448 3646 plena
475 3575 528 3629 in
556 3575 643 3631 illo
670 3576 768 3633 fuit
795 3587 984 3633 natura
1015 3578 1220 3643 matris,
1268 3579 1321 3633 id
1365 3587 1448 3635 est
1479 3587 1694 3645 nostra;
1721 3594 1881 3650 quam

294 3668 443 3721 velut
469 3669 570 3724 sibi
599 3668 797 3739 aliquid
831 3670 1075 3736 deberet,
1100 3671 1351 3742 antiquus
1380 3673 1469 3729 ille
1496 3672 1699 3742 peccati
1733 3674 1881 3730 fene-

302 3771 452 3815 rator
500 3761 711 3831 invasit,
746 3763 1027 3829 crucifixit,
1054 3765 1286 3831 occidit;
1347 3774 1401 3819 et
1442 3780 1537 3834 per
1591 3766 1881 3821 indebitam

294 3851 654 3919 exactionem,
681 3852 935 3922 quidquid
963 3853 1011 3907 ei
1034 3853 1329 3909 debebatur
1357 3856 1538 3911 amisit
1565 3874 1578 3913 :
1616 3857 1758 3923 juste
1805 3857 1882 3912 vi-

294 3953 411 3994 ctus
453 3951 507 3994 et
532 3942 674 4008 juste
703 3944 958 4012 punitus;
992 3947 1112 4013 quia
1142 3961 1202 3999 ea
1249 3960 1377 3999 caro
1406 3946 1534 4000 vicit
1566 3946 1616 3999 in
1640 3947 1882 4015 Christo,

294 4046 412 4100 qua:
449 4031 584 4086 victa
628 4032 799 4086 fuerat
840 4034 889 4087 in
944 4034 1137 4089 Adam.
1167 4034 1293 4090 llaec
1323 4050 1555 4104 namque
1586 4035 1684 4092 fuit
1729 4038 1885 4107 justi-

294 4124 363 4180 tia
400 4124 521 4186 Dei,
561 4134 617 4179 ut
652 4139 747 4195 per
777 4125 921 4181 illam
954 4141 1172 4181 carnem
1207 4128 1396 4182 mortis
1426 4137 1612 4183 auctor
1643 4130 1885 4185 vincere-

296 4228 382 4279 tur
403 4217 457 4271 in
478 4215 693 4272 Christo
710 4258 723 4281 ,
738 4232 895 4288 quam
918 4219 1120 4272 vicerat
1137 4219 1190 4272 in
1208 4218 1375 4273 Adam
1394 4262 1408 4284 ,
1434 4227 1487 4274 et
1509 4218 1598 4274 illa
1625 4234 1748 4276 caro
1766 4220 1883 4275 sine

295 4316 516 4378 peccato
534 4318 858 4375 moreretur,
888 4318 945 4364 ut
968 4309 1237 4365 deleretur
1258 4324 1419 4366 omne
1447 4322 1744 4381 peccatum,
1764 4328 1885 4381 qua:

296 4400 469 4457 fuerat
485 4413 691 4458 mortua
714 4417 811 4473 per
828 4411 1101 4473 peccatum
1130 4401 1478 4458 :mirabiliter
1492 4413 1746 4471 operante
1766 4418 1887 4473 gra-

296 4495 368 4554 tia
396 4495 713 4564 Salvatoris,
748 4505 806 4551 ut
831 4510 978 4552 mors
1006 4512 1181 4565 pinnae
1205 4498 1406 4566 peccati
1436 4496 1701 4553 medicina
1734 4498 1889 4555 ﬁeret

295 4597 481 4659 postea
527 4602 891 4660 peccatorum.
917 4590 1162 4647 Peccavit
1193 4590 1392 4658 Adam,
1423 4599 1477 4647 et
1500 4599 1746 4647 mortuus
1776 4601 1884 4657 est,

1986 3386 2114 3433 nuat
2144 3396 2156 3430 :
2187 3376 2329 3433 Unus
2356 3376 2513 3443 Deus,
2561 3395 2695 3432 unus
2724 3386 2768 3433 et
2806 3380 3060 3434 mediator
3089 3380 3186 3437 Dei
3220 3392 3266 3437 et
3292 3384 3576 3456 hominum,

1988 3470 2139 3524 homo
2162 3468 2395 3524 Christus
2413 3468 2563 3525 Iesus
2585 3470 2634 3540 (ι
2664 3469 2794 3526 Tim.
2822 3488 2883 3539 ιι,
2908 3473 2987 3541 5);
3015 3475 3059 3530 si
3084 3491 3190 3531 non
3212 3476 3290 3532 sic
3313 3488 3395 3533 est
3417 3479 3580 3538 homo

1988 3563 2057 3621 de
2080 3566 2319 3631 hemine,
2359 3567 2632 3634 quomodo
2664 3566 2807 3623 Deus
2858 3567 2925 3625 de
2969 3568 3125 3625 Deo?
3153 3571 3199 3627 si
3229 3588 3334 3629 non
3382 3574 3463 3631 sic
3498 3584 3579 3631 est

1989 3660 2461 3718 consubstantialis
2492 3661 2692 3717 homini
2720 3664 2900 3728 matri,
2932 3666 3202 3735 quomodo
3232 3669 3579 3725 consubstan-

1990 3753 2135 3809 tialis
2164 3765 2249 3810 est
2280 3753 2392 3809 Deo
2416 3752 2671 3809 Patri?Si
2702 3755 2996 3811 substantia
3054 3755 3171 3825 ejus
3227 3750 3409 3813 divina
3460 3774 3580 3814 cum

1990 3845 2103 3900 Deo
2129 3848 2433 3900 communis
2464 3854 2567 3909 est,
2602 3845 2901 3900 substantia
2927 3861 3058 3902 vero
3088 3847 3317 3904 humana
3352 3866 3457 3905 non
3486 3866 3579 3919 pu-

1992 3946 2137 3991 tatur
2166 3952 2285 3991 cum
2328 3936 2635 3995 hominibus
2664 3952 2786 3992 esse
2809 3938 3132 4005 communis,
3160 3940 3431 3997 incassum
3475 3956 3580 3999 me-

1992 4028 2214 4085 diatoris
2254 4028 2339 4084 vel
2384 4042 2664 4098 personam
2696 4036 2895 4099 portat,
2925 4030 3011 4086 vel
3033 4030 3267 4087 ofﬁciunt
3295 4034 3457 4103 gerit.
3484 4034 3580 4091 Ve.

1992 4132 2296 4178 rumtamen
2326 4123 2449 4193 quia
2479 4122 2557 4176 sic
2584 4131 2665 4178 est
2701 4123 2967 4179 mediator
2993 4132 3053 4178 ut
3081 4137 3241 4179 verus
3284 4126 3353 4181 sit
3381 4128 3583 4183 media~

1996 4224 2078 4269 tor
2101 4225 2155 4270 et
2186 4216 2332 4271 Patri
2355 4225 2409 4272 et
2456 4216 2639 4284 matri,
2669 4227 2724 4277 et
2762 4218 2872 4273 Deo
2918 4226 2970 4273 et
3017 4217 3326 4274 hominibus
3354 4206 3582 4277 censubc

1994 4307 2259 4363 stantialis
2288 4316 2408 4373 est;
2450 4323 2512 4364 ac
2562 4324 2654 4378 per
2706 4309 2807 4364 hoc
2857 4325 2963 4364 non
3005 4310 3196 4377 unius,
3236 4312 3331 4367 sed
3360 4311 3595 4371 duarum

1994 4399 2155 4469 plane
2181 4400 2600 4456 substantiarum
2629 4442 2644 4467 ,
2674 4403 2799 4473 quia
2843 4416 3116 4473 nunquam
3139 4402 3406 4465 mediator
3432 4406 3588 4464 unius

1995 4504 2173 4564 potest
2195 4508 2315 4550 esse
2345 4495 2677 4551 suhsmntize.

2066 4587 2119 4643 6.
2158 4588 2291 4644 Vide
2318 4630 2332 4655 ,
2384 4588 2548 4644 frater
2599 4590 2941 4645 sanctissime
2969 4630 2984 4656 ,
3029 4604 3191 4661 quam
3235 4588 3464 4649 latenter
3512 4593 3587 4647 al-

295 4698 592 4754 omueeque
616 4694 862 4756 posteros
907 4700 1034 4740 suos
1075 4698 1291 4742 mternae
1320 4678 1515 4742 mortis
1539 4686 1890 4757 compedibus
1916 4654 1973 4718 D
1997 4683 2162 4739 terius
2189 4682 2502 4755 quiestionis
2533 4682 2695 4739 limen
2734 4684 3050 4741 intravimus
3075 4728 3089 4752 ,
3120 4685 3236 4756 ipsa
3258 4688 3491 4744 veritate
3510 4686 3587 4758 jas

296 4773 567 4842 alligavit;
600 4785 840 4831 mortuus
874 4786 956 4831 est
999 4777 1267 4847 Christus,
1290 4788 1344 4835 et
1393 4780 1516 4851 quia
1549 4796 1657 4837 non
1696 4797 1888 4851 pecca-

299 4873 472 4929 verat,
495 4880 681 4921 omnes
710 4878 1015 4935 peccatores
1065 4886 1095 4925 a
1140 4872 1330 4928 mortis
1360 4871 1597 4931 dominio
1619 4875 1884 4931 liberavit.

298 4951 360 5010 Si
381 4968 510 5023 ergo
535 4955 639 5009 alia
664 4968 807 5013 esset
838 4968 1024 5013 natura
1042 4964 1237 5027 carnis,
1273 4964 1325 5017 in
1356 4979 1457 5035 qua
1486 4981 1590 5021 non
1621 4982 1881 5034 peccave-

299 5036 385 5102 rat
405 5043 668 5112 Christus,
700 5057 756 5103 et
804 5059 1045 5106 mortuus
1073 5060 1178 5119 est,
1211 5068 1317 5107 non
1348 5069 1442 5123 per
1468 5056 1754 5124 justitiam,
1787 5057 1885 5113 sed

299 5150 398 5207 per
429 5137 716 5207 potentiam
743 5138 986 5194 diabolus
1017 5142 1339 5198 vinceretur.
1376 5145 1666 5213 Oportebat
1706 5158 1885 5205 autem

298 5244 396 5301 per
445 5229 703 5300 justitiam
758 5231 919 5285 vinci.
969 5232 1180 5288 Justitia
1204 5250 1329 5289 vero
1362 5234 1476 5305 ipsa
1504 5237 1623 5306 fuit,
1654 5249 1711 5293 ut
1744 5239 1795 5292 iu
1826 5255 1886 5295 ea

298 5337 458 5379 carne
478 5325 685 5379 veniret
704 5323 1055 5393 RedemptOr,
1082 5341 1238 5397 quam
1268 5326 1467 5381 fecerat
1492 5330 1757 5399 supplicio
1784 5330 1886 5386 ob-

299 5417 513 5471 noxiam
545 5432 826 5473 remanere
856 5427 1105 5474 tcutator.
1138 5418 1263 5475 Ideo
1292 5416 1433 5475 Deus
1466 5421 1626 5478 homo
1654 5424 1768 5479 ﬁeri
1793 5439 1884 5481 vo-

299 5508 420 5573 luit,
450 5520 505 5564 ut
533 5512 683 5567 facile
708 5515 866 5569 homo
895 5523 1075 5583 posset
1102 5513 1432 5569 reconciliari
1456 5514 1566 5572 Deo
1590 5532 1681 5585 per
1710 5517 1886 5573 homi-

300 5616 424 5658 nem
466 5602 649 5658 Deum.
683 5605 823 5661 Inter
854 5606 1015 5662 Deum
1046 5609 1242 5678 quippe
1275 5607 1479 5678 justum
1526 5619 1579 5665 et
1611 5609 1883 5667 hominem

299 5707 639 5768 peccatorcm
686 5714 875 5771 magna
924 5702 1192 5772 separatio
1242 5705 1574 5775 contigerat;
1606 5720 1705 5759 nec
1747 5703 1886 5760 Deus

300 5789 506 5848 homini
531 5794 802 5863 proximus
831 5806 948 5851 erat
970 5799 1022 5851 in
1045 5799 1366 5868 substantia,
1399 5814 1496 5854 nec
1521 5798 1667 5871 justo
1701 5814 1887 5868 pecca-

295 5891 392 5961 ‘tor
433 5886 777 5957 coaptabatur
820 5888 874 5947 in
918 5891 1108 5960 gratia.
1142 5890 1282 5957 Deus
1329 5907 1459 5968 ergo
1499 5905 1558 5949 se
1587 5891 1881 5952 butuilians

1997 4792 2133 4833 nuas
2160 4785 2453 4833 reserante.
2476 4776 2608 4833 Dum
2638 4776 2888 4833 volumus
2907 4778 3050 4833 enim
3084 4792 3179 4847 per
3206 4779 3441 4836 ofﬁcium
3471 4795 3587 4836 me-

1995 4867 2220 4923 diatoris
2245 4868 2510 4937 reperire,
2546 4867 2632 4923 vel
2668 4869 2847 4938 potius
2878 4868 3107 4938 probare
3138 4869 3457 4925 substantiae
3492 4869 3587 4924 Ιιιιο

1994 4975 2169 5014 mante
2222 4961 2639 5029 preprietatem,
2670 4960 3108 5025 similitudinem,
3156 4961 3474 5025 veritatem,
3520 4973 3589 5018 ne

1996 5049 2234 5119 Virginis
2257 5052 2441 5104 matris
2472 5059 2874 5120 amputaremus
2900 5052 3287 5109 fecunditatem
3312 5093 3329 5119 ,
3363 5052 3588 5112 duarum

1995 5140 2419 5196 substantiarum
2443 5142 2721 5199 manifesta
2740 5144 3015 5202 distinctio
3036 5146 3313 5201 nominato
3335 5154 3390 5203 et
3408 5143 3586 5199 consi-

1994 5233 2184 5289 derato
2212 5234 2510 5290 mediatore
2560 5237 2915 5306 resplenduit.
2948 5236 3081 5303 Quia
3112 5236 3299 5306 utique
3325 5234 3587 5295 mediator

1993 5337 2048 5382 et
2071 5340 2206 5381 unus
2228 5336 2330 5395 est,
2360 5329 2405 5383 si
2439 5343 2724 5400 personam
2779 5328 3092 5385 consideres
3124 5329 3209 5385 cui
3249 5344 3444 5385 nomen
3473 5346 3604 5386 ωε·-

1992 5417 2214 5474 diatoris
2266 5422 2516 5485 accessit,
2550 5428 2606 5476 et
2632 5421 2774 5476 inter
2813 5421 2947 5477 duas
2995 5436 3084 5477 res
3124 5421 3402 5478 dissimilis
3459 5423 3587 5481 sub-

1990 5514 2205 5570 stantia:
2251 5517 2513 5571 mediator
2549 5516 2822 5584 existens,
2851 5530 2958 5570 non
3013 5516 3115 5571 nisi
3158 5530 3254 5587 per
3283 5516 3419 5575 duae
3455 5518 3585 5574 sub-

1988 5609 2214 5663 stantias
2247 5606 2489 5663 ofﬁcium
2544 5615 2727 5677 potest
2780 5608 3093 5665 mediatoris
3142 5610 3386 5680 implere.
3418 5610 3583 5679 Cujus

1991 5700 2134 5756 enim
2167 5715 2394 5772 persona
2425 5714 2526 5756 una
2557 5699 2722 5755 fuerit
2750 5711 2804 5758 et
2831 5711 3043 5770 natura,
3072 5704 3378 5760 nullatenus
3411 5714 3583 5772 polest

1992 5794 2132 5849 inter
2170 5794 2306 5849 duas
2346 5794 2698 5861 substantias
2735 5795 2997 5852 mediator
3025 5812 3148 5854 esse
3183 5798 3266 5853 vel
3297 5796 3426 5861 dici,
3455 5796 3579 5863 quia

1996 5888 2138 5959 apud
2210 5889 2352 5947 illam
2426 5888 2778 5951 substantiam
2856 5890 2944 5950 cui
3008 5890 3231 5951 minime
3299 5893 3579 5960 coaptatur
