4104 6360
485 330 590 391 895
1402 331 1768 391 FULGENTII
1809 333 2162 393 FEBRAND!
2184 332 2473 393 iDlACONl
2507 333 2857 393 CARTIIAG.
3681 340 3804 391 890

484 465 591 507 una
647 456 837 507 natura
884 450 1037 521 ejus,
1089 456 1238 507 caret
1296 463 1520 520 prorsus
1576 449 1759 506 ofﬁcio
1813 450 2073 507 mediato-
2098 453 2486 515 Asubstantiae
2515 452 2807 509 secundum
2839 464 2934 507 vos
2963 452 3126 521 cmplt
3154 462 3275 507 esse
3316 464 3441 506 cum
3476 448 3699 521 Verbo,
3739 460 3806 509 et

486 546 681 613 ris;et
737 556 862 600 tunc
911 553 993 599 est
1048 560 1206 599 verus
1262 543 1545 607 mediator,
1575 544 1789 613 quando
1843 553 1901 598 ut
1952 543 2077 597 dua-

483 655 603 695 rum
635 639 977 695 dissimilium
1009 640 1428 695 substantiarum
1480 640 1695 710 copulet
1729 640 2069 708 divisionem,

483 731 893 787 substantialem
939 735 1075 805 gerit
1126 749 1249 789 cum
1305 733 1551 804 utrisque
1603 735 2072 800 communionem;

483 838 582 893 per
621 827 791 895 ipsam
842 828 1276 883 communionem
1328 844 1612 884 removens
1641 829 1982 896 divisionem,
2018 838 2078 883 ut

484 916 591 970 sint
644 927 869 985 utraque
928 935 1132 986 unum,
1194 934 1290 988 per
1338 920 1485 974 illum
1545 921 1898 976 mediatorem
1949 936 2077 976 con-

484 1008 753 1065 venientia
804 1012 857 1065 in
904 1028 1103 1081 unum,
1155 1028 1279 1069 cum
1327 1029 1431 1085 quo
1489 1016 1742 1079 luerunt,
1790 1023 2077 1083 antequam

484 1105 874 1169 convenirent,
921 1121 1112 1161 unum.
1163 1104 1579 1162 Consideremus
1632 1106 1732 1162 hoc
1786 1106 1991 1177 plenius
2024 1108 2078 1160 itt

487 1204 673 1250 nostro
724 1196 1043 1260 mediatore,
1097 1197 1323 1252 Domino
1368 1198 1576 1253 scilicet
1621 1196 1870 1262 Christo;
1925 1198 2079 1269 cujus

487 1286 702 1355 quidem
736 1290 999 1345 veraciter
1025 1306 1128 1345 una
1178 1306 1405 1360 persona
1427 1292 1572 1361 (quia
1605 1307 1711 1347 non
1737 1291 1894 1347 decet
1921 1292 2081 1347 unius

489 1382 808 1437 mediatoris
836 1386 969 1439 duas
988 1400 1108 1441 esse
1138 1386 1441 1458 personas),
1472 1395 1847 1443 verumtamen
1870 1404 1974 1441 nun
1998 1395 2082 1442 est

491 1488 594 1527 una
622 1478 1092 1545 natura,qttamvis
1124 1480 1281 1534 unius
1305 1481 1639 1537 mediatoris.
1670 1482 1806 1549 Quia
1838 1483 1953 1537 huic
1974 1496 2080 1536 una

487 1574 677 1622 natura
710 1567 984 1639 (quoniam
1019 1573 1112 1628 Dei
1157 1583 1213 1629 et
1259 1575 1534 1630 hominum
1564 1576 1831 1631 mediator
1853 1578 1958 1645 est)
1990 1584 2080 1631 aut

488 1672 609 1712 cum
656 1661 874 1717 Deoilla
924 1666 1028 1719 erit
1077 1667 1259 1735 utique
1286 1669 1608 1731 communis,
1642 1679 1874 1724 autcum
1906 1669 2085 1726 homi-

487 1751 667 1808 nibus.
698 1754 957 1811 Absolute
986 1774 1238 1828 namque,
1264 1761 1656 1830 quantumlibet
1683 1762 1942 1817 reclamet
1974 1762 2085 1816 ha:-

2178 560 2276 616 pcr
2299 544 2531 600 Verbum
2561 545 2721 600 etiam
2748 560 2868 599 cum
2900 543 3089 609 Patre;
3122 557 3248 598 caro
3273 558 3483 614 quoque
3512 556 3699 599 nostra
3738 554 3806 597 et

2178 638 2429 693 divinitas
2460 639 2656 701 Patris,
2688 637 2845 691 unius
2895 637 3105 691 dicatur
3150 650 3269 691 esse
3318 648 3522 691 natura:
3565 652 3583 693 :
3638 636 3802 706 quod

2178 729 2353 783 nullus
2383 730 2602 784 omnino
2632 727 2965 783 Christianus
2994 728 3077 783 vel
3108 728 3318 795 audire,
3349 728 3435 783 vel
3480 730 3626 783 tenui
3678 730 3803 783 sal-

2179 832 2287 879 tem
2330 824 2651 893 cOgitatione
2689 822 2849 877 debet
2896 821 3135 891 recipere
3182 821 3582 889 suspicandum.
3619 821 3798 888 Quis-

2179 917 2298 985 quis
2327 916 2551 984 proinde
2581 930 2737 969 unam
2769 912 2963 969 ChriSti
3012 913 3203 969 asserit
3240 928 3360 969 esse
3398 913 3796 978 substantiam,

2179 1010 2376 1075 COgitet
2401 1009 2543 1064 aliud
2575 1009 2714 1079 quod
2746 1008 2901 1063 facile
2942 1008 3109 1062 cuivis
3153 1015 3328 1076 potest
3355 1022 3639 1077 apparere,
3671 1007 3793 1061 nisi

2180 1100 2364 1157 oculos
2393 1101 2571 1155 cordis
2617 1100 2735 1170 ejus
2787 1100 2964 1154 fumus
2992 1099 3356 1155 contentionis
3384 1099 3662 1165 obscuret,
3687 1113 3802 1168 per

2180 1196 2320 1251 hanc
2350 1198 2507 1251 unius
2542 1196 2595 1251 in
2623 1195 2840 1250 Christo
2867 1194 3181 1249 substantiae
3210 1192 3647 1262 medicationem
3678 1193 3799 1247 Pa-

2183 1295 2319 1343 trem
2348 1302 2559 1357 quoquc
2586 1294 2765 1340 natum
2794 1284 2861 1339 de
2894 1285 3053 1338 Maria
3081 1285 3307 1355 virgine,
3340 1284 3659 1340 cruciﬁxum
3686 1285 3802 1338 sub

2184 1378 2372 1433 Pontio
2405 1378 2597 1443 Pilato,
2629 1385 2684 1433 et
2726 1376 2995 1447 sepultum
3047 1376 3235 1432 videri.
3269 1376 3401 1431 Nam
3448 1377 3495 1432 si
3544 1392 3654 1431 non
3704 1383 3799 1431 est

2186 1472 2287 1526 alia
2329 1482 2549 1539 natura,
2580 1487 2737 1541 quam
2769 1471 2836 1526 de
2868 1485 3031 1525 carne
3065 1469 3294 1539 Virginis
3323 1469 3512 1524 matris
3540 1479 3598 1525 ut
3628 1470 3790 1525 nasci

2187 1569 2556 1638 temporaliter
2604 1576 2808 1638 posset,
2858 1568 3065 1637 accepit
3113 1564 3418 1636 unigenitus
3466 1565 3632 1632 Deus,
3682 1564 3786 1619 sed

2187 1672 2449 1731 susceptae
2490 1662 2671 1717 carnis
2703 1670 2759 1716 et
2789 1660 3131 1729 suscipientis
3174 1658 3465 1713 divinitatis
3503 1672 3607 1712 una
3643 1657 3790 1713 facta

2192 1764 2278 1810 est
2304 1754 2786 1825 quomodocunque
2815 1763 3036 1816 natura;
3070 1752 3185 1807 haec
3211 1767 3313 1806 una
3340 1761 3530 1806 natura
3558 1759 3653 1805 aut
3680 1765 3791 1805 non

487 1848 709 1916 reticus,
742 1865 845 1904 una
892 1859 1078 1906 natura
1123 1869 1228 1907 non
1283 1864 1460 1924 potest
1509 1854 1621 1909 Deo
1663 1855 2081 1924 hominibusque
2112 1832 2162 1894 Β
2187 1850 2289 1905 erit
2319 1850 2481 1907 etiam
2515 1847 2725 1914 Patris,
2761 1856 2814 1902 et
2844 1848 3115 1916 quomodo
3158 1845 3534 1917 prredicabitur
3573 1845 3784 1898 homost.

486 1951 611 1994 esse
640 1944 961 2007 communis,
986 1945 1109 2012 quia
1138 1944 1281 2000 Deus
1311 1955 1556 2014 creator,
1583 1962 1681 2003 nos
1708 1956 1970 2003 creatura:
1994 1962 2085 2003 su-

487 2044 648 2097 mus;
683 2032 823 2087 Deus
853 2043 1088 2091 :eternus
1113 2077 1127 2102 ,
1163 2053 1263 2092 nos
1312 2039 1678 2108 temporales;
1711 2040 1851 2095 Deus
1876 2041 2086 2095 incom-

488 2121 890 2189 prehensibilis,
920 2141 1017 2180 nos
1049 2129 1600 2197 comprehensibiles;
1633 2131 1771 2187 Deus
1798 2132 1914 2188 sine
1940 2132 2084 2197 loco,

490 2227 592 2269 nos
621 2214 671 2268 in
704 2215 851 2280 loco;
880 2216 1020 2272 Deus
1043 2218 1283 2275 inﬁnitus
1310 2230 1364 2276 et
1387 2222 1706 2288 immensus,
1729 2239 1827 2279 nos
1854 2224 2087 2279 circum-

490 2305 676 2373 scripti
698 2317 751 2361 et
783 2307 1147 2364 determinati.
1183 2310 1389 2367 Rursus
1416 2328 1545 2383 ergo
1576 2314 1891 2370 ﬁducialiter
1917 2315 2035 2371 dico
2069 2335 2081 2370 :

492 2405 681 2451 natura
709 2398 906 2454 Christi
930 2401 973 2455 si
1004 2416 1109 2457 una
1136 2412 1239 2469 est,
1273 2414 1363 2459 aut
1391 2419 1513 2459 cum
1539 2406 1647 2461 Deo
1677 2406 1838 2461 Patre
1860 2407 1959 2473 illi,
1993 2418 2086 2463 aut

499 2504 621 2544 cum
656 2491 964 2548 hominibus
986 2506 1161 2564 potest
1189 2512 1309 2552 esse
1331 2499 1669 2564 communis;
1700 2500 1811 2555 Deo
1838 2508 1891 2554 et
1914 2500 2086 2555 humi-

503 2580 660 2635 nibus
699 2599 971 2655 nunquam
1027 2596 1203 2656 potest
1256 2603 1379 2645 esse
1423 2591 1746 2646 communis.
1781 2592 1875 2646 Est
1905 2600 2085 2647 autem

496 2671 742 2729 Christus
774 2676 931 2730 unius
955 2678 1263 2735 substantia:
1289 2695 1409 2736 cum
1438 2682 1597 2738 Patre
1614 2724 1628 2749 ,
1654 2683 1794 2754 quod
1814 2682 1986 2739 Graeci
2008 2685 2089 2740 di-

494 2772 625 2818 cunt
649 2766 974 2835 Itomausion,
1001 2768 1296 2826 Secundum
1323 2772 1523 2829 Nicaeni
1547 2774 1756 2829 concilii
1782 2775 2087 2841 absolutam

493 2856 913 2925 professionem.
953 2859 1069 2916 Una
1115 2877 1243 2933 ergo
1289 2872 1480 2920 natura
1536 2862 1734 2921 Christi
1780 2866 1928 2935 Jesu,
1963 2884 2087 2924 cum

493 2946 655 3004 Patre
683 2958 767 3005 est
788 2951 863 3005 illi
888 2955 1209 3011 communis.
1240 2955 1307 3009 Et
1331 2956 1383 3010 in
1407 2972 1507 3028 qua
1532 2958 1741 3013 ratione
1773 2958 1885 3013 ﬁeri
1912 2967 2086 3028 potest

496 3047 558 3094 ut
584 3049 770 3096 noster
797 3042 869 3097 sit
896 3044 1182 3111 mediator,
1217 3046 1317 3101 nisi
1355 3047 1553 3103 habeat
1582 3049 1721 3104 unde
1752 3058 1806 3104 et
1835 3064 1959 3105 cum
1985 3050 2088 3105 Pa-

493 3138 578 3190 tre
604 3134 674 3189 sit
693 3149 880 3201 unum,
912 3147 967 3191 et
996 3137 1278 3193 nobiscum
1325 3141 1395 3195 sit
1423 3142 1627 3195 unum?
1657 3141 1809 3209 Quod
1860 3144 2092 3213 apertis-

2188 1942 2299 1995 sion
2330 1941 2500 2009 Patri,
2534 1940 2675 2008 quod
2703 1938 2875 1993 Graeci
2906 1939 3110 2003 dicunt,
3146 1936 3303 1992 unius
3346 1934 3665 1991 substantiae
3699 1934 3787 1989 vel

2191 2031 2479 2087 essentiae?
2505 2039 2597 2084 aut
2625 2030 2669 2084 si
2704 2030 2808 2084 erit
2838 2038 2893 2084 et
2921 2028 3117 2095 Patris,
3148 2036 3203 2083 et
3227 2027 3283 2081 in
3313 2026 3424 2095 ipsa
3458 2035 3637 2091 natus,
3673 2038 3791 2079 cru-

2190 2125 2380 2179 ciﬁxus
2409 2132 2489 2178 est
2518 2122 2686 2178 Filius
2708 2164 2722 2189 ,
2754 2122 2973 2176 videant
3017 2120 3286 2191 quomodo
3318 2118 3475 2174 Pater
3502 2127 3596 2173 aut
3638 2118 3793 2173 inna-

2190 2217 2424 2284 scibilis,
2455 2225 2547 2271 aut
2576 2216 2919 2285 impassihilis
2962 2213 3299 2283 praedicetur.
3329 2212 3439 2266 lmo
3472 2226 3581 2266 non
3612 2211 3791 2267 solum

2192 2308 2381 2375 Pater,
2408 2307 2501 2363 sed
2534 2307 2768 2376 Spiritus
2797 2320 3012 2377 quoque
3043 2312 3259 2359 sanctus
3289 2303 3563 2373 (quoniam
3594 2311 3650 2357 et
3678 2302 3792 2372 ipse

2192 2414 2310 2453 cum
2340 2400 2498 2453 Patre
2525 2409 2579 2454 et
2602 2399 2740 2455 Filio
2768 2399 2924 2452 unius
2954 2398 3190 2453 creditur
3214 2411 3336 2450 esse
3366 2394 3683 2450 substantia:
3709 2393 3791 2448 vel

2191 2492 2465 2561 essentne)
2497 2492 2793 2547 sociabitur
2843 2490 3181 2560 passionibus
3215 2487 3372 2554 Filii;
3425 2502 3487 2541 ac
3528 2489 3577 2542 si
3621 2486 3791 2540 omnis

2192 2584 2528 2651 dispensatio
2560 2583 2847 2639 dominicae
2878 2582 3264 2637 incarnationis
3305 2580 3372 2636 ad
3420 2588 3588 2634 totam
3619 2577 3791 2633 Trinic

2194 2682 2355 2728 tatem
2407 2676 2679 2743 pertinuere
2729 2674 3022 2743 putabitnr,
3066 2683 3123 2729 et
3170 2687 3276 2728 non
3326 2672 3497 2727 solius
3538 2670 3660 2725 Filii
3701 2669 3790 2725 Dei

2193 2774 2364 2818 mater
2408 2764 2563 2825 beata
2606 2762 2790 2834 Maria,
2823 2763 2919 2819 sed
2957 2763 3120 2819 totius
3149 2762 3432 2818 Trinitatis
3462 2764 3569 2817 erit
3601 2771 3790 2816 mater.

2194 2854 2418 2910 Planum
2473 2858 2652 2910 facere
2704 2856 2805 2909 hoc
2854 2855 3165 2925 apostolicis
3218 2856 3451 2909 nitantur
3508 2853 3789 2923 exemplis.

2197 2946 2391 3002 Beatus
2423 2948 2713 3016 Apostolus
2765 2949 2835 3002 ita
2864 2948 3115 3017 -loquitur
3158 2964 3172 3002 :
3212 2947 3367 3003 Vetus
3415 2946 3570 3001 homo
3622 2956 3791 3000 noster

2193 3039 2349 3092 simul
2378 3039 2658 3105 cruciﬁxus
2681 3047 2774 3102 est,
2795 3046 2850 3091 ut
2878 3047 3150 3092 evacuatur
3180 3054 3363 3109 corpus
3396 3040 3588 3108 peccati
3619 3038 3789 3109 (Rom.

2197 3143 2270 3193 Vl,
2302 3127 2381 3197 6).
2408 3129 2690 3195 Quomodo
2716 3128 2873 3184 simul
2904 3139 3058 3185 vetus
3086 3129 3249 3185 homo
3276 3139 3461 3185 noster
3492 3130 3613 3186 solo
3641 3130 3789 3184 Chri-

494 3225 631 3280 sime
647 3225 700 3280 in
724 3226 1015 3296 Evangelia
1030 3228 1139 3297 jam
1165 3231 1443 3299 proximus
1466 3233 1701 3301 passioni
1726 3234 2085 3302 demonstrat,

2198 3228 2284 3274 sto
2318 3221 2368 3273 in
2400 3220 2546 3290 ligno
2572 3221 2877 3291 pendente,
2908 3219 3011 3273 nisi
3042 3220 3164 3291 quia
3193 3220 3491 3276 secundum
3520 3236 3641 3275 eam
3672 3222 3789 3275 sub-

496 3330 659 3373 orans
688 3318 901 3373 Patrem
932 3319 1130 3375 talibus
1158 3321 1336 3376 verbis
1367 3337 1382 3375 :
1424 3321 1491 3376 Ut
1516 3324 1619 3377 sint
1646 3340 1826 3389 unum,
1880 3325 2011 3379 sicut
2042 3334 2089 3380 ct

500 3424 593 3463 nos
618 3426 800 3465 unum.
833 3410 948 3482 Ego
970 3412 1022 3465 in
1044 3414 1139 3477 eis,
1168 3422 1285 3467 cltu
1304 3415 1354 3467 in
1385 3431 1464 3470 me
1490 3414 1667 3487 (Joan.
1697 3433 1827 3483 xvu,
1850 3416 1942 3485 22,
1967 3416 2084 3489 23).

496 3496 596 3553 Dic
652 3499 807 3568 mihi,
839 3501 927 3569 qui
978 3516 1141 3557 unam
1198 3505 1459 3573 praedicas
1512 3508 1803 3564 essentiam
1857 3508 2084 3575 Christi,

495 3591 768 3660 quomodo
806 3602 891 3648 est
918 3594 1033 3663 ipse
1061 3595 1112 3648 in
1144 3596 1317 3665 nobis,
1346 3607 1400 3653 et
1427 3599 1697 3667 quomodo
1751 3608 1833 3655 est
1886 3602 1940 3656 in
1996 3601 2088 3658 illo

496 3678 702 3736 Pater?
727 3681 859 3748 Quia
906 3698 1011 3738 una
1042 3694 1126 3739 est
1170 3686 1470 3742 substantia
1500 3689 1672 3744 Patris
1702 3699 1757 3745 ει
1790 3690 1935 3746 Filii.
1963 3690 2090 3747 Ideo

496 3770 662 3827 etiam
702 3772 817 3843 ipse
870 3774 925 3829 in
978 3775 1134 3831 nobis
1184 3786 1287 3843 est,
1314 3778 1437 3847 quia
1468 3780 1736 3851 particeps
1766 3781 1883 3836 ﬁeri
1914 3781 2087 3837 voluit

496 3874 695 3920 nostrae
724 3853 1060 3923 substantiae.
1086 3866 1200 3924 Non
1230 3878 1312 3926 est
1333 3885 1460 3941 ergo
1490 3872 1599 3942 jam
1624 3888 1728 3928 una
1756 3874 2084 3945 substantia,

496 3956 594 4012 sed
616 3957 735 4012 duae
765 3976 781 4013 :
812 3974 915 4014 una
947 3959 1001 4015 in
1031 3976 1134 4031 qua
1162 3969 1246 4017 est
1274 3976 1394 4018 cum
1426 3963 1583 4019 Patre
1614 3980 1801 4034 unum,
1833 3966 2003 4022 altera
2030 3967 2085 4021 in

499 4062 603 4118 qua
651 4060 734 4105 est
777 4052 1054 4108 nobiscum
1098 4070 1297 4121 unum;
1327 4072 1432 4111 una
1464 4073 1560 4127 per
1588 4074 1749 4129 quam
1800 4067 1883 4113 est
1919 4059 1973 4113 in
1997 4060 2088 4115 illo

496 4138 688 4210 Pater,
723 4144 893 4200 altera
922 4160 1018 4216 per
1040 4162 1200 4217 quam
1224 4157 1307 4205 est
1333 4150 1445 4220 ipse
1475 4151 1528 4205 in
1567 4152 1721 4207 nobis
1744 4168 1898 4219 vere;
1928 4168 2091 4209 verus

499 4234 785 4304 mediator,
808 4238 1011 4295 habens
1038 4241 1181 4296 unde
1207 4244 1277 4297 sit
1300 4245 1577 4313 proximus
1596 4246 1731 4313 Deo,
1750 4247 1893 4302 unde
1909 4249 2091 4317 proxi-

495 4338 616 4383 mus
666 4329 853 4397 nobis;
905 4340 967 4387 ut
1004 4333 1165 4389 faciat
1198 4336 1358 4391 etiam
1391 4353 1489 4395 nos
1515 4340 1797 4410 proximos
1826 4341 1958 4408 Deo,
1992 4357 2093 4413 per

495 4431 558 4474 se
577 4418 763 4489 utique
782 4422 873 4491 qui
894 4422 1011 4478 ﬁeri
1041 4426 1209 4481 voluit
1227 4430 1507 4497 proximus
1534 4430 1711 4486 nobis.
1742 4430 1849 4486 Sed
1879 4433 1925 4486 si
1950 4432 2090 4490 forte

496 4515 579 4576 tu,
609 4525 769 4580 quem
798 4515 1161 4573 consideratio
1198 4520 1508 4576 mediatoris
1538 4521 1603 4577 ad
1644 4525 2083 4593 praedicationem

2196 3313 2449 3369 stantiam
2483 3313 2737 3384 pependit
2765 3312 2818 3366 in
2852 3313 3018 3384 ligno,
3050 3327 3214 3384 quam
3241 3313 3470 3384 sumpsit
3499 3328 3568 3369 ex
3601 3313 3791 3370 nobis!

2192 3405 2325 3461 ltem
2354 3407 2461 3461 alio
2490 3407 2608 3462 loco
2650 3416 2978 3463 memoratus
3008 3408 3281 3476 apostolus
3309 3407 3441 3462 dicit
3481 3424 3496 3460 :
3542 3405 3612 3460 Et
3640 3407 3792 3461 simul

2191 3501 2623 3566 conresuscitavit,
2652 3508 2700 3554 ει
2732 3500 2903 3555 sedere
2939 3500 3058 3569 fecit
3085 3501 3139 3554 in
3164 3500 3447 3555 cwtestibus
3485 3500 3540 3553 in
3578 3498 3789 3554 Christo

2193 3592 2323 3646 Iesu
2372 3591 2579 3665 (Ep/tes.
2636 3608 2698 3662 ll,
2739 3592 2818 3663 6).
2865 3592 3277 3663 Rcspondeatur
3318 3593 3585 3664 quomodo
3635 3591 3791 3649 simul

2195 3683 2630 3749 conresuscitati,
2661 3693 2755 3739 aut
2796 3684 2957 3739 simul
3000 3685 3348 3740 consedimus
3378 3686 3432 3740 in
3460 3684 3792 3750 caelestibus,

2190 3775 2295 3832 nisi
2338 3790 2434 3845 per
2469 3776 2613 3832 illius
2654 3775 2970 3832 substantia:
3000 3776 3434 3831 communionem
3460 3791 3618 3847 quam
3650 3790 3790 3830 sum-

2192 3870 2298 3940 psit
2324 3884 2390 3925 ex
2420 3869 2610 3925 nobis?
2644 3869 2699 3925 Si
2725 3884 2855 3939 ergo
2882 3869 2933 3923 in
2965 3870 3227 3926 unitatem
3255 3868 3452 3924 divina:
3478 3868 3791 3924 substantia:

2192 3976 2304 4017 sua:
2355 3972 2600 4016 naturam
2653 3960 2819 4017 Filius
2872 3962 2965 4017 Dei
3016 3962 3274 4033 suscepit,
3307 3972 3366 4017 ιιι
3408 3962 3701 4019 divinitatis
3741 3973 3793 4018 et

2193 4057 2371 4113 carnis
2411 4070 2515 4111 una
2563 4066 2743 4126 posset
2784 4069 2905 4111 esse
2948 4065 3159 4125 natura,
3192 4056 3331 4126 quod
3379 4057 3672 4111 adunatum
3714 4063 3793 4110 est

2193 4148 2457 4203 divinitati
2488 4146 2607 4218 ejus
2637 4148 2783 4203 omni
2808 4146 3055 4203 Trinitati
3086 4147 3376 4203 adunatum
3405 4158 3488 4203 est
3515 4165 3530 4204 :
3560 4148 3793 4203 maxime

2195 4243 2317 4309 quia
2344 4240 2722 4310 inseparabilia
2754 4249 2883 4295 sunt
2910 4255 3075 4310 Opera
3100 4241 3400 4307 Trinitatis,
3425 4242 3549 4311 quia
3579 4257 3686 4297 una
3716 4248 3793 4297 est

2195 4333 2491 4388 substantia
2526 4332 2611 4387 vel
2644 4333 2881 4388 essentia
2905 4332 3202 4389 Trinitatis.
3233 4332 3473 4388 Trinitas
3500 4343 3589 4389 est
3613 4342 3793 4390 autem

2197 4423 2378 4491 Pater,
2394 4435 2444 4479 et
2469 4424 2660 4492 Filius,
2683 4434 2738 4481 et
2759 4426 2988 4495 Spiritus
3010 4435 3259 4493 sanctus;
3290 4425 3345 4481 in
3377 4428 3625 4495 personis
3658 4438 3791 4493 tres,

2197 4515 2254 4571 in
2282 4516 2583 4571 substantia
2609 4518 2693 4573 vel
2725 4517 2961 4573 essentia
3003 4532 3188 4573 unum.
3217 4518 3275 4573 In
3305 4534 3410 4588 qua
3437 4519 3674 4574 essentia
3705 4519 3789 4575 vel

498 4598 729 4657 duarum
751 4607 1169 4664 substantiarum
1189 4613 1465 4681 compellit
1490 4614 1737 4675 invitum.
1764 4617 1952 4673 volens
1980 4620 2089 4676 vim
2116 4612 2174 4677 D
2197 4610 2496 4666 ειιὺειθηιῖδ
2528 4611 2572 4665 εί
2602 4619 2755 4665 "aliis
2780 4619 2872 4665 am
2896 4625 3084 4679 Passus
3106 4620 3190 4667 εει
3213 4610 3402 4677 Filius.
3425 4612 3584 4667 Simul
3610 4611 3791 4678 Palel’.

499 4696 745 4754 veritatis
799 4701 1050 4771 eludere,
1103 4719 1207 4760 non
1275 4708 1496 4762 omnino
1562 4709 1725 4763 unius
1781 4710 2092 4769 mediatoris

500 4787 636 4845 duas
662 4793 924 4848 essentias
956 4809 1141 4866 negas,
1167 4797 1261 4851 sed
1306 4813 1371 4853 ex
1416 4798 1504 4853 his
1548 4797 1754 4853 duabus
1784 4814 1947 4855 unam
1973 4802 2091 4860 ﬁeri

501 4881 743 4951 potuisse
766 4886 1308 4958 conlirmas,require
1332 4888 1662 4960 diligentius,
1692 4893 1737 4945 si
1774 4891 2007 4948 Verbum
2037 4905 2091 4950 et

500 4986 628 5031 caro
668 4990 772 5030 una
819 4978 983 5047 carpit
1032 4992 1152 5035 esse
1196 4991 1413 5047 natura,
1467 4992 1647 5035 utrum
1695 4985 1863 5051 possit
1886 4998 2014 5040 caro
2035 4993 2091 5041 et

500 5074 646 5132 Deus
684 5075 842 5133 Pater
868 5078 1028 5135 unius
1065 5081 1315 5135 essentia:
1348 5080 1646 5150 praedicari.
1682 5083 2089 5155 Consequenter

505 5168 651 5223 enim
674 5169 811 5257 quia,
833 5171 1062 5227 Verbum
1092 5172 1269 5228 Patris
1298 5182 1382 5228 est
1413 5173 1602 5240 Filius,
1638 5182 1691 5229 et
1717 5175 2091 5232 indubitanter

505 5274 611 5315 una
641 5269 723 5316 est
747 5261 1046 5319 substantia
1086 5263 1261 5320 Patris
1286 5274 1342 5320 et
1370 5264 1521 5329 Filii;
1554 5266 1696 5321 sicut
1750 5267 1893 5322 Deus
1934 5267 2092 5324 Pater

504 5368 626 5410 cum
650 5357 830 5413 Verbo
868 5374 969 5415 suo
998 5360 1160 5415 unius
1187 5369 1270 5417 est
1296 5362 1628 5429 substantia,
1660 5363 1738 5417 sic
1772 5378 1895 5419 cum
1925 5377 2090 5419 carne

514 5444 669 5501 Verbi
696 5448 780 5502 sui
810 5449 969 5506 unius
1020 5452 1320 5509 invenietur
1349 5469 1470 5510 esse
1509 5456 1856 5522 substantiae,
1890 5455 1935 5509 si
1966 5468 2091 5510 caro

504 5544 561 5590 et
580 5535 813 5591 Verbum
838 5540 957 5595 ﬁeri
981 5543 1153 5608 potuit
1178 5559 1285 5599 una
1307 5545 1629 5601 substantia.

578 5631 629 5684 7.
661 5631 1115 5704 Superadjicietur
1140 5639 1262 5696 huic
1291 5644 1528 5712 opinioni
1559 5646 1721 5700 etiam
1752 5646 1872 5701 talis
1898 5647 2091 5702 absur-

503 5721 664 5793 ditas,
699 5734 756 5779 ut
794 5726 917 5795 quia
947 5730 1122 5785 omnis
1150 5746 1277 5788 caro
1309 5735 1539 5793 humana
1584 5736 1825 5807 ejusdem
1852 5747 1936 5794 est
1962 5740 2092 5794 sub-

506 5816 739 5886 stantiae,
770 5831 897 5875 caro
923 5822 1332 5884 autemChristi
1357 5829 1587 5884 humana
1615 5840 1750 5899 erat,
1793 5846 1912 5903 quae
1939 5831 2096 5889 unius

2199 4712 2254 4758 et
2278 4701 2514 4773 Spiritus
2542 4713 2758 4758 sanctus
2783 4714 2836 4758 et
2860 4712 3015 4757 natus
3054 4710 3111 4758 et
3141 4717 3329 4771 passus
3359 4712 3461 4758 est.
3491 4702 3598 4758 Sed
3627 4703 3676 4757 si
3706 4702 3794 4757 Fi-

2198 4799 2301 4855 lius
2344 4806 2550 4853 tantum
2594 4812 2783 4867 passus
2823 4808 2927 4865 cst,
2956 4798 3095 4853 sicut
3135 4798 3263 4853 ﬁdei
3303 4797 3581 4853 catholica:
3608 4796 3794 4853 docuit

2194 4892 2411 4961 antiqua
2454 4889 2705 4958 traditio,
2749 4890 2801 4945 in
2852 4890 2953 4945 alia
3003 4898 3194 4945 natura
3224 4904 3414 4961 passus
3444 4899 3545 4945 est.
3576 4888 3643 4944 Et
3673 4903 3794 4960 qua.

2195 4994 2279 5042 est
2306 4985 2431 5051 alia,
2458 4984 2561 5039 nisi
2602 4983 2870 5038 humana?
2903 4983 2959 5038 Si
2979 4990 3119 5053 ergo
3148 4984 3251 5038 alia
3282 4991 3366 5039 est
3406 4983 3662 5050 humana,
3690 4983 3795 5038 alia

2194 5076 2374 5132 divina
2400 5085 2624 5144 natura,
2655 5090 2764 5131 non
2794 5085 2877 5131 est
2905 5089 3009 5130 una
3039 5076 3093 5131 in
3124 5075 3341 5132 Christo
3374 5090 3441 5132 ex
3471 5075 3683 5133 duabus
3711 5077 3789 5131 la-

2196 5185 2279 5232 cta
2310 5185 2538 5231 natura.

2266 5267 2320 5324 8.
2351 5268 2540 5325 Solent
2568 5267 2754 5324 Ariani
2785 5269 2942 5325 nobis
2979 5269 3219 5339 ohjicere
3260 5269 3422 5327 talem
3461 5269 3796 5340 propositio-

2197 5373 2341 5413 nem.
2371 5358 2532 5414 Passa
2561 5369 2664 5424 est,
2695 5360 2972 5430 inquiunt,
2997 5360 3251 5416 divinitas
3276 5360 3429 5425 Filii,
3457 5368 3550 5416 aut
3579 5375 3687 5414 non
3713 5367 3797 5415 est

2197 5464 2373 5521 passa.
2432 5450 2489 5506 Si
2535 5452 2955 5521 respondeamus
3004 5469 3018 5506 :
3070 5451 3185 5508 Non
3230 5462 3316 5508 est
3346 5466 3529 5522 passa,
3556 5450 3794 5506 dicunt:

2196 5550 2334 5622 Ergo
2364 5566 2528 5621 purus
2560 5551 2722 5607 homo
2766 5552 3053 5609 cruciﬁxus
3102 5562 3204 5607 est.
3236 5552 3292 5607 Si
3338 5550 3793 5622 respondeamus,

2195 5644 2337 5714 quod
2363 5644 2693 5714 respondere
2718 5643 2978 5699 debemus
3005 5662 3017 5697 :
3048 5644 3211 5699 Passa
3239 5653 3343 5712 est,
3366 5644 3461 5699 sed
3488 5642 3791 5700 secundum

2196 5752 2434 5805 carnem,
2460 5737 2573 5807 ipsa
2600 5744 2778 5793 tamen
2811 5739 2863 5793 in
2892 5737 2997 5794 hoc
3018 5739 3161 5809 quod
3186 5747 3269 5793 est
3293 5738 3646 5807 impassihilis
3674 5752 3793 5808 per-
3846 5784 3847 5787 η

2200 5845 2447 5900 manens,
2476 5830 2804 5902 respondent
2850 5848 2866 5893 ;
2918 5832 3058 5903 Ergo
3107 5838 3199 5888 aut
3240 5845 3395 5901 passa
3424 5838 3509 5887 est
3536 5829 3791 5887 divinitas
