4104 6360
368 347 464 410 897

1525 332 1882 396 EPISTOLXE
1922 334 2010 392 ET
2048 333 2428 394 OPUSCULA.

3527 335 3630 401 8â€™98

368 467 562 537 Patris,
591 463 636 523 si
665 478 824 535 passa
853 469 934 519 est
975 459 1228 516 divinitas
1258 453 1412 521 Filii;
1459 464 1551 511 aut
1593 471 1696 511 non
1739 464 1822 509 est
1847 466 1950 506 una
1976 452 2271 514 Anomine
2321 449 2546 504 naturali
2594 447 2851 506 duntaxat
2898 458 3117 509 censeat
3157 453 3526 523 vocitandam;
3574 466 3634 514 ut

367 564 618 620 divinitas
659 561 832 614 Patris
861 568 916 614 et
944 557 1081 613 Filii.
1112 551 1538 623 Proponentibus
1586 550 1688 604 hoc
1734 547 1946 602 Arianis

367 662 436 715 ita
481 656 731 713 convenit
771 655 952 724 lingua
998 651 1257 706 catholica
1299 646 1628 716 respondere
1662 662 1673 696 :
1707 644 1865 698 Pater
1893 649 1949 697 et

370 750 534 805 Filius
564 747 858 803 substantia
891 760 1052 799 unum
1084 750 1236 807 sunt,
1267 755 1371 794 non
1406 736 1649 806 personis
1682 752 1696 788 :
1728 749 1830 788 una
1863 740 1947 787 est

367 855 550 898 natura
598 839 770 894 Patris
800 847 852 892 et
881 836 1031 903 Filii;
1063 835 1159 890 sed
1189 833 1289 886 alia
1338 837 1423 885 est
1466 830 1694 899 persona
1746 824 1945 890 Patris,

367 938 466 990 alia
501 933 642 988 Filii.
675 931 843 986 Filius
875 944 1002 984 vero
1033 927 1332 989 suscipiens
1369 937 1604 986 carnem,
1633 920 1682 974 id
1713 927 1814 983 est,
1844 917 1947 971 ho-

368 1030 530 1081 minis
565 1026 772 1094 plenam
805 1022 1201 1092 perfectamque
1231 1026 1494 1080 naturam,
1525 1015 1602 1069 sic
1630 1026 1746 1067 eam
1778 1007 1949 1064 susci-

369 1133 494 1188 pere
539 1118 787 1186 dignatus
835 1122 937 1180 est,
974 1121 1030 1166 ut
1077 1125 1180 1165 una
1229 1122 1458 1178 persona
1510 1105 1660 1160 fieret
1690 1102 1865 1157 carnis
1895 1107 1949 1154 et

373 1211 550 1276 Verbi,
583 1224 686 1264 non
713 1218 889 1262 tamen
922 1205 1025 1259 una
1054 1213 1266 1263 natura,
1296 1200 1436 1255 Deus
1464 1198 1622 1252 homo
1655 1195 1826 1250 factus
1854 1207 1950 1246 na-

370 1315 543 1360 turam
571 1303 672 1357 sibi
705 1299 968 1355 adunavit
994 1298 1309 1360 humanam,
1337 1293 1431 1348 sed
1459 1291 1513 1345 in
1541 1289 1796 1344 unitatem
1831 1299 1950 1355 per-

370 1409 519 1450 sonae
540 1407 697 1464 quam
727 1405 836 1446 non
867 1389 1169 1443 habetcum
1197 1386 1355 1439 Patre
1384 1395 1742 1444 communem,
1767 1392 1871 1432 non
1896 1376 1949 1431 in

370 1489 628 1545 unitatem
658 1484 968 1541 substantiae
998 1494 1154 1551 quam
1180 1479 1339 1532 habet
1366 1490 1488 1530 cum
1518 1475 1674 1528 Patre
1704 1483 1949 1527 commu-

370 1598 514 1639 nem.
542 1581 669 1636 ideo
706 1594 814 1634 non
860 1576 1116 1640 Trinitas,
1145 1571 1239 1627 sed
1281 1566 1649 1624 tantummodo
1694 1563 1860 1618 Filius
1899 1568 1954 1616 et

371 1684 528 1732 natus
553 1683 608 1730 et
635 1686 825 1743 passus
848 1681 951 1725 est.
979 1667 1094 1723 Alia
1125 1673 1210 1721 est
1238 1672 1447 1728 natura,
1471 1657 1764 1716 secundum
1793 1668 1952 1725 quam

370 1784 561 1840 passus
593 1775 677 1822 est
700 1764 869 1821 Filius
919 1779 933 1816 :
981 1759 1077 1816 sed
1125 1759 1246 1828 quia
1277 1771 1437 1811 unam
1469 1768 1590 1808 esse
1617 1751 1742 1805 fecit
1769 1761 1955 1818 perso-

2049 541 2316 610 quomodo
2358 557 2424 595 ex
2471 541 2676 596 naturis
2718 541 2942 608 duabus,
2969 544 3146 599 anima
3190 554 3244 600 et
3282 561 3462 611 carne,
3491 547 3628 603 facta

2048 644 2132 687 est
2162 648 2264 687 una
2295 640 2506 698 natura,
2535 633 2618 686 cui
2651 648 2845 688 nomen
2885 643 2966 690 est
3006 636 3198 702 homo;
3228 651 3294 691 ex
3322 637 3532 692 duobus
3553 637 3629 692 si-

2050 724 2254 779 militer
2281 723 2602 779 animalibus
2630 739 2794 779 unum
2825 726 3061 780 nascitur
3090 728 3310 793 animal,
3340 736 3394 782 et
3439 727 3636 783 dicitur

2050 815 2261 881 mulus;
2293 829 2358 869 ex
2388 815 2594 870 duabus
2621 830 2834 886 quoque
2876 817 3193 873 substantiis
3234 819 3372 890 ignis
3412 829 3464 874 et
3507 820 3636 891 ligni

2051 906 2110 960 fit
2139 921 2241 960 una
2269 921 2381 971 res,
2413 914 2466 961 et
2494 915 2717 961 vocatur
2745 908 2942 973 carbo;
2974 925 3146 980 neque
3177 912 3352 966 anima
3382 911 3516 978 sola,
3542 919 3637 967 aut

2048 1010 2266 1067 corpus,
2301 1000 2495 1064 homo;
2529 1013 2702 1068 neque
2747 1014 2916 1068 equus
2960 1001 3129 1068 solus,
3159 1010 3250 1057 aut
3278 1004 3485 1068 asinus,
3519 1020 3637 1058 mu-

2050 1089 2167 1155 lus;
2197 1104 2370 1160 neque
2397 1089 2535 1159 ignis
2562 1089 2736 1155 solus,
2765 1099 2856 1144 aut
2885 1090 3084 1160 lignum
3105 1136 3119 1161 ,
3148 1096 3311 1149 carbo
3341 1103 3514 1165 potest
3535 1111 3635 1151 na-

2052 1180 2208 1234 turali
2243 1181 2462 1235 nomine
2485 1181 2696 1246 vocari;
2728 1183 2808 1236 sic
2837 1184 3126 1239 ostendere
3146 1185 3318 1240 valeat
3344 1203 3406 1241 ex
3433 1187 3637 1244 duabus

2050 1276 2572 1342 naturis,divinitate
2600 1276 2812 1331 scilicet
2837 1284 2889 1331 et
2919 1275 3270 1342 humanitate,
3297 1277 3342 1330 si
3371 1294 3474 1331 una
3500 1277 3641 1338 facta

2051 1376 2132 1422 est
2181 1377 2368 1422 natura
2390 1408 2405 1434 ,
2438 1368 2564 1437 quid
2595 1368 2775 1422 vocari
2809 1367 3124 1422 naturaliter
3151 1367 3363 1422 debeat.
3392 1369 3638 1424 Christus

2052 1456 2250 1526 quippe
2308 1471 2502 1512 nomen
2552 1464 2637 1513 est
2683 1456 2886 1524 officii;
2941 1457 3253 1513 Emmanuel
3299 1473 3494 1512 nomen
3558 1468 3640 1516 est

2052 1553 2308 1615 utrasque
2338 1546 2667 1601 substantias
2698 1561 2828 1615 quas
2858 1545 3117 1602 adunatas
3145 1555 3479 1602 contestatur
3510 1550 3641 1604 insi-

2053 1651 2230 1691 nuans
2267 1655 2279 1689 :
2317 1647 2521 1692 natura:
2551 1647 2729 1694 autem
2762 1652 2957 1693 nomen
2989 1638 3141 1693 istius
3173 1639 3486 1694 substantiae
3523 1655 3641 1710 quat

2057 1743 2162 1782 una
2187 1728 2302 1783 fieri
2336 1730 2572 1796 potuisse
2596 1731 2794 1785 dicitur
2842 1747 2908 1786 ex
2938 1733 3169 1798 duabus,
3201 1749 3370 1802 neque
3401 1734 3522 1803 legi,
3551 1750 3641 1790 ne-

372 1822 494 1916 nam
525 1873 636 1915 sum
661 1855 957 1912 divinitatis
984 1862 1037 1908 et
1068 1850 1268 1915 carnis,
1299 1857 1518 1917 propter
1544 1843 1803 1898 unitatem
1836 1853 1954 1908 per-

2061 1835 2161 1891 que
2191 1837 2286 1891 per
2319 1822 2553 1892 linguam
2597 1823 2881 1892 cujuslibet
2916 1824 3263 1892 disputatoris
3310 1827 3508 1881 audivi.
3540 1827 3642 1882 No-

374 1968 519 2008 sona:
559 1949 810 2004 divinitas
839 1947 958 2002 Filii
987 1946 1187 2000 dicitur
1232 1957 1385 2012 passa
1431 1937 1688 2010 quidquid
1734 1935 1956 2004 protulit

379 2056 479 2128 [An
507 2051 776 2125 pertulit?l
807 2065 953 2106 caro.
983 2049 1217 2104 Persona
1257 2055 1432 2100 autem
1485 2041 1601 2095 Filii
1646 2053 1750 2093 non
1782 2046 1862 2090 est
1891 2049 1954 2090 ea

375 2163 492 2218 qua:
521 2155 603 2201 est
633 2144 826 2208 Patris,
857 2143 978 2213 quia
1011 2141 1113 2195 alia
1156 2147 1239 2194 est
1281 2137 1453 2192 Patris
1500 2150 1514 2187 :
1560 2133 1681 2188 ideo
1725 2138 1956 2185 tantum-

377 2240 536 2295 modo
564 2238 730 2292 Filias
759 2251 948 2308 passus
989 2243 1091 2289 est.
1127 2232 1216 2287 Isti
1264 2239 1444 2284 autem
1484 2227 1593 2296 qui,
1627 2226 1764 2278 sicut
1793 2234 1954 2276 unam

376 2345 660 2402 personam
692 2328 900 2384 Domini
929 2327 1054 2382 Jcsu
1079 2323 1299 2388 Christi,
1320 2322 1397 2376 sic
1422 2334 1580 2374 unam
1605 2318 1795 2371 volunt
1819 2329 1958 2383 prte-

377 2426 560 2481 dicare
596 2433 867 2490 naturam,
898 2421 1026 2489 quid
1070 2416 1470 2488 respondebunt
1511 2411 1758 2467 Arianis?
1787 2411 1958 2478 Argu-

376 2527 556 2574 menta
582 2517 661 2573 eis
694 2518 808 2573 sine
836 2514 999 2571 dubio
1025 2523 1212 2568 cuneta
1239 2510 1516 2570 deficient;
1548 2513 1601 2559 et
1627 2513 1718 2558 aut
1745 2500 1956 2556 Arianis

378 2612 734 2674 consentient,
758 2625 825 2664 ne
851 2622 1008 2663 uuam
1043 2603 1212 2659 Patris
1237 2612 1290 2657 et
1316 2601 1433 2656 Filii
1463 2597 1794 2653 divinitatem
1822 2608 1959 2662 pra:-

376 2703 588 2768 dicent;
620 2709 711 2755 aut
742 2697 1149 2768 Patripassianis
1179 2695 1543 2759 sociabuntur,
1574 2707 1758 2748 errore
1787 2689 1956 2745 sacri-

379 2803 498 2873 lego
539 2799 911 2856 miserabiliter
939 2796 1229 2866 obligandi.
1260 2795 1580 2850 Revertatur
1625 2792 1692 2845 ad
1739 2803 1954 2844 sensum

379 2893 677 2964 piissimum
707 2891 856 2946 furor
879 2890 1190 2954 haereticus;
1222 2897 1275 2942 et
1303 2887 1390 2956 qui
1421 2901 1484 2941 ex
1519 2884 1720 2940 naturis
1747 2882 1957 2937 duabus

378 2988 432 3042 in
466 2985 690 3040 Domino
715 2983 840 3039 Jesu
888 2982 1100 3036 Christo
1137 2995 1296 3036 unam
1331 2978 1522 3033 factam
1571 2977 1784 3043 fatetur,
1813 2975 1960 3030 dicat

379 3079 508 3133 mihi
538 3091 657 3148 quae
687 3076 875 3130 harum
907 3073 1083 3144 periit,
1114 3079 1172 3126 ut
1198 3086 1301 3126 una
1335 3070 1490 3125 fieret
1512 3084 1575 3124 ex
1607 3067 1832 3122 duabus.
1863 3066 1957 3120 Di-

379 3171 497 3225 vina
539 3169 715 3238 perire
760 3182 866 3221 non
910 3166 1100 3235 potuit,
1127 3164 1354 3217 humana
1398 3176 1502 3214 non
1548 3157 1751 3212 debuit.
1779 3159 1881 3210 Aut
1911 3154 1958 3210 si

380 3261 574 3316 nullius
617 3259 779 3315 audet
820 3272 1060 3314 asserere
1089 3255 1461 3326 perditionem,
1494 3252 1636 3307 dicat
1666 3260 1842 3305 utrum
1887 3252 1958 3302 sit

383 3351 552 3406 altera
583 3352 637 3405 in
668 3351 890 3405 alteram
934 3355 1258 3403 commutata
1288 3361 1303 3398 :
1332 3354 1386 3400 et
1413 3346 1456 3399 si
1497 3343 1718 3398 alteram
1744 3341 1796 3394 in
1827 3339 1961 3393 alte-

381 3466 493 3504 ram
537 3451 771 3521 potuisse
818 3447 1134 3505 commutari
1183 3444 1563 3516 suspicabitur,
1594 3443 1737 3498 dicat
1776 3455 1964 3497 rursus

381 3555 560 3599 utrum
603 3545 850 3600 divinitas
895 3545 950 3597 in
995 3556 1232 3607 carnem,
1261 3556 1328 3594 an
1373 3539 1427 3594 in
1473 3537 1803 3592 divinitatem
1836 3548 1962 3590 caro

381 3650 641 3692 conversa
681 3638 770 3692 sit.
802 3635 858 3692 Si
899 3639 1042 3690 enim
1071 3634 1322 3689 divinitas
1351 3630 1416 3686 ad
1449 3629 1752 3686 inferiorem
1784 3627 1963 3683 carnis

381 3730 593 3784 redacta
639 3736 722 3783 est
764 3727 1097 3797 qualitatem,
1132 3724 1453 3781 deteriorata
1495 3721 1867 3791 cognoscitur;
1909 3727 1964 3776 et

380 3822 487 3894 iam
532 3821 631 3876 sibi
675 3820 848 3890 potius
891 3828 1100 3874 creator
1128 3818 1302 3874 bonus
1332 3817 1603 3871 miseriam
1634 3813 1972 3895 procuravit,

386 3931 544 3984 quam
575 3915 730 3968 nobis
758 3913 1184 3967 misericordiam
1221 3911 1492 3980 praestitit.
1518 3908 1573 3962 Si
1599 3922 1724 3960 vero
1752 3901 1970 3974 permaâ€”J'
2031 3909 2034 3920 '

335 4060 343 4067 _
383 4019 517 4059 nens
539 4002 790 4058 inviolata
814 4002 1061 4055 divinitas
1086 3999 1360 4055 absorbuit
1382 3998 1733 4052 substantiam
1764 3997 1968 4063 carnis;

383 4103 442 4150 ut
462 4094 568 4150 hoc
610 4108 731 4149 esse
778 4092 1036 4161 inciperet
1064 4106 1189 4146 caro
1219 4091 1360 4160 quod
1392 4089 1654 4155 Verbum,
1686 4089 1805 4158 quis
1833 4088 1966 4142 tole-

383 4187 625 4242 rabiliter
649 4186 830 4240 audiat
852 4192 1150 4240 creaturam
1178 4185 1325 4253 prius
1351 4190 1540 4239 cuncta
1568 4181 1859 4236 accidentia
1883 4196 1966 4236 re-

385 4283 673 4353 cipientem
703 4280 1010 4351 pervenisse
1037 4280 1102 4334 ad
1142 4293 1311 4349 genus
1340 4287 1393 4332 et
1423 4279 1715 4346 potentiam
1755 4281 1966 4329 creato-

385 4373 481 4439 ris,
514 4383 569 4428 ut
621 4382 767 4428 esset
812 4371 987 4427 subito
1033 4372 1152 4426 sine
1197 4370 1471 4438 qualitate,
1503 4369 1618 4424 sine
1647 4365 1964 4438 quantitate,

385 4466 501 4520 sine
531 4475 789 4535 tempore,
815 4466 930 4519 sine
957 4463 1096 4530 loco,
1125 4464 1241 4518 sine
1287 4462 1412 4528 situ,
1441 4461 1556 4516 sine
1602 4459 1962 4530 passionibus,

384 4555 500 4611 sine
530 4555 732 4623 habitu,
759 4555 963 4627 perdita
993 4555 1298 4613 conditione
1324 4554 1566 4620 facturae,
1590 4552 1708 4608 solo
1737 4550 1964 4608 faciendi

385 4644 566 4714 vigore
594 4646 857 4702 subnixa?
1173 4640 1178 4646 â·

460 4755 514 4809 9.
561 4756 750 4813 Timeo
791 4773 859 4814 ne
905 4759 1248 4830 amplificatio
1291 4768 1551 4816 creatura:
1592 4758 1852 4816 creatoris
1896 4757 1966 4812 sit

391 4845 567 4913 potius
597 4848 916 4913 imminutio,
946 4859 1195 4920 tanquam
1241 4850 1380 4906 Deus
1415 4851 1703 4921 indiguerit
1748 4848 1963 4904 addita-

390 4945 574 4992 mento
613 4938 790 4992 carnis
834 4941 1046 5008 augeri;
1076 4942 1201 5010 quia
1231 4949 1285 4995 et
1315 4942 1482 4995 multo
1513 4942 1725 4995 facilius
1767 4938 1965 4993 mutari

389 5028 633 5101 potuisse
662 5030 750 5084 illa
780 5039 967 5085 natura
1016 5031 1244 5097 dicetur,
1288 5031 1341 5087 in
1384 5046 1540 5101 quam
1582 5030 1754 5100 potuit
1799 5030 1964 5084 altera

392 5122 914 5180 commutari.Nimis
935 5124 1221 5180 absurdam
1240 5124 1561 5180 sententiam
1585 5123 1796 5178 silentio
1819 5136 1970 5176 man-

390 5216 660 5285 cipemus;
689 5223 745 5273 ot
775 5215 821 5270 si
851 5217 1050 5270 nullam
1079 5216 1148 5272 de
1173 5216 1378 5271 duabus
1408 5216 1492 5270 his
1521 5217 1723 5271 naturis
1755 5217 1806 5269 in
1838 5213 1971 5268 alte-

391 5325 504 5364 ram
549 5311 792 5380 potuisse
830 5309 1106 5365 transferri
1151 5310 1351 5380 liquiolo
1398 5311 1600 5377 claret,
1650 5309 1972 5379 respondeat

392 5409 568 5456 utrum
614 5401 752 5458 forte
798 5401 1080 5472 permixtio
1129 5411 1439 5457 naturarum
1491 5405 1737 5470 duarum,
1773 5403 1969 5458 nullius

394 5505 576 5546 earum
608 5494 933 5562 proprietate
959 5503 1189 5561 servata,
1218 5509 1410 5549 novam
1443 5506 1696 5551 naturam
1723 5497 1846 5550 novi
1877 5510 1972 5565 ge-

393 5583 537 5638 neris
579 5583 785 5641 fecerit.
815 5586 880 5640 Et
909 5587 954 5641 si
985 5586 1124 5642 hanc
1150 5588 1302 5642 unius
1331 5590 1640 5644 mediatoris
1682 5604 1839 5645 unam
1871 5603 1970 5644 na-

395 5683 566 5732 turam
593 5680 884 5747 przedicare
909 5681 1162 5748 voluerit,
1192 5697 1298 5738 non
1338 5683 1552 5739 interim
1583 5684 1798 5754 requiro
1828 5683 1974 5754 quali

466 5821 493 5853 â¸
518 5811 617 5871 Hic
644 5813 831 5874 deesse
855 5816 1065 5875 videtur
1091 5817 1406 5879 substantiae.

2059 1929 2184 1968 men
2216 1915 2340 1982 hoc,
2365 1916 2506 1969 sicut
2533 1916 2663 1983 dixi,
2694 1917 3043 1971 vehementer
3075 1919 3304 1985 inquiro.
3334 1919 3438 1974 Sed
3469 1921 3642 1988 potius

2058 2007 2162 2063 hoc
2190 2023 2454 2079 propono,
2487 2011 2587 2064 hoc
2631 2010 2968 2078 cogitandum
3017 2011 3347 2079 praedicatori
3394 2013 3548 2067 unius
3590 2015 3642 2069 in

2058 2097 2273 2153 Christo
2320 2100 2652 2166 substantim,
2681 2101 2805 2155 licet
2850 2101 3002 2167 nolit,
3033 2116 3244 2171 oppono
3293 2121 3306 2156 :
3348 2103 3401 2157 Si
3433 2120 3533 2157 una
3565 2113 3644 2161 est

2058 2187 2260 2244 Christi
2293 2198 2481 2244 natura
2511 2193 2803 2259 composita
2835 2206 2901 2245 ex
2933 2193 3157 2258 duabus,
3189 2209 3294 2247 non
3327 2195 3446 2249 talis
3477 2196 3643 2252 Patris

2059 2287 2271 2343 natura,
2306 2295 2411 2335 non
2441 2292 2523 2334 est
2552 2282 2672 2336 talis
2714 2281 2945 2350 Spiritus
2987 2285 3175 2339 sancti.
3208 2286 3488 2352 Quomodo
3519 2302 3644 2357 ergo

2059 2368 2164 2425 erit
2192 2369 2358 2425 Filius
2387 2372 2685 2426 Itomousion
2717 2373 2857 2427 Patri
2890 2375 2973 2428 vel
3033 2375 3252 2444 Spiritui
3281 2380 3502 2434 sancto?
3532 2380 3644 2436 Una

2060 2460 2233 2517 Patris
2273 2463 2610 2532 Spiritusque
2651 2467 2822 2519 sancti
2854 2475 3040 2520 natura
3073 2468 3298 2536 simplex
3339 2480 3451 2536 est,
3498 2481 3644 2529 caret

2061 2552 2481 2620 compositione;
2516 2554 2712 2608 Christi
2757 2565 2953 2622 autem,
2990 2573 3107 2627 qua:
3148 2558 3284 2613 facta
3315 2560 3554 2616 firmatur
3581 2578 3645 2619 ex

2060 2645 2269 2700 duabus
2297 2663 2399 2701 una
2432 2659 2640 2713 natura,
2661 2653 2954 2719 composita
2981 2663 3081 2721 est,
3101 2665 3248 2710 caret
3274 2657 3640 2728 simplicitate.

2063 2737 2202 2805 Quid
2235 2754 2362 2807 ergo
2393 2740 2670 2796 dicemus?
2700 2741 2860 2810 Urget
2887 2761 2984 2799 nos
3015 2747 3135 2802 licet
3161 2749 3356 2804 invitos
3389 2751 3644 2808 violentia

2065 2830 2328 2897 veritatis,
2362 2841 2452 2886 aut
2482 2849 2640 2887 unam
2673 2834 2874 2889 Christi
2905 2847 3150 2894 naturam
3183 2855 3286 2895 non
3320 2842 3646 2912 prtedicare;

2060 2931 2152 2974 aut
2184 2920 2382 2988 Patris,
2413 2933 2466 2976 et
2501 2923 2648 2988 Filii,
2674 2934 2728 2979 et
2768 2925 2998 2994 Spiritus
3027 2930 3216 2995 sancti,
3243 2931 3293 2984 id
3327 2942 3409 2986 est
3451 2944 3649 2991 sancta

2060 3011 2340 3067 Trinitatis
2392 3029 2551 3068 unam
2602 3015 2952 3071 substantiam
2985 3021 3066 3073 vel
3100 3023 3383 3077 essentiam
3431 3040 3650 3094 negare.

2061 3104 2165 3160 Sed
2213 3106 2258 3161 si
2308 3123 2464 3162 unam
2520 3109 2872 3166 substantiam
2916 3114 2998 3168 vel
3043 3118 3329 3172 essentiam
3369 3118 3652 3178 Trinitatis

1918 3200 2359 3281 ;;Cnegemus,
2421 3200 2739 3256 Arianorum
2804 3203 3040 3274 dogmati
3101 3208 3346 3264 videmur
3409 3214 3652 3281 pmbere

2065 3303 2408 3345 consensum.
2435 3291 2512 3347 Ne
2539 3308 2666 3364 ergo
2695 3295 2971 3351 videamur
2999 3297 3207 3356 similes
3230 3303 3465 3370 Arianis,
3489 3320 3650 3362 unam

2063 3380 2265 3438 Christi
2297 3386 2544 3452 quamvis
2592 3402 2658 3442 ex
2706 3389 2911 3445 duabus
2943 3401 3184 3447 naturam
3235 3409 3340 3449 non
3388 3398 3652 3466 praedice-

2064 3490 2206 3544 mus,
2235 3477 2329 3531 sed
2361 3493 2522 3561 unum
2554 3478 2823 3535 Christum
2854 3483 3026 3552 potius
3051 3499 3116 3538 ex
3143 3486 3345 3541 duabus
3367 3496 3422 3543 et
3443 3491 3495 3544 in
3523 3490 3652 3546 dua-

2062 3565 2163 3622 bus
2195 3571 2400 3624 naturis
2432 3570 2828 3638 confitendum;
2863 3589 2962 3628 nec
2991 3575 3314 3632 Arianorum
3344 3579 3647 3648 polluamur

2063 3675 2304 3729 veneno,
2335 3679 2434 3718 nec
2475 3665 2744 3734 superflua
2775 3666 3052 3723 delirantis
3084 3669 3394 3742 Eutychetis
3421 3673 3653 3730 inebrie~

2068 3767 2190 3807 mur
2219 3753 2605 3821 disputatione.
2635 3756 2776 3832 Deus
2808 3757 3131 3826 unigenitus,
3169 3760 3259 3814 Dei
3301 3760 3466 3816 Filius
3493 3779 3654 3821 verus

2064 3850 2118 3897 et
2149 3847 2395 3912 prOprius
2429 3861 2564 3898 unus
2605 3845 2724 3911 fuit,
2759 3849 2973 3913 quando
3009 3847 3076 3900 In
3105 3851 3356 3919 principio
3383 3862 3492 3905 erat
3525 3853 3654 3908 Ver-

2066 3933 2207 4000 bum,
2233 3944 2278 3988 et
2311 3934 2532 3987 Verbum
2573 3946 2681 3988 erat
2721 3939 2858 4007 apud
2890 3938 3077 4005 Deum,
3108 3951 3156 3993 et
3203 3941 3340 3996 Deus
3385 3954 3492 3998 erat
3529 3945 3654 4001 Ver-

2068 4021 2203 4075 bum.
2238 4022 2352 4076 Hoc
2391 4034 2498 4077 erat
2542 4025 2596 4078 in
2645 4027 2898 4096 principio
2945 4029 3084 4099 apud
3130 4029 3313 4085 Deum.
3348 4032 3535 4088 Omnia
3565 4050 3654 4105 per

2071 4114 2242 4183 ipsum
2266 4115 2405 4183 facta
2435 4127 2576 4181 sunt,
2598 4127 2646 4170 et
2667 4119 2775 4172 sine
2802 4119 2912 4189 ipso
2935 4121 3127 4188 factum
3156 4131 3226 4175 est
3252 4123 3382 4176 nihil
3410 4125 3590 4192 (Joan.
3615 4142 3653 4194 á¿,

2071 4207 2210 4275 1-5).
2247 4206 2396 4261 Unus
2424 4217 2581 4278 atque
2613 4209 2753 4263 idem
2786 4222 2887 4276 est,
2917 4213 3130 4279 quando
3163 4213 3392 4268 Verbum
3423 4232 3548 4272 caro
3576 4218 3655 4273 fa-

2069 4309 2210 4355 ctum
2263 4310 2367 4370 est,
2405 4313 2460 4357 et
2508 4304 2762 4359 habitavit
2813 4307 2866 4360 in
2915 4308 3088 4362 nobis.
3143 4309 3430 4379 Propterea
3479 4315 3656 4383 prius-

2079 4407 2237 4463 quam
2269 4393 2431 4464 Virgo
2465 4395 2626 4449 Maria
2656 4399 2992 4466 conciperet,
3026 4399 3167 4456 Deus
3197 4402 3430 4458 Trinitas
3455 4405 3657 4463 creavit

2069 4499 2200 4553 nos;
2259 4495 2311 4540 ct
2341 4494 2688 4557 posteaquam
2720 4498 2905 4543 sancto
2949 4491 3152 4560 Spiritu
3198 4494 3518 4553 fecundante
3566 4513 3659 4569 pec

1989 4597 2044 4660 Î’
2073 4577 2214 4646 perit
2243 4577 2580 4645 Emmanuel,
2614 4579 2666 4633 id
2695 4589 2798 4645 est,
2834 4581 3109 4638 nobiscum
3141 4584 3332 4653 Deum,
3369 4589 3510 4644 Deus
3537 4589 3660 4645 Tri-

2072 4671 2212 4727 nitas
2240 4671 2470 4726 redemit
2497 4686 2594 4727 nos
2627 4689 2639 4725 :
2673 4680 2795 4728 ante
2823 4672 3279 4743 dispensationem
3311 4682 3488 4736 carnis
3516 4682 3659 4738 Deus

2071 4772 2256 4819 noster
2283 4763 2551 4828 Trinitas;
2587 4773 2706 4832 post
2733 4767 3002 4833 negotium
3033 4769 3227 4832 crucis,
3258 4779 3311 4824 et
3340 4781 3461 4840 post
3488 4774 3661 4842 spolia

2073 4857 2406 4912 infernorum
2432 4897 2447 4922 ,
2484 4857 2626 4912 Deus
2668 4867 2853 4912 noster
2881 4859 3134 4916 Trinitas.
3167 4849 3341 4930 Quare
3373 4864 3506 4918 hoc?
3534 4866 3659 4933 quia

2072 4952 2210 5006 sicut
2239 4965 2377 5005 unus
2404 4949 2523 5015 fuit,
2549 4960 2652 5019 est,
2683 4961 2736 5006 et
2762 4953 2864 5006 erit
2895 4952 3073 5019 Pater,
3103 4955 3195 5023 qui
3222 4955 3288 5009 de
3312 4955 3523 5024 Virgine
3549 4973 3657 5015 non

2075 5049 2159 5096 est
2189 5049 2377 5105 natus;
2421 5041 2560 5093 sicut
2597 5056 2731 5096 unus
2772 5042 2891 5108 fuit,
2920 5053 3022 5110 est,
3057 5052 3110 5099 et
3139 5044 3240 5098 erit
3269 5044 3500 5113 Spiritus
3529 5061 3658 5100 san-

2073 5140 2209 5198 ctus,
2230 5131 2320 5201 qui
2350 5131 2600 5188 similiter
2621 5133 2689 5189 de
2711 5133 2929 5205 Virgine
2959 5151 3066 5191 non
3094 5145 3174 5191 est
3202 5146 3385 5203 natus;
3416 5140 3487 5194 ita
3517 5155 3657 5196 unus

2073 5234 2157 5282 est
2185 5225 2344 5281 etiam
2375 5225 2566 5294 Filius,
2600 5229 2689 5298 qui
2737 5228 2805 5284 de
2835 5228 3054 5299 Virgine
3103 5237 3258 5284 natus
3304 5242 3406 5289 est.
3437 5235 3661 5290 Assum-

2075 5323 2185 5390 ptio
2214 5320 2288 5376 illi
2321 5321 2420 5375 fuit
2448 5321 2669 5377 alterius
2697 5331 2723 5358 ÎµÎ¹
2751 5321 2817 5376 ad
2850 5336 3008 5376 unam
3038 5336 3342 5391 personam.

2147 5411 2234 5466 {0.
2264 5410 2445 5466 Crevit
2481 5424 2610 5480 ergo
2658 5426 2752 5479 per
2795 5412 3124 5466 nativitatem
3157 5413 3333 5468 carnis
3362 5415 3415 5470 in
3445 5412 3661 5473 Christo

2077 5517 2334 5558 numerus
2384 5499 2827 5568 substantiarum,
2861 5501 3200 5572 singularitas
3239 5519 3369 5562 vero
3419 5521 3662 5576 persona

2082 5594 2470 5662 perseveravit.
2504 5589 2709 5645 Idcirco
2738 5595 2977 5662 quamvis
3006 5596 3107 5651 alia
3139 5598 3209 5652 sit
3249 5607 3436 5654 natura
3465 5598 3663 5654 diviniq

2082 5685 2227 5757 tatis,
2252 5684 2356 5740 alia
2382 5683 2752 5753 humanitatis,
2781 5700 2888 5744 non
2916 5686 2978 5744 fit
3006 5687 3241 5748 Trinitas
3270 5689 3358 5748 illa
3390 5690 3664 5763 quaterni-
