4104 6360
533 284 634 344 899
1449 272 1823 335 FULGENTII
1860 270 2210 333 FERRANDI
2250 272 2525 332 DlACONl
2561 248 2903 332 CARTHAG.
3726 274 3848 332 soo

539 404 655 463 tas,
686 395 811 467 quia
859 405 1212 463 personarum
1250 396 1332 446 est
1358 388 1612 457 Trinitas,
1640 406 1758 459 quze
1810 391 1861 446 in
1913 389 2128 446 Christo
2153 399 2208 460 Α
2234 390 2375 445 nitas
2421 403 2861 459 connumeratur,
2889 399 2943 446 et
2981 386 3348 461 unusquisque
3376 400 3564 446 eorum
3597 389 3729 446 dum
3768 394 3848 449 de

537 503 642 544 una
676 488 989 559 permansit.
1017 484 1170 541 Unus
1218 493 1299 541 est
1340 484 1568 555 proinde
1598 483 1866 553 Christus,
1897 494 1951 541 et
1981 500 2122 542 sem-
2232 483 2492 542 Trinitate
2540 500 2660 542 esse
2707 484 2927 553 dicitur,
2969 499 3001 541 a
3060 482 3321 541 creaturis
3371 487 3587 542 caeteris
3628 501 3844 558 seque-

452 594 472 624 ι
534 595 633 652 per
659 594 819 646 unus,
840 587 1057 649 propter
1087 578 1243 633 unius
1278 591 1518 647 personae
1545 575 1987 647 singularitatem,
2008 563 2147 647 quas"
2226 585 2447 632 stratur.

536 673 591 728 in
622 687 688 728 eo
721 686 821 727 nec
848 671 1035 739 dividi,
1066 685 1165 726 nec
1194 669 1483 735 subdividi,
1512 684 1611 725 nec
1640 669 1897 739 duplicari
1928 677 2123 740 potest,

530 766 773 838 quamvis
804 782 868 821 ex
901 765 1107 820 duabus
1148 772 1202 820 et
1228 765 1279 819 in
1309 762 1517 819 duabus
1538 762 1791 819 credatur
1814 778 1935 818 esse
1970 773 2127 818 natu-

533 859 629 913 ris.
665 857 858 914 Libere
894 857 1054 927 igitur
1086 856 1286 926 absque
1313 856 1425 911 ulla
1458 855 1743 911 formidine
1773 855 2127 911 confiteamur

528 950 685 1005 unius
715 948 915 1005 Christi
946 958 1167 1007 naturas
1192 948 1349 1016 duas,
1370 948 1603 1004 divinam
1628 948 1839 1004 scilicet
1864 958 1918 1004 et
1940 948 2128 1003 huma-

528 1058 686 1120 nam,
718 1050 959 1108 Verbum
990 1062 1044 1107 et
1072 1066 1328 1118 carnem,
1360 1050 1661 1106 manifestis
1690 1050 2127 1105 distinctionibus

528 1158 852 1218 apparentes
884 1166 897 1201 :
931 1155 985 1223 et
1012 1146 1139 1217 quid
1170 1147 1464 1202 secundum
1507 1161 1693 1201 earum
1741 1146 2124 1216 preprietatem

532 1244 635 1298 rite
668 1242 835 1312 possit
871 1242 1118 1312 intelligi,
1154 1257 1247 1311 per
1276 1241 1457 1296 omnia
1486 1228 1664 1294 divina
1696 1240 1963 1295 volumina
1994 1240 2126 1294 sim-

526 1335 742 1406 pliciter
785 1335 1096 1398 audientes,
1143 1333 1443 1388 nullatenus
1492 1332 1832 1400 dubitemus,
1882 1332 2126 1401 quaedam

532 1426 695 1481 verba
728 1425 1013 1491 divinitati,
1046 1424 1291 1495 quasdam
1322 1440 1451 1479 vero
1492 1424 1807 1479 humanitati
1850 1422 1966 1493 ejus
2010 1424 2128 1479 sine

529 1520 871 1589 separatione
898 1534 1120 1589 prorsus
1150 1518 1344 1586 aptari.
1374 1518 1426 1571 Si
1456 1516 1576 1587 quis
1606 1517 1749 1572 enim
1780 1530 1866 1570 me
1892 1513 2127 1571 interro-

526 1620 620 1683 gat
648 1628 663 1667 :
698 1611 809 1683 Ego
839 1623 886 1667 et
916 1611 1076 1665 Pater
1104 1628 1264 1666 unum
1293 1627 1467 1665 sumus
1497 1610 1677 1681 (Joan.
1706 1626 1760 1676 ι,
1784 1609 1915 1679 50),
1948 1618 2127 1664 utrum

528 1720 633 1760 vox
666 1707 767 1761 ista
800 1706 1096 1762 secundum
1126 1706 1460 1761 divinitatem
1492 1705 1700 1775 prolata
1728 1704 1907 1770 sit,an
1938 1719 2129 1761 secun—

2300 693 2386 747 Η.
2418 694 2607 749 Omnis
2637 695 2777 750 enim
2806 709 2893 750 res
2917 703 3007 751 aut
3036 692 3181 752 Deus
3210 702 3313 763 est,
3344 703 3437 750 aut
3461 704 3743 752 creatura.
3775 697 3839 754 Si

2227 782 2368 840 Deus
2394 794 2500 857 est,
2519 797 2761 843 creatura
2792 804 2898 844 non
2924 798 3037 856 est;
3070 790 3115 845 si
3141 799 3389 845 creatura
3419 797 3524 855 est,
3549 790 3693 845 Deus
3724 806 3840 847 non

2227 890 2329 934 est.
2356 880 2496 935 Deus
2524 891 2701 936 autem
2728 880 2961 937 Trinitas
2992 889 3074 937 est
3100 883 3257 938 unius
3288 883 3610 940 substantiae
3636 886 3723 939 vel
3746 900 3839 940 es-

2228 974 2449 1039 sentizc;
2481 986 2725 1028 creatura
2752 990 2849 1045 per
2875 976 3189 1031 multimoda
3210 976 3550 1032 diversarum
3574 978 3837 1032 substan~

2231 1068 2422 1124 tiarum
2451 1070 2787 1125 distribuitur
2810 1072 3152 1140 genera.'Qui
3184 1088 3310 1142 ergo
3335 1072 3473 1127 Deus
3498 1082 3605 1140 est,
3627 1082 3683 1127 et
3708 1087 3835 1141 pro-

2230 1163 2363 1232 prie,
2390 1162 2441 1216 id
2473 1171 2576 1230 est,
2596 1167 2862 1219 veraciter
2893 1165 3033 1220 Deus
3063 1174 3168 1231 est,
3192 1175 3283 1219 aut
3310 1165 3489 1231 Pater,
3514 1177 3606 1218 aut
3637 1164 3830 1229 FLius,

2228 1263 2323 1310 aut
2353 1254 2587 1323 Spiritus
2626 1265 2845 1312 sanctus
2877 1268 2980 1313 est.
3006 1258 3073 1313 Et
3100 1259 3221 1328 quia
3250 1274 3423 1328 neque
3452 1257 3618 1312 Pater
3648 1258 3798 1312 solus
3817 1299 3831 1324 ,

2231 1362 2405 1419 neque
2436 1350 2583 1404 solus
2608 1348 2799 1417 Filius,
2826 1367 3000 1422 neque
3030 1352 3179 1407 solus
3206 1352 3436 1421 Spiritus
3462 1360 3689 1407 sanctus
3711 1350 3833 1407 Tri-

2230 1440 2371 1499 nitas
2396 1451 2516 1511 est,
2540 1444 2637 1498 sed
2660 1446 2820 1501 simul
2845 1446 3023 1515 Pater,
3048 1447 3212 1503 Filius
3240 1458 3293 1502 et
3316 1445 3552 1517 Spiritus
3576 1458 3799 1501 sanctus
3828 1503 3834 1511 ,

2232 1542 2288 1588 et
2319 1534 2476 1590 Pater
2504 1551 2647 1592 unus
2673 1546 2757 1592 est
2786 1537 2853 1592 de
2884 1539 3177 1605 Trinitate,
3198 1548 3253 1595 et
3284 1538 3451 1594 Filius
3482 1554 3623 1594 unus
3653 1546 3739 1594 est
3765 1537 3832 1594 dc

2232 1609 2519 1697 Trinitate,
2545 1638 2599 1684 et
2630 1629 2865 1699 Spiritus
2908 1641 3124 1687 sanctus
3168 1646 3302 1687 unus
3332 1640 3415 1687 est
3446 1631 3515 1686 de
3543 1631 3831 1687 Trinitate.

2231 1724 2369 1791 Quid
2397 1740 2525 1795 ergo
2554 1725 2713 1793 dicit,
2749 1728 3054 1797 quicunque
3082 1726 3211 1782 dicit
3241 1744 3255 1780 :
3289 1726 3438 1782 Unus
3463 1726 3532 1782 de
3563 1726 3832 1782 Trinitate

528 1796 654 1853 dum
701 1796 1125 1864 humammemi
1175 1796 1493 1851 θάιιείπηίετ
1524 1796 1827 1865 respondeo
1861 1813 1873 1847 ³
1915 1793 2119 1849 seem“
2155 1792 2201 1854 Β
2240 1816 2424 1883 Filius,
2455 1792 2559 1871 nisi
2595 1836 2605 1869 :
2638 1792 2907 1872 Noli—eum
2948 1792 3193 1887 quaerere
3222 1819 3359 1873 inter
3387 1819 3708 1873 creaturas?
3736 1816 3827 1872 Fi-

528 1894 654 1950 dum
687 1893 1045 1958 divinitatem,
1077 1908 1182 1949 uon
1212 1891 1508 1950 secundum
1543 1890 1951 1945 humanitatem.
1984 1888 2049 1943 Et
2078 1888 2126 1942 si

526 1989 650 2059 quis
680 1988 873 2043 iterum
908 1987 1146 2057 requirat
1176 2006 1189 2042 :
1224 1984 1381 2039 Pater
1411 1986 1577 2053 major
1604 1998 1682 2037 me
1705 1990 1777 2037 est
1807 1979 1985 2051 (Joun.
2013 1996 2123 2047 xrv,

526 2080 649 2153 28),
682 2092 860 2138 utrttm
892 2098 992 2136 vox
1038 2082 1137 2136 ista
1186 2078 1481 2135 secundum
1529 2078 1872 2133 divinitatem
1917 2076 2127 2145 prolata

527 2182 619 2249 sit,
650 2198 717 2237 an
758 2182 1055 2239 secundum
1106 2180 1525 2245 humanitatem;
1558 2178 1870 2234 ﬁducialiter
1898 2193 2130 2249 respon-

530 2274 636 2330 deo
662 2291 675 2328 :
708 2273 1014 2330 Secundum
1043 2273 1449 2338 humanitatem,
1479 2286 1585 2325 non
1614 2272 1906 2327 secundum
1935 2271 2130 2327 divini-

533 2373 698 2423 tatem
735 2386 746 2420 :
784 2380 961 2436 neque
1009 2376 1184 2420 tamen
1218 2373 1438 2435 propter
1470 2364 1569 2418 hoc
1599 2362 1776 2433 aliqua
1807 2377 1993 2418 earum
2024 2379 2129 2419 vox

522 2460 727 2518 Christi
757 2477 863 2517 non
893 2461 1027 2526 erit;
1062 2468 1286 2527 utraque
1312 2457 1454 2512 enim
1482 2471 1584 2511 vox
1611 2456 1678 2511 ad
1704 2471 1865 2511 unum
1896 2457 2129 2526 pertinet

524 2554 823 2621 Christum,
851 2555 1003 2624 cujus
1036 2562 1119 2607 est
1150 2551 1405 2606 divinitas
1431 2558 1487 2605 et
1516 2549 1818 2604 humanitas
1861 2567 1873 2601 :
1906 2564 2128 2619 separa-

528 2644 602 2702 tio
651 2646 739 2702 hic
784 2647 928 2701 nulla
982 2644 1284 2700 introducta
1330 2652 1432 2707 est,
1469 2644 1589 2713 quia
1622 2658 1787 2699 unam
1817 2657 2004 2699 vocem
2035 2659 2127 2700 se-

524 2747 761 2805 cundum
808 2762 966 2801 unam
1014 2746 1371 2801 substantiam
1406 2750 1565 2814 posse
1597 2744 1825 2817 intelligi
1859 2746 2123 2814 diximus,

528 2842 823 2897 secundum
872 2842 1100 2895 alteram
1147 2851 1278 2892 vero
1331 2838 1663 2909 negavimus.
1706 2836 1939 2892 Cuilibet
1980 2838 2127 2891 enim

531 2942 741 2989 natura:
790 2944 895 2988 vox
942 2931 1246 2997 conveniat,
1293 2929 1414 2985 ideo
1465 2930 1582 2985 sine
1631 2930 1972 3001 separatione
2019 2945 2128 2985 non

524 3027 784 3083 convenit
819 3026 1006 3094 alteri,
1048 3024 1172 3094 quia
1215 3024 1357 3080 illius
1405 3038 1650 3095 personae
1693 3034 1807 3093 est,
1852 3024 2003 3094 cujus
2047 3032 2131 3080 est

528 3128 761 3190 utraque
808 3130 1020 3174 natura.
1052 3118 1435 3173 Necessitatem
1487 3132 1645 3173 nemo
1690 3117 1847 3174 nobis
1892 3118 2127 3189 ingerat,

2232 1911 2336 1967 lius
2365 1927 2495 1981 ergo
2540 1912 2833 1967 secundum
2865 1912 3235 1980 divinitatem,
3262 1914 3387 1982 quia
3414 1927 3521 1967 nou
3556 1921 3644 1967 est
3674 1926 3828 1968 crea-

2233 2012 2349 2059 tura
2369 2045 2384 2070 ,
2409 2004 2505 2059 sed
2534 2013 2768 2072 creator,
2800 2019 2939 2059 unus
2965 2014 3045 2061 est
3071 2004 3137 2059 de
3163 2005 3453 2071 Trinitate;
3477 2012 3533 2060 et
3555 2005 3684 2075 quia
3717 2006 3826 2074 ipse

2228 2099 2526 2155 secundum
2575 2099 2960 2154 humanitatem
3010 2098 3257 2169 dignatus
3307 2108 3389 2155 est
3435 2099 3567 2167 pati,
3609 2106 3825 2167 prapter

2232 2193 2334 2249 hoc
2372 2209 2510 2249 unus
2554 2195 2622 2249 de
2661 2194 2922 2250 Trinitate
2950 2194 3144 2249 dicitur
3174 2209 3379 2265 passus.
3414 2193 3545 2249 Tale
3594 2202 3680 2248 est
3730 2190 3826 2247 ita-

2232 2301 2363 2357 que,
2410 2294 2666 2356 quantum
2716 2288 2975 2358 conjicio,
3024 2290 3131 2344 into
3175 2289 3352 2360 potius
3400 2296 3664 2359 quantum
3713 2301 3824 2343 cre-

2231 2377 2303 2434 do
2333 2393 2347 2432 :
2382 2378 2528 2435 Unus
2544 2387 2627 2433 est
2656 2376 2725 2433 de
2756 2378 3017 2434 Trinitate
3049 2394 3257 2449 passus,
3288 2379 3445 2449 quale
3474 2388 3562 2434 est
3587 2379 3769 2434 dicere
3802 2394 3819 2432 :

2234 2469 2376 2525 Deus
2404 2479 2487 2525 est
2514 2485 2724 2540 passus.
2757 2470 2908 2526 Sicut
2933 2479 3112 2526 autem
3158 2471 3401 2541 quisquis
3432 2471 3603 2545 Deum
3634 2470 3825 2541 praedi-

2233 2573 2321 2618 cat
2344 2578 2583 2633 passum,
2614 2580 2719 2621 nou
2760 2564 3119 2621 substantiam
3153 2564 3451 2620 divinitatis
3491 2564 3625 2620 facit
3650 2566 3823 2636 passi-

2226 2655 2417 2723 bilem,
2447 2656 2541 2710 sed
2567 2656 2861 2711 divinitatis
2888 2656 3238 2727 impassibilis
3260 2666 3313 2711 et
3340 2656 3691 2712 humanitatis
3706 2671 3823 2726 qua:

2230 2749 2499 2819 subjacuit
2549 2749 2804 2819 passioni,
2840 2764 2997 2804 unam
3029 2758 3297 2804 monstrat
3340 2764 3461 2805 esse
3509 2763 3821 2820 personam,

2231 2844 2310 2899 sic
2340 2859 2502 2899 unum
2549 2844 2617 2899 de
2661 2844 2924 2899 Trinitate
2958 2860 3171 2915 passum
3198 2843 3497 2914 praedicans
3518 2885 3532 2911 ,
3561 2846 3823 2901 unitatem

2231 2951 2476 3007 persona:
2498 2936 2839 2992 commendat
2864 2938 2920 2991 in
2949 2938 3189 3007 utrisque
3214 2936 3421 2993 naturis
3470 2956 3482 2991 :
3530 2937 3824 2995 excludam

2232 3029 2565 3087 Nestoriantn
2614 3030 2887 3088 haereseos
2912 3031 3173 3086 nefariam
3207 3032 3577 3103 perﬁdamque
3621 3034 3823 3088 doctri-

2233 3138 2355 3179 nam
2383 3126 2519 3180 duos
2541 3123 2682 3180 ﬁlios
2706 3124 3028 3181 inducentis.
3060 3124 3226 3195 Neget
3248 3125 3405 3195 igitur
3422 3140 3586 3180 unum
3610 3124 3679 3180 de
3701 3123 3823 3180 Tri—

528 3224 691 3266 uttaut
726 3211 1020 3280 praedicare
1052 3218 1321 3265 naturam.
1357 3210 1500 3264 Duos
1544 3210 1681 3265 ﬁlios
1734 3211 1944 3281 ignorat
1990 3209 2124 3268 ﬁdes
2153 3194 2201 3267 C
2234 3221 2401 3277 nitate
2430 3233 2670 3289 passum,
2698 3219 2790 3289 qui
2815 3233 3014 3289 negare
3056 3194 3172 3274 vult
3218 3194 3380 3274 Deum
3407 3233 3650 3289 passum.
3686 3218 3824 3285 Quo-

523 3304 809 3369 catholiea,
841 3304 1219 3373 quaternitatis
1268 3313 1567 3359 assertores
1618 3305 1841 3359 omnino
1885 3304 2123 3361 detesta-

527 3403 651 3461 tur;
700 3403 757 3452 et
794 3394 995 3450 idcirco
1036 3410 1201 3461 nunc,
1234 3402 1492 3464 quantum
1522 3396 1775 3465 arbitror,
1804 3398 2125 3467 quibusdam

526 3486 694 3545 recta:
722 3488 846 3544 ﬁdei
875 3487 1310 3544 custodientibus
1338 3491 1600 3561 regulam,
1631 3491 1830 3560 placuit
1861 3505 2026 3545 unum
2057 3491 2127 3548 de

528 3587 797 3645 Trinitate
825 3602 1042 3659 passum
1077 3589 1257 3646 fateri.
1291 3588 1432 3644 Nihil
1464 3592 1659 3659 quippe
1689 3589 1829 3644 aliud
1862 3593 2129 3647 sentent'a

530 3678 655 3738 hac
700 3680 975 3737 insinuare
1018 3682 1383 3750 cognoscitur,
1418 3681 1522 3736 nisi
1553 3682 1726 3751 ipsum
1759 3694 1878 3737 esse
1908 3692 2127 3753 passum

524 3772 584 3828 in
616 3786 803 3839 carne,
832 3771 923 3842 qui
970 3773 1036 3827 de
1079 3772 1239 3829 Patre
1288 3772 1399 3828 Deo
1445 3780 1603 3828 natus
1629 3780 1733 3842 est,
1762 3772 1815 3827 id
1845 3782 1949 3839 est,
1975 3774 2131 3830 Citri-

526 3875 700 3933 stum,
728 3880 797 3922 ne
827 3876 1043 3935 putetur
1073 3866 1235 3922 homo
1264 3883 1430 3939 purus
1461 3869 1725 3925 tolerasse
1755 3870 2021 3939 passionis
2052 3873 2128 3926 in-

529 3960 719 4029 iurias.
744 3961 857 4016 Hoc
887 3976 1015 4033 ergo
1042 3962 1194 4030 dicit,
1215 3964 1306 4033 qui
1339 3978 1500 4020 unum
1528 3963 1594 4019 de
1619 3962 1884 4021 Trinitate
1912 3978 2130 4035 passum

536 4060 686 4116 dicit.
720 4060 833 4115 Non
879 4069 963 4117 est
991 4049 1175 4132 quarta
1211 4078 1441 4132 persona
1475 4063 1564 4134 qui
1596 4078 1784 4134 passus
1812 4073 1914 4127 est,
1941 4064 2035 4120 sed
2061 4064 2131 4119 ad

531 4166 813 4209 numerum
844 4155 1075 4225 pertinet
1100 4154 1399 4211 Trinitatis.
1418 4155 1639 4212 Manens
1665 4156 1811 4213 enim
1841 4156 1939 4212 Dei
1960 4156 2132 4212 Filius

530 4240 879 4317 impassibilis
902 4248 1195 4303 secundum
1225 4248 1587 4317 divinitatem,
1614 4263 1708 4318 per
1732 4248 2131 4318 susceptionem

528 4357 740 4404 natura:
769 4349 1038 4418 passibilis
1071 4348 1309 4418 passioni
1341 4347 1627 4419 subjacuit.
1658 4348 1726 4403 Et
1755 4350 1999 4420 quamvis
2027 4348 2133 4405 alia

535 4442 607 4498 sit
635 4444 687 4497 in
722 4442 1032 4498 illo‘natura
1064 4458 1159 4513 per
1190 4457 1348 4513 quam
1381 4458 1600 4513 semper
1630 4443 1980 4514 impassibilis
2010 4459 2130 4514 perd

536 4547 772 4605 severat,
799 4539 902 4593 alia
948 4553 1042 4609 per
1073 4554 1233 4608 quam
1263 4537 1462 4594 dicitur
1491 4538 1862 4609 temporaliter
1903 4553 2127 4609 passus,

2228 3315 2393 3370 modo
2421 3322 2601 3370 autem
2634 3313 2778 3369 Deus
2809 3328 3001 3384 passus
3035 3314 3105 3367 sit
3153 3312 3290 3367 bene
3319 3326 3507 3367 omnes
3536 3312 3730 3368 fideles
3751 3313 3825 3367 iu-

2233 3407 2498 3479 telligunt,
2522 3406 2819 3463 secundum
2843 3421 3058 3462 carnem
3088 3404 3324 3469 scilicet,
3347 3404 3645 3459 secundum
3667 3420 3823 3474 quam

2234 3500 2412 3571 potuit
2441 3499 2605 3554 Deus.
2642 3499 2894 3568 Alioquin
2948 3494 3305 3565 suscipiendae
3333 3496 3511 3550 carnis
3567 3496 3714 3551 nulla
3747 3510 3826 3550 τες

2231 3601 2477 3649 maneret
2525 3605 2691 3647 causa
2744 3590 3063 3662 probabilis,
3089 3590 3133 3645 si
3159 3589 3423 3659 potuisset
3444 3604 3541 3659 per
3571 3604 3631 3644 se
3659 3590 3825 3659 ipsam

2233 3684 2475 3757 passioni
2505 3683 2787 3755 subiacere
2814 3683 3086 3739 divinitas.
3110 3682 3187 3738 lta
3222 3691 3348 3737 nota
3389 3692 3516 3737 sunt
3542 3681 3663 3737 haec
3693 3694 3829 3752 pene

2233 3778 2483 3833 omnibus
2537 3776 2893 3844 Christianis,
2956 3785 3015 3831 ut
3062 3777 3495 3847 quandocunque
3544 3776 3830 3847 praedicari

2232 3873 2458 3929 audiunt
2502 3873 2669 3928 Deum
2722 3888 2973 3942 passum,
3007 3887 3116 3926 non
3156 3872 3454 3942 intelligant
3496 3872 3593 3927 nisi
3630 3871 3830 3927 Filium

2234 3966 2355 4034 Dei,
2383 3982 2482 4023 nec
2507 3967 2796 4037 opinentur
2819 3967 2973 4023 aliter
3002 3980 3218 4036 passum
3244 4007 3260 4033 ,
3293 3966 3396 4021 nisi
3418 3966 3691 4037 quomodo
3721 3965 3831 4035 pali

2234 4068 2289 4115 et
2309 4057 2492 4114 debuit
2520 4068 2575 4113 et
2604 4059 2775 4129 potuit
2800 4058 2960 4123 Deus,
2998 4058 3294 4113 secundum
3318 4058 3676 4115 substantiam
3703 4072 3831 4113 car-

2234 4153 2319 4208 nis
2344 4168 2502 4223 quant
2528 4150 2767 4222 suscepit
2815 4167 2883 4206 ex
2922 4161 3118 4207 matre.
3153 4151 3245 4207 Sic
3287 4164 3418 4221 ergo
3448 4150 3665 4219 quoties
3696 4163 3831 4204 unus

2232 4245 2303 4302 de
2332 4245 2596 4301 Trinitate
2627 4242 2823 4299 dicitur
2840 4259 3029 4315 passus
3048 4284 3062 4309 ,
3083 4258 3243 4300 nemo
3272 4243 3465 4298 saltem
3491 4242 3831 4313 interrogare

2235 4337 2580 4409 compellitur
2603 4355 2617 4395 :
2641 4337 2741 4405 Qui
2764 4337 2938 4392 unus?
2969 4346 3145 4392 utrum
3194 4336 3384 4393 Pater?
3414 4350 3483 4390 an
3535 4334 3739 4391 Filius?
3762 4350 3832 4392 an

2234 4432 2466 4502 Spiritus
2495 4432 2748 4487 sanctus?
2773 4432 2879 4487 Sed
2909 4448 3033 4487 mox
3062 4428 3265 4485 dixeris
3288 4444 3526 4501 passum,
3568 4429 3830 4485 continuo

2238 4528 2544 4598 intelligunt
2568 4526 2783 4593 Filium,
2810 4540 2966 4598 quem
2994 4526 3168 4581 solum
3196 4526 3373 4580 sciunt
3394 4524 3829 4581 contestantihus

532 4632 652 4702 ipse
680 4641 859 4688 tamen
889 4631 1236 4703 impassibilis
1259 4646 1445 4701 passus
1474 4642 1559 4690 est
1585 4648 1599 4687 :
1629 4648 1734 4687 non
1763 4633 1900 4687 alius
1925 4643 2006 4689 est
2029 4634 2129 4689 im-
2158 4603 2213 4664 Β
2238 4619 2541 4689 Evangelii?)
2592 4634 2831 4688 Passum.
2886 4617 3138 4688 νίΒίιθηῑθ
3192 4619 3245 4672 ί¹¹
3300 4618 3379 4672 eis
3426 4616 3589 4673 “iam
3630 4616 3704 4672 ad
3726 4616 3829 4671 hoc

540 4724 831 4797 passibilis,
862 4735 915 4782 et
945 4726 1081 4781 alius
1127 4742 1315 4795 passus
1350 4736 1450 4783 est.
1482 4725 1590 4782 Iste
1620 4736 1797 4782 autem
1827 4727 2132 4796 impassibi-

534 4818 623 4887 lis,
652 4819 766 4890 ipse
797 4830 881 4875 est
904 4820 1002 4879 Dei
1034 4819 1224 4885 Filius,
1255 4820 1396 4876 Deus
1425 4817 1751 4891 unigenitus,
1780 4827 1904 4874 ante
1934 4819 2131 4874 saecula

534 4926 597 4966 ex
636 4911 745 4967 Deo
775 4912 932 4969 Patre
960 4912 1278 4967 naturaliter
1310 4920 1503 4977 natus;
1548 4918 1601 4965 et
1644 4909 1725 4965 de
1757 4919 1947 4977 matre,
1983 4919 2131 4981 post-

534 5019 695 5075 quam
721 5004 867 5059 venit
895 5002 1177 5075 plenitudo
1206 5012 1525 5071 temporum,
1544 4999 2130 5073 misericorditer,quia

534 5107 718 5174 voluit,
752 5108 967 5179 genitus
1017 5124 1029 5159 :
1081 5106 1197 5161 sine
1244 5120 1351 5176 quo
1394 5104 1630 5161 Trinitas
1679 5120 1951 5177 nunquam
2000 5103 2132 5173 fuit;

531 5200 811 5270 quoniam,
842 5199 982 5255 sicut
1019 5197 1131 5268 jam
1181 5198 1432 5268 superius
1475 5200 1864 5269 enarravimus,
1899 5198 2135 5255 Trinitas

534 5300 638 5357 est,
664 5290 844 5356 Pater,
868 5301 923 5347 et
957 5289 1147 5360 Filius,
1173 5300 1227 5347 et
1256 5292 1484 5361 Spiritus
1517 5305 1733 5349 sanctus
1765 5312 1776 5346 :
1810 5306 1865 5348 et
1896 5292 2010 5349 sive
2035 5292 2137 5348 Pa-

2237 4715 2461 4771 scientia
2502 4722 2665 4770 rectas
2714 4711 3110 4784 prazdicationis
3146 4728 3161 4767 :
3206 4720 3265 4767 ut
3304 4716 3549 4781 quamvis
3579 4724 3829 4766 asserens

2238 4828 2401 4869 unum
2429 4812 2497 4868 de
2527 4810 2789 4867 Trinitate
2812 4825 3051 4880 passum,
3089 4824 3193 4863 non
3223 4807 3497 4878 adjiciam,
3528 4806 3829 4862 secundum

2237 4921 2487 4972 carnem;
2523 4906 2623 4975 ipsi
2650 4914 2829 4960 tamen
2860 4911 3007 4959 recte
3037 4900 3237 4957 dictum
3261 4941 3277 4967 ,
3304 4900 3455 4971 quasi
3488 4898 3589 4955 hoc
3611 4899 3831 4968 adjeceo

2234 4999 2335 5055 rim
2361 4999 2615 5064 sentiant,
2644 5000 2685 5053 si
2714 5004 2891 5052 tamen
2920 4994 3104 5064 procul
3144 4992 3443 5062 expellatur
3467 4990 3833 5048 contentionis

2228 5095 2481 5164 allectus,
2500 5092 2747 5148 universa
2778 5107 2897 5162 qua:
2921 5089 3066 5148 audit
3093 5087 3262 5159 magis
3289 5088 3480 5143 solitus
3506 5086 3829 5156 impugnare

2239 5202 2397 5259 quam
2428 5186 2673 5241 credere.
2705 5184 2847 5240 Nihil
2882 5185 3035 5253 plane
3065 5182 3267 5237 diutius
3307 5180 3547 5250 cogitans
3592 5177 3833 5247 reperire

2240 5280 2411 5348 valui,
2444 5279 2584 5336 unde
2612 5278 2779 5348 possit
2807 5277 2925 5333 haec
2950 5274 3220 5331 sententia
3251 5271 3417 5346 (quod
3446 5286 3475 5325 a
3507 5270 3832 5343 quibusdam

538 5394 673 5439 [rem
694 5428 706 5445 ,
737 5386 851 5440 sive
886 5386 1112 5453 Filium,
1142 5387 1255 5442 sive
1284 5386 1542 5458 spiritum
1576 5396 1819 5442 sanctum
1848 5387 2136 5442 suum“.
2233 5372 2531 5448 jac1itatur)
2564 5369 2911 5443 Eutychiauis
2966 5369 3203 5425 favorem
3275 5365 3533 5458 pratbere.
3579 5361 3835 5458 ΔΡτίωιιι-ιι

536 5476 643 5540 ris,
673 5474 912 5533 Trinitas
940 5491 1062 5533 esse
1104 5494 1209 5533 non
1254 5490 1464 5549 potest;
1497 5494 1596 5534 nec
1624 5479 1805 5545 Pater,
1836 5493 1934 5534 uec
1961 5478 2132 5534 Filius

536 5567 835 5623 secundum
880 5569 1240 5637 divinitatem,
1273 5588 1373 5628 nec
1406 5572 1639 5642 Spiritus
1670 5582 1889 5627 sanctus
1916 5582 2130 5629 creatu-

539 5659 616 5715 ris
642 5671 1131 5731 connumerantur;
1166 5680 1267 5721 nec
1299 5666 1478 5729 Pater,
1508 5680 1611 5720 nec
1642 5664 1810 5719 Filius
1834 5666 2129 5721 secundum

538 5752 902 5821 divinitatem,
928 5770 1026 5811 nec
1056 5757 1288 5824 Spiritus
1316 5770 1531 5814 sanctus
1560 5758 1628 5815 de
1655 5760 1854 5815 mundo
1885 5761 2008 5830 hoc,
2038 5770 2129 5816 aut

542 5848 612 5905 de
637 5852 897 5905 creaturis
922 5868 1042 5910 esse
1072 5855 1451 5922 perhibentur;
1486 5855 1578 5912 sed
1609 5856 1722 5912 sola
1755 5856 1981 5913 invicem
2011 5856 2128 5915 Tri-

2239 5469 2440 5542 quippe
2462 5466 2799 5522 mendacium
2816 5462 3092 5520 delirantis
3112 5456 3424 5532 Eutychetis
3445 5457 3545 5512 hoc
3568 5456 3701 5512 fuit:
3719 5454 3837 5511 uui-

2237 5564 2479 5636 genitum
2512 5561 2699 5628 Deum,
2734 5556 2948 5629 quando
2980 5555 3097 5610 ﬁeri
3127 5555 3288 5609 homo
3308 5552 3557 5623 dignatus
3584 5560 3691 5619 est,
3723 5565 3835 5607 non

2237 5658 2339 5715 sibi
2356 5653 2712 5726 assumpsisse
2733 5666 2949 5708 carnem
2972 5650 3041 5705 de
3063 5658 3216 5704 utero
3235 5647 3478 5719 virginali
3496 5664 3514 5714 ;
3532 5645 3833 5704 secundum

2237 5767 2365 5809 vero
2398 5767 2412 5806 :
2444 5765 2549 5806 non
2566 5762 2692 5805 esse
2720 5749 2938 5802 nuncin
2964 5742 3180 5800 Christo
3204 5741 3530 5797 substantias
3560 5740 3717 5805 duas,
3750 5739 3834 5796 di-

2236 5848 2473 5903 vinitatis
2532 5855 2586 5903 et
2644 5841 3013 5903 humanitatis.
3046 5842 3140 5899 sed
3190 5852 3257 5897 ex
3308 5836 3629 5896 duabushis
3665 5852 3833 5897 unam
