4104 6360
331 354 424 418 SOI

1524 332 1879 401 EPISTOUE
1915 328 2006 391 ET
2034 328 2415 391 OPUSCULA.

3513 320 3617 381 902

330 474 524 530 factum
583 484 706 527 esse
764 467 1137 527 substantiam.
1172 466 1544 523 Retractemus
1596 462 1757 533 igitur
1811 454 1929 513 dili-
1956 453 2010 512 A
2032 450 2255 507 credere
2284 463 2443 520 quam
2468 444 2748 505 sentimus.
2776 442 3166 504 Admonendus
3192 448 3376 500 tamen
3398 439 3622 499 videtur

329 574 520 641 genter
545 573 799 635 utrasque
844 563 1159 629 sententias,
1190 568 1243 617 et
1274 560 1317 616 si
1364 559 1448 614 vel
1483 557 1573 612 uni
1604 569 1785 611 earum
1830 567 1921 609 co-

2025 545 2113 602 cui
2144 542 2349 614 prolata
2397 542 2715 613 simpliciter
2744 540 3105 611 suspicionem
3133 545 3475 596 commovent
3505 549 3625 593 ver-

331 628 504 728 ;ptari
553 628 729 726 potest
774 656 871 710 ista
923 656 1188 711 sententia
1216 667 1331 723 quae
1358 665 1520 706 unum
1559 649 1626 706 de
1660 647 1924 704 Trinitate
2027 638 2117 702 ba.
2144 651 2251 692 ηοη
2281 636 2441 691 toties
2471 644 2564 690 ειη
2612 634 2949 691 diVinilalem
2997 632 3218 697 ChriSli.
3252 640 3345 687 θυι
3374 628 3627 687 human“

335 757 551 821 passum
574 748 792 817 fatetur,
827 748 1107 803 sollicitius
1127 745 1475 815 inquirantus.

412 863 498 917 12.
524 862 685 930 Quid,
728 878 879 933 rogo,
913 860 1124 931 proﬁcit
1182 862 1249 915 ad
1296 856 1600 930 negandum
1647 855 1784 911 Filio
1833 853 1929 909 Dei

340 956 573 1014 materni
623 958 865 1027 corporis
912 957 1190 1011 veritatem
1214 994 1229 1019 ,
1259 951 1476 1023 quando
1506 963 1643 1005 unus
1666 948 1734 1004 de
1754 945 1932 1003 Trini-

343 1060 455 1109 tate
483 1064 673 1122 passus
711 1049 1009 1106 asseriturf
1037 1049 1255 1111 Nonne,
1297 1047 1339 1101 si
1375 1057 1516 1099 unus
1559 1043 1626 1099 de
1674 1040 1934 1097 Trinitate

345 1157 451 1215 est,
492 1163 618 1204 vere
646 1147 810 1201 Filius
831 1145 925 1201 Dei
953 1143 1072 1201 est?
1097 1152 1150 1199 et
1177 1143 1221 1198 si
1257 1154 1449 1211 passus
1477 1146 1583 1204 est,
1618 1152 1742 1192 vere
1774 1134 1936 1190 habet

348 1241 579 1298 materni
631 1238 871 1308 corporis
926 1234 1255 1293 veritatem?
1287 1231 1539 1302 Alioquin
1586 1229 1710 1283 tolle
1741 1240 1937 1296 corpus

348 1347 414 1389 ex
436 1341 606 1387 matre
636 1342 924 1401 sumptum,
950 1337 1006 1383 et
1027 1327 1296 1397 quomodo
1322 1323 1429 1394 pati
1455 1322 1629 1393 potuit
1647 1335 1777 1389 pura
1802 1318 1939 1373 divi-

348 1423 522 1480 nitas?
544 1422 821 1493 Perpende
841 1420 1010 1492 qualis
1032 1430 1249 1476 estcaro
1268 1416 1467 1481 Mariae,
1494 1414 1609 1469 sine
1628 1412 1792 1468 dubio
1812 1424 1942 1479 pas-

349 1507 519 1571 sibilis
548 1527 601 1572 et
625 1516 868 1571 mortalis
900 1532 915 1570 :
946 1522 1004 1568 ut
1033 1526 1162 1580 ergo
1184 1505 1332 1566 esset
1359 1522 1485 1563 caro
1517 1505 1675 1560 Verbi
1709 1501 1939 1571 passibi-

350 1609 417 1665 lis
436 1619 491 1664 et
521 1609 779 1673 mortalis,
808 1622 875 1663 ev
902 1608 991 1662 illa
1020 1620 1183 1660 carne
1212 1604 1371 1658 habet
1398 1602 1662 1671 originem
1692 1613 1813 1668 quae
1845 1595 1946 1651 fuit

353 1702 626 1771 passibilis
650 1700 983 1755 etmortalis.
1003 1699 1059 1753 ln
1080 1698 1226 1767 prole
1244 1696 1681 1765 igiturcoguosce
1696 1689 1947 1745 similitu-

355 1791 535 1846 dinem
554 1789 763 1861 generis
781 1806 871 1860 per
885 1788 1249 1845 testimonium
1279 1784 1543 1855 passionis
1560 1800 1573 1847 ;
1590 1778 1948 1849 etexpugnari

356 1882 526 1949 magis
550 1881 912 1954 Eutychianos
933 1894 1093 1950 quam
1122 1877 1313 1941 foveri,
1344 1873 1558 1945 quando
1580 1885 1718 1926 unus
1739 1870 1805 1925 de
1825 1868 1943 1923 Tri-

358 1974 530 2029 nitate
554 1984 748 2041 passus
775 1971 1057 2037 asseritur,
1087 1969 1221 2025 velis
1252 1967 1393 2023 nolis
1416 1965 1658 2020 adverte.
1694 1962 1823 2017 Sine
1847 1959 1951 2015 du-

358 2062 452 2119 bio
502 2066 644 2119 enim
701 2064 801 2119 sub
843 2063 937 2131 his
969 2061 1152 2118 verbis
1179 2060 1342 2115 etiam
1369 2056 1687 2125 praedicator
1718 2052 1873 2107 unius
1901 2050 1956 2105 in

368 2154 586 2213 Christo
614 2156 923 2213 substantiae
980 2154 1307 2211 confutatur.
1337 2150 1401 2206 Ut
1428 2149 1495 2203 sit
1526 2147 1669 2203 enim
1712 2142 1957 2199 Christus

362 2265 503 2306 unus
527 2248 594 2304 de
624 2250 910 2314 Trinitate,
938 2249 1002 2303 ad
1036 2246 1370 2301 divinitatem
1399 2241 1667 2311 pertinet;
1697 2246 1755 2292 ut
1774 2236 1959 2292 creda-

365 2351 450 2397 tur
468 2357 680 2411 passus,
723 2341 789 2396 ad
840 2341 1254 2395 humanitatem.
1288 2336 1406 2391 Non
1460 2344 1603 2391 esset
1650 2332 1741 2403 qui
1770 2343 1960 2401 passus

365 2444 470 2500 εει,
491 2447 626 2487 unus
648 2432 715 2487 de
737 2417 1021 2498 Trinitate,
1037 2433 1136 2487 nisi
1161 2445 1318 2486 unam
1345 2428 1566 2484 haberet
1582 2441 1703 2482 cum
1722 2427 1879 2483 Patre
1902 2434 1961 2481 et

366 2524 567 2596 Spiritu
590 2534 777 2580 sancto
796 2525 1151 2580 divinitatem.
1180 2524 1295 2579 Non
1324 2529 1468 2577 esset
1488 2536 1679 2592 passus
1703 2520 1794 2589 qui
1825 2534 1962 2575 unus

374 2630 457 2675 est
487 2620 556 2673 de
576 2618 865 2686 Trinitate,
892 2618 993 2672 nisi
1019 2616 1534 2672 consubstantialem
1560 2614 1717 2668 matri
1740 2613 1965 2669 haberet

379 2708 797 2764 humanitatem.
832 2710 1001 2765 Sileat
1053 2725 1182 2780 ergo
1235 2709 1393 2763 unius
1437 2716 1643 2762 natura:
1669 2706 1723 2760 in
1750 2705 1966 2762 Christo

371 2800 716 2873 prmdicator.
749 2801 891 2855 Duas
942 2800 1086 2856 enim
1135 2809 1359 2855 naturas
1403 2807 1815 2866 commemorat,
1877 2795 1967 2867 qui

372 2906 537 2949 unum
565 2890 633 2945 de
674 2887 941 2946 Trinitate
973 2906 1187 2961 passum
1215 2889 1431 2946 fatetur.
1462 2889 1815 2959 Suspiciones
1843 2904 1967 2945 suas

373 2985 604 3041 inaniter
625 2984 787 3055 rodit,
815 2986 1061 3057 quisquis
1091 2986 1231 3041 bene
1250 2985 1389 3041 dicta
1419 2984 1548 3039 dum
1574 2984 1717 3040 male
1741 2992 1970 3040 conatur

376 3074 701 3149 intelligere,
749 3080 1083 3147 calumniari,
1117 3077 1316 3148 potius,
1338 3093 1499 3148 quam
1548 3078 1732 3133 doceri
1768 3079 1965 3133 studet.

332 3218 343 3229 .
379 3169 555 3227 Unum
589 3173 657 3228 de
679 3173 943 3228 Trinitate
973 3187 1187 3242 passum
1213 3171 1543 3228 Nestorianis
1570 3185 1678 3227 non
1706 3171 1973 3228 immerito

2031 738 2196 785 tatem
2244 728 2467 800 negari,
2502 727 2714 797 quoties
2762 743 2869 782 non
2911 724 3073 781 simul
3104 740 3241 781 sono
3269 723 3418 780 vocis
3456 735 3629 777 enun-

2032 825 2232 879 tiantur
2265 840 2277 876 :
2306 821 2453 877 Unus
2476 831 2572 887 est,
2603 822 2678 877 ait
2708 820 3020 891 Apostolus,
3048 820 3187 875 Deus
3221 818 3399 886 Pater,
3433 834 3497 871 ea:
3523 830 3627 887 quo

2036 917 2245 980 omnia;
2268 928 2312 968 et
2343 930 2475 969 unus
2506 913 2757 968 Dominus
2784 912 2935 967 Iesus
2964 912 3201 968 Christus
3230 928 3319 982 per
3337 926 3489 982 quem
3516 925 3631 964 om-

2038 1008 2125 1060 nia
2157 1005 2208 1078 (ι
2236 1004 2354 1061 Cor.
2379 1020 2497 1072 vm,
2529 1006 2605 1076 6).
2644 1005 2785 1060 Ecce
2842 1006 3129 1062 Dominum
3161 1004 3434 1059 Christum
3468 1000 3630 1068 dixit,

2044 1096 2314 1153 hominem
2346 1099 2531 1164 tacuit,
2563 1112 2665 1153 nec
2718 1106 2896 1152 tamen
2940 1096 3064 1151 ideo
3114 1109 3339 1165 negasse
3365 1092 3637 1165 putandus

2044 1200 2147 1246 est.
2177 1191 2383 1246 Rursus
2430 1191 2484 1245 in
2532 1191 2638 1246 alio
2687 1191 2805 1246 loco
2846 1190 2912 1244 ad
2959 1188 3301 1244 Timotheum
3352 1186 3634 1243 scribens:

2049 1281 2196 1338 Unus
2235 1290 2308 1337 est
2346 1282 2595 1336 mediator
2627 1280 2720 1335 Dei
2741 1288 2787 1335 et
2812 1280 3077 1334 hominum
3100 1282 3250 1333 homo
3282 1275 3517 1332 Christus
3544 1274 3638 1330 Je-

2046 1392 2134 1430 sus
2162 1373 2219 1445 (Ι
2252 1374 2384 1429 Tim.
2412 1390 2474 1439 ιι,
2497 1372 2577 1443 5).
2614 1373 2777 1441 Ecce,
2813 1368 3089 1428 homin‘em
3144 1371 3307 1437 dixit,
3341 1369 3509 1425 Deum
3562 1377 3642 1424 ta-

2049 1466 2194 1532 cuit;
2219 1482 2327 1523 non
2358 1476 2539 1522 tamen
2572 1465 2693 1521 ideo
2714 1464 2926 1538 negavit
2951 1465 3122 1536 (tanta
3146 1463 3345 1534 quippe
3369 1462 3539 1516 virtus
3559 1468 3643 1517 est

2051 1559 2377 1614 sacramenti
2427 1558 2775 1629 ineﬂabilis);‘,
2805 1567 2859 1615 et
2913 1558 2992 1613 sic
3044 1556 3099 1612 in
3147 1570 3308 1612 unam
3358 1568 3644 1624 personam

2054 1651 2186 1707 duas
2232 1663 2453 1707 naturas
2505 1650 2850 1718 singulariter
2910 1658 2967 1705 et
3025 1647 3344 1704 mirabiliter
3392 1644 3645 1701 adunavit

2058 1745 2200 1800 Deus
2227 1745 2386 1801 homo
2408 1743 2829 1799 misericorditer
2861 1741 3053 1807 factus,
3079 1749 3135 1795 ut
3161 1738 3432 1795 Christum
3461 1738 3647 1795 Jesum

1974 1856 2023 1917 Β
2062 1836 2176 1890 sive
2207 1834 2373 1890 Deum
2405 1833 2574 1900 dicas,
2608 1832 2881 1888 hominem
2910 1846 3125 1902 quoque
3154 1830 3313 1886 simul
3337 1828 3602 1899 inteliigas
3628 1845 3645 1895 ;

2057 1928 2169 1983 sive
2198 1928 2469 1983 hominem
2489 1926 2795 1983 conﬁtearis
2815 1968 2832 1993 ,
2855 1924 3021 1981 Deum
3052 1938 3264 1995 quoque
3304 1923 3463 1978 simul
3492 1922 3649 1980 intel-

2059 2022 2212 2093 ligas.
2249 2021 2492 2076 Humana
2521 2030 2606 2075 est
2633 2019 2689 2074 in
2715 2018 2809 2073 illo
2838 2016 3124 2084 divinitas,
3156 2025 3212 2072 et
3233 2016 3409 2071 divina
3436 2022 3521 2069 est
3546 2015 3649 2069 hu-

2060 2112 2311 2169 manitas.
2343 2112 2630 2182 Propterea
2667 2111 2758 2166 ille
2784 2110 2952 2181 magis
2982 2106 3259 2179 cujusdam
3290 2103 3648 2175 separationis

2062 2214 2154 2262 aut
2178 2205 2457 2261 divisionis
2483 2205 2713 2259 seminat
2740 2203 3130 2271 suspicionem,
3163 2200 3253 2270 qui
3280 2198 3414 2255 duas
3434 2207 3653 2253 naturas

2062 2300 2222 2355 aliter
2242 2314 2347 2355 non
2377 2297 2629 2368 intelligit
2652 2338 2670 2365 ,
2703 2296 2807 2352 nisi
2854 2296 3057 2363 ambas,
3086 2293 3319 2349 audierit
3366 2291 3653 2348 nominari.

2066 2392 2203 2448 Ecce
2227 2389 2528 2446 audivimus
2556 2390 2609 2445 in
2637 2388 2926 2460 Evangelio
2948 2402 3131 2444 vocem
3164 2386 3363 2443 Christi
3384 2384 3614 2441 dicentis
3639 2402 3654 2441 :
3710 2452 3713 2453 ν

2067 2481 2226 2537 Pater
2242 2484 2411 2553 major
2439 2496 2517 2536 me
2540 2490 2614 2536 est
2645 2480 2825 2552 (Joan.
2848 2494 2942 2535 xtv
2967 2520 2984 2545 ,
3014 2477 3133 2547 28);
3164 2477 3308 2549 quod
3359 2476 3656 2535 secundum

2069 2575 2359 2632 humanam
2403 2575 2613 2631 videtur
2656 2574 2857 2630 dixisse
2904 2581 3148 2629 naturam
3190 2589 3205 2628 :
3255 2572 3493 2643 nunquid
3533 2572 3658 2629 ideo

2067 2669 2375 2740 putabimus
2405 2683 2529 2723 eum
2552 2683 2657 2724 non
2688 2668 2885 2724 habere
2909 2667 2963 2723 in
2986 2681 3045 2723 se
3071 2666 3429 2732 divinitatem,
3462 2680 3656 2723 secuti-

2070 2762 2197 2817 dum
2224 2777 2383 2832 quam
2410 2761 2547 2816 dixit
2568 2761 2624 2817 in
2650 2761 2756 2817 alio
2782 2762 2903 2819 loco
2937 2779 2949 2815 :
2984 2761 3097 2832 Ego
3130 2770 3180 2815 et
3212 2760 3371 2816 Pater
3392 2777 3554 2815 unum
3572 2776 3659 2815 su.

2072 2871 2188 2915 mus
2216 2852 2398 2927 (Joan.
2435 2870 2490 2920 ι,
2521 2853 2641 2924 50)?
2689 2854 2876 2910 Nonne
2901 2854 3118 2924 quando
3144 2853 3279 2908 dixit
3313 2871 3325 2906 :
3357 2851 3519 2908 Pater
3549 2869 3661 2907 ma-

2063 2949 2158 3021 jor
2172 2966 2249 3004 me
2270 2956 2365 3013 est,
2390 2947 2576 3017 tacuit,
2594 2946 2705 3020 Ego
2724 2956 2776 3003 et
2796 2945 2956 3002 Pater
2972 2962 3134 3001 unum
3146 2962 3323 3001 sumus
3342 2946 3430 3000 ?et
3449 2947 3662 3016 quando

2074 3041 2208 3097 dixit
2239 3059 2251 3096 :
2285 3042 2397 3114 Ego
2428 3047 2475 3094 et
2508 3040 2664 3095 Pater
2693 3056 2852 3095 unum
2881 3056 3082 3105 sumus,
3111 3039 3297 3105 tacuit,
3312 3036 3471 3094 Pater
3495 3041 3663 3107 maior

2078 3147 2156 3189 me
2182 3131 2294 3185 est?
2324 3128 2463 3185 Nihil
2514 3139 2693 3185 tamen
2738 3129 2931 3185 horum
2983 3130 3215 3198 negavit.
3242 3128 3492 3184 Dicamus
3518 3142 3653 3200 ergo

381 3263 645 3334 displicet.
664 3221 1015 3322 lntroducer'e
1044 3267 1187 3322 enim
1202 3277 1445 3337 quartam
1466 3278 1748 3335 persoiia-m
1770 3266 1976 3334 volunt,
2003 3257 2052 3325 ο
2080 3223 2230 3337 filii
2252 3224 2484 3337 Vrit“?
2500 3222 3113 3337 ,ξι

381 3356 468 3412 cui
501 3357 758 3413 accidisse
779 3359 1047 3413 aestimant
1089 3360 1383 3429 passiones.
1417 3356 1764 3429 Eutychiauis
1790 3366 1973 3414 autem

387 3465 549 3506 unum
580 3451 646 3507 de
669 3452 932 3509 Trinitale
960 3468 1176 3524 passum
1207 3467 1311 3508 non
1334 3462 1481 3509 recte
1503 3452 1698 3522 placet,
1723 3453 1766 3507 si
1797 3461 1974 3510 tamen

374 3542 582 3613 .placet.
612 3543 715 3613 Ipsi
741 3547 890 3603 enim
934 3547 1068 3604 duas
1123 3546 1321 3603 Christi
1364 3562 1682 3619 permanere
1724 3558 1972 3618 naturas,

387 3635 669 3692 evidenter
696 3653 892 3710 negare
921 3639 1271 3705 contendunt,
1295 3640 1489 3710 quibus
1519 3652 1614 3710 per
1637 3640 1742 3696 hoc
1769 3642 1975 3712 capitu-

390 3724 499 3783 lum
532 3730 813 3787 manifeste
838 3731 1224 3787 contradicitur
1252 3749 1266 3786 :
1305 3730 1571 3787 insinuata
1596 3747 1697 3787 una
1728 3734 1975 3787 substan-

388 3818 457 3873 tia
480 3834 582 3890 ,per
598 3820 701 3875 hoc
728 3822 867 3892 quod
903 3838 1038 3878 unus
1065 3823 1136 3878 de
1162 3823 1455 3889 Trinitate;
1487 3822 1749 3878 insinuata
1768 3836 1978 3894 quoque

390 3908 492 3965 alia
524 3926 619 3980 per
642 3912 742 3967 hoc
758 3914 899 3982 quod
924 3929 1111 3982 passus
1126 3914 1370 3969 infertur.
1388 3913 1572 3969 Passio
1589 3915 1730 3969 enim
1743 3930 1978 3971 comme-

390 4012 598 4057 morata
624 4004 983 4059 testimonium
1007 4013 1092 4059 est
1108 4015 1310 4060 natura:
1328 4005 1594 4073 passibilis
1619 4023 1630 4057 :
1651 4016 1838 4060 natura
1858 4020 1982 4076 pas-

391 4096 563 4152 sibilis
591 4097 859 4153 intellecta
874 4142 888 4163 ,
917 4097 1145 4154 maxime
1165 4100 1217 4152 in
1245 4098 1337 4153 illo
1354 4098 1444 4168 qui
1469 4112 1604 4151 unus
1618 4098 1685 4153 de
1699 4098 1979 4169 Trinitate,

392 4187 617 4243 duarum
643 4189 1060 4244 substantiarum
1098 4188 1449 4243 clarissimam
1484 4186 1657 4243 reddit
1679 4188 1980 4243 distinctio-

394 4297 539 4337 nem.
566 4283 671 4337 Sed
706 4284 927 4338 forsitan
964 4291 1056 4337 aut
1102 4281 1325 4337 nitnium
1358 4267 1715 4349 suspiciosus,
1748 4289 1841 4335 aut
1868 4297 1985 4337 om-

402 4374 528 4428 nino
576 4373 757 4428 tardus
801 4374 1012 4429 auditor
1054 4381 1238 4444 aperta
1284 4372 1552 4428 locutione
1579 4370 1851 4427 desiderat
1906 4371 1985 4427 in-

398 4467 533 4522 strui
563 4484 577 4522 :
607 4467 858 4523 videlicet
902 4477 960 4522 ut
1006 4468 1216 4538 quoties
1267 4465 1505 4523 conﬁteri
1537 4464 1867 4521 delectamur
1895 4473 1987 4521 aut

397 4559 567 4616 Deum
596 4577 832 4631 passum,
858 4569 953 4617 aut
982 4578 1145 4617 unum
1189 4559 1256 4616 de
1295 4560 1557 4615 Trinitate
1598 4572 1837 4628 passum,
1862 4557 1984 4628 quia

2082 3317 2249 3386 mine,
2273 3315 2386 3387 Ego
2417 3324 2465 3371 et
2493 3315 2649 3371 Pater
2687 3330 2851 3369 unum
2888 3329 3068 3368 sumus
3090 3330 3109 3380 ;
3132 3327 3200 3369 ne
3231 3312 3413 3369 Ariani
3442 3327 3555 3370 non
3581 3327 3665 3368 ar-

2079 3413 2347 3470 bitrentur
2372 3410 2655 3481 aequalem.
2683 3409 2851 3466 Multa
2875 3417 3167 3465 occurrunt
3188 3408 3385 3465 similia
3418 3408 3514 3477 pio
3556 3414 3666 3463 stu-

2079 3507 2169 3563 dio
2191 3505 2610 3576 requirentibus.
2642 3503 2782 3559 Ecce
2830 3504 3023 3559 iterum
3061 3500 3193 3558 dicit
3230 3502 3348 3572 ipse
3387 3500 3667 3568 Salvator;

2082 3598 2196 3671 Ego
2220 3616 2283 3654 ea:
2303 3614 2391 3654 ore
2415 3598 2667 3653 Altissimi
2688 3594 2893 3667 prodivi
2923 3593 3115 3665 (Eccli.
3141 3609 3288 3660 xatv,
3310 3591 3388 3663 5),
3408 3594 3558 3662 quod
3580 3608 3669 3650 se-

2081 3693 2317 3750 cundum
2362 3691 2703 3747 divinitatem
2754 3690 2964 3746 locutus
2991 3696 3097 3743 est.
3119 3686 3373 3742 Dicamus
3397 3688 3472 3751 ei,
3503 3685 3669 3754 adde,

2083 3787 2349 3844 Domine:
2378 3785 2458 3840 Ex
2482 3794 2637 3840 utero
2663 3782 2931 3853 virginali,
2958 3780 3101 3849 quod
3134 3780 3359 3850 pertinet
3390 3780 3456 3834 ad
3481 3780 3669 3835 huma-

2082 3879 2431 3941 nitatem;ne
2478 3879 2668 3944 putent
2717 3870 2997 3926 Maniebmi
3036 3870 3119 3927 vel
3173 3870 3513 3940 Eutychiani,
3546 3871 3672 3939 quia

2086 3988 2192 4029 non
2207 3988 2264 4027 es
2290 3978 2447 4025 natus
2468 3983 2534 4025 ex
2552 3982 2736 4025 carne.
2756 3966 2947 4023 Liceat
2966 3965 3120 4023 nobis
3139 3964 3281 4020 inter
3300 3964 3531 4021 scientes
3544 3979 3672 4036 quo-

2086 4065 2247 4122 modo
2277 4062 2561 4118 credamus
2586 4059 2904 4130 simpliciter
2926 4058 3095 4129 loqui.
3122 4056 3181 4113 In
3204 4057 3419 4113 nomine
3458 4054 3671 4111 Domini

2085 4156 2215 4213 Jesu
2236 4154 2463 4224 apostoli
2492 4153 2872 4221 baptizabant:
2906 4148 3145 4220 nunquid
3193 4149 3315 4215 quia
3356 4148 3572 4204 Patrem
3620 4156 3675 4203 et

2086 4248 2345 4319 Spiritum
2374 4254 2621 4303 sanctum
2642 4244 2911 4313 tacebant,
2937 4243 3059 4299 ideo
3090 4241 3391 4312 negabant?
3414 4248 3507 4296 aut
3552 4239 3676 4296 ideo

2100 4341 2399 4413 baptismus
2423 4341 2515 4396 ille
2541 4354 2646 4395 non
2670 4338 2900 4394 dabatur
2919 4337 2973 4391 in
2997 4335 3216 4392 nomine
3238 4334 3433 4401 Patris,
3459 4343 3512 4390 et
3534 4332 3678 4400 Filii,

2088 4447 2143 4496 et
2169 4436 2404 4507 Spiritus
2430 4432 2624 4500 sancti,
2642 4432 2765 4504 quia
2791 4431 2845 4487 in
2876 4429 3093 4489 nomine
3120 4428 3328 4485 Domini
3348 4428 3477 4484 Jesu
3501 4427 3679 4500 bapti-

2092 4543 2243 4585 zasse
2299 4525 2526 4598 apostoli
2579 4523 2969 4596 perhibentur?
2998 4522 3191 4578 Nonne
3245 4529 3467 4591 propter
3508 4520 3679 4576 'tm‘ius

396 4665 453 4711 et
481 4658 635 4712 Pater
663 4658 825 4726 Deus,
851 4667 907 4712 et
929 4658 1163 4727 Spiritus
1195 4665 1412 4710 sanctus
1436 4654 1598 4719 Deus,
1618 4662 1672 4708 et
1691 4653 1847 4707 simul
1878 4660 1988 4707 tota
2015 4654 2069 4717 Β
2094 4616 2889 4727 ξυιξῗιξῗίίωηθῩηξξη-Ψίέῗέφ
2909 4622 3677 4727 ’λθξ-ΡνξξιξξξθῩΗ-η-θῗθ

401 4748 633 4803 Trinitas
663 4750 839 4816 Deus;
866 4760 919 4805 et
950 4751 1105 4807 Pater
1130 4764 1266 4805 unus
1287 4750 1353 4805 de
1375 4749 1657 4813 Trinitate,
1682 4756 1736 4801 et
1754 4746 1989 4817 Spiritus

404 4850 460 4892 sa
470 4846 619 4891 nctus
636 4854 773 4892 unus
788 4840 855 4894 de
871 4839 1151 4895 Trinitate.
1180 4840 1286 4895 Sed
1312 4840 1549 4894 dicentes
1564 4840 1729 4893 Deum
1749 4852 1989 4905 passum,

334 4977 338 4981 .
406 4930 661 4986 continuo
680 4930 990 4997 inferamus,
1022 4933 1317 4987 secundum
1338 4946 1575 4998 carnem,
1616 4945 1684 4983 ne
1733 4938 1825 4983 aut
1880 4939 1989 4986 tota

336 5088 339 5093 ν
407 5022 641 5080 Trinitas
698 5024 1001 5091 passionem
1050 5024 1374 5093 suscepisse,
1413 5034 1503 5077 aut
1560 5023 1675 5091 ipse
1725 5021 1890 5075 Filius
1935 5021 1989 5076 iu

407 5115 701 5173 substantia
728 5114 1027 5172 divinitatis
1049 5132 1171 5187 quae
1197 5125 1282 5173 est
1311 5115 1385 5171 illi
1415 5130 1535 5172 cum
1559 5115 1718 5169 Patre
1745 5127 1990 5169 commu-

340 5260 343 5263 ,
408 5208 515 5281 nis,
539 5223 730 5281 passus
758 5217 994 5281 putetur.
1013 5210 1082 5266 Et
1106 5209 1161 5265 in
1193 5209 1539 5279 hacquidem
1570 5217 1721 5279 parte
1752 5221 1871 5264 mos
1895 5223 1992 5279 ge-

406 5308 609 5363 rendus
636 5317 721 5363 est
750 5305 1060 5374 talibus;et
1107 5306 1154 5361 si
1205 5306 1287 5361 sic
1327 5305 1515 5361 audire
1564 5304 1893 5370 desiderant,
1917 5306 1997 5360 sic

320 5388 342 5458 ἐ
410 5403 572 5457 etiam
607 5416 705 5459 nos
734 5402 880 5471 loqui
909 5401 1162 5457 convenit
1187 5418 1202 5457 :
1230 5398 1379 5455 Unus
1408 5399 1476 5455 de
1506 5398 1801 5463 Trinitate,
1837 5398 1888 5453 id
1916 5406 2000 5454 est

411 5490 600 5565 Filius,
628 5510 737 5551 una
768 5509 995 5568 persona
1018 5494 1088 5551 de
1117 5493 1287 5550 tribus
1309 5493 1572 5563 personis,
1600 5505 1789 5562 passus
1814 5498 1895 5547 est
1917 5505 2002 5547 se-

411 5588 645 5643 cundum
665 5603 904 5655 carnem,
929 5602 1089 5659 quam
1114 5587 1349 5657 suscepit
1372 5600 1445 5642 “ex
1472 5585 1647 5652 nobis,
1678 5594 1732 5640 ut
1752 5584 2001 5655 dignare-

414 5686 501 5733 tur
524 5679 833 5749 passionem
863 5680 1099 5736 tolerare
1127 5694 1226 5752 pro
1251 5679 1429 5737 nobis.

486 5791 577 5848 15.
614 5793 885 5847 Addamus
918 5794 1079 5850 verba
1110 5794 1389 5853 manifesta
1423 5800 1491 5847 ne
1521 5802 1857 5846 occasmnem
1910 5787 2006 5844 de-

392 5898 537 5944 «Inus
576 5885 1006 5952 interpretationi
1069 5886 1387 5960 malitiosos.
1446 5893 1807 5952 putemuruue
1866 5878 2007 5937 aliud

2092 4715 2393 4774 individuae
2416 4712 2695 4769 Trinitatis
2720 4712 2881 4767 etiam
2926 4709 3047 4766 solo
3094 4706 3325 4763 Domino
3349 4706 3476 4763 Jesu
3502 4706 3682 4763 nomi-

2098 4822 2244 4878 nato,
2275 4811 2435 4866 Pater
2460 4822 2670 4880 quoque
2710 4815 2764 4864 et
2812 4806 3044 4876 Spiritus
3082 4803 3374 4860 sancnsrin
3399 4799 3598 4858 virtute
3616 4796 3683 4856 'il-

2097 4908 2201 4963 lius
2228 4905 2460 4961 nominis
2488 4904 2632 4973 quod
2660 4914 2825 4957 unum
2854 4909 2938 4957 est
2965 4915 3033 4955 ex
3056 4899 3247 4967 tribus,
3272 4896 3533 4951 nominati
3564 4908 3684 4950 esse

2097 4996 2530 5068 cognoscuntur?
2552 4994 2628 5049 Ita
2660 4994 2821 5050 etiam
2846 4994 2893 5048 si
2919 4992 3093 5049 solum
3122 4990 3454 5044 divinitatem
3484 4983 3685 5043 ChriSti

2099 5092 2393 5157 nominem,
2420 5089 2530 5159 jam
2563 5089 2721 5144 simul
2769 5087 3157 5143 humanitatem
3202 5079 3497 5145 nominavi,
3527 5092 3686 5149 quam

2097 5186 2199 5241 sibi
2240 5182 2492 5239 adunavit
2534 5196 2599 5236 ex
2629 5179 2902 5249 iViI-gine;
2932 5176 3051 5233 etsi
3080 5174 3248 5230 solam
3298 5170 3686 5227 humanitatem

2100 5281 2393 5344 nominem,
2427 5276 2586 5334 simul
2614 5276 2944 5333 divinitatem
2986 5265 3280 5331 nominavi,
3323 5263 3412 5319 cui
3440 5271 3524 5319 est
3556 5262 3688 5318 adu-

2104 5375 2499 5431 nata.Possunt
2520 5374 2604 5427 hae
2652 5371 2772 5425 duae
2800 5362 3119 5422 substantia:
3147 5362 3203 5415 in
3227 5358 3444 5415 ChriSto
3467 5358 3585 5413 sine
3612 5357 3690 5413 in-

2103 5471 2276 5527 vicem
2306 5465 2576 5539 loquendo
2624 5460 2878 5533 proferri,
2911 5472 3019 5515 non
3044 5462 3278 5528 possunt
3302 5453 3421 5511 sine
3461 5451 3689 5511 invicem

2104 5565 2376 5626 credendo
2402 5556 2673 5633 cognosci.

2180 5685 2269 5743 id.
2292 5684 2430 5739 Nam
2463 5692 2589 5736 ecce
2613 5673 2755 5747 apud
2778 5664 3012 5729 Miletum
3041 5662 3337 5738 majoribus
3360 5670 3486 5747 natu
3510 5658 3695 5715 Ecele-‘

2109 5783 2205 5840 site
2244 5775 2480 5835 salubria
2528 5746 2742 5829 monita
2778 5766 2967 5823 beatus
3013 5760 3138 5817 dum
3184 5756 3417 5813 traderet
3448 5746 3694 5807 Paulus:

2113 5877 2388 5937 Attendite.
2421 5874 2610 5939 inquit,
2643 5870 2780 5926 vobis
2812 5876 2855 5922 et
2901 5861 3131 5919 universo
3176 5849 3341 5923 gregi,
3385 5846 3438 5903 in
3478 5860 3583 5915 quo
3610 5856 3696 5898 vos
