4104 6360
485 335 588 400 903

1393 333 1763 396 FULGENTII
1797 332 2147 395 FERRANDI
2186 334 2463 395 DIACONI
2498 333 2843 398 CARTHAG.

3660 332 3780 392 9οὲ

488 455 715 524 Spiritus
743 461 946 506 sanctus
975 451 1230 507 constituit
1280 452 1540 522 episcopos
1585 468 1756 523 regere
1782 452 2067 508 Ecclesium
2094 455 2150 515 Λ
2173 471 2335 510 unum
2368 457 2434 511 de
2489 454 2770 520 Trinitate,
2828 451 2967 523 quod
3001 462 3103 517 est,
3155 466 3314 506 unam
3359 465 3654 521 personam
3702 453 3778 507 de

492 547 617 613 Dei,
645 561 798 614 quant
829 545 1093 614 acquisivit
1135 562 1228 599 suo
1259 547 1507 616 sanguine
1527 547 1664 615 (Act.
1697 562 1786 610 xx,
1820 546 1939 615 28).
1972 546 2068 601 Dic

487 638 667 702 modo,
693 638 929 708 gentium
976 638 1191 705 Docmr,
1221 647 1274 692 et
1324 636 1589 706 responde
1637 639 1791 692 nobis
1847 637 2066 707 aliquid,

490 731 631 802 quod
658 731 816 785 etiam
849 747 947 786 nos
979 731 1200 785 multum
1227 731 1540 800 suspiciosis
1569 739 1817 799 oporteat
1843 745 2068 799 respou-

486 824 633 878 dere.
663 821 850 877 Dixisti
909 823 1078 878 Deum
1136 823 1427 877 Ecdesiam
1475 823 1770 891 acquisisse
1812 823 2071 890 sanguine

489 931 615 981 suo;
650 931 816 986 quare
866 931 970 972 non
1017 917 1265 971 addidisti
1300 917 1531 970 Filium?
1555 916 1681 986 quid
1719 918 1760 970 si
1795 916 1932 970 alius
1965 914 2070 967 I’ao

490 1019 624 1064 trem
651 1010 843 1080 putet?
869 1009 993 1078 quid
1018 1011 1062 1063 si
1094 1010 1230 1064 alius
1261 1011 1518 1078 Spiritum
1551 1009 1829 1064 sanctum?
1863 1008 1983 1076 quia
2020 1015 2074 1062 et

492 1100 650 1156 Pater
679 1102 796 1155 sine
823 1099 985 1156 dubio
1011 1102 1148 1155 Deus
1167 1143 1180 1166 ,
1206 1111 1259 1155 et
1299 1100 1524 1168 Spiritus
1555 1109 1774 1155 sanctus
1805 1100 1946 1153 Deus
1967 1110 2068 1153 est.

493 1196 601 1248 Aut
630 1195 672 1247 si
701 1193 870 1248 Deum
904 1193 1221 1262 simpliciter
1251 1193 1678 1259 nominasti,~vel
1703 1192 1917 1262 quando
1948 1207 2069 1246 eum

491 1284 670 1338 dixisti
720 1283 1016 1352 acquisisse
1065 1283 1357 1337 Ecclesiam
1409 1283 1665 1352 sanguine
1718 1297 1836 1347 suo,
1865 1282 2074 1336 diceres

492 1373 759 1444 quomodo
785 1374 979 1430 habeat
1003 1374 1317 1443 sanguinem
1345 1373 1505 1439 Deus,
1532 1382 1584 1427 et
1609 1373 1857 1438 adderes,
1884 1385 2075 1428 seCun-

493 1467 618 1520 dum
650 1482 902 1522 carnem:
944 1481 1012 1521 ne
1037 1467 1155 1535 quis
1185 1473 1334 1535 putet
1365 1465 1487 1536 quia
1510 1467 1670 1521 etiam
1703 1465 1958 1520 divinitas
1981 1465 2078 1519 ha-

497 1559 625 1614 bere
661 1569 752 1613 aut
778 1560 1054 1615 effundere
1083 1560 1390 1628 sanguinem
1420 1568 1618 1628 putest.
1646 1557 1770 1612 Scio
1803 1557 1928 1627 quid
1953 1557 2077 1612 huic

491 1655 885 1721 percontationi
910 1653 1013 1707 Vas
1043 1653 1323 1708 electionis
1374 1654 1490 1707 sine
1541 1668 1689 1706 mora
1731 1651 2072 1721 respondeat.

495 1746 668 1811 Nosti,
699 1762 732 1801 ο
787 1747 883 1811 ﬁli,
933 1747 1365 1816 praedicationem
1405 1762 1613 1811 meam;
1663 1760 1828 1814 quare
1861 1745 2076 1798 dubiam

2174 548 2345 602 tribus
2365 547 2604 616 personis
2637 543 2923 614 :quoniam
2966 544 3010 597 si
3061 542 3240 610 dicas,
3276 542 3389 598 Una
3418 552 3500 598 est
3527 558 3774 610 persona

2174 641 2392 702 Christi,
2441 637 2575 692 nihil
2607 637 2747 690 aliud
2778 636 2933 700 dicis,
2958 649 3115 704 quam
3144 674 3160 700 ,
3199 633 3348 689 Unus
3377 645 3462 689 est
3489 634 3773 689 Christus.

2177 729 2308 783 Etsi
2339 729 2569 793 dixeris,
2608 727 2752 782 Unus
2779 737 2862 781 est
2916 727 3074 781 Pater
3121 735 3212 780 aut
3233 726 3465 794 Spiritus
3518 739 3771 784 sanctus.

2177 825 2310 878 nihil
2335 823 2480 878 aliud
2508 823 2642 877 dicis
2663 837 2843 892 quam,
2879 821 2992 877 Una
3027 829 3109 876 est
3154 836 3380 891 persona
3439 820 3619 875 Patris
3681 829 3776 873 aut

2175 915 2404 982 Spiritus
2426 914 2618 967 sancti.
2639 913 2818 966 Potest
2835 912 3050 981 quidem
3070 927 3205 966 unus
3222 912 3382 967 etiam
3405 912 3773 966 substantiam

2175 1007 2504 1077 signiﬁcare,
2531 1007 2622 1061 sed
2656 1006 2700 1060 si
2730 1006 2898 1060 addes
2924 1006 3239 1060 substantiae
3273 1006 3552 1076 proprium
3591 1005 3771 1059 mani-

2177 1095 2482 1168 festumque
2509 1096 2851 1162 vocabulum,
2890 1098 3031 1152 sicut
3072 1099 3286 1167 quando
3333 1097 3491 1163 dicis,
3524 1098 3772 1152 Trinitas

2179 1205 2338 1257 unus,
2363 1199 2416 1245 et
2437 1193 2694 1247 continuo
2722 1193 3014 1259 subinfers,
3034 1194 3197 1249 Deus.
3233 1194 3486 1263 Alioquin
3512 1193 3643 1247 tolle
3677 1209 3773 1248 no-

2178 1298 2302 1337 men
2331 1283 2471 1353 quod
2531 1285 2799 1356 adiungis,
2839 1287 2928 1342 ubi
2976 1287 3273 1342 substantia
3305 1288 3645 1356 signiﬁcatur
3671 1329 3684 1351 ,
3720 1296 3775 1342 et

2178 1375 2284 1442 dic,
2319 1375 2363 1430 si
2390 1375 2556 1431 audes
2591 1393 2603 1429 :
2637 1377 2819 1440 Pater,
2873 1386 2928 1432 et
2958 1378 3126 1432 Filius
3153 1418 3169 1443 ,
3202 1389 3256 1432 et
3286 1378 3521 1444 Spiritus
3548 1389 3774 1434 sanctus

2177 1481 2319 1521 unus
2345 1475 2490 1522 sunt.
2523 1466 2654 1535 Quis
2691 1470 2835 1523 enim
2867 1485 2974 1524 non
3011 1471 3291 1535 continuo,
3326 1469 3476 1524 Unus
3507 1480 3656 1535 sunt,
3692 1485 3774 1526 se-

2179 1561 2411 1616 cundum
2465 1577 2750 1631 personam
2787 1563 2988 1618 dictum
3039 1575 3434 1631 consequenter
3482 1565 3768 1634 intelligat,

2179 1661 2236 1706 et
2264 1651 2481 1707 Sabellii
2527 1653 2816 1723 redarguat
2847 1653 3181 1708 vanitatem?
3235 1653 3394 1707 Vides
3443 1669 3574 1722 ergo
3647 1655 3773 1723 quia

2181 1749 2399 1818 proprie
2426 1763 2564 1804 unus
2595 1749 2660 1803 ad
2717 1764 3002 1818 personam
3044 1749 3275 1816 pertinet
3333 1749 3767 1817 signiﬁcandam,

495 1838 689 1906 putasti
719 1837 1034 1892 sententiam
1067 1839 1281 1891 meam?
1305 1838 1419 1892 Jatn
1447 1852 1546 1906 ego
1569 1836 1676 1889 dixi
1705 1852 1718 1888 :
1746 1835 1902 1888 Pater
1933 1833 2075 1888 Filio
2107 1848 2155 1908 Β
2182 1843 2425 1911 quamvis
2453 1842 2707 1911 adjuncto
2728 1841 2829 1896 sibi
2853 1841 3137 1910 cujuslibet
3165 1841 3482 1897 substantia:
3504 1843 3770 1898 vocabulo

491 1931 705 1998 praprio
727 1947 830 1983 non
862 1932 1101 1999 pepercit,
1129 1933 1218 1984 sed
1268 1947 1360 2000 pro
1409 1930 1551 1983 nobis
1595 1929 1828 1984 omnibus
1861 1929 2074 1983 tradidit

493 2025 637 2078 illum
661 2024 834 2096 (Rom.
865 2041 978 2089 Vlll,
1006 2024 1121 2092 52),
1147 2034 1203 2079 ut
1225 2025 1387 2079 Filius
1415 2033 1619 2079 tantum
1669 2039 1858 2094 passus
1889 2038 1917 2076 a
1947 2038 2076 2092 gen-

493 2116 635 2170 tibus
664 2115 992 2170 crederetur.
1021 2117 1260 2184 Jamcgo
1302 2116 1410 2168 dixi
1469 2132 1482 2168 :
1537 2115 1635 2180 Qui
1679 2131 1793 2167 cum
1817 2115 1868 2166 in
1910 2115 2076 2182 {arma

495 2207 589 2260 Dei
615 2216 760 2273 esset,
787 2223 885 2261 non
913 2208 1148 2278 rapinam
1192 2209 1468 2260 arbitratus
1499 2217 1568 2259 est
1596 2222 1702 2259 esse
1741 2221 1794 2258 se
1831 2207 2078 2270 aequalem

494 2297 624 2365 Deo,
654 2302 742 2353 sed
791 2302 1115 2368 semetipsum
1172 2299 1467 2362 exinanivit,
1498 2299 1717 2366 formam
1760 2297 1888 2350 sert'i
1944 2298 2080 2349 acci-

495 2391 656 2462 piens,
691 2392 743 2443 in
769 2390 1157 2443 similitudinem
1182 2390 1447 2442 hominum
1477 2390 1642 2458 factus
1669 2428 1684 2453 ,
1715 2396 1763 2440 et
1797 2388 1968 2440 habitu
2000 2388 2081 2441 in-

501 2491 676 2535 uentus
705 2491 759 2535 ut
791 2483 960 2535 homo.
991 2479 1302 2534 Humiliavit
1331 2495 1404 2547 se,
1431 2480 1597 2549 factus
1647 2479 1882 2533 obediens
1924 2495 2081 2547 usque

497 2574 566 2624 ad
607 2583 841 2635 mortem,
874 2581 1088 2624 mortem
1135 2581 1306 2624 autem
1355 2571 1520 2624 crucis
1555 2569 1780 2642 (Philip.
1814 2585 1872 2634 ll,
1913 2568 1966 2633 6,
2000 2569 2079 2638 8),

498 2674 556 2721 ut
585 2666 640 2720 in
671 2667 901 2720 humana
930 2665 1228 2721 substantia
1275 2674 1517 2720 mortuus
1563 2665 1664 2718 rite
1717 2661 2033 2716 crederetur
2066 2679 2081 2716 :

499 2773 656 2828 quem
702 2768 877 2814 tamen
925 2767 981 2811 ut
1006 2758 1174 2812 Deum
1206 2771 1582 2826 cognosceres,
1608 2753 1932 2809 ﬁducialiter
1958 2753 2085 2808 alibi

505 2850 715 2905 locutus
736 2863 852 2902 sum
882 2865 896 2902 :
921 2849 1003 2902 Ex
1029 2849 1208 2917 quibus
1241 2848 1475 2901 Christus
1532 2846 1809 2900 secundum
1855 2861 2082 2911 carnem,

502 2941 586 3012 qui
611 2949 686 2995 est
724 2955 876 3010 super
904 2940 1074 2993 omnia
1111 2938 1248 2992 Deus
1291 2937 1576 2990 benedictus
1604 2938 1656 2989 in
1683 2937 1873 2989 stecula
1905 2934 2081 3005 (Rom.

503 3048 577 3100 Ix,
603 3033 682 3104 5).
709 3034 1022 3104 Cognosco,
1052 3041 1234 3086 sancte
1283 3030 1476 3094 Paule,
1510 3030 1806 3083 doctrinam
1848 3027 2088 3083 veritatis

505 3128 895 3198 plenissimam,
920 3142 1020 3183 nec
1048 3127 1180 3180 mihi
1205 3125 1469 3181 sententia
1502 3133 1587 3179 tua
1621 3126 1672 3178 in
1698 3125 1832 3180 libro
1855 3125 2087 3178 Actuum

2182 1937 2352 2004 possit
2382 1934 2542 1988 etiam
2568 1935 2920 1989 substantiam
2943 1935 3267 2004 signiﬁcare.
3287 1935 3620 2003 Simpliciter
3644 1953 3770 2009 ergo

2179 2026 2480 2092 audiamus,
2507 2041 2673 2080 unum
2704 2027 2770 2080 de
2811 2026 3072 2080 Trinitate
3118 2041 3350 2092 passum,
3377 2027 3433 2081 id
3473 2036 3578 2093 est,
3607 2044 3768 2084 unam

2181 2135 2467 2189 personam
2494 2137 2560 2176 ex
2591 2120 2758 2176 tribus
2790 2121 3055 2190 personis.
3085 2119 3193 2174 Nec
3227 2121 3354 2175 mihi
3376 2122 3648 2191 quispiam
3679 2139 3770 2179 ve-

2183 2211 2532 2280 litopponere
2561 2230 2574 2265 :
2605 2211 2659 2266 Si
2683 2209 2910 2266 dicimus
2933 2226 3097 2265 unum
3121 2210 3188 2264 de
3211 2211 3500 2278 Trinitate,
3530 2215 3770 2272 dicamus

2181 2320 2347 2360 unum
2376 2305 2443 2359 de
2468 2304 2818 2372 humanitate,
2848 2307 2983 2359 sicut
3008 2304 3234 2358 dicimus
3261 2305 3448 2367 Deum.
3469 2317 3524 2360 et
3554 2324 3767 2366 rursum

2183 2397 2414 2451 dicimus
2444 2394 2742 2449 hominem.
2776 2394 2938 2449 Deum
2973 2399 3176 2466 quippe
3202 2413 3322 2452 cum
3349 2396 3601 2462 dicimus,
3627 2410 3771 2454 recte

2185 2490 2346 2544 etiam
2391 2489 2662 2543 hominem
2711 2487 2969 2555 dicimus,
3001 2493 3121 2558 quia
3151 2500 3205 2545 et
3233 2491 3372 2546 Deus
3396 2503 3451 2546 et
3484 2492 3647 2547 homo
3671 2509 3769 2548 no-

2184 2582 2330 2637 mina
2354 2581 2780 2637 substantiarum
2804 2593 2948 2637 sunt.
2978 2583 3128 2638 Unus
3161 2595 3365 2651 autem,
3389 2588 3511 2654 quia
3559 2588 3770 2656 proprie

2186 2689 2469 2746 personam
2493 2675 2789 2744 signiﬁcat;
2835 2677 2982 2732 Unus
3010 2687 3065 2732 et
3097 2693 3234 2734 unus
3259 2695 3594 2750 nequaquam
3623 2683 3770 2750 cogi-

2189 2777 2364 2822 temus
2386 2766 2586 2834 dicere,
2604 2781 2669 2822 ne
2695 2767 2826 2822 duas
2843 2768 3124 2824 videamur
3143 2785 3455 2826 asseverare
3489 2787 3767 2841 personas.

2187 2861 2313 2916 Ideo
2344 2861 2500 2929 plane
2537 2876 2702 2914 unum
2745 2861 2813 2915 de
2859 2861 3119 2918 Trinitate
3175 2863 3512 2929 conﬁtemur,
3567 2874 3623 2919 et
3670 2881 3772 2920 non

2187 2968 2354 3008 unum
2378 2953 2444 3006 de
2471 2951 2799 3008 humanitate
2824 2969 2840 3019 ;
2864 2955 2984 3023 quia
3010 2955 3148 3009 Deus
3164 2957 3306 3011 venit
3327 2956 3392 3010 ad
3424 2965 3637 3012 uterum
3661 2956 3772 3010 Vir-

2187 3045 2344 3115 ginis,
2370 3052 2424 3098 et
2449 3043 2682 3099 adventu
2710 3057 2808 3098 suo
2856 3060 3052 3100 munus
3078 3047 3127 3099 ei
3172 3045 3403 3117 largiens
3433 3047 3774 3102 fecunditatis

2189 3137 2307 3193 sine
2330 3135 2488 3190 sorde
2535 3135 2794 3202 libidinis,
2823 3135 3108 3192 humanam
3130 3138 3230 3193 sibi
3255 3149 3500 3194 naturam
3530 3149 3776 3209 potenter

507 3219 873 3287 apostolorum
896 3217 1055 3272 dubia
1081 3231 1314 3285 unquam
1360 3215 1478 3269 fuit.
1506 3214 1748 3270 Intellexi
1781 3215 1970 3282 Deum,
1999 3216 2082 3285 qui

2193 3240 2354 3299 atque
2387 3228 2728 3284 ineﬁabiliter
2785 3230 3056 3295 adunavit,
3091 3240 3240 3286 tanto
3271 3231 3486 3286 vinculo
3534 3233 3775 3297 unitatis,

505 3310 766 3381 sanguine
781 3323 879 3365 suo
893 3307 1487 3378 acquisivitEcclesiam
1514 3321 1664 3362 suam
1685 3306 1823 3377 (Act.
1853 3322 1944 3373 xx,
1969 3307 2085 3378 28),

507 3415 613 3455 non
645 3415 766 3456 esse
795 3401 897 3454 nisi
946 3398 1215 3454 Christum
1259 3399 1441 3453 Jesum
1491 3397 1681 3453 Filium
1709 3399 1823 3463 Dei,
1857 3412 1958 3454 nec
1989 3399 2088 3453 ha-

502 3492 690 3550 buisse
741 3491 1074 3560 sanguinem,
1109 3491 1211 3545 nisi
1261 3489 1554 3545 secundum
1587 3490 1939 3545 substantiam
1970 3504 2092 3544 car-

507 3586 612 3640 nis.
641 3583 748 3640 Sed
769 3593 988 3653 pr0pter
1011 3584 1142 3638 istos
1174 3583 1274 3638 ista
1302 3582 1411 3636 dixi
1432 3623 1445 3648 ,
1479 3583 1569 3652 qui
1616 3597 1754 3638 nunc
1808 3583 2089 3638 audientes

465 3705 470 3712 -
508 3690 670 3732 unum
711 3676 777 3730 de
806 3674 1066 3730 Trinitate
1099 3690 1311 3744 passum
1334 3717 1348 3741 ,
1382 3675 1569 3730 dicunt
1613 3692 1627 3729 :
1688 3675 1864 3740 Adde,
1892 3689 2088 3730 secun-

508 3773 632 3830 dum
663 3784 918 3836 carnem;
945 3769 1094 3840 quasi
1152 3769 1307 3824 aliter
1353 3768 1580 3838 intelligi
1625 3768 1845 3832 debeat,
1878 3767 2090 3823 etiamsi

507 3878 606 3933 ego
629 3878 733 3918 non
760 3862 989 3927 addam;
1015 3860 1099 3916 vel
1125 3861 1324 3916 addere
1359 3861 1582 3915 multum
1608 3859 1975 3916 necessarium
1999 3861 2087 3927 sit,

508 3953 652 4022 quod
694 3953 908 4007 etiamsi
941 3968 1044 4008 non
1075 3952 1323 4018 addatur,
1357 3962 1600 4022 apparet.
1630 3952 1885 4007 Libenter
1914 3963 2093 4008 tamen

508 4045 652 4114 exigi
698 4059 728 4098 a
770 4060 856 4100 me
909 4045 1086 4114 patior
1113 4047 1252 4116 quod
1280 4047 1420 4099 ultro
1454 4046 1681 4101 reddere
1703 4062 1819 4100 sum
1850 4057 2091 4115 paratus.

512 4135 891 4192 Incunctanter
936 4137 1139 4205 profert
1185 4137 1363 4207 lingua
1394 4138 1537 4206 quod
1579 4139 1772 4192 retinet
1802 4140 2091 4194 conscien-

508 4229 598 4282 tia.
637 4227 782 4283 Unus
832 4227 899 4282 de
948 4227 1214 4282 Trinitate
1267 4229 1430 4283 Filius
1476 4229 1571 4284 Dei
1619 4230 1866 4285 Christus
1910 4230 2091 4298 Jesus,

507 4319 596 4387 qui
620 4326 703 4373 est
729 4333 834 4372 una
883 4333 1110 4386 persona
1167 4319 1234 4373 de
1287 4321 1457 4374 tribus
1499 4323 1764 4390 personis,
1790 4336 1982 4390 passus
2010 4331 2093 4377 est

508 4411 805 4465 secundum
834 4423 1072 4464 carnem.
1106 4409 1185 4464 Tu
1217 4427 1343 4466 vero
1367 4413 1408 4467 si
1435 4413 1544 4482 jam
1589 4414 1766 4469 credis
1793 4431 1896 4468 non
1939 4413 2092 4468 mali-

509 4499 646 4554 tiose
675 4513 844 4554 unum
890 4498 959 4554 de
1003 4499 1260 4555 Trinitate
1306 4517 1520 4571 passum
1551 4503 1677 4572 dici,
1712 4503 1800 4558 die
1846 4504 2094 4559 similiter

2194 3332 2253 3377 ut
2283 3337 2508 3392 persona
2532 3320 2692 3378 Verbi
2721 3321 2873 3376 ﬁeret
2916 3338 3142 3392 persona
3183 3324 3391 3390 carnis,
3435 3333 3491 3379 et
3527 3323 3774 3392 deinceps

2194 3429 2299 3468 una
2331 3414 2488 3468 Verbi
2511 3429 2738 3484 persona
2765 3423 2908 3469 esset
2949 3423 3004 3468 et
3048 3415 3246 3470 carnis.
3280 3415 3404 3470 Ideo
3455 3417 3638 3470 dicere
3669 3415 3775 3469 nul-

2195 3504 2406 3561 latenus
2431 3521 2723 3576 possumus
2752 3521 2915 3560 unum
2930 3505 2997 3562 de
3025 3506 3289 3563 Trinitate
3317 3515 3371 3562 et
3397 3522 3559 3560 unum
3591 3507 3660 3561 de
3681 3505 3776 3561 hu-

2198 3597 2474 3663 manitate,
2503 3598 2588 3651 vel
2617 3612 2781 3652 unum
2835 3597 3111 3652 Trinitatis
3138 3609 3190 3653 et
3213 3613 3376 3654 unum
3409 3599 3776 3665 humanitatis,

2195 3695 2318 3764 quia
2349 3694 2402 3748 in
2429 3692 2646 3747 Christo
2681 3693 2808 3749 Jesu
2830 3707 3115 3761 personam
3173 3691 3455 3762 propriam
3487 3692 3776 3760 separatim

2197 3801 2304 3841 non
2325 3785 2488 3840 habet
2519 3785 2822 3838 humanitas
2847 3825 2861 3850 ,
2898 3784 2990 3839 sed
3041 3798 3269 3854 persona
3303 3784 3464 3838 Verbi
3498 3785 3585 3838 Dei
3611 3798 3644 3837 a
3671 3796 3779 3852 quo

2196 3889 2444 3947 suscepta
2465 3888 2570 3945 est,
2599 3877 2712 3947 ipsa
2736 3877 2810 3931 illi
2836 3877 2973 3931 facta
2995 3887 3078 3932 est
3105 3878 3344 3947 propria.
3393 3877 3780 3947 Distinguimus

2195 3987 2320 4042 ergo
2336 3981 2550 4026 naturas
2573 3971 2706 4027 duas
2727 3971 2926 4026 Christi
2956 3971 3006 4024 in
3032 3971 3326 4035 vocabulis,
3356 3971 3409 4025 in
3436 3969 3652 4038 ofﬁciis,
3675 3985 3780 4025 non

2196 4065 2250 4120 in
2272 4065 2545 4134 personis.
2574 4064 2697 4118 ldeo
2727 4077 2949 4118 securus
2975 4063 3105 4118 dicit
3156 4064 3447 4132 Apostolus
3479 4080 3492 4117 :
3530 4062 3645 4117 Nos
3684 4078 3781 4116 au-

2196 4168 2296 4212 tem
2316 4158 2655 4228 prazdicamus
2679 4157 2936 4210 Christum
2977 4156 3303 4223 cruciﬁxum,
3354 4156 3554 4208 Juda’is
3581 4156 3780 4223 quidem

2196 4250 2514 4309 scandalum,
2547 4249 2774 4318 gentibus
2818 4258 2988 4301 autent
3019 4245 3294 4299 stultitiam
3324 4263 3342 4309 ;
3393 4246 3517 4313 ipsis
3545 4261 3662 4298 vero
3690 4261 3780 4297 eo-

2196 4339 2323 4391 catis
2344 4337 2542 4391 Juda‘is
2576 4347 2621 4388 et
2653 4334 2846 4389 Gracia
2887 4335 3150 4389 Christum
3187 4336 3280 4388 Dei
3322 4345 3557 4388 virtutem
3588 4344 3638 4388 ct
3682 4333 3780 4388 Dei

2194 4427 2498 4496 sapientiam
2524 4424 2574 4492 (1
2615 4424 2732 4478 Cor.
2766 4439 2823 4487 Il,
2854 4423 2924 4476 23
2944 4466 2959 4491 ,
2988 4423 3104 4494 24).
3137 4427 3273 4478 Ecce
3296 4424 3541 4478 Christus
3569 4424 3781 4477 cruciﬁ-

2197 4535 2297 4574 xus
2326 4520 2440 4588 ipse
2471 4528 2550 4574 est
2574 4519 2670 4573 Dei
2698 4518 2869 4572 virtus
2892 4527 2945 4571 et
2975 4517 3068 4572 Dei
3116 4518 3399 4586 sapientia.
3443 4520 3623 4585 Quare
3652 4531 3779 4586 ergo

509 4593 652 4648 bono
697 4606 859 4647 sensu
904 4592 1039 4647 sicut
1065 4607 1182 4663 ego.
1212 4596 1266 4649 Si
1311 4605 1488 4650 autem
1532 4595 1741 4649 dubitas
1777 4595 1973 4665 adhuc,
2005 4597 2082 4652 dic

2197 4623 2303 4664 non
2329 4609 2538 4663 dicatur
2569 4623 2705 4663 unus
2727 4608 2793 4662 de
2846 4608 3108 4663 Trinitate
3140 4610 3375 4680 passus?
3405 4611 3486 4664 An
3535 4609 3781 4664 Christus

510 4698 670 4738 unam
726 4699 1008 4752 personam
1058 4686 1126 4741 de
1191 4686 1360 4742 tribus
1416 4701 1650 4756 passam,
1684 4688 1859 4755 idest,
1895 4688 2088 4745 Filium

509 4772 605 4828 Dei
638 4773 924 4834 Dominum
949 4775 1134 4832 Jesum
1168 4777 1439 4832 Christum
1488 4777 1780 4832 secundum
1826 4793 2040 4836 carnem
2072 4797 2088 4835 τ

509 4879 580 4919 ne
610 4865 652 4919 si
682 4880 840 4920 unam
868 4881 1147 4934 personam
1194 4869 1262 4922 de
1302 4867 1472 4923 tribus
1499 4882 1708 4938 passam
1733 4870 1966 4938 proﬁteri
1994 4885 2091 4927 no-

507 4955 694 5026 lueris,
729 4967 969 5027 quartam
1001 4959 1242 5014 conﬁteri
1269 4960 1587 5027 inveniaris;
1617 4970 1673 5017 et
1701 4965 1817 5020 sine
1845 4963 1949 5020 ulla
1976 4979 2088 5020 am-

507 5048 763 5119 biguitate
784 5050 1016 5108 Nestorii
1040 5052 1297 5120 iudiceris
1319 5069 1504 5111 errore
1534 5071 1832 5126 possessus.

585 5142 673 5196 15.
700 5144 884 5200 Omnis
913 5159 1042 5215 ergo
1072 5146 1368 5203 catholicus
1392 5160 1481 5204 aut
1525 5166 1685 5205 unum
1713 5151 1779 5206 de
1828 5152 2088 5210 Trinitate

509 5250 723 5303 passum
749 5237 1065 5307 simpliciter
1089 5239 1270 5296 audiat
1296 5283 1309 5308 ,
1335 5243 1649 5312 simpliciter
1679 5245 1851 5310 dicat;
1884 5255 1974 5300 aut
2005 5247 2086 5301 lo-

507 5345 678 5399 quens
705 5341 860 5385 caute
887 5371 902 5396 ,
933 5346 1040 5387 non
1071 5343 1246 5390 tamen
1275 5335 1582 5404 inﬁdeliter,
1617 5353 1772 5392 unam
1804 5353 2087 5408 personam

508 5420 576 5477 de
600 5423 771 5478 tribus
801 5438 1010 5492 passam
1041 5425 1269 5483 fateatur
1295 5446 1308 5494 ;
1336 5445 1436 5485 nec
1466 5431 1587 5486 ideo
1619 5432 1918 5502 quempiam
1939 5433 2086 5503 judi-

507 5521 593 5567 cet
622 5513 955 5582 hmreticum,
1004 5521 1094 5588 qui
1144 5537 1309 5576 unum
1345 5524 1412 5578 de
1441 5525 1702 5580 Trinitate
1736 5540 1946 5594 passum
1991 5527 2085 5583 illo

510 5616 676 5659 sensu
698 5605 845 5672 dicit,
877 5623 984 5678 quo
1010 5611 1170 5664 etiam
1198 5612 1315 5682 ipse
1338 5630 1495 5669 unam
1521 5631 1805 5686 personam
1830 5618 1896 5673 de
1921 5619 2086 5676 tribus

510 5709 726 5764 passam
754 5701 1022 5754 veraciter
1045 5700 1198 5770 dicit;
1227 5705 1494 5777 simulque
1516 5709 1789 5765 ambulare
1818 5712 1955 5767 viam
1984 5713 2087 5769 Do-

500 5785 632 5847 mini
679 5803 1053 5863 properemus,
1095 5809 1284 5867 pacem
1337 5807 1606 5861 tenentes.
1639 5803 1751 5861 lloc
1778 5815 1861 5863 est
1886 5805 2083 5879 quippe

2200 4699 2295 4754 Dei
2319 4701 2487 4754 virtus
2533 4709 2588 4755 et
2618 4701 2708 4755 Dei
2741 4700 3006 4770 sapientia
3053 4716 3160 4756 non
3214 4709 3299 4756 est
3346 4716 3483 4756 unus
3511 4703 3581 4757 de
3610 4702 3780 4758 Trini-

2200 4789 2338 4844 tate?
2374 4789 2480 4844 Sed
2508 4790 2609 4845 hoc
2629 4790 2718 4860 qui
2747 4799 2924 4857 negat,
2967 4800 3154 4858 aperte
3203 4790 3354 4844 dicat
3392 4791 3555 4846 etiam
3582 4804 3778 4845 secun-

2199 4881 2324 4936 dum
2363 4881 2693 4936 divinitatem
2723 4882 2915 4936 Filium
2942 4896 3048 4936 non
3070 4896 3190 4936 esse
3213 4897 3374 4936 unum
3406 4881 3472 4937 de
3493 4881 3775 4936 Trinitate.

2197 4973 2253 5028 Si
2285 4984 2460 5028 autem
2485 4975 2782 5028 secundum
2809 4973 3138 5029 divinitatem
3175 4974 3424 5030 Christus
3445 4989 3584 5030 unus
3605 4986 3689 5030 est
3713 4975 3782 5031 de

2191 5063 2476 5132 Trinitate,
2510 5073 2566 5118 et
2607 5065 2896 5120 secundum
2923 5066 3252 5122 divinitatem
3280 5069 3451 5122 virtus
3483 5068 3574 5122 Dei
3613 5075 3700 5123 est
3724 5078 3779 5124 et

2191 5157 2486 5227 sapientia;
2516 5156 2763 5214 Christus
2791 5169 2965 5216 autem
2987 5160 3276 5216 cruciﬁxus
3299 5161 3469 5216 virtus
3498 5160 3592 5215 Dei
3622 5169 3780 5216 estet

2191 5249 2451 5319 sapientia
2477 5266 2491 5314 ;
2525 5257 2671 5306 recte
2711 5251 2896 5322 utique
2925 5251 3141 5318 dicitur,
3173 5255 3297 5324 quia
3331 5269 3468 5309 unus
3497 5253 3566 5310 de
3598 5253 3777 5310 Trini-

2193 5354 2300 5401 tate
2323 5353 2405 5400 est
2431 5358 2642 5414 passus.
3765 5331 3776 5340 ’

2263 5436 2352 5491 16.
2397 5436 2505 5492 Nec
2548 5451 2765 5494 movere
2802 5439 3105 5509 quempiam
3155 5437 3340 5508 debet,
3387 5441 3432 5494 si
3461 5454 3588 5495 vere
3618 5439 3756 5494 hanc

2190 5530 2531 5593 sententiam,
2591 5530 2784 5585 sicuta
2833 5531 3150 5600 quibusdam
3177 5532 3406 5600 dicitur,
3463 5533 3775 5603 Eutychetis

2191 5621 2411 5690 protulit
2454 5620 2832 5690 apocrisiarius
2864 5625 2918 5678 in
2936 5622 3357 5680 Chalcedoneusi
3392 5626 3639 5681 concilio.
3663 5625 3777 5681 Se-

2191 5727 2258 5782 pe
2287 5713 2445 5768 etiam
2477 5729 2572 5782 per
2593 5713 2902 5784 ignorantes
2933 5715 3167 5786 loquitur
3190 5718 3411 5774 veritas.
3462 5719 3647 5775 Patres
3671 5731 3773 5774 au-

2191 5816 2302 5870 tem
2328 5810 2496 5869 nostri
2523 5808 2579 5867 in
2599 5810 2828 5870 concilio
2852 5811 3040 5883 positi,
3071 5826 3288 5874 sensum
3319 5816 3610 5882 loquentis.
3664 5829 3774 5878 non
