4104 6360
318 350 424 408 905

1503 361 1864 424 EPISTOLE
1896 366 1984 425 ET
2023 367 2285 430 OPUSCU
2295 373 2402 430 LA.

3495 396 3597 455 996

316 465 478 521 verba
509 464 934 534 considerantes,
978 485 1077 526 nec
1103 470 1253 529 illum
1282 483 1501 545 propter
1524 478 1664 536 hanc
1689 492 1906 537 senten-
1932 486 1985 547 Α
2009 484 2166 555 cujus
2207 504 2489 558 personam
2516 494 2879 566 significantes
2908 501 3133 563 dicimus
3163 498 3325 566 undm
3364 512 3435 570 de
3478 515 3611 573 Tri-‘

315 556 443 610 tiam
483 559 833 625 pronuntiare
861 560 1205 630 catholicum,
1257 579 1358 620 nec
1386 566 1553 635 ipsam
1586 572 1904 627 sententiam

313 647 595 703 catholicis
626 659 755 704 tunc
788 653 1029 707 inserere
1059 654 1459 712 deﬁnitionibus
1486 659 1789 730 voluerunt,
1840 677 1907 717 ne

312 738 622 794 viderentur
649 741 974 797 intellectum
1010 745 1278 814 loquentis
1302 756 1329 785 ι
1357 750 1709 834 approbasse,
1743 768 1903 822 quam

311 832 495 887 verba.
530 832 839 889 Miraliiliter
872 842 1050 891 tamen
1081 837 1311 907 Spiritus
1332 832 1545 897 sanctus
1565 852 1749 913 postea
1773 844 1902 900 ﬁde-

310 923 391 982 les
419 925 714 990 admonuit,
745 928 907 983 etiam
935 944 1031 1000 per
1052 930 1193 987 hanc
1219 935 1544 990 sententiam
1571 936 1773 993 revinci
1798 939 1905 993 Eu-

309 1017 689 1090 tychianistas,
738 1018 793 1075 in
845 1034 949 1091 qua
998 1021 1223 1079 duarum
1269 1026 1427 1094 plena
1471 1035 1554 1083 est
1592 1030 1903 1098 praedicatio

309 1122 618 1168 naturarum
636 1152 655 1179 ,
695 1121 755 1168 ut
773 1127 1104 1185 nequaquam
1127 1117 1309 1173 dicere
1341 1136 1354 1172 :
1388 1119 1445 1176 Si
1469 1135 1605 1177 unus
1630 1132 1712 1178 est
1741 1122 1901 1180 Chri-

307 1213 424 1262 stus
450 1206 521 1261 de
550 1206 838 1275 Triuitate,
881 1220 938 1266 et
961 1210 1196 1267 Trinitas
1237 1214 1397 1270 unius
1438 1225 1524 1272 est
1564 1219 1897 1288 substantiae,

306 1297 552 1354 Christus
576 1308 758 1355 autem
790 1301 933 1357 Deus
963 1313 1017 1358 et
1048 1303 1211 1376 homo
1231 1314 1313 1360 est
1343 1322 1358 1373 ;
1410 1308 1566 1364 unius
1594 1325 1723 1381 ergo
1769 1314 1901 1368 sub-

307 1389 542 1446 stantiae.
574 1391 819 1449 Christus
857 1395 1053 1465 quippe
1082 1404 1137 1451 et
1166 1414 1302 1453 unus
1333 1410 1417 1455 est
1444 1401 1513 1457 de
1536 1403 1810 1474 'l‘rinitate,
1843 1416 1899 1463 et

306 1480 449 1537 Deus
479 1490 535 1537 et
566 1482 728 1537 homo
765 1492 870 1550 est,
913 1495 1100 1541 etnon
1141 1498 1223 1542 est
1243 1490 1401 1547 unius
1426 1494 1779 1561 substantiae;
1829 1513 1898 1553 ne

308 1572 611 1628 humanitas
641 1591 873 1647 quoque,
928 1594 1086 1648 quam
1119 1583 1375 1652 suscepit,
1427 1587 1898 1646 consubstantialis

304 1664 375 1717 sit
403 1663 651 1719 Trinitati
686 1684 700 1733 ;
730 1668 868 1734 quod
897 1684 1029 1724 sana
1056 1670 1299 1727 doctrina
1334 1676 1897 1737 condemuat.Recor—

304 1754 425 1825 dor,
491 1758 777 1827 aliquando
818 1762 1079 1831 triplicem
1140 1782 1229 1821 me
1273 1766 1604 1826 intellexisse
1653 1788 1892 1843 causam,

2009 578 2179 632 nitate
2209 594 2447 647 passum,
2470 588 2591 654 quia
2616 590 2732 659 ipse
2760 600 2963 649 tantum
2992 599 3096 655 rite
3115 604 3354 658 creditur
3379 616 3590 677 passus,

2007 667 2096 735 qui
2124 682 2247 724 cum
2288 684 2433 728 esset
2461 692 2587 731 vere
2614 692 2667 734 et
2698 687 2911 752 pr0prie
2943 688 3102 758 Deus,
3134 709 3259 751 vere
3286 708 3339 753 et
3378 704 3597 772 proprie

2004 756 2176 816 factus
2222 772 2306 818 est
2339 765 2519 830 homo.
2555 779 2611 825 ut
2658 788 2764 829 non
2811 778 3079 840 immerito
3109 803 3237 844 vere
3282 802 3337 847 et
3384 799 3595 865 proprie

2003 859 2176 908 mater
2198 854 2291 910 Dei
2320 856 2472 913 beata
2501 861 2665 916 Maria
2696 870 2965 927 credatur.
2994 875 3067 930 Er
3092 879 3253 937 Maria
3276 854 3418 942 enim
3450 854 3597 946 sem-

2004 955 2100 1011 per
2129 944 2339 1016 virgine
2369 965 2468 1005 nec
2509 953 2759 1012 divinitas
2809 965 2955 1019 nasci
2987 971 3159 1036 potuit
3190 976 3307 1034 sine
3346 980 3595 1041 humani-

2003 1040 2132 1100 tate,
2164 1051 2267 1093 nec
2297 1038 2598 1099 humanitas
2619 1048 2738 1104 sine
2762 1050 3059 1115 divinitate.

2074 1127 2162 1183 17.
2198 1130 2420 1190 Frustra
2466 1143 2776 1207 expavescit
2801 1146 3043 1220 quisquis
3070 1156 3300 1216 aestimat
3356 1168 3590 1228 consub-

1999 1219 2304 1278 stantialem
2334 1225 2602 1285 divinitati
2626 1242 2852 1291 matrem
2888 1219 3139 1312 futuram,
3172 1250 3216 1303 si
3245 1260 3505 1317 veraciter
3532 1271 3588 1319 et

1992 1312 2217 1380 proprie
2240 1315 2405 1372 Maria
2436 1328 2609 1377 mater
2652 1326 2809 1383 fuerit
2853 1331 2982 1401 Dei;
3015 1337 3253 1404 profecto
3283 1348 3441 1405 enitu‘
3460 1355 3585 1424 quia

1998 1405 2265 1460 veraciter
2302 1419 2357 1462 et
2398 1413 2612 1480 proprie
2654 1426 2931 1487 generanti
2981 1443 3195 1500 semper
3232 1447 3317 1493 est
3357 1405 3589 1502 consub-

1997 1494 2263 1550 stantialis
2285 1497 2377 1553 ille
2400 1501 2491 1570 qui
2517 1508 2776 1575 nascitur,
2797 1516 3004 1583 accepit
3029 1494 3176 1575 ab-ea
3198 1524 3338 1583 Deus
3363 1533 3506 1590 unde
3533 1538 3585 1593 ei

1999 1582 2152 1640 ﬁeret
2173 1592 2665 1663 consubstantialis,
2692 1610 2746 1656 et
2768 1605 2846 1659 sic
2870 1622 2936 1661 ex
2960 1625 3023 1664 ea
3045 1618 3189 1669 nasci
3212 1618 3459 1691 dignatus
3479 1639 3580 1684 est.

2000 1676 2072 1731 ita
2099 1677 2257 1748 igitur
2286 1690 2521 1756 proprie,
2551 1694 2694 1749 sicut
2722 1703 3005 1769 veraciter,
3038 1706 3199 1765 Maria
3240 1714 3576 1777 divinitatem

2000 1769 2121 1825 Filii
2148 1777 2355 1843 genuit,
2385 1782 2480 1836 sed
2509 1784 2863 1848 incarnatam.
2894 1796 3021 1853 Sine
3076 1817 3239 1861 carne
3267 1812 3410 1865 enim
3442 1814 3581 1871 divi-

303 1861 423 1916 qnze
472 1849 725 1907 dubitare
772 1857 1031 1922 quosdam
1070 1857 1139 1912 de
1190 1858 1290 1914 hac
1336 1866 1604 1918 sententia
1655 1878 1880 1935 cogeret.

303 1936 479 1968 Ὼ-ιινηιι
510 1942 713 1968 and“--.
766 1960 830 1968 ...ι
878 1946 1096 1968 ----J-_-
1136 1952 1363 1968 -_A_AA--
1502 1954 1514 1966 ο
1564 1964 1571 1968 .
1724 1958 1735 1968 .

2908 1849 2922 1851 _
3080 1849 3239 1861 -_....,
3442 1849 3581 1871 υηι-

1999 1862 2222 1923 nitatem
2273 1872 2654 1938 sempiternam
2703 1900 2961 1953 generare
3019 1910 3127 1950 non
3185 1915 3366 1968 posset
3423 1907 3583 1963 homo

302 1936 480 1992 Prima
510 1942 735 2011 scilicet,
766 1960 851 2011 ne,
873 1946 1101 2015 quadam
1132 1952 1473 2019 separatione
1500 1954 1887 2026 intercedente,

300 2030 404 2084 alia
435 2040 581 2087 esset
609 2034 843 2089 Trinitas
869 2048 923 2091 et
951 2039 1084 2094 alius
1112 2044 1201 2110 qui
1226 2059 1362 2098 unus
1390 2059 1511 2102 esse
1540 2047 1609 2103 de
1630 2049 1894 2107 Trinitate

299 2118 498 2175 dicitur
530 2164 544 2188 ,
623 2124 763 2180 sicut
815 2129 951 2184 alius
1003 2140 1090 2185 est
1139 2132 1318 2200 Pater,
1370 2136 1510 2192 alius
1561 2146 1648 2194 cst
1699 2140 1891 2210 Filius,

298 2214 513 2282 quando
536 2215 605 2270 de
634 2216 791 2275 Patre
820 2220 985 2279 Filius
1006 2238 1125 2279 esse
1154 2226 1353 2283 dicitur
1379 2244 1393 2294 ;
1448 2239 1501 2285 et
1523 2231 1626 2286 alia
1678 2234 1889 2301 civitas,

297 2300 543 2374 aliusque
589 2306 753 2362 homo
778 2310 870 2378 qui
893 2312 960 2366 de
987 2313 1207 2370 civitate
1236 2331 1360 2372 esse
1387 2330 1656 2376 narratur.
1705 2323 1811 2378 Sed
1837 2332 1892 2379 et

298 2389 463 2448 Pater
491 2398 731 2464 quamvis
753 2400 1002 2458 habendo
1021 2404 1212 2461 Filium
1236 2407 1395 2463 Pater
1421 2410 1513 2478 sit,
1558 2413 1681 2481 ipso
1708 2421 1887 2469 tamen

297 2481 468 2539 Patris
491 2490 707 2544 nomine
746 2506 853 2545 non
877 2508 936 2547 se
963 2510 1083 2551 esse
1112 2496 1302 2552 Filium
1334 2510 1595 2557 monstrat
1619 2519 1633 2556 :
1692 2512 1747 2559 et
1768 2504 1889 2561 ideo

296 2573 419 2629 dum
448 2577 515 2633 de
540 2579 697 2634 Patre
741 2597 859 2638 esse
904 2584 1073 2642 Filius
1116 2588 1338 2657 dicitur,
1375 2592 1515 2647 alter
1542 2608 1667 2650 esse
1705 2594 1885 2665 Pater,

294 2665 432 2720 alter
459 2682 581 2724 esse
626 2670 791 2727 Filius
820 2674 1124 2734 intimatur.
1171 2680 1239 2736 Et
1265 2683 1456 2739 civitas
1497 2686 1773 2743 hominum
1804 2700 1887 2746 est

294 2759 603 2823 multitudo,
633 2778 739 2819 non
770 2766 931 2823 homo
954 2786 969 2823 :
991 2779 1046 2824 et
1087 2771 1209 2829 ideo
1237 2774 1363 2829 dum
1396 2776 1464 2832 de
1502 2779 1716 2837 civitate
1741 2782 1888 2850 quis-

293 2848 441 2915 piam
471 2851 687 2921 dicitur,
713 2856 851 2913 alter
878 2861 994 2929 ipse
1019 2877 1161 2929 esse,
1194 2867 1358 2922 altera
1382 2870 1570 2927 civitas
1591 2873 1882 2932 invenitur.

293 2939 535 2999 Trinitas
579 2959 757 3003 autem
809 2952 982 3019 Pater,
1015 2963 1069 3010 et
1098 2956 1284 3025 Filius,
1317 2970 1371 3019 et
1408 2962 1641 3034 Spiritus
1667 2976 1884 3025 sanctus

290 3038 407 3096 est;
431 3033 552 3088 ideo
575 3049 795 3092 securus
819 3040 953 3097 dicis
979 3062 991 3097 :
1019 3045 1185 3101 Filius
1218 3063 1354 3103 unus
1378 3061 1460 3106 est
1489 3053 1557 3108 de
1582 3055 1879 3126 Trinitate;

291 3136 390 3177 nec
442 3120 623 3193 potest
648 3144 771 3187 esse
799 3134 937 3190 alius
968 3137 1172 3206 Filius,
1203 3151 1258 3198 et
1304 3145 1405 3199 alia
1450 3145 1705 3216 Trinitas,
1755 3157 1881 3222 quia

290 3214 406 3267 sine
453 3216 593 3272 Filio
643 3222 786 3276 nulla
832 3236 917 3279 est
958 3228 1214 3287 Trinitas.
1262 3235 1509 3292 Secunda
1540 3255 1669 3296 vero
1717 3257 1878 3300 causa

290 3310 635 3369 dubitationis
686 3319 921 3389 videtur,
978 3328 1287 3386 nolentibus
1336 3333 1538 3403 dicere,
1597 3330 1760 3396 unum
1812 3343 1880 3401 de

237 3416 246 3423 σ
291 3396 551 3458 'l'rinitate
593 3420 830 3478 passum,
868 3428 934 3467 ne
960 3416 1254 3477 divinitatis
1283 3425 1584 3483 substantia
1615 3430 1729 3486 ﬁeri
1760 3449 1879 3503 pas-

289 3489 462 3545 sibilis
490 3494 751 3553 videatur.
796 3502 901 3558 Sed
947 3507 1049 3563 hoc
1095 3510 1428 3581 impossibile
1473 3528 1528 3573 et
1565 3524 1785 3580 auribus
1824 3538 1878 3582 et

290 3583 563 3639 mentibus
589 3590 871 3647 catholicis
907 3594 978 3649 ita
1008 3614 1223 3669 semper
1251 3621 1492 3678 apparet,
1526 3624 1582 3666 ut
1612 3617 1876 3685 sntSpicari

290 3672 393 3727 huc
425 3679 641 3734 malitiae
686 3686 858 3750 potius
886 3703 953 3755 qu
974 3708 1042 3743 am
1089 3698 1313 3750 cautelae
1343 3700 1409 3753 sit
1440 3719 1451 3753 :
1478 3708 1709 3759 maxime
1739 3726 1872 3777 quo-

286 3767 426 3820 niam
460 3772 585 3825 dum
619 3790 757 3830 unus
788 3780 855 3833 de
885 3781 1145 3841 Trinitate
1177 3792 1374 3848 dicitur
1402 3812 1621 3865 passus.
1653 3813 1709 3857 et
1752 3806 1871 3860 Tri-

283 3859 420 3912 nitas
449 3877 804 3930 personarunt
838 3872 997 3927 habet
1028 3878 1496 3952 significatione-tn,
1533 3893 1697 3947 cuivis
1720 3895 1874 3952 facile

281 3948 506 4016 apparet
538 3963 757 4019 propter
800 3973 957 4013 unam
1004 3980 1284 4029 personam
1322 3973 1482 4030 Verbi
1528 3980 1875 4045 impassihilis

283 4045 572 4112 carnisque
603 4050 871 4111 passiliilts
904 4070 1067 4111 unum
1114 4062 1179 4114 de
1209 4063 1473 4123 Trinitate
1506 4088 1717 4139 passum
1752 4095 1874 4147 pro-

280 4136 534 4191 nuntiari.
576 4137 756 4195 Tertia
792 4160 917 4197 vero
949 4148 1300 4209 dubitationis
1344 4169 1423 4213 est
1471 4178 1651 4231 causa,
1683 4184 1750 4224 ne
1788 4171 1869 4224 dio

276 4232 517 4284 centibtts
540 4252 552 4287 :
578 4234 727 4288 Unus
759 4240 827 4292 de
855 4240 1118 4301 Trinitate
1149 4262 1358 4316 passus,
1411 4255 1695 4325 inquisitor
1718 4277 1873 4318 acer-

276 4324 447 4379 rimus
480 4328 618 4383 dicat
646 4348 661 4386 :
687 4334 823 4398 Quid
857 4339 1027 4392 unus?
1055 4352 1108 4395 et
1140 4348 1589 4412 restiondentibus
1624 4372 1634 4408 :
1664 4356 1862 4425 Filius,

278 4414 469 4471 iterum
502 4420 681 4476 dicat:
709 4426 846 4496 Ergo
876 4430 919 4483 si
953 4447 1087 4488 unus
1132 4445 1213 4488 est
1260 4436 1427 4495 Filius
1477 4443 1544 4499 de
1587 4447 1867 4517 Trinitate,

274 4506 357 4560 vel
392 4523 527 4563 unus
556 4521 639 4566 est
666 4516 968 4586 Trinitatis,
994 4522 1224 4581 ﬁliorum
1255 4542 1337 4583 est
1360 4532 1613 4602 Trinitas,
1646 4551 1735 4597 aut
1755 4544 1871 4599 Tri-

271 4598 453 4655 nitatis
480 4614 562 4659 est
585 4607 769 4663 Filius.
797 4614 1264 4683 Respondentibus
1292 4642 1303 4676 :
1333 4624 1493 4698 Deus,
1519 4630 1694 4687 dicat:
1722 4636 1863 4703 Quo-

269 4696 430 4749 modo
459 4708 542 4752 est
571 4703 831 4772 quispiam
865 4726 998 4764 unus
1032 4713 1170 4768 Dens
1198 4718 1265 4769 de
1298 4719 1577 4787 Trinitate,
1609 4743 1728 4782 cum
1762 4747 1864 4785 non

268 4787 338 4836 sit
366 4802 502 4841 unus
536 4790 696 4856 Dens,
729 4797 828 4850 nisi
860 4799 1129 4858 Trinitas?
1170 4807 1303 4862 liuie
1333 4823 1509 4868 autem
1544 4818 1865 4879 dttbitationi

268 4870 427 4934 facile
459 4883 783 4949 occurritur,
836 4890 879 4941 si
922 4894 1047 4958 quid
1079 4896 1147 4947 sit
1176 4898 1409 4957 Trinitas
1439 4908 1859 4969 consideremus.

268 4961 503 5019 Trinitas
532 4973 670 5023 enim
702 4975 864 5040 (quod
891 4994 1031 5048 saepe
1059 4985 1344 5043 dicendum
1375 4996 1479 5061 est)
1511 5014 1857 5065 personarum

264 5062 349 5105 est
378 5054 635 5113 Trinitas.
664 5061 797 5126 Qttid
833 5081 959 5134 ergo
989 5070 1242 5138 Trinitas,
1293 5079 1391 5134 nisi
1436 5093 1545 5139 tres
1573 5096 1860 5156 personm?

267 5142 393 5211 Quae
422 5158 545 5201 sunt
580 5156 686 5204 tres
730 5168 995 5225 pet-sonte,
1030 5164 1131 5217 nisi
1167 5166 1342 5233 Pater,
1389 5171 1557 5229 Filius
1587 5189 1640 5233 et
1684 5182 1855 5252 Spiri-

264 5244 346 5288 tus
389 5243 643 5295 sanctus?
674 5244 729 5300 In
777 5247 876 5301 hac
921 5264 1050 5320 ergo
1098 5255 1387 5326 Trinitate,
1424 5260 1595 5336 neqtte
1627 5271 1853 5330 Patresb

262 5323 487 5393 invenis,
537 5348 709 5402 neque
742 5336 908 5393 Filios
956 5351 1084 5407 tres,
1136 5362 1310 5418 neque
1357 5356 1589 5422 Spiritus
1635 5378 1853 5425 sanctos

258 5424 366 5472 tres
397 5430 486 5475 :et
532 5437 815 5491 propterea
858 5445 1081 5487 securus
1122 5436 1293 5493 dicis:
1322 5439 1493 5498 Unum
1542 5450 1732 5509 Filium
1783 5460 1849 5511 du

257 5508 533 5577 Triuitate,
565 5516 687 5585 quia
721 5536 826 5575 non
857 5535 940 5579 est
969 5525 1021 5580 in
1054 5526 1315 5588 Triuitate
1346 5534 1511 5592 Filius
1542 5542 1642 5596 nisi
1678 5562 1843 5616 unus;

324 5724 1011 5823 :lﬂ‘ic‘s-u‘bip‘teiligendum‘
1038 5742 1242 5823 potius,
1274 5764 1330 5813 ut
1369 5770 1552 5823 supra,
1602 5779 1744 5818 nttm.
1780 5767 1833 5822 2.

325 5793 669 5868 lmegendum
701 5793 1335 5886 suadere?ividreniui’lre;
1581 5793 1834 5903 q'iitglsta‘:

608 5897 875 5961 Pnnt.
914 5904 1159 5971 LXV".

1899 4614 1951 4672 ἶ)
1978 4632 2108 4688 tror,
2167 4631 2393 4687 dicimus
2438 4648 2491 4691 ct.

1995 1958 2261 2014 mortalis.
2286 1962 2422 2027 Quid
2457 1977 2655 2037 autem,
2686 1982 2905 2043 proprie
2934 1988 3155 2051 genuit?
3187 1958 3465 2052 illanifeste
3489 2015 3582 2072 εει-

1995 2045 2132 2109 nuit.
2161 2058 2587 2114 contestantibns
2621 2066 2788 2133 signis
2816 2080 2870 2124 et
2898 2072 3182 2135 virtutibus
3223 2082 3389 2141 Deum
3438 2045 3578 2154 θεῖε,

1992 2137 2082 2204 qui
2124 2154 2189 2194 ex
2239 2141 2457 2202 homine
2500 2153 2761 2211 nascitur.
2802 2159 2937 2228 Quid
2982 2176 3086 2233 est,
3121 2176 3331 2242 proprie
3359 2184 3581 2249 genuit?

1995 2225 2102 2249 ,___
2156 2231 2195 2249 ,.
2328 2245 2340 2249 ,
2411 2238 2424 2249 .
2680 2247 2690 2249 -

1992 2225 2108 2298 ipsa
2147 2231 2195 2287 ei
2235 2238 2513 2294 materiam
2545 2247 2723 2302 carnis
2751 2256 3045 2311 secundum
3077 2275 3237 2330 quam
3265 2225 3577 2339 getiiaratur,

1991 2334 2251 2390 operante
2275 2329 2490 2398 quidem
2514 2334 2715 2405 Spiritu
2748 2355 2957 2412 sancto,
2980 2329 3347 2413 verumtamen
3375 2375 3439 2417 ex
3467 2368 3579 2420 stris

1989 2412 2288 2472 visceribus
2319 2422 2528 2490 tribuit,
2570 2438 2626 2483 et
2673 2431 2795 2488 ideo
2824 2451 2981 2505 quem
3029 2446 3110 2496 sic
3140 2449 3289 2502 nasci
3319 2459 3577 2520 Oportuit,

1988 2504 2151 2560 etiam
2203 2513 2420 2581 proprie
2459 2521 2831 2595 genuitzqnia
2862 2528 2915 2583 in
2948 2532 3176 2592 humana
3222 2555 3344 2597 eum
3388 2556 3576 2606 natura

1987 2598 2192 2666 genuit,
2225 2617 2382 2672 quam
2423 2611 2571 2666 nullo
2606 2614 2884 2676 dubitante
2922 2629 3134 2696 proprie
3171 2637 3375 2702 genuit.
3421 2641 3575 2710 Quis-

1988 2690 2108 2760 quis
2134 2702 2314 2752 autem
2341 2710 2493 2768 putat
2519 2716 2611 2761 aut
2638 2708 2768 2766 dicit
2788 2728 2853 2768 ex
2875 2690 2980 2771 una
3008 2718 3304 2782 substantia
3332 2690 3574 2801 generari

1987 2782 2293 2843 nullatenus
2324 2794 2563 2860 potuisse
2592 2800 2918 2861 substantias
2948 2810 3101 2883 duas,
3134 2822 3399 2878 veraciter
3422 2827 3571 2893 dieit.

2626 3519 2633 3530 .
2941 3519 2951 3523 -
3202 3519 3377 3526 παν-τ
3409 3519 3566 3546 "ww,

1980 3523 2023 3576 si
2056 3539 2326 3584 removeat
2356 3532 2499 3589 Deus
2533 3539 2777 3597 veritatis
2818 3549 3066 3607 tenebras
3115 3556 3360 3617 falsitatis
3388 3581 3415 3619 a
3450 3569 3567 3627 iure

1981 3615 2137 3687 hujus
2167 3622 2564 3694 disputationis.
2602 3633 2825 3703 Proprie
2856 3651 2936 3696 est
2986 3656 3103 3699 nata
3136 3651 3203 3705 de
3250 3654 3406 3712 Patre
3437 3660 3567 3716 divi-

1981 3709 2120 3763 nitas
2165 3730 2291 3780 pttta
2316 3759 2327 3779 ,
2363 3722 2580 3788 proprie
2609 3736 2693 3779 est
2725 3740 2843 3784 nata
2876 3733 2944 3786 de
2976 3751 3145 3794 matre
3174 3745 3358 3799 eadem
3393 3751 3563 3807 incar-

1980 3812 2101 3856 nata
2132 3805 2407 3865 divinitas.
2434 3815 2497 3866 lit
2524 3814 2622 3869 hoc
2644 3818 2806 3873 distat
2831 3823 2968 3879 inter
2996 3832 3150 3884 unius
3177 3834 3294 3890 Filii
3320 3839 3411 3895 Dei
3436 3843 3565 3899 duas

1980 3899 2382 3963 generationes,
2416 3906 2557 3971 quod
2610 3908 2661 3962 in
2710 3911 2885 3967 divina
2915 3928 3261 3983 generatione
3299 3932 3438 3986 nulla
3470 3935 3563 3994 fuit

1982 3986 2285 4044 immanitas
2312 4008 2325 4041 :
2354 3993 2404 4045 in
2436 3998 2662 4053 humana
2695 4009 3041 4069 generatione
3077 4014 3304 4073 adnnata
3342 4022 3439 4078 fuit
3468 4026 3562 4082 liu-

1978 4081 2219 4136 manitati
2273 4089 2490 4155 proprie
2522 4098 2758 4151 nascenti
2791 4100 3059 4159 divinitas.
3092 4110 3147 4163 Si
3179 4115 3319 4169 enim
3351 4118 3557 4189 dixero,

1976 4174 2059 4225 vel
2090 4173 2271 4229 dicere
2300 4180 2521 4235 voluero
2547 4200 2559 4236 :
2583 4185 2744 4241 Maria
2794 4205 3007 4263 semper
3035 4200 3184 4266 virgo
3224 4210 3438 4276 proprie
3468 4230 3559 4282 ge-

1977 4264 2091 4316 nui"
2132 4265 2537 4339 humammem!
2585 4292 2689 4330 "0"
2740 4286 2952 4351 Proprie
2994 4292 3172 4357 genuit
3204 4296 3556 4374 divinitatem,

2998 4353 3019 4357 _

1978 4353 2249 4410 videbitur
2273 4359 2373 4412 sub
2388 4362 2571 4431 aliquo
2599 4369 2757 4424 modo
2780 4370 3053 4432 hominem
3082 4398 3266 4449 purum
3290 4394 3557 4464 genuisse,

1976 4458 2132 4512 quem
2168 4449 2317 4504 nullo
2366 4454 2525 4509 modo
2554 4456 2629 4512 ita
2660 4464 2862 4529 genuit,
2909 4472 3031 4537 quia
3078 4473 3309 4534 Verbum
3339 4500 3555 4545 carnem

1976 4534 2171 4590 factum
2224 4543 2445 4610 proprie
2492 4551 2694 4616 genuit.
2738 4552 2902 4612 itecte
2930 4534 3077 4631 ergo,
3121 4581 3376 4637 quantum
3418 4581 3555 4636 arbi-

2540 4642 2860 4701 confilemur
2894 4665 2906 4701 :
2938 4651 3101 4709 Maria
3154 4665 3415 4721 veraciter
3476 4683 3554 4728 est

1974 4730 2143 4774 mater
2173 4724 2264 4777 Dei
2296 4726 2517 4796 Chrisd,
2549 4743 2605 4786 ut
2634 4750 2738 4790 non
2783 4754 2925 4796 esset
2956 4749 3189 4816 StISpicio
3234 4759 3553 4824 phantasiaz.

1971 4808 2138 4866 Recte
2166 4819 2322 4870 etiam
2350 4822 2699 4884 conﬁtemur:
2720 4831 2881 4887 Maria
2906 4842 3119 4907 proprie
3148 4856 3318 4902 mater
3346 4863 3429 4906 est
3461 4857 3552 4911 Ι)νί

1968 4905 2190 4975 Christi,
2223 4922 2277 4965 ut
2308 4916 2612 4974 nullatenus
2655 4924 2923 4982 hominem
2959 4949 3168 5000 purum,
3201 4942 3290 5010 qui
3318 4961 3412 5010 pro
3442 4965 3553 5003 me-

1966 4997 2085 5052 ritis
2113 5018 2336 5069 operum
2367 5008 2629 5065 bonorum
2657 5027 2839 5083 postea
2872 5027 3253 5089 proveheretnr
3278 5035 3330 5088 in
3358 5036 3547 5108 Deum,

1967 5092 2046 5145 vel
2083 5103 2502 5164 superveniente
2551 5107 2602 5159 in
2645 5124 2704 5163 se
2736 5111 2872 5167 Filio
2918 5116 3032 5181 Dei,
3066 5125 3245 5178 vocari
3287 5138 3380 5183 aut
3410 5134 3547 5189 efﬁci

1965 5181 2225 5250 inciperet
2257 5190 2419 5260 Deus,
2449 5196 2542 5251 sed
2581 5199 2745 5255 Deum
2776 5205 2894 5260 sine
2924 5209 3095 5275 initio,
3125 5231 3191 5271 ex
3221 5232 3367 5274 testo
3399 5227 3548 5281 initio

1964 5272 2234 5334 hominem
2263 5283 2454 5341 factum
2480 5296 2792 5362 concepisse
2818 5309 2871 5353 et
2892 5306 3138 5370 genuisse
3164 5314 3432 5375 credatur.
3460 5321 3544 5375 ln—

1959 5367 2127 5419 veniri
2160 5380 2333 5435 potest
2365 5377 2519 5443 plane
2548 5382 2682 5438 alius
2707 5394 3033 5449 conveniens
3060 5401 3271 5469 modus,
3299 5424 3404 5477 quo
3430 5413 3543 5471 sine

1957 5459 2212 5516 seandalo
2259 5465 2373 5521 huic
2418 5476 2681 5529 sententia
2728 5484 3048 5552 proferatur,
3080 5493 3124 5545 si
3158 5494 3224 5547 ita
3255 5508 3539 5572 unusquis-

1959 5564 2055 5572 η..-
2094 5552 2222 5572 ,ημ-
2294 5558 2339 5572 ··
2407 5561 2418 5572 ·

3314 5552 3317 5553 ν
3364 5552 3509 5572 -,--.-

1955 5564 2058 5617 que
2088 5552 2227 5608 dicat
2254 5573 2266 5611 :
2294 5558 2452 5615 Maria
2502 5572 2716 5637 proprie
2756 5586 2927 5631 mater
2960 5582 3050 5637 Dei
3095 5586 3311 5660 Christi,
3344 5608 3398 5649 ut
3428 5600 3538 5654 sin-

1952 5774 2044 5827 tim
2100 5790 2417 5853 sequuntur,
2468 5802 2629 5857 neque
2678 5791 2843 5849 Filios
2892 5815 3042 5872 rues,
3099 5824 3259 5877 neque
3314 5813 3536 5885 Spiritus

1952 5857 2147 5885 :nrrrfru
2177 5864 2306 5885 rrum

1947 5857 2147 5901 εαηειοε
2177 5864 2328 5905 τιιΕδ.

3220 5970 3295 6029 29
