4104 6360
509 284 631 339 907·

1439 282 1807 340 FULCENTII
1847 283 2199 340 FEBRANDI
2242 286 2516 344 DIAC‘)N[
2555 289 2906 349 CARTIIAG.

3698 301 3807 354 908

510 402 696 473 gulare
727 399 830 456 hoc
858 398 1092 455 caelestis
1122 397 1453 468 operationis
1493 399 1819 455 beneﬁcium
1865 415 1972 454 non
2022 400 2102 454 vi-
2129 401 2180 459 Δ
2207 402 2430 468 caverit,
2482 402 2934 460 Chalcedonensis
2979 404 3194 463 decreta
3248 409 3486 478 concilii,
3538 419 3593 465 et
3652 428 3812 485 papae

508 497 700 550 deatur
741 507 1025 548 commune
1072 507 1192 548 cum
1223 493 1458 548 caeteris.
1493 493 1610 562 Ipse
1658 494 1799 549 enim
1848 494 2100 550 Salvator

510 589 561 640 in
593 585 880 656 Evangelio
907 585 1274 639 nuntiantibus
1300 585 1401 640 sibi
1429 603 1442 638 :
1472 584 1602 639 Ecce
1625 595 1784 640 mater
1813 596 1898 640 tua
1918 597 1964 641 et
1992 588 2102 655 fra—

509 689 602 731 tres
632 678 707 732 tui
741 678 867 746 foris
887 685 1021 730 stant
1044 683 1325 746 querentes
1349 676 1572 743 te:Qurz
1593 687 1686 743 est,
1719 679 1907 748 inquit,
1940 687 2100 731 mater

508 785 638 835 mea,
665 780 752 823 aut
775 770 861 839 qui
889 777 1008 822 sunt
1040 772 1224 838 fratres
1253 769 1391 822 mei?
1417 767 1483 822 Et
1514 770 1786 824 extendens
1817 787 2021 824 manum
2046 772 2098 823 in

509 859 806 926 discipulos,
860 862 931 914 ait
963 876 980 913 :
1009 860 1141 913 Ecce
1189 869 1348 913 mater
1395 876 1507 914 mea
1555 871 1602 915 et
1644 866 1831 931 fratres
1878 862 1992 915 mei.
2029 859 2097 915 Et

508 954 672 1006 omnis
699 953 788 1022 qui
811 953 935 1023 facit
961 953 1276 1006 voluntatem
1304 950 1479 1006 Patris
1511 954 1607 1006 mei
1632 953 1718 1021 qui
1745 954 1797 1004 in
1827 951 1963 1005 caelis
2001 961 2094 1020 est,

510 1043 588 1096 ‘iic
614 1059 754 1098 meus
779 1044 939 1114 frater
969 1051 1016 1095 et
1043 1058 1210 1108 soror,
1253 1052 1299 1096 et
1330 1053 1491 1095 mater
1528 1052 1600 1094 est
1628 1041 1842 1112 (Matth.
1875 1055 1968 1104 xu,
2003 1041 2098 1094 47-

510 1136 622 1208 5’0).
667 1139 856 1194 Omnis
905 1153 1033 1208 ergo
1085 1137 1285 1191 faciens
1341 1139 1676 1192 voluntatem
1729 1137 1903 1190 Patris
1956 1135 2094 1206 ejus,

508 1242 683 1289 :nater
724 1242 806 1288 est
835 1233 974 1302 ejus.
1007 1231 1113 1287 Sed
1143 1231 1306 1284 Maria
1355 1231 1476 1285 ideo
1523 1230 1736 1299 proprie
1785 1239 1961 1286 mater
1987 1236 2092 1294 est,

508 1325 629 1395 quia
656 1325 928 1380 nascendo
968 1323 1035 1379 de
1063 1337 1127 1377 ea
1155 1322 1450 1377 secundum
1477 1336 1696 1377 carnem
1727 1321 1894 1377 factus
1923 1331 2006 1376 est
2036 1318 2116 1374 ﬁ-‘"

512 1418 616 1472 lius
645 1417 781 1486 ejus.
814 1416 994 1471 Nulla:
1031 1415 1283 1470 mulieres
1309 1414 1482 1469 Deum
1513 1415 1762 1469 timentes
1793 1414 2097 1484 parturiunt

512 1515 677 1568 Deum
705 1509 979 1566 Christum
1007 1519 1207 1575 mente,
1233 1524 1338 1565 non
1368 1525 1532 1565 carne
1556 1526 1572 1565 :
1595 1510 1708 1565 sola
1733 1521 1910 1566 autem
1932 1512 2094 1567 Maria

508 1606 674 1661 Demn
719 1604 990 1660 Christum
1039 1605 1250 1674 peperit
1293 1606 1452 1660 etiam
1501 1621 1696 1672 carne;
1746 1615 1804 1661 et
1833 1607 1954 1682 ideo
1981 1606 2096 1661 sola

506 1699 719 1769 proprie
749 1706 920 1752 mater
946 1706 1030 1753 est
1063 1697 1177 1764 Dei,
1208 1699 1334 1768 quia
1364 1699 1506 1753 nulla
1554 1700 1656 1754 alia
1699 1699 1776 1753 sic
1804 1709 1975 1754 mater
2012 1707 2096 1752 est

2207 493 2401 549 Lo-onis
2439 496 2717 564 epistolam
2758 500 2908 569 sequi
2949 515 3008 555 se
3057 501 3110 555 in
3159 501 3411 557 omnibus
3463 503 3804 572 proﬁteatur.

2205 585 2662 656 Superadjiciens,
2700 605 2793 657 per
2814 591 3244 647 incarnationem
3275 592 3394 646 Filii
3425 593 3519 649 Dei
3549 611 3657 650 non
3685 612 3809 652 ere-

2204 677 2344 731 visse
2393 677 2734 742 Trinitatem,
2771 695 2869 734 nec
2911 691 3155 750 quartam
3209 682 3456 738 Trinitati
3502 687 3807 743 accessisse

2203 783 2519 840 personam;
2551 771 2671 840 quia
2696 771 2992 826 divinitatis
3031 781 3084 826 et
3117 773 3466 830 humanitatis
3496 778 3548 830 in
3584 778 3805 832 Christo

2201 863 2555 930 singulariter
2584 864 2882 930 permansit
2909 863 3020 932 ipsa
3053 878 3313 931 persona;
3344 867 3486 935 quod
3518 866 3806 922 Nestorius

2202 954 2338 1008 duos
2368 954 2713 1008 introducens
2744 953 2885 1008 ﬁlios
2912 965 3094 1023 negat,
3127 963 3187 1009 ut
3215 955 3406 1009 merito
3425 955 3537 1026 jam
3566 967 3806 1012 sectato-

2201 1045 2347 1100 ribus
2379 1046 2496 1116 ejus
2527 1045 2706 1102 ﬁdelis
2732 1048 2988 1103 catholici
3021 1049 3198 1118 lingua
3227 1049 3586 1118 respondens,
3613 1051 3685 1104 ad
3716 1066 3799 1104 re-

2201 1138 2521 1194 movendam
2562 1141 2999 1210 quaternitatem,
3038 1141 3180 1196 dicat
3222 1158 3383 1196 unum
3431 1142 3502 1197 de
3534 1144 3805 1198 Trinitate

2200 1244 2442 1300 passum;
2476 1246 2633 1302 quem
2669 1240 2846 1287 tamen
2879 1233 3116 1288 insinuet
3140 1235 3431 1289 secundum
3460 1234 3801 1289 divinitatem

2199 1337 2317 1379 esse
2348 1339 2514 1379 unum
2537 1324 2606 1380 de
2626 1324 2910 1392 Trinitate,
2935 1327 3229 1382 secundum
3253 1327 3642 1383 humanitatem
3668 1344 3803 1384 vero

2199 1432 2436 1486 passum.
2471 1415 2719 1474 Dicturus
2746 1434 2878 1488 ergo
2907 1435 3072 1474 unum
3103 1419 3172 1475 de
3198 1420 3460 1476 Trinitate
3489 1421 3797 1487 Christum,

2199 1511 2345 1579 prius
2389 1511 2488 1564 ista
2539 1526 2659 1578 quae
2686 1509 2920 1567 diximus
2950 1511 3122 1577 dicat;
3157 1512 3390 1568 maxime
3417 1512 3633 1584 quando
3665 1530 3798 1568 con-

2207 1599 2596 1654 tradicentibus
2639 1611 2729 1654 aut
2769 1602 2911 1656 male
2967 1603 3363 1671 snSpicantlbus
3419 1603 3688 1673 loquitur;
3745 1613 3797 1658 et

2199 1692 2363 1746 alium
2394 1708 2498 1746 non
2531 1692 2786 1759 aediﬁcat,
2831 1694 2922 1761 qui
2952 1707 3074 1748 eum
3118 1693 3260 1747 malo
3300 1708 3458 1748 sensu
3493 1694 3618 1748 talia
3649 1705 3796 1762 putat

509 1767 620 1847 Dei:
658 1791 852 1846 [genus
891 1791 1184 1860 Αροειοιυε
1223 1767 1350 1847 dum
1383 1793 1637 1848 Romanis
1667 1794 1945 1859 εει-λδετει,
1980 1793 2091 1849 an;
2130 1775 2172 1834 Β
2202 1783 2490 1839 instruere.
2524 1784 2660 1838 Nolo
2688 1784 3097 1852 praedicatorem
3127 1767 3290 1840 Verbi
3324 1785 3440 1852 Dei,
3484 1786 3795 1841 testimonio

504 1882 565 1938 Si
597 1883 732 1937 Deus
765 1898 858 1949 pro
889 1884 1055 1949 nobis,
1087 1885 1199 1951 quis
1231 1898 1406 1938 con'ra
1432 1887 1560 1939 nos?
1584 1886 1686 1952 Qui
1706 1887 1858 1938 etiam
1889 1888 2097 1955 proprio

505 1964 646 2021 Filio
678 1987 777 2024 non
807 1974 1050 2042 pepercit,
1078 1975 1165 2026 sed
1194 1990 1288 2041 pro
1317 1977 1457 2028 nobis
1486 1978 1716 2030 omnibus
1737 1977 1952 2029 tradidit
1980 1993 2096 2030 eum

503 2056 683 2122 (lieni.
719 2075 826 2123 vui,
851 2061 966 2130 52).
1000 2061 1152 2118 Dicat
1180 2079 1310 2135 ergo
1337 2065 1468 2120 mihi
1497 2067 1715 2134 aliquis,
1746 2077 1922 2121 utrum
1963 2082 2087 2136 pro-

505 2150 654 2218 prius
684 2150 856 2206 Filius
884 2152 977 2208 Dei
1010 2155 1206 2222 l’atris,
1247 2155 1360 2226 ipse
1389 2165 1473 2211 cst
1503 2157 1747 2226 praprius
1789 2159 1930 2214 ﬁlius
1971 2159 2090 2214 Vir-

501 2243 639 2313 ginis
686 2247 897 2311 matris,
930 2264 998 2302 an
1054 2248 1190 2304 forte
1239 2265 1343 2304 non
1387 2249 1574 2306 habuit
1622 2251 1786 2306 Maria
1819 2252 2093 2321 proprium

501 2335 696 2405 ﬁlium,
747 2354 906 2408 quem
963 2341 1105 2396 Deus
1135 2340 1296 2396 habet
1340 2342 1612 2412 proprium
1645 2341 1879 2398 Filium?
1906 2343 2011 2399 Sed
2041 2352 2096 2398 et

502 2429 663 2485 Maria
688 2429 850 2486 habet
884 2433 1160 2501 proprium
1191 2432 1381 2497 ﬁlium,
1401 2433 1526 2503 quia
1556 2434 1765 2504 genuit,
1799 2450 1906 2489 non
1928 2435 2095 2504 adop-

499 2523 631 2578 tavit
659 2541 673 2578 :
702 2536 758 2580 et
803 2525 952 2580 illum
984 2526 1150 2582 habet
1191 2526 1463 2597 proprium
1497 2528 1694 2595 ﬁlium,
1740 2543 1899 2598 quem
1936 2529 2093 2584 habet

503 2616 648 2673 Deus
704 2619 980 2691 proprium
1034 2621 1248 2688 Filium,
1282 2622 1406 2690 quia
1463 2624 1597 2676 duos
1629 2622 1770 2677 ﬁlios
1821 2638 2091 2693 nunquam

500 2709 636 2766 fides
674 2712 937 2768 catholica
979 2713 1257 2783 praedicat.
1301 2713 1488 2768 Restat
1517 2728 1646 2783 ergo
1674 2715 1798 2770 utsi
1829 2716 1966 2771 Dens
1996 2715 2090 2770 Dei

500 2801 748 2872 proprius
794 2802 986 2872 Filius,
1021 2805 1134 2875 ipse
1177 2815 1261 2860 est
1287 2805 1449 2861 etiam
1481 2807 1670 2861 matris
1699 2806 1934 2876 Virginis
1963 2821 2090 2876 pro-

499 2894 648 2962 prius
697 2894 871 2963 ﬁlius,
919 2896 1136 2967 proprie
1165 2913 1288 2954 eum
1319 2899 1590 2969 genuerit.
1641 2900 1891 2968 Alioquin
1924 2901 1970 2955 si
2001 2901 2088 2955 illa

497 2985 712 3056 proprie
755 3001 860 3042 non
893 2988 1160 3059 genuerit,
1209 3005 1310 3045 nec
1353 2990 1445 3046 ille
1493 2991 1744 3060 proprius
1793 3001 1874 3045 est
1925 2991 2086 3047 ﬁlius.

498 3072 747 3145 Proprius
777 3088 859 3134 est
888 3088 1068 3135 autem
1101 3080 1271 3146 ﬁlius;
1302 3095 1432 3152 ergo
1473 3082 1562 3136 illa
1612 3082 1829 3151 proprie
1858 3083 2085 3152 genuit:

496 3179 867 3226 verumtamen
880 3173 1177 3228 secundum
1193 3173 1600 3242 humanitatem,
1616 3174 1908 3231 secundum
1926 3191 2084 3246 quam

495 3261 667 3329 potuit
697 3262 836 3316 Deus
865 3264 1037 3327 nasci.

564 3350 653 3405 18.
680 3353 938 3421 Superest
964 3370 1126 3423 nunc,
1174 3356 1230 3411 in
1267 3357 1613 3415 conclusione
1648 3359 1807 3431 hujus
1851 3360 2084 3416 volumi-

495 3443 601 3511 nis,
633 3445 837 3500 eisdem
869 3448 1076 3504 duabus
1107 3451 1390 3507 sententiis
1416 3451 1483 3508 de
1512 3454 1707 3522 quibus
1737 3455 1876 3510 inter
1896 3469 1955 3511 se
1977 3455 2086 3509 dis-

495 3533 793 3604 putantiuin
830 3535 1050 3594 fratrum
1085 3540 1291 3609 prolixa
1324 3543 1382 3595 lit
1427 3542 1724 3608 altercatio,
1758 3559 1825 3598 ne
1854 3560 1956 3614 qua
1994 3561 2075 3600 re-

495 3641 714 3682 manere
757 3628 841 3683 vel
894 3629 1208 3699 suspiciosis
1266 3631 1511 3687 videatur
1567 3634 1910 3705 ambiguitas,
1954 3635 2083 3689 dare

494 3720 778 3789 quamdam
811 3720 932 3776 ﬁdei
965 3722 1225 3793 regulam,
1255 3739 1355 3794 qua
1394 3725 1736 3794 praecedente
1766 3711 2082 3800 simplicitas

495 3811 824 3882 loquentium
868 3817 1265 3884 manifestatur,
1294 3829 1349 3874 et
1374 3820 1704 3876 audientium
1744 3835 2082 3878 removeatur

494 3905 831 3962 scandalum.
878 3909 1129 3967 Dicturus
1167 3926 1298 3982 ergo
1327 3929 1491 3968 unum
1544 3913 1611 3969 de
1651 3915 1915 3972 Trinitate
1956 3933 2078 3987 pas-

493 4013 632 4064 sum,
667 3999 816 4070 prius
845 4010 1057 4058 asserat
1084 4003 1466 4076 omnipotentis
1500 4006 1591 4062 Dei
1624 4022 1781 4063 unam
1831 4009 2080 4065 substan-

494 4092 642 4155 tiam,
676 4100 788 4148 tres
812 4109 934 4149 esse
961 4110 1223 4166 personas
1247 4115 1258 4149 :
1283 4114 1349 4152 ex
1377 4098 1572 4167 quibus
1605 4114 1707 4154 una
1731 4115 1991 4171 persona,
2024 4102 2077 4158 id

493 4191 574 4234 est
605 4181 794 4250 Filius,
828 4184 969 4239 Deus
997 4201 1342 4255 permanens,
1377 4187 1538 4244 homo
1582 4189 1786 4255 factus,
1821 4202 1876 4246 et
1925 4203 2079 4249 natus

492 4285 546 4353 et
579 4290 767 4344 passus
802 4277 900 4343 sit;
933 4294 1104 4350 neque
1148 4280 1305 4335 Patre
1335 4296 1508 4351 neque
1539 4281 1740 4352 Spiritu
1771 4294 1959 4340 sancto
1987 4300 2081 4351 pa-

492 4353 624 4435 riter
653 4368 965 4435 incarnato,
995 4374 1242 4439 quamvis
1287 4386 1421 4442 opus
1464 4382 1660 4428 nostra:
1692 4375 2078 4446 redemptionis

492 4468 602 4515 tota
634 4461 794 4517 fuerit
820 4461 1055 4517 Trinitas
1082 4473 1320 4532 operata.
1354 4464 1442 4520 Sic
1485 4477 1660 4521 autem
1696 4481 1909 4537 passum
1957 4485 2077 4525 esse

2201 1887 2406 1932 tantum
2437 1879 2783 1933 conscientiae
2815 1895 2927 1933 suae
2971 1893 3094 1934 esse
3120 1887 3430 1935 contentum
3457 1896 3471 1932 :
3499 1880 3792 1948 perducere

2197 1979 2423 2024 conetur
2462 1969 2529 2025 ad
2561 1985 2654 2026 cor
2682 1970 2910 2025 aliorum
2931 2011 2946 2036 ,
2977 1970 3118 2039 quod
3149 1980 3295 2026 recte
3320 1985 3384 2025 ac
3411 1970 3642 2024 ﬁdeliter
3675 1987 3791 2025 seno

2200 2066 2328 2130 tiat;
2372 2080 2470 2120 nec
2511 2065 2744 2136 pigritia,
2779 2079 2877 2118 nec
2907 2064 3155 2132 superbia
3186 2073 3491 2129 revocetur,
3527 2073 3785 2133 tanquam

2199 2157 2473 2213 inculcatis
2522 2174 2635 2213 rem
2667 2157 2906 2221 dubiam,
2931 2156 3107 2212 donec
3135 2158 3280 2212 omni
3321 2166 3502 2212 careat
3524 2157 3787 2226 ambigui-

2198 2259 2325 2304 tate.
2359 2251 2441 2306 Sit
2487 2249 2867 2319 tnultiloquus,
2899 2259 3158 2320 quantum
3189 2251 3486 2304 necessitas
3526 2249 3786 2320 coegerit,

2199 2343 2326 2396 dum
2361 2353 2537 2399 tamen
2567 2343 2796 2398 obscura
2840 2340 3104 2398 brevitate
3138 2342 3406 2397 neminem
3439 2340 3785 2396 scandalizet.

2195 2434 2453 2490 Similiter
2482 2434 2728 2490 dicturus
2770 2435 2981 2490 beatam
3026 2434 3248 2488 Mariam
3298 2448 3425 2488 vere
3471 2441 3528 2487 et
3575 2433 3784 2500 proprie

2199 2527 2365 2581 Deum
2390 2532 2663 2596 genu'sse,
2694 2527 2845 2594 prius
2873 2526 2962 2581 illa
2995 2525 3175 2580 omnia
3216 2525 3504 2588 conﬁtens,
3535 2522 3784 2578 divinita-

2196 2629 2303 2673 tem
2344 2617 2465 2672 Filii
2515 2617 2608 2672 Dei
2645 2616 2757 2687 jam
2802 2617 2869 2672 de
2900 2617 3059 2672 Patre
3089 2624 3293 2681 natam,
3342 2631 3443 2671 nec
3487 2614 3657 2681 nasci,
3689 2629 3783 2670 nec

2200 2710 2417 2778 proprie
2448 2708 2595 2762 nasci
2625 2718 2833 2763 asserat
2881 2708 3150 2776 potuisse,
3201 2709 3304 2763 nisi
3351 2722 3569 2763 carnem
3617 2707 3784 2760 nostri

2192 2801 2406 2871 generis
2433 2811 2488 2856 et
2517 2801 2712 2855 animae
2743 2801 3024 2855 rationalis
3054 2800 3431 2865 substantiam,
3479 2799 3530 2853 id
3562 2811 3646 2853 est
3679 2799 3782 2868 ple.

2193 2907 2319 2945 num
2354 2890 2652 2956 hominem,
2690 2892 3054 2962 suscepisset:
3081 2907 3256 2959 neque
3286 2890 3494 2946 initium
3519 2889 3784 2943 divinitati

2194 2999 2288 3052 per
2311 2981 2644 3039 nativitatem
2673 2986 3021 3053 temporalem
3053 2983 3237 3038 datum
3269 2982 3454 3048 fuisse,
3487 2981 3585 3037 sed
3614 2985 3784 3044 carni,

2191 3073 2343 3142 cujus
2390 3073 2600 3128 initium
2647 3075 2733 3130 vel
2765 3075 3044 3143 conceptio
3073 3089 3180 3128 non
3219 3072 3321 3127 fuit
3363 3073 3467 3128 nisi
3515 3073 3784 3139 susceptio

2114 3153 2162 3218 C
2191 3167 2507 3221 divinitatis.
2536 3167 2692 3221 Prius
2724 3165 2887 3221 etiam
2923 3168 3244 3222 conﬁteatur
3287 3180 3388 3221 nec
3415 3179 3478 3220 ea
3509 3179 3633 3234 quae
3663 3176 3784 3219 sunt

2189 3261 2508 3323 divinitatis,
2563 3274 2721 3328 posse
2763 3260 2832 3314 ab
2866 3260 3222 3324 humanitate,
3257 3273 3357 3314 nec
3396 3273 3460 3314 ea
3506 3274 3632 3328 qua:
3662 3271 3781 3312 sunt

2190 3358 2562 3422 humanitatis,
2593 3371 2752 3427 posse
2779 3371 2808 3410 a
2841 3356 3122 3411 divinitate
3161 3355 3359 3410 Christi
3386 3356 3656 3425 separari;
3688 3354 3776 3408 sed

2187 3451 2303 3507 sive
2341 3450 2472 3504 illud
2524 3449 2666 3517 quod
2717 3448 3010 3502 secundum
3065 3447 3439 3511 divinitatem,
3484 3446 3600 3500 sive
3652 3445 3778 3498 illud

2187 3541 2326 3611 quod
2357 3540 2649 3596 secundum
2693 3539 3078 3594 humanitatem
3110 3539 3340 3604 dictum,
3367 3547 3612 3607 gestum,
3648 3537 3779 3591 tole-

2189 3643 2437 3687 ratumve
2461 3639 2564 3696 est,
2589 3628 2800 3696 utrique
2834 3629 3146 3704 substansim
3175 3629 3294 3697 ejus
3320 3643 3441 3684 esse
3469 3642 3778 3683 commune.

2189 3725 2420 3793 Propter
2448 3739 2607 3778 unam
2653 3721 2813 3793 (quod
2844 3736 2987 3791 smpe
3025 3737 3129 3776 non
3167 3723 3311 3792 piget
3340 3721 3632 3791 inculcare)
3661 3736 3780 3790 per-

2187 3832 2422 3878 sonam,
2478 3830 2638 3884 quam
2692 3813 2946 3883 praedicat
3007 3821 3168 3868 rectae
3237 3812 3359 3867 ﬁdei
3424 3811 3782 3881 praedicator;

2183 3909 2431 3978 quamvis
2457 3906 2690 3974 noverit,
2722 3904 3015 3961 secundum
3049 3905 3437 3960 humanitatem
3464 3904 3532 3959 de
3556 3903 3782 3958 visceri-

2189 4006 2287 4059 bus
2315 4002 2502 4057 matris
2533 4001 2750 4071 proprie
2791 4009 2969 4054 natam
3002 3998 3165 4054 fuisse
3211 3998 3551 4054 divinitatem
3573 4040 3589 4065 ,
3625 4012 3781 4054 secu-

2183 4112 2277 4152 rus
2318 4107 2495 4152 tamen
2525 4095 2693 4150 dicit:
2722 4094 2882 4148 Maria
2915 4093 3080 4148 Deum
3113 4095 3328 4162 proprie
3374 4093 3593 4162 genuit;
3627 4092 3782 4146 illum

2182 4190 2387 4259 genuit,
2411 4187 2600 4257 quisic
2631 4186 2794 4240 homo
2825 4183 3087 4251 creditur,
3121 4194 3178 4238 ut
3209 4183 3350 4239 Deus
3380 4198 3488 4237 non
3524 4193 3779 4254 negetur.

2185 4281 2277 4334 llle
2331 4287 2510 4357 autem
2556 4276 2645 4345 qui
2693 4275 2788 4329 has
2834 4275 3042 4329 dubitat
3085 4275 3326 4343 proferre
3371 4277 3689 4341 sententias,
3732 4275 3778 4329 si

2183 4380 2376 4426 cuncta
2406 4387 2528 4440 qua:
2557 4370 2731 4424 solent
2762 4369 2862 4424 sub
2893 4367 3150 4422 haeretico
3198 4367 3366 4423 latere
3413 4382 3574 4422 sensu
3609 4367 3777 4421 mani-

2187 4463 2338 4517 testis
2370 4462 2740 4529 absolutisque
2769 4459 3112 4514 sermonibus
3151 4460 3380 4512 audierit
3410 4459 3656 4524 refutari,
3684 4473 3774 4512 ca-

492 4549 687 4606 Filiuni
737 4551 987 4618 fateatur,
1035 4564 1091 4608 ut
1138 4555 1366 4608 credens
1418 4556 1674 4626 intelligat
1704 4573 1809 4612 non
1840 4560 2076 4628 potuisse

2192 4564 2301 4608 real
2324 4553 2742 4622 suspicionibus,
2768 4553 2979 4606 omittat
3001 4553 3396 4616 Contentiones,
3419 4563 3472 4606 et
3491 4550 3559 4604 de
3580 4561 3771 4604 cmterc

492 4657 611 4696 cum
646 4644 751 4712 pati
783 4645 832 4698 in
866 4643 976 4710 ipsa
1005 4645 1320 4710 substantia,
1355 4663 1454 4715 qua
1493 4649 1652 4714 Deus,
1685 4659 1739 4704 et
1766 4667 1884 4706 cmn
1919 4652 2077 4710 Patre

491 4745 541 4788 ct
583 4750 704 4789 cum
761 4733 963 4805 Spiritu
1012 4747 1198 4792 sancto
1251 4756 1386 4793 unus
1429 4740 1566 4794 Deus
1596 4751 1700 4808 est,
1750 4743 1841 4798 sed
1889 4744 1940 4798 in
1988 4745 2075 4800 illa

489 4839 645 4893 quam
672 4826 788 4881 sine
814 4826 974 4881 Patre
1000 4835 1054 4882 et
1083 4827 1282 4896 Spiriti
1308 4839 1493 4883 sancto
1521 4833 1758 4899 suscepit
1786 4850 1850 4886 ex
1879 4844 2070 4889 matre.

488 4916 592 4972 Sed
624 4917 741 4972 ideo
764 4906 1096 4973 divinitatem
1130 4918 1249 4973 Filii
1277 4930 1421 4975 recte
1450 4936 1609 4992 posse
1640 4937 1668 4976 a
1704 4922 1948 4979 ﬁdelibus
1969 4925 2079 4981 dici

488 5025 696 5078 passam
730 5010 913 5075 fuisse,
937 5011 1058 5081 quia
1087 5011 1254 5080 ipsius
1286 5023 1367 5067 est
1397 5028 1523 5068 caro
1547 5030 1667 5084 quae
1699 5030 1854 5082 passa
1887 5025 1989 5081 est,
2023 5025 2072 5071 et

487 5103 551 5157 ad
586 5103 701 5172 ejus
733 5119 1013 5172 personam
1062 5104 1292 5174 pertinet
1321 5121 1475 5172 quam
1508 5122 1627 5161 cuin
1675 5108 1831 5163 Patre
1860 5116 1914 5162 et
1954 5107 2075 5176 Spi-

489 5196 590 5248 ritu
623 5205 806 5251 sancto
854 5212 958 5251 non
992 5197 1230 5252 creditur
1271 5198 1467 5254 habere
1512 5215 1873 5256 communem.
1923 5201 2073 5255 Post.

487 5300 643 5350 quam
671 5302 798 5342 vero
828 5297 882 5342 et
913 5287 1078 5342 Deum
1115 5288 1206 5343 Dei
1254 5289 1444 5344 Filium
1492 5306 1740 5359 passum,
1775 5301 1830 5346 et
1863 5308 1968 5346 non
2021 5298 2070 5346 in

487 5374 763 5431 divinitate
803 5378 914 5447 ipsa
966 5378 1271 5448 passibilem
1316 5380 1533 5446 factum,
1586 5383 1680 5436 sed
1735 5383 2068 5441 humanitate

487 5480 606 5531 quae
639 5466 898 5532 passibilis
930 5469 1123 5535 fuerat,
1156 5472 1486 5527 intellexerit
1516 5488 1760 5543 passum;
1809 5479 2073 5533 conﬁtea-

488 5566 573 5608 tur
616 5555 963 5614 nihilominus
994 5561 1160 5630 ipsius
1198 5565 1354 5616 unius
1399 5563 1518 5618 Filii
1550 5564 1641 5620 Del
1689 5565 1901 5620 Domini
1942 5567 2070 5622 Jesu

487 5648 685 5704 Christi
742 5650 874 5706 duas
904 5667 1024 5709 esse
1073 5665 1309 5720 naturas,
1358 5659 1441 5714 vel
1476 5658 1817 5716 substantias.
1853 5662 1917 5715 Et
1947 5678 2068 5718 cum

491 5741 695 5807 plenius
725 5741 839 5799 hac
865 5759 964 5813 pro
985 5746 1205 5803 modulo
1231 5751 1427 5818 ingenii
1451 5753 1533 5807 vel
1565 5755 1759 5822 eloquii
1789 5755 1870 5810 sui
1895 5753 2069 5811 incal-

2186 4663 2347 4701 unum
2378 4646 2443 4700 de
2471 4646 2732 4701 Trinitate
2773 4661 3011 4716 passum,
3056 4647 3138 4699 vel
3178 4645 3397 4700 Mariam
3428 4645 3639 4714 proprie
3665 4659 3771 4698 ma-

2188 4749 2323 4792 trem
2353 4739 2447 4794 Dei
2479 4753 2598 4794 esse
2629 4740 2707 4793 sic
2747 4740 3037 4809 accipiens,
3085 4739 3356 4808 quomodo
3396 4739 3592 4793 dicitur
3622 4754 3652 4791 a
3682 4753 3766 4791 ca-

2189 4832 2435 4902 tholicis,
2467 4833 2675 4887 etiamsi
2712 4833 2870 4886 aliter
2903 4833 3000 4885 hoc
3038 4830 3309 4886 affirmare
3339 4832 3578 4885 nitantur
3605 4831 3766 4884 haere-

2188 4926 2301 4995 tici,
2334 4924 2647 4980 doctoribus
2689 4925 3004 4979 orthodoxis
3035 4939 3192 4980 aures
3215 4925 3487 4994 simplices
3515 4923 3766 4994 praebeat

2757 5080 3084 5134 EPISTULA
3128 5078 3215 5133 IV.

2519 5204 2527 5218 ⁸
2564 5211 2631 5249 ΑΙ)
2673 5210 2948 5250 ικυαιῐτῐδιυιί
2988 5209 3384 5249 Ρκεεεγτειιωι.

2207 5327 2278 5381 De
2312 5329 2525 5382 essentia
2551 5326 2848 5396 Trinitatis,
2896 5340 2942 5381 et
2982 5329 3044 5382 de
3081 5327 3280 5381 duabus
3313 5325 3502 5381 Christi
3527 5327 3744 5380 naturis.

2259 5464 2309 5515 1.
2348 5462 2569 5516 Domino
2613 5462 2918 5517 beatissimo
2963 5461 3115 5516 fratri
3165 5462 3424 5532 Eugippio
3453 5462 3757 5533 presbyterc

2187 5551 2487 5607 Fcrrandus
2517 5554 2763 5622 exiguus,
2792 5555 2843 5607 in
2872 5555 3096 5611 Domino
3132 5555 3381 5609 salutem.

2251 5667 2596 5733 Charissime,
2610 5667 2888 5724 considera
2907 5670 3090 5739 quales
3111 5669 3362 5726 habeatvi
3375 5684 3460 5725 res
3481 5666 3549 5724 ab
3566 5668 3755 5724 Arianc

2180 5764 2373 5819 comite
2403 5778 2570 5826 nuper
2596 5766 2864 5830 [imposita
2888 5767 3128 5833 quaestio.
3160 5765 3263 5821 Sed
3286 5765 3433 5834 prius
3459 5763 3653 5834 quibus
3684 5763 3754 5816 in-
