4104 6360
354 324 459 381 909

1533 319 1889 377 EPISTULA".
1927 320 2013 375 ET
2044 316 2427 375 OPUSCULA.

3534 316 3637 372 910

356 414 439 495 ter
455 452 515 493 se
540 436 819 493 sententiis
840 438 921 493 vel
936 436 1271 508 dogmatibus
1293 436 1474 491 Ariani
1493 446 1548 492 et
1565 438 1817 494 catholici
1840 437 1942 493 dif-
1968 442 2018 499 Α
2047 436 2335 490 humanam
2384 434 2738 492 substantiam
2783 447 2889 489 non
2931 430 3216 488 habentem
3260 430 3621 509 subsistenteu

356 520 550 593 ferant,
569 527 948 583 deliberemus.
969 528 1155 582 Ariani
1178 526 1362 581 volunt
1382 527 1707 583 individuam
1722 528 1951 582 Trinita-

356 631 460 677 tem
477 619 795 689 praadicare,
808 621 947 673 sicut
960 618 1253 685 Scriptura:
1269 616 1561 687 prmdicant
1575 632 1736 671 unum
1753 617 1947 671 Deum.

355 709 614 766 Catholici
648 723 774 763 vero
809 717 1072 778 praecepta
1114 707 1247 776 legis
1282 707 1572 762 salubriter
1618 707 1898 763 audientes
1932 724 1946 761 :

356 805 514 869 Audi,
566 803 750 868 Israel,
783 803 922 857 Deus
949 812 1086 865 tuus,
1122 801 1260 855 Deus
1287 818 1418 855 unus
1448 811 1521 854 est
1550 799 1731 871 (Deut.
1763 816 1836 867 Vl,
1866 802 1948 869 4),

357 912 426 951 ne
452 895 736 949 videantur
758 895 861 949 sub
884 894 1043 947 unius
1074 893 1165 947 Dei
1203 891 1461 961 religione
1492 890 1651 945 ﬁdem
1674 890 1952 945 Trinitatis

357 988 670 1053 excludere,
705 995 814 1040 tres
845 999 1101 1054 personas
1120 985 1279 1038 unius
1305 982 1620 1037 substantiae
1652 982 1949 1051 pradican-

360 1088 460 1144 tes,
493 1080 661 1148 ipsam
694 1077 1013 1131 Trinitatem
1044 1092 1206 1130 unum
1237 1074 1405 1129 Deum
1438 1074 1757 1143 simpliciter
1785 1071 1954 1127 conﬁ-

360 1179 540 1225 tenlur
565 1185 580 1234 ;
610 1177 665 1223 et
693 1167 761 1222 de
782 1168 929 1225 omni
953 1176 1135 1221 sancta
1166 1167 1428 1221 Trinitate
1450 1168 1723 1233 sapienter
1750 1164 1952 1220 dictum

359 1262 662 1331 intelligunt
704 1262 906 1323 :Audi,
940 1258 1127 1323 Israel,
1166 1259 1300 1313 Deus
1322 1267 1459 1321 tuus,
1494 1258 1635 1312 Deus
1678 1274 1813 1311 unus
1856 1266 1949 1311 est.

357 1356 566 1418 Ariani,
600 1354 775 1409 Patris
803 1362 859 1408 et
889 1353 1004 1407 Filii
1022 1362 1077 1408 et
1105 1351 1338 1422 Spiritus
1361 1352 1529 1406 sancti
1563 1360 1671 1406 tres
1696 1350 1951 1405 substan-

360 1446 461 1501 tias
478 1445 861 1515 praedicant,“
880 1444 1000 1498 ideo
1021 1458 1207 1499 eorum
1230 1451 1543 1511 potestatem
1563 1441 1831 1508 dividunt,
1847 1441 1955 1495 uni-

360 1544 523 1591 tatem
554 1536 747 1600 vitant,
776 1535 1192 1590 immensitatem
1231 1533 1498 1598 minuunt,
1531 1541 1585 1588 et
1614 1548 1709 1601 per
1740 1546 1955 1588 errores

360 1626 551 1696 majori
588 1626 728 1680 Patri
766 1627 1030 1680 minorem
1081 1624 1279 1679 Filium
1321 1623 1652 1693 subjiciunt;
1684 1622 1953 1677 minorem

360 1728 542 1774 autem
571 1717 707 1771 Filio
727 1716 982 1786 Spiritum
1004 1724 1247 1770 sanctum
1269 1714 1472 1769 dicunt.
1497 1713 1761 1768 Catholici
1779 1728 1807 1766 e
1823 1726 1953 1767 con-

2053 535 2471 596 manentemque
2490 541 2792 597 personam,
2808 525 2860 580 in
2879 526 3136 581 unitatem
3150 539 3302 579 suam
3317 527 3616 596 suscipiens

2053 620 2117 673 ad
2146 634 2206 674 se
2235 618 2437 673 faceret
2464 619 2735 688 pertinere
2761 634 2777 683 ;
2810 618 3068 689 ﬁeretque
3105 618 3358 688 deinceps
3382 618 3635 675 humani-

2056 723 2135 767 tas
2164 712 2254 765 illa
2283 711 2462 766 divina
2510 726 2631 781 qua:
2686 711 2778 766 Dei
2825 711 3098 779 cmpisset,
3130 724 3199 766 ex
3232 725 3340 780 quo
3382 725 3503 766 esse
3532 726 3641 767 cm-

2016 804 2257 885 ‘pisset,
2309 802 2508 859 habere
2561 816 2844 872 personam
2879 820 2892 855 :
2925 803 3176 857 divinitas
3228 803 3316 857 illa
3371 802 3638 866 humana,

2053 900 2304 965 quoniam
2355 898 2455 952 sibi
2490 897 2541 950 in
2570 896 2831 950 unitatem
2882 910 3127 965 personae
3154 896 3421 952 veraciter
3456 898 3646 952 buma-

2056 1004 2178 1045 nam
2201 990 2372 1045 voluit
2403 989 2639 1044 adunare
2667 996 2931 1043 naturam.

2122 1102 2178 1156 4.
2206 1101 2441 1155 Dicimus
2468 1114 2616 1170 ergo,
2644 1098 2796 1155 Unus
2818 1108 2899 1155 est
2921 1098 3189 1165 Christus,
3210 1113 3350 1154 unus
3374 1107 3457 1154 est
3478 1100 3642 1167 Deus,

2056 1193 2393 1263 hominisque
2423 1193 2561 1248 ﬁlius
2595 1209 2609 1259 ;
2655 1192 2707 1247 id
2739 1203 2840 1257 est,
2873 1208 2976 1246 una
3007 1201 3089 1248 est
3118 1192 3314 1247 Christi
3350 1192 3443 1248 Dei
3474 1193 3645 1248 homi-

2056 1284 2244 1354 nisque
2296 1297 2523 1353 persona
2568 1298 2583 1336 :
2632 1298 2737 1338 non
2794 1294 2972 1339 tamen
3019 1283 3249 1337 dicimus
3307 1297 3466 1338 unam
3520 1300 3647 1340 esse

2053 1374 2253 1430 Christi
2296 1376 2388 1430 Dei
2419 1375 2760 1445 hominisque
2780 1385 3047 1430 naturam.
3082 1375 3480 1431 Concordantes
3522 1390 3643 1431 cum

2055 1463 2312 1534 Apostolo
2360 1465 2575 1521 volente
2613 1465 2847 1535 probare
2874 1466 3138 1520 unitatem
3170 1479 3456 1535 personas:
3504 1464 3642 1520 Nam

2055 1561 2107 1611 in
2158 1572 2277 1625 quo,
2330 1556 2502 1625 inquit
2550 1556 2842 1611 Corinthiis
2865 1596 2881 1624 ,
2920 1555 3060 1626 quod
3087 1556 3290 1623 donavi,
3317 1556 3362 1611 si
3392 1557 3517 1626 quid
3546 1555 3644 1611 do-

2056 1649 2195 1715 navi,
2229 1656 2437 1718 propter
2464 1662 2553 1701 vos
2596 1648 2649 1700 in
2694 1663 2912 1717 persona
2955 1645 3147 1700 Christi
3176 1644 3267 1717 (II
3294 1644 3414 1701 Cor.
3440 1662 3499 1713 tt,
3528 1645 3643 1714 10).

2056 1742 2306 1810 Nunquid
2350 1757 2456 1796 non
2503 1741 2695 1795 melius
2730 1755 2989 1811 personas
3019 1740 3245 1809 diceret,
3294 1740 3338 1795 si
3393 1741 3556 1796 vellet
3592 1740 3645 1795 in

360 1810 525 1863 "ario
555 1808 728 1862 Deum
770 1808 1005 1904 Parin"
1044 1806 1459 1904 De“m__Fm'_’m_’
1494 1805 1657 1859 Dem“
1681 1803 1945 1904 _5_pim“"
1984 1808 2027 1866 Β
2057 1803 2271 1887 Christo
2293 1836 2426 1889 duas
2452 1803 2753 1904 signiﬁcare
2779 1833 3140 1889 substantias?
3164 1803 3483 1888 Evidentem
3497 1832 3646 1888 simi-

362 1910 632 1966 sanctum,
679 1916 745 1954 ne
768 1909 878 1953 tres
909 1901 1047 1954 Deos
1073 1899 1324 1969 gentibus
1361 1898 1613 1952 inducere
1643 1898 1953 1962 videantur,

363 1992 520 2047 unius
540 2006 663 2046 esse
687 1991 929 2057 honoris,
960 1992 1161 2059 gloria.
1188 1989 1587 2059 magnitudinis,
1612 1988 1954 2056 aeternitatis,

364 2081 673 2150 divinitatis,
710 2081 1054 2151 mqualitatis,
1088 2079 1343 2136 essentia:
1381 2076 1741 2141 conﬁtentur;
1773 2085 1829 2131 et
1859 2091 1955 2129 ne-

364 2175 495 2230 mini
540 2176 772 2231 alterum
805 2188 1118 2244 praeponere
1164 2172 1462 2241 cupientes,
1493 2171 1561 2225 de
1589 2170 1743 2225 Patre
1776 2178 1958 2224 tamen

364 2266 557 2321 Filium
604 2277 807 2331 natum,
860 2265 929 2320 de
967 2264 1127 2320 Patre
1169 2272 1224 2319 et
1251 2262 1385 2318 Filio
1426 2261 1682 2331 Spiritum
1714 2267 1957 2316 sanctum

368 2356 663 2425 procedere
686 2356 945 2410 sentiunt.

434 2469 489 2524 2.
511 2468 741 2525 Ariauos
758 2469 805 2524 si
827 2469 1161 2539 interrogare
1182 2465 1418 2522 volueris
1439 2465 1580 2521 unde
1603 2465 1672 2520 sit
1690 2464 1882 2531 Filius,
1900 2465 1965 2519 ti-

366 2572 517 2617 ment
541 2562 743 2626 dicere,
777 2561 843 2615 de
875 2562 1046 2615 Patris
1084 2561 1317 2615 essentia
1350 2576 1362 2612 :
1396 2574 1464 2613 ne
1491 2559 1759 2629 gignentis
1788 2566 1843 2612 et
1870 2572 1963 2628 ge-

368 2652 465 2707 niti
491 2652 747 2720 probetur
766 2665 871 2705 utta
894 2650 1175 2717 divinitas,
1207 2659 1260 2704 et
1285 2649 1631 2704 conﬁrmetur
1659 2648 1959 2718 aequalitas.

368 2742 584 2799 Timent
620 2757 807 2797 rursus
835 2757 898 2797 ex
931 2741 1097 2796 nihilo
1125 2751 1311 2795 natum
1358 2740 1551 2795 Filium
1605 2739 1862 2809 proﬁteri,
1896 2754 1964 2793 ne

368 2835 597 2891 Creator
625 2834 892 2903 accipiens
912 2832 1171 2902 originem
1198 2832 1429 2887 similem
1455 2832 1743 2895 creaturis,
1777 2831 1964 2900 unige-

330 2935 332 2937 ’
369 2927 467 2982 niti
524 2926 801 2996 privilegio
833 2928 1125 2995 spoliatus,
1169 2926 1358 2995 perdat
1404 2924 1631 2993 gloriam
1680 2924 1961 2978 creatoris.

376 3020 608 3076 Aliunde
638 3034 767 3074 vero
798 3018 988 3073 Filium
1031 3029 1235 3081 natum,
1264 3016 1317 3070 id
1340 3026 1445 3081 est,
1468 3032 1533 3071 ex
1565 3016 1741 3087 aliqua
1784 3014 1968 3085 suhja-

371 3119 528 3166 cente
556 3112 806 3174 materia,
835 3109 1000 3163 multo
1024 3109 1255 3176 amplius
1275 3107 1468 3163 timent
1500 3116 1777 3173 astruere;
1802 3121 1869 3161 ne
1888 3105 1963 3159 vi-

373 3203 560 3259 deatur
588 3203 841 3273 quaslibet
874 3216 964 3256 res
990 3211 1115 3256 ante
1142 3216 1264 3255 eum
1296 3201 1483 3272 fuisse,
1516 3215 1611 3269 per
1628 3215 1786 3270 quem
1818 3200 1953 3254 facta
1985 3180 2031 3242 (ἶ

374 3304 501 3349 sunt
545 3294 749 3349 omnia.
798 3294 1017 3349 Talibus
1072 3293 1346 3347 erroribus
1397 3291 1727 3361 respondent
1773 3289 1961 3345 catho-

374 3388 465 3443 lici
495 3405 509 3442 :
541 3386 756 3442 Credite
782 3389 906 3456 quia
955 3395 1113 3440 natus
1153 3394 1233 3440 est
1276 3386 1343 3440 dc
1375 3384 1549 3440 Patris
1592 3383 1826 3439 essentia
1855 3400 1873 3439 :
1914 3382 1960 3437 si

376 3480 603 3549 negatis,
649 3478 810 3533 dicite
842 3479 981 3534 unde
1019 3478 1107 3533 sit.
1140 3477 1331 3532 Dicunt
1371 3477 1534 3533 etiam
1576 3477 1837 3532 minorem
1871 3475 1962 3530 Fi-

377 3573 530 3641 lium,
573 3573 695 3643 quia
726 3581 923 3643 negant
971 3586 1091 3628 csse
1120 3572 1403 3641 aequalem.
1440 3570 1698 3627 Catholici
1724 3584 1855 3626 vero
1882 3568 1962 3624 di-

376 3676 508 3721 cunt
536 3682 658 3720 eum
683 3665 977 3720 secundum
1003 3665 1335 3719 divinitatem
1364 3664 1644 3733 aequalem,
1667 3661 1961 3718 secundum

378 3759 760 3814 humanitatem
790 3766 968 3812 autem
999 3756 1284 3811 minorem.
1312 3753 1613 3823 Equalitas
1635 3752 1752 3822 ejus
1774 3767 1965 3807 secun-

376 3851 502 3905 dum
527 3852 859 3906 divinitatem
889 3864 993 3903 non
1020 3848 1181 3904 habet
1208 3848 1438 3912 initium;
1472 3855 1841 3901 verumtamen
1865 3861 1966 3899 nec

377 3942 652 4009 aequalitas
668 3950 984 4009 competens
1003 3939 1293 4002 divinitati,
1315 3951 1412 3990 nec
1428 3934 1713 3989 niinoratio
1730 3950 1965 4004 congrua

376 4034 522 4086 carni
557 4032 719 4086 habet
758 4032 938 4084 linem.
968 4027 1097 4083 Sive
1126 4042 1255 4097 ergo
1283 4026 1579 4081 secundum
1620 4010 1838 4080 carnem
1870 4028 1969 4080 uti-

378 4140 498 4189 nor,
523 4125 815 4178 secundum
840 4122 1177 4176 divinitatem
1216 4120 1425 4175 dicatur
1453 4120 1697 4189 aequalis,
1719 4119 1860 4174 idem
1883 4132 1967 4173 at-

377 4231 481 4284 que
514 4231 648 4269 unus
675 4227 759 4269 est
788 4215 1061 4279 Christus,
1093 4229 1220 4269 vere
1250 4214 1414 4269 Filius
1448 4214 1564 4280 Dei,
1595 4222 1649 4267 et
1678 4228 1804 4267 vere
1831 4214 1969 4267 ﬁlius

380 4307 631 4358 hominis.
652 4305 897 4375 Equalis
920 4305 1063 4359 enim
1088 4318 1442 4375 perseverans
1464 4304 1631 4358 factus
1653 4314 1737 4358 est
1760 4305 1967 4358 minor:

379 4399 554 4453 minor
574 4398 765 4461 factus,
796 4399 1087 4467 permansit
1108 4397 1344 4467 aequalis.
1376 4399 1442 4450 Et
1468 4397 1587 4450 ideo
1606 4404 1746 4450 totus
1773 4396 1967 4461 minor,

379 4498 520 4543 totus
550 4490 806 4559 aequalis:
835 4490 957 4560 quia
978 4499 1221 4544 servatur
1242 4489 1293 4542 in
1317 4502 1384 4543 eo
1412 4496 1637 4556 utraque
1660 4488 1880 4554 'natura,
1914 4496 1970 4541 et

2059 1925 2181 1980 liter
2215 1924 2476 1979 adhibens
2524 1925 2880 1980 differentiam
2926 1925 3346 1981 substantiarum
3377 1925 3504 1981 dicit
3542 1923 3648 1979 alio

2060 2018 2177 2073 loco
2209 2034 2224 2072 :
2258 2018 2369 2072 Etsi
2395 2020 2678 2087 cruciﬁxus
2708 2029 2807 2085 cst,
2837 2035 2900 2072 ea:
2920 2020 3218 2087 inﬁrmitate
3244 2021 3523 2088 cruci/itus
3552 2029 3647 2083 est.

2058 2109 2148 2161 sed
2177 2109 2296 2161 vivit
2322 2124 2384 2161 ea:
2409 2110 2590 2162 virtute
2612 2106 2709 2161 Dei
2749 2105 2840 2177 (II
2862 2107 2984 2163 Cor.
3017 2124 3132 2174 xm,
3164 2108 3241 2176 4).
3267 2108 3512 2179 Nunquid
3541 2124 3648 2164 non

2060 2198 2175 2267 ipse
2212 2197 2500 2253 cruciﬁxus
2528 2208 2613 2254 est
2642 2201 2731 2269 qui
2770 2202 2901 2254 vivit
2923 2200 2947 2269 ἶ
2973 2209 3029 2255 et
3063 2210 3239 2255 tamen
3269 2202 3360 2272 qui
3389 2216 3456 2257 ex
3497 2202 3649 2257 inﬁr-

2062 2290 2248 2345 mitate
2290 2290 2581 2346 cruciﬁxus
2611 2299 2715 2356 est,
2740 2307 2806 2348 ex
2840 2294 3033 2349 virtute
3073 2293 3169 2349 Dei
3204 2293 3352 2348 vivit.
3387 2293 3537 2351 Unde
3581 2296 3648 2350 ad

2065 2395 2306 2435 amorem
2356 2380 2988 2452 commendationemquc
3043 2397 3288 2451 persona:
3338 2386 3519 2451 unius,
3569 2386 3649 2439 sic

2063 2488 2204 2527 unus
2240 2472 2490 2528 Christus
2517 2474 2859 2542 praedicatur,
2881 2485 2939 2529 ut
2969 2474 3256 2545 aliquando
3284 2491 3388 2531 una
3418 2478 3535 2548 ejus
3564 2478 3648 2535 vel

2067 2564 2294 2617 humana
2319 2574 2507 2618 natura
2540 2565 2620 2619 vel
2644 2564 2821 2620 divina
2850 2577 3322 2633 commemoretur,
3351 2578 3406 2625 et
3425 2578 3649 2641 utraque

2065 2662 2242 2708 tamen
2288 2654 2617 2725 intelligatur
2657 2671 2672 2708 :
2715 2657 2965 2726 quoniam
3021 2657 3159 2713 inest
3202 2659 3401 2727 unitas,
3457 2668 3517 2716 ut
3561 2660 3649 2731 qui

2069 2759 2226 2798 Ullam
2254 2744 2517 2811 nominet,
2540 2747 2725 2802 ambas
2751 2746 3037 2817 signiﬁcet.
3072 2748 3299 2819 Propter
3322 2751 3467 2820 quod
3508 2752 3650 2823 Apo-

2038 2882 2041 2885 Α
2067 2836 2238 2891 stolus
2261 2837 2429 2892 solam
2461 2837 2843 2894 humanitatem
2875 2839 3063 2909 tangit,
3101 2840 3167 2895 ad
3198 2841 3537 2899 Timotheum
3562 2844 3649 2899 di-

2066 2942 2195 2983 cens
2224 2946 2237 2982 :
2268 2928 2415 2984 Unus
2435 2940 2507 2984 est
2534 2930 2694 2994 Deus,
2727 2947 2860 2986 unus
2891 2932 3139 2986 mediator
3167 2930 3261 2987 Dei
3286 2943 3333 2987 et
3361 2934 3647 3003 hominum,

2068 3025 2218 3078 homo
2248 3024 2484 3080 Christus
2509 3024 2663 3080 Jesus
2685 3023 2740 3097 (1
2771 3026 2904 3082 Tim.
2928 3041 2985 3095 tt,
3012 3026 3091 3099 5).
3116 3027 3193 3082 De
3220 3027 3648 3083 divinitate-dicit

2070 3118 2135 3172 ad
2182 3119 2489 3175 Corinthios
2522 3135 2536 3173 :
2570 3118 2709 3173 Nam
2757 3120 2851 3174 etsi
2891 3127 3010 3173 sunt
3039 3121 3126 3187 qui
3156 3120 3397 3175 dicantur
3445 3120 3517 3175 dii
3561 3120 3641 3190 (si-

2062 3209 2266 3279 quidem
2287 3218 2405 3263 sunt
2435 3210 2627 3277 multi),
2655 3210 2798 3264 nobis
2820 3219 2986 3264 tamen
3009 3227 3142 3266 unus
3169 3209 3306 3266 Deus
3329 3226 3393 3266 ea:
3412 3228 3514 3282 quo
3538 3226 3649 3265 out-

2063 3302 2172 3366 nia,
2207 3312 2253 3355 et
2278 3319 2408 3355 unus
2438 3301 2689 3357 Dominus
2719 3302 2869 3356 Jesus
2908 3300 3146 3357 Christus
3166 3319 3257 3374 per
3281 3319 3430 3375 quem
3477 3304 3647 3357 omnia

2065 3392 2116 3467 (ι
2151 3393 2271 3449 Cor.
2297 3410 2411 3463 vnt,
2435 3395 2515 3465 5).
2533 3423 2603 3435 —
2632 3396 2833 3451 Desunt
2862 3398 3086 3466 reliqua.

2635 3568 2967 3625 EPISTULA
3005 3567 3071 3625 ν.

2130 3747 2196 3786 Δί)
2221 3745 2464 3786 SEVERO!
2492 3740 2879 3785 SCBOLASTICUI
2907 3736 3590 3780 εοκετλητιδοιιοιιτλκυιι.

2074 3885 2223 3953 Quod
2246 3884 2493 3937 Dominus
2525 3889 2693 3953 noster
2717 3878 2874 3953 .Iesus
2899 3876 3129 3953 Christus
3154 3876 3219 3930 sit
3244 3890 3377 3931 unus
3397 3875 3461 3930 de
3483 3884 3653 3930 sancto

2564 3960 2611 4003 et
2636 3948 2901 4003 individua
2926 3946 3197 4001 Trinitate.

2145 4127 2197 4180 1.
2231 4126 2542 4195 “agnorum
2572 4124 2811 4179 virorum
2843 4120 2975 4175 mihi
3018 4119 3288 4192 negotium
3318 4118 3530 4174 conaris
3561 4117 3650 4172 atl-

2070 4217 2315 4286 jungere,
2341 4224 2559 4284 propter
2578 4228 2671 4270 eos
2691 4214 2781 4283 qui
2804 4210 2969 4270 Deum
2990 4220 3229 4265 nostrum
3253 4208 3432 4263 Jesum
3458 4217 3655 4276 negant

2075 4324 2240 4363 unum
2266 4322 2389 4363 esse
2411 4307 2482 4361 de
2510 4314 2693 4361 sancta
2715 4314 2767 4360 et
2794 4302 3068 4360 individua
3088 4299 3370 4364 Trinitate,
3393 4298 3518 4369 quid
3538 4312 3657 4353 sett-

2078 4401 2208 4456 tiam
2236 4400 2537 4455 delectatus
2563 4398 2770 4453 audire.
2801 4395 2906 4454 Sed
2933 4393 3062 4461 hoc,
3089 4392 3282 4461 fateor,
3327 4389 3526 4462 ingenii
3555 4391 3658 4445 mel

2083 4492 2341 4563 pusillitas
2352 4501 2440 4548 aut
2461 4491 2545 4545 vix
2560 4490 2721 4557 valet,
2737 4498 2827 4543 aut
2843 4501 3118 4542 assumere
3132 4486 3349 4540 omnino
3361 4499 3466 4538 non
3480 4481 3658 4538 audet.

376 4597 536 4651 quam
582 4581 793 4647 habuit,
827 4592 881 4637 et
907 4597 1064 4651 quam
1104 4582 1396 4650 assumpsit
1420 4594 1485 4635 ex
1516 4589 1708 4634 matre.
1757 4580 1961 4649 Alioqui

2077 4595 2205 4662 Quis
2221 4593 2362 4650 enim
2377 4605 2497 4661 ego,
2517 4597 2607 4643 aut
2622 4587 2792 4658 qualis
2808 4600 2931 4655 ego,
2947 4584 3033 4639 cui
3049 4581 3287 4639 liceatde
3309 4577 3486 4637 dubiis
3500 4576 3661 4634 rebus

376 4675 418 4728 si
468 4691 567 4728 una
612 4677 664 4728 in
704 4676 916 4731 Christo
968 4687 1021 4728 et
1063 4690 1291 4744 persona
1346 4674 1603 4728 existeret
1646 4681 1701 4726 et
1752 4682 1959 4738 natura,

376 4780 480 4817 non
509 4775 689 4833 posset
710 4783 843 4821 unus
870 4764 1116 4820 Christus
1139 4766 1228 4819 uni
1257 4763 1401 4820 Patri
1421 4774 1478 4819 et
1504 4763 1681 4819 minor
1702 4772 1755 4819 et
1784 4778 1962 4833 aequa-

380 4854 443 4907 lis
467 4855 593 4909 dici.

445 4967 498 5020 ’5.
529 4965 764 5020 Dicimus
796 4966 957 5020 ctiam
990 4965 1057 5020 de
1093 4962 1309 5020 Christo
1359 4963 1498 5032 quod
1530 4977 1660 5017 vere
1702 4978 1835 5015 unus
1879 4972 1960 5015 est

382 5062 643 5117 Christus.
674 5060 1015 5129 Sapientibus
1059 5065 1238 5111 tamen
1291 5056 1583 5121 mentibus,
1629 5054 1839 5121 quoties
1872 5069 1965 5106 au-

383 5156 560 5219 iiiunt,
607 5153 752 5207 Unus
806 5160 890 5203 est
939 5146 1217 5213 Christus,
1258 5147 1493 5215 cogitare
1533 5145 1782 5199 convenit
1834 5158 1967 5212 quo-

382 5245 538 5300 tnodo
570 5245 639 5299 sit
665 5257 840 5307 unus;
877 5250 1054 5294 utrum
1084 5254 1248 5293 unam
1282 5236 1529 5290 habendo
1559 5248 1866 5304 personam,
1899 5247 1965 5285 an

383 5354 536 5393 uitam
570 5346 839 5391 naturam.
871 5333 926 5389 Si
959 5347 1063 5384 non
1106 5339 1279 5399 potest
1304 5328 1409 5382 dici
1434 5342 1591 5381 unam
1632 5325 1834 5380 habere
1865 5339 1961 5378 na-

380 5441 546 5483 turam
575 5443 731 5499 quem
763 5426 1063 5495 suscepisse
1080 5422 1304 5477 alteram
1324 5421 1568 5484 dicimus,
1588 5426 1768 5488 potest
1786 5430 1965 5470 tamen

381 5522 482 5576 dici
502 5537 657 5575 unam
681 5521 877 5574 habere
896 5532 1201 5589 personam,
1218 5514 1466 5585 quoniam
1484 5524 1716 5582 persona
1732 5510 1817 5563 illa
1837 5523 1971 5563 sem-

381 5629 476 5682 per
504 5628 724 5668 manens
763 5622 969 5668 natura:
1006 5625 1222 5680 semper
1253 5607 1521 5663 manentis
1562 5605 1633 5659 ita
1662 5601 1966 5658 mirabilem

382 5718 561 5778 postea
587 5715 832 5763 naturam
880 5704 994 5763 sine
1026 5718 1250 5776 persona
1279 5700 1580 5761 voluntarie
1627 5697 1881 5763 suscepit,
1910 5704 1967 5748 ut

2074 4696 2328 4742 statutam
2361 4683 2602 4753 proferre
2622 4678 2966 4743 sententiam,
3000 4689 3280 4744 novosque
3306 4685 3585 4727 sermones
3608 4669 3661 4722 in

2073 4776 2353 4833 electionis
2380 4773 2721 4839 auctoritate,
2747 4777 2927 4825 utrum
2957 4767 3154 4836 suscipi
3183 4765 3437 4829 debeant,
3472 4774 3661 4817 recen-

2074 4869 2296 4923 tioribus
2322 4865 2549 4921 deﬁnire
2576 4859 2947 4931 temporibus?
2991 4858 3202 4914 Utinam
3237 4854 3366 4909 tnihi
3398 4852 3502 4906 ﬁde
3529 4850 3660 4905 sim-

2068 4958 2218 5025 plici,
2262 4970 2422 5024 quam
2452 4952 2713 5007 catholica
2754 4965 2853 5022 per
2878 4949 3188 5005 universum
3219 4942 3474 4998 mundum
3503 4939 3661 4994 docet

2071 5047 2329 5113 Ecclesia,
2362 5045 2439 5100 sic
2466 5044 2628 5099 donet
2658 5043 2799 5098 Deus
2820 5056 2939 5098 esse
2967 5046 3301 5102 contentum,
3335 5042 3394 5088 ut
3414 5032 3580 5094 omni,
3613 5030 3657 5082 si

2073 5140 2184 5194 tieri
2211 5146 2407 5208 potest,
2442 5137 2596 5206 hujus
2624 5135 2747 5190 vitae
2776 5131 3099 5205 miserabilis
3140 5135 3383 5195 tempore
3424 5122 3653 5177 orationi

2071 5242 2126 5285 et
2166 5228 2388 5301 jejuniis
2432 5242 2648 5289 vacans,
2694 5224 2940 5295 plangam
2986 5233 3107 5275 cum
3157 5215 3363 5286 pusillis
3408 5210 3660 5267 fratribus

2075 5325 2210 5378 meis
2252 5320 2446 5377 delicta
2480 5319 2643 5375 multa
2685 5326 2739 5371 et
2773 5315 2975 5384 gravia,
3027 5311 3140 5365 sive
3189 5322 3308 5378 quas
3346 5305 3457 5377 jam
3505 5303 3662 5360 doleo

2076 5414 2383 5481 commissa,
2408 5410 2523 5467 sive
2552 5422 2672 5478 quae
2702 5406 2878 5460 adhuc
2905 5416 3070 5472 cogor
3090 5416 3155 5457 ex
3176 5398 3350 5455 carnis
3376 5395 3661 5466 fragilitate

2077 5504 2452 5561 committere!
2507 5502 2727 5556 Beatum
2780 5510 2868 5552 me
2911 5493 3149 5565 proiecto
3191 5501 3329 5573 tunc.
3362 5488 3660 5555 aestimabo,

2079 5599 2290 5671 quando
2315 5597 2519 5667 positus
2549 5594 2602 5649 iit
2632 5591 2850 5646 silentio
2878 5586 3207 5653 monasterii,
3239 5585 3387 5640 illum
3412 5581 3658 5638 versicu-

2083 5694 2189 5748 lum
2218 5690 2407 5762 psalmi
2451 5702 2544 5758 per
2586 5692 2856 5742 momenta
2902 5690 3231 5743 cantavero:
3282 5678 3446 5734 Dixi:
3475 5673 3659 5730 (ἔνδιοι
