4104 6360
465 347 562 404 ιιιι

1348 336 1718 397 FULGENTII
1758 337 2112 397 FERBANDI
2157 335 2429 394 DlACONl
2467 333 2818 394 CARTHAG.

3647 331 3767 388 912

465 466 604 520 diana
622 463 729 519 uias
748 476 902 528 meas,
928 466 1105 514 utnon
1129 455 1425 526 delinquant
1447 455 1500 508 in
1531 454 1709 526 lingua
1732 469 1842 508 mea
1869 450 2044 524 (Psat.
2075 456 2128 516 Α
2154 453 2236 508 rio
2257 452 2416 509 Arius
2442 461 2663 525 propter
2688 459 2796 505 tres
2818 459 3100 518 personas,
3130 454 3238 502 tres
3266 444 3433 503 voluit
3454 444 3769 515 praedicare

466 568 691 617 xxxviii,
723 553 796 624 l).
828 550 1137 620 Loquantur
1164 556 1218 602 et
1242 545 1534 617 pradicent
1555 545 1751 616 quibus
1773 544 1946 599 honor
1969 558 2053 598 sa-

464 644 696 719 cerdotii
713 640 943 709 docendi
957 639 1331 695 auctoritatem
1354 638 1544 692 tribuit
1565 652 1581 702 ;
1617 651 1715 691 nos
1732 635 1940 691 discere
1963 648 2045 704 pa-

463 735 568 791 rati
599 749 817 799 sumus;
847 733 1038 787 docere
1061 730 1200 785 alios
1227 744 1332 785 non
1357 729 1758 798 praesumimus.
1780 726 2053 795 interroga

465 828 645 896 igitur,
660 826 743 882 vir
756 824 1188 895 prudentissime,
1206 822 1249 877 si
1267 822 1395 891 quid
1415 819 1652 875 veritatis
1677 818 1830 886 cupis
1845 816 2053 879 audire,

465 918 833 990 principaliter
866 915 1175 986 apostolica:
1213 914 1359 969 sedis
1396 912 1715 975 antistitem,
1744 908 1895 978 cujus
1926 920 2056 962 sana

463 1010 707 1067 doctrina
744 1016 956 1064 constat
980 1007 1183 1077 judicio
1227 1006 1493 1072 veritatis,
1528 1014 1583 1059 et
1622 1002 1840 1057 fulcitur
1882 998 2058 1055 muni-

464 1104 611 1159 mine
637 1102 994 1159 auctoritatis.
1011 1101 1285 1171 interroga
1307 1100 1565 1170 plurimos
1589 1110 1683 1168 per
1705 1095 1918 1153 diversa
1948 1103 2058 1150 ter-

466 1194 782 1252 rarumloca
802 1194 1106 1264 pontifices,
1130 1190 1324 1264 quibus
1341 1190 1563 1247 scientia
1586 1189 1887 1245 cmlestium
1916 1201 2058 1256 prae-

463 1293 743 1358 ceptorum
793 1284 1051 1340 divinitus
1094 1283 1377 1354 inspirata,
1421 1284 1616 1336 famam
1668 1280 1925 1351 grandem
1973 1275 2058 1332 sui

463 1394 592 1435 cum
619 1378 967 1435 veneratione
993 1376 1233 1447 collegit.
1268 1376 1403 1431 latos
1433 1373 1551 1429 sine
1579 1374 1742 1428 dubio
1770 1383 1824 1425 et
1850 1371 1916 1425 ad
1948 1370 2053 1425 dis-

467 1468 759 1542 putandum
787 1468 1030 1533 idoneos,
1063 1477 1117 1523 et
1137 1467 1205 1522 ad
1235 1466 1568 1523 suadendum
1602 1462 1864 1535 frequenti
1894 1477 2058 1518 exer-

466 1562 720 1619 citatione
767 1570 1005 1631 paratos,
1037 1575 1138 1617 nec
1166 1559 1558 1630 vituperaheris
1602 1559 1649 1612 si
1677 1556 1926 1612 consulas
1964 1554 2060 1608 ad-

467 1652 576 1708 huc
602 1654 875 1718 incertus;
906 1660 961 1705 et
992 1650 1224 1705 laudaris
1256 1658 1281 1687 ι
1320 1651 1366 1705 si
1402 1648 1645 1718 sequaris
1674 1647 1934 1703 veraciter
1962 1646 2061 1700 do-

465 1750 605 1798 ctus.
639 1743 684 1797 Α
715 1757 802 1799 me
828 1750 1008 1797 autem
1043 1741 1121 1797 sic
1148 1749 1339 1810 expete
1379 1739 1619 1794 debitum
1663 1737 1957 1802 charitatis,
1990 1750 2060 1792 ne

467 1832 741 1890 incurrere
769 1833 997 1889 suadeas
1023 1833 1232 1903 culpam
1265 1831 1602 1889 temeritatis.

538 1923 595 1979 2.
612 1925 822 1981 Sufficit
845 1925 999 1992 mihi,
1017 1937 1236 1995 propter
1250 1923 1392 1979 beati
1415 1923 1557 1979 Petri
1581 1921 1914 1978 manifestam
1936 1933 2060 1975 sen-

468 2017 713 2084 tentiam,
755 2032 877 2087 qua:
922 2016 1168 2072 fidelibus
1199 2015 1406 2071 cunctis
1430 2014 1755 2086 generaliter
1786 2013 2058 2082 loquitur:

468 2104 654 2163 Parati
697 2109 765 2161 ad
811 2109 1224 2180 respondendum
1255 2110 1390 2163 omni
1419 2108 1647 2179 poscenti
1689 2123 1775 2161 vos
1814 2107 2062 2160 rationem

470 2199 533 2255 de
556 2200 664 2270 ﬁde
687 2209 733 2255 et
753 2216 844 2271 spe
862 2217 978 2272 quae
1006 2203 1060 2256 in
1088 2202 1227 2257 vobis
1249 2211 1321 2256 est
1345 2200 1396 2271 (Ι
1430 2199 1576 2255 Petr.
1609 2215 1688 2267 tn,
1717 2200 1839 2270 15);
1869 2198 2062 2254 scisci-

470 2290 602 2345 tanti
648 2294 917 2362 quomodo
964 2292 1275 2360 credamus,
1315 2292 1460 2347 illico
1513 2290 1893 2360 respondere:
1933 2287 2063 2345 Cre«

470 2381 598 2439 dere
621 2397 719 2438 nos
745 2383 799 2439 in
833 2399 996 2438 unum
1030 2384 1194 2439 Deum
1220 2383 1452 2447 Patrem,
1485 2390 1541 2438 et
1564 2380 1781 2448 Filium,
1805 2390 1860 2436 et
1890 2380 2060 2450 Spiri-

470 2483 584 2530 tum
617 2483 886 2542 sanctum,
932 2474 1146 2530 Patrem
1177 2490 1208 2529 a
1251 2474 1402 2531 nullo
1438 2474 1701 2546 genitum,
1751 2472 1947 2528 Filium
1996 2470 2067 2526 de

472 2565 633 2621 Patre
661 2565 1017 2635 unigenitum,
1050 2564 1307 2635 Spiritum
1340 2576 1585 2621 sanctum
1624 2564 1694 2620 de
1733 2563 1892 2620 Patre
1920 2562 2070 2634 inge-

473 2657 583 2712 nito
612 2665 666 2714 et
705 2656 845 2713 Filio
889 2657 1168 2729 unigenito
1196 2673 1410 2730 semper
1446 2660 1866 2730 procedentem;
1898 2657 1968 2712 ita
2011 2662 2071 2711 ut

472 2748 573 2803 hac
594 2747 750 2804 beata
776 2748 1057 2817 Trinitate,
1084 2765 1243 2821 quam
1287 2766 1449 2806 unum
1479 2750 1714 2805 diximus
1739 2748 1930 2817 Deum,
1968 2747 2070 2803 Pa-

474 2847 557 2896 ter
586 2855 692 2896 non
724 2839 795 2896 sit
822 2839 991 2898 Filius
1017 2850 1113 2896 aut
1164 2841 1395 2913 Spiritus
1438 2832 1687 2910 sanctus,
1721 2839 1888 2895 Filius
1933 2855 2071 2894 nun-

474 2948 631 3002 quam
663 2932 734 2989 sit
764 2932 921 2989 Pater
947 2943 1044 2989 aut
1068 2935 1301 3006 Spiritus
1326 2945 1568 3002 sanctus,
1593 2933 1826 3004 Spiritus
1850 2944 2071 2987 sanctus

478 3040 578 3081 nec
607 3025 764 3081 Pater
792 3028 861 3082 sit
888 3027 1199 3099 aliquando,
1232 3043 1331 3083 nec
1361 3027 1548 3095 Filius,
1588 3026 1684 3084 sed
1718 3027 1876 3083 Pater
1905 3027 2072 3081 solius

478 3116 597 3173 Filii
624 3118 782 3175 Pater
812 3120 903 3187 sit,
931 3130 989 3176 ut
1013 3121 1181 3176 Filius
1210 3121 1380 3176 solius
1412 3121 1583 3175 Patris
1612 3120 1806 3189 Filius,
1836 3117 2064 3187 Spiritus

2156 545 2505 599 substantias.
2535 542 2840 613 Apostolica
2888 555 3020 596 sane
3069 540 3306 595 Ecclesia
3353 548 3464 595 tres
3490 553 3769 608 personas

2158 645 2346 689 contra
2385 635 2675 690 Sabellium
2708 648 3019 699 numerans,
3052 648 3213 687 unam
3241 646 3370 687 vero
3396 631 3769 686 substantiam

2156 728 2239 781 vel
2278 728 2571 782 essentiam
2619 735 2805 783 contra
2839 727 3025 781 Arium
3060 724 3365 789 vindicans,
3415 726 3487 779 ita
3544 723 3766 779 dictum

2156 816 2258 871 sibi
2289 818 2530 872 meminit
2559 818 2751 884 :Andi,
2778 816 2965 883 Israel,
2999 816 3253 872 Dominus
3276 816 3419 871 Deus
3444 829 3582 885 tuus,
3607 815 3770 870 Dm

2157 924 2292 963 unus
2317 921 2391 963 est
2421 908 2603 981 (Deut.
2641 924 2713 975 vt,
2746 908 2837 981 4);
2863 918 2922 963 ιιι
2952 909 3039 964 hic
3067 925 3203 963 unus
3246 908 3389 964 Deus
3419 923 3526 964 non
3555 908 3627 963 sit
3666 922 3772 962 so-

2158 1001 2387 1066 litarius,
2412 1002 2508 1057 sed
2540 1002 2797 1069 Trinitas,
2831 1000 2989 1057 Pater
3007 1002 3234 1067 scilicet,
3282 1001 3472 1068 Filius,
3513 1012 3568 1058 et
3584 1000 3770 1071 Spiri-

2158 1100 2241 1147 tus
2276 1102 2512 1148 sanctus.
2543 1094 2658 1159 Qua
2687 1092 3027 1150 confessione
3059 1095 3296 1164 praelata,
3349 1107 3601 1163 magnum
3632 1092 3759 1164 pie—

2161 1186 2285 1241 tatis
2318 1194 2374 1241 et
2402 1186 2648 1241 mirabile
2677 1195 3077 1242 sacramentum
3108 1185 3163 1257 (1
3188 1185 3325 1241 Tim.
3355 1200 3434 1251 ιιι,
3461 1186 3581 1255 tu),
3610 1185 3769 1255 quod

2159 1278 2553 1333 manifestatum
2575 1286 2659 1334 est
2678 1279 2731 1333 in
2755 1292 2940 1343 carne,
2966 1277 3315 1348 justiticatum
3339 1286 3424 1333 est
3446 1279 3500 1331 in
3521 1277 3765 1348 Spiritu,

2159 1372 2408 1441 apparuit
2454 1371 2683 1442 angelis,
2712 1372 3061 1442 pradicatum
3092 1382 3177 1429 est
3222 1371 3278 1427 in
3321 1371 3593 1442 gentibus,
3637 1387 3769 1428 ere-

2160 1460 2325 1516 ditum
2347 1470 2432 1517 est
2462 1464 2514 1515 in
2546 1461 2766 1530 mundo,
2785 1470 3120 1533 assumptum
3151 1470 3237 1518 est
3263 1462 3317 1517 in
3346 1463 3541 1533 gloria,
3561 1463 3765 1517 subse-

2160 1553 2344 1631 quenti
2380 1556 2725 1609 veneratione
2755 1554 3071 1622 pandentes,
3122 1552 3195 1608 ita
3239 1569 3337 1625 pro
3382 1554 3766 1623 redemptione

2162 1643 2381 1700 humani
2426 1646 2641 1715 generis
2670 1644 2957 1700 humanam
2996 1654 3241 1700 naturam
3271 1646 3541 1701 credimus
3569 1661 3764 1701 susce-

2164 1736 2327 1805 pisse,
2363 1744 2422 1791 ut
2452 1737 2543 1792 ille
2582 1737 2672 1807 q-zi
2712 1737 2970 1792 Trinitate
3008 1737 3245 1807 perfecta
3280 1737 3421 1791 Deus
3450 1737 3765 1803 unigenitus

2089 1845 2136 1905 Β
2164 1828 2512 1897 permanebat
2537 1843 2597 1883 ac
2626 1835 2919 1898 permanet,
2940 1828 3052 1899 ipse
3082 1842 3145 1885 es
3179 1829 3341 1884 Maria
3381 1830 3531 1883 fieret
3558 1831 3761 1898 primo-

2164 1925 2366 1995 genitus
2395 1926 2447 1979 in
2492 1924 2667 1978 multis
2699 1923 2947 1991 fratribus
2977 1923 3154 1995 (Rom.
3189 1937 3301 1986 vttl,
3343 1921 3477 1989 9.9);
3505 1932 3559 1976 ct
3614 1922 3764 1976 hunc

2165 2020 2413 2075 eumdem
2468 2034 2627 2089 quem
2682 2027 2942 2089 genuerat
2998 2018 3141 2073 Deus
3190 2017 3348 2071 Pater
3394 2026 3520 2071 ante
3575 2020 3761 2070 omnia

2170 2123 2432 2180 tempora,
2484 2111 2658 2181 ipsum
2702 2119 2987 2180 generaret
3018 2110 3181 2165 homo
3228 2120 3420 2169 mater,
3474 2119 3760 2180 postquam

2166 2206 2312 2258 venit
2337 2201 2612 2272 plenitudo
2645 2212 2969 2272 temporum.

2240 2295 2293 2349 5.
2324 2293 2701 2363 Principaliter
2721 2294 2862 2348 enim
2888 2292 3020 2349 ﬁdes
3049 2302 3228 2350 nostra
3252 2291 3525 2349 Christum
3553 2294 3644 2350 Dei
3676 2293 3762 2350 Pio

2173 2384 2306 2440 liutn
2339 2386 2418 2440 sic
2450 2385 2704 2455 praedicat
2734 2386 2965 2441 hominis
2994 2387 3183 2451 filium,
3214 2398 3270 2441 ut
3300 2402 3462 2441 unum
3493 2387 3634 2443 dicat
3666 2386 3759 2442 Dci

2170 2486 2224 2533 et
2260 2477 2495 2535 hominis
2548 2477 2755 2544 lilium;
2806 2493 2906 2535 nec
2944 2479 3172 2533 alterum
3215 2477 3269 2533 in
3298 2478 3580 2533 divinitate
3607 2478 3763 2535 Chri-

2170 2577 2311 2624 stum
2355 2577 2680 2637 teneretur,
2723 2568 2951 2624 alterum
2993 2568 3047 2624 in
3078 2568 3409 2625 humanitate
3430 2611 3444 2629 ,
3476 2568 3570 2624 sed
3601 2584 3763 2639 quem

2173 2661 2226 2716 in
2268 2660 2567 2726 divinitate,
2602 2659 2777 2729 ipsum
2819 2660 2872 2715 in
2904 2660 3256 2716 humanitate.
3300 2658 3590 2730 Propterea
3619 2662 3763 2716 enim

2174 2752 2316 2809 Deus
2342 2751 2513 2807 factus
2543 2762 2628 2808 est
2660 2751 2847 2816 homo,
2870 2750 2991 2822 quia
3023 2765 3130 2806 non
3160 2761 3244 2808 est
3268 2750 3407 2806 alius
3431 2752 3595 2817 Deus,
3625 2750 3765 2806 alius

2174 2845 2371 2910 homo;
2419 2843 2514 2899 sed
2544 2845 2765 2899 omnino
2794 2843 2881 2914 qui
2916 2843 3096 2912 Deus,
3150 2844 3268 2913 ipse
3306 2842 3503 2908 homo;
3545 2853 3602 2898 et
3643 2858 3767 2913 pro-

2176 2944 2294 3005 pter
2333 2936 2455 2999 hoc,
2486 2935 2574 3006 qui
2610 2940 2789 3000 homo,
2817 2934 2933 3001 ipse
2956 2934 3118 2990 etiam
3144 2934 3305 2998 Deus,
3329 2933 3486 2990 .lesus
3514 2928 3766 2990 Christus

2178 3027 2434 3081 Dominus
2456 3035 2658 3081 noster.
2683 3024 2904 3080 Maneus
2924 3024 3067 3079 enim
3094 3025 3234 3081 Deus
3261 3024 3425 3080 l-‘ilius
3446 3039 3553 3081 una
3579 3026 3630 3079 in
3645 3025 3766 3081 Tri-

2179 3121 2347 3176 nitate
2374 3134 2625 3190 persona,
2656 3120 2801 3175 venit
2822 3119 2890 3174 ad
2922 3117 3194 3188 Virginem
3219 3135 3235 3185 ;
3263 3133 3362 3175 nec
3387 3119 3491 3176 sibi
3516 3120 3678 3174 aliam
3699 3118 3767 3174 de

477 3226 607 3269 vero
642 3224 860 3271 sanctus
885 3214 1058 3271 Patris
1084 3226 1137 3271 et
1167 3215 1289 3270 Filii
1311 3215 1669 3270 connuuniter
1697 3214 1951 3285 Spiritus.
1981 3210 2062 3267 Si-
2093 3224 2138 3288 ρ
2178 3228 2242 3268 ea
2274 3226 2556 3283 personam
2588 3212 2900 3280 assumpsit,
2927 3211 3023 3266 sed
3064 3211 3225 3266 aliam
3256 3212 3334 3266 sic
3356 3213 3617 3267 unitatem
3650 3226 3768 3281 per-

479 3306 585 3359 mul
615 3315 794 3362 autem
825 3307 880 3361 hi
910 3315 1020 3363 tres
1043 3307 1357 3363 naturaliter
1381 3321 1517 3361 unus
1550 3307 1708 3370 Deus,
1735 3314 1952 3376 propter
1983 3304 2060 3373 id,

476 3395 617 3463 quod
643 3411 786 3451 unus
818 3397 978 3464 Deus,
1011 3414 1173 3452 unam
1229 3396 1489 3453 habentes
1519 3400 1871 3454 substantiam
1897 3415 1911 3464 ;
1945 3412 2064 3468 pro-

481 3493 597 3554 pter
627 3486 701 3553 id,
721 3488 861 3558 quod
888 3487 1069 3555 Pater,
1092 3499 1147 3545 et
1169 3488 1354 3554 Filius,
1372 3499 1426 3544 et
1448 3490 1677 3559 Spiritus
1701 3500 1938 3558 sanctus,
1957 3498 2067 3545 tres

481 3590 782 3644 personas;
816 3588 1035 3648 prepter
1066 3580 1139 3646 id,
1170 3580 1313 3649 quod
1345 3596 1478 3636 unus
1508 3581 1672 3644 Deus,
1701 3581 1857 3635 simul
1889 3582 2067 3634 omnia

480 3665 917 3735 inseparabiliter
956 3681 1287 3739 operantes;
1330 3680 1551 3741 propter
1597 3672 1671 3736 id,
1705 3671 1846 3739 quod
1888 3670 2066 3734 Pater,

481 3767 533 3811 et
580 3757 769 3825 Filius,
799 3767 856 3814 et
893 3760 1125 3830 Spiritus
1170 3773 1410 3831 sanctus,
1441 3764 1685 3834 quaedam
1726 3764 1824 3818 sibi
1859 3764 2069 3833 prOpria

480 3850 859 3906 vindicantes:
891 3853 1030 3908 sicut
1077 3870 1335 3926 generare
1362 3857 1527 3912 solius
1570 3856 1764 3920 Patris,
1820 3866 1875 3909 et
1924 3855 2071 3909 nasci

482 3941 652 3996 solius
678 3941 820 4010 Filii,
849 3952 903 3997 et
932 3947 1224 4013 prt‘cedere
1250 3948 1317 4003 de
1345 3947 1625 4013 ambobus,
1655 3949 1820 4002 solius
1844 3948 2070 4001 confite-

485 4047 609 4086 mur
636 4034 866 4101 Spiritus
888 4037 1079 4090 sancti.
1116 4038 1269 4093 Sicut
1297 4040 1508 4094 Patrem
1542 4041 1715 4094 solum
1743 4040 1978 4095 locutum
2007 4041 2075 4094 de

486 4126 625 4177 nube
655 4141 666 4176 :
696 4123 795 4178 Hic
822 4135 895 4180 est
920 4125 1093 4182 Filius
1123 4146 1261 4182 meus
1293 4131 1532 4196 dilectus,
1560 4132 1611 4185 in
1638 4149 1739 4201 quo
1785 4132 1911 4184 mihi
1956 4132 2077 4184 bene

485 4216 775 4285 complacui
823 4216 1035 4287 (Matth.
1070 4235 1147 4286 ιιι,
1185 4220 1309 4290 l7);
1343 4221 1531 4277 Filium
1559 4222 1731 4277 solum
1764 4224 1830 4277 de
1862 4223 2077 4290 Virgine

486 4318 691 4374 natum,
722 4321 775 4363 et
803 4324 834 4363 a
863 4309 1070 4366 Joanne
1097 4314 1148 4366 in
1176 4312 1410 4368 Iordane
1436 4315 1657 4370 ﬂumine
1702 4315 2025 4384 baptizatum
2054 4330 2067 4379 ;

489 4407 545 4454 ut
589 4400 846 4467 Spiritum
897 4415 1141 4459 sanctum
1173 4406 1345 4461 solum
1377 4408 1428 4461 in
1460 4409 1722 4463 columba:
1760 4410 1942 4479 specie
1985 4408 2082 4464 de-

488 4492 790 4547 scendisse.
822 4494 959 4548 Olim
984 4497 1182 4566 quippe
1215 4496 1338 4565 illos
1370 4500 1567 4553 veritas
1596 4501 2080 4555 confutavithzere-

2170 3320 2317 3359 sonas
2347 3319 2457 3359 sua:
2480 3304 2739 3372 suscepit,
2774 3312 2833 3357 ut
2860 3316 3091 3370 persona
3136 3318 3255 3371 qua:
3276 3316 3492 3371 semper
3513 3310 3653 3364 erat,
3677 3317 3769 3355 na-

2172 3406 2347 3454 turam
2370 3398 2674 3465 susciperet
2703 3397 2899 3460 carnis,
2927 3394 3255 3464 haberetque
3276 3393 3410 3449 duas
3438 3408 3543 3448 una
3572 3393 3771 3449 Christi

2173 3505 2404 3562 persona
2428 3500 2666 3545 naturas.
2694 3488 2803 3543 Nec
2819 3488 3092 3557 ambigere
3112 3497 3323 3555 oportet
3353 3490 3626 3556 quomodo
3654 3501 3771 3542 cre~

2172 3584 2330 3637 datur
2350 3581 2580 3634 humana
2599 3588 2810 3641 natura,
2832 3594 2897 3633 ex
2926 3579 3075 3632 initio
3097 3579 3199 3645 sui,
3232 3578 3321 3632 Dei
3344 3578 3502 3633 Verbi
3520 3578 3769 3632 habuisse

2175 3688 2462 3745 personam
2481 3671 2886 3740 ;scienlesquia
2918 3684 3023 3723 non
3050 3670 3319 3724 hominem
3346 3670 3651 3735 formatum,
3673 3686 3770 3723 ne-

2174 3779 2277 3833 que
2296 3772 2640 3832 conceptum,
2672 3776 2844 3830 neque
2872 3759 2975 3814 vita
3009 3776 3102 3814 sua
3129 3761 3360 3830 quadam
3386 3762 3467 3816 vel
3500 3761 3553 3815 in
3583 3760 3770 3814 matris

2178 3865 2330 3909 utero
2376 3854 2555 3907 vivere
2580 3850 2691 3919 jam
2723 3851 3064 3917 incipientem
3114 3850 3256 3904 Dens
3302 3852 3631 3918 assumpsit;
3674 3849 3770 3903 Sed

2177 3946 2401 4000 omnino
2447 3954 2731 4013 antequam
2780 3942 2979 4010 aliquid
3028 3942 3194 3996 Maria
3241 3944 3590 4010 conciperet,
3646 3952 3772 3995 ante

2178 4054 2393 4093 omnem
2426 4035 2644 4090 formati
2692 4034 3028 4089 formaudive
3063 4034 3298 4088 hominis
3330 4048 3546 4087 causam
3571 4074 3586 4098 ,
3634 4036 3774 4086 licus

2182 4130 2366 4185 volens
2398 4131 2559 4182 homo
2586 4126 2726 4192 fieri,
2760 4125 3034 4195 virginalis
3080 4126 3335 4194 palatium
3369 4125 3573 4180 ventris
3605 4124 3741 4177 intra
3765 4153 3780 4159 -

2182 4225 2287 4287 vit;
2320 4233 2375 4276 et
2399 4220 2907 4275 νίΓῑιΙιΟιΙίγὶιιίιέηἱε
2934 4233 3127 4274 munus
3152 4220 3382 4287 largiens
3409 4216 3772 4283 fecunditatis,

2183 4316 2475 4384 assumpsit
2501 4330 2567 4368 ex
2614 4328 2674 4368 ea
2704 4326 2863 4380 quam
2899 4312 3099 4367 habere
3132 4312 3298 4365 voluit
3324 4320 3574 4374 matrem,
3606 4310 3773 4364 nostri

2186 4406 2399 4476 generis
2442 4422 2619 4462 veram
2672 4419 2913 4459 carnem.
2960 4404 3027 4458 Et
3078 4405 3190 4473 ipsa
3233 4407 3603 4471 assumptione
3642 4417 3774 4457 con-

2188 4510 2376 4568 ceptus
2412 4509 2465 4551 et
2496 4507 2686 4562 natus,
2728 4511 2832 4549 nou
2869 4495 3051 4561 utique
3082 4510 3365 4564 personam
3397 4495 3555 4549 aliam
3588 4509 3775 4550 susce-

488 4578 645 4647 ticos,
681 4582 771 4652 qui
801 4583 881 4638 sic
921 4599 1083 4639 unum
1127 4587 1290 4641 Deum
1331 4586 1646 4644 Trinitatem
1677 4591 1857 4645 dicere
1896 4594 2080 4646 votue-
2110 4613 2163 4673 Β
2190 4597 2307 4663 pit,
2354 4591 2475 4661 quia
2515 4607 2624 4651 non,
2655 4590 2933 4643 hominem
2969 4600 3209 4658 paratum
3243 4590 3468 4654 invenit,
3496 4588 3591 4644 sed
3622 4600 3773 4643 natu-

490 4680 634 4736 runt,
668 4682 724 4727 ut
753 4687 909 4742 quem
940 4674 1154 4730 Patrem
1184 4676 1508 4743 fatebantur,
1542 4680 1712 4747 ipsum
1739 4680 1837 4734 sibi
1864 4680 2077 4749 Filium,

492 4766 665 4833 ipsum
690 4765 953 4837 fingerent
991 4769 1248 4838 Spiritum
1280 4782 1524 4825 sanctum
1553 4790 1565 4825 :
1599 4774 1725 4827 dum
1755 4775 1961 4828 scilicet
1991 4775 2080 4843 qui

490 4878 717 4919 manens
740 4866 792 4919 in
823 4864 1133 4921 caelestibus
1162 4876 1423 4922 creaturae
1447 4868 1603 4923 totius
1626 4868 1782 4924 Pater
1811 4868 1924 4935 fuit,
1961 4885 2082 4937 ιιι-ο⁴

492 4964 680 5012 tensus
704 4957 757 5011 in
786 4954 1077 5026 Virginem,
1110 4965 1165 5011 et
1190 4959 1460 5014 nascendo
1483 4959 1624 5015 inter
1647 4961 1896 5016 homines
1917 4959 2082 5016 Filius

496 5049 686 5113 lieret;
733 5064 1027 5120 rursusque
1077 5049 1496 5121 dispensationis
1538 5054 1786 5109 humana:
1833 5068 2085 5108 consum-

492 5150 635 5192 mato
666 5144 943 5208 myster'o,
968 5155 1132 5211 super
1161 5143 1433 5211 apostolos
1469 5143 1520 5199 in
1554 5144 1750 5215 linguis
1792 5144 1963 5214 igneis
1992 5160 2084 5200 ve-

493 5226 666 5293 niens,
698 5227 931 5298 Spiritus
959 5243 1177 5286 sanctus
1215 5232 1500 5289 vocaretur
1535 5252 1547 5286 :
1589 5236 1690 5290 hoc
1716 5250 1902 5290 errore
1930 5250 2082 5289 com-

495 5319 637 5393 pulsi
666 5336 771 5375 non
804 5320 995 5377 Filium
1018 5323 1112 5379 Dei
1143 5325 1444 5392 Patris,sed
1476 5326 1687 5381 Patrem
1714 5328 1936 5383 credere
1957 5345 2082 5383 cru-

493 5407 731 5465 citixum.
764 5410 916 5467 Unde
942 5426 1036 5468 eos
1063 5415 1224 5470 etiam
1257 5416 1679 5485 Patripassianos
1707 5417 1965 5485 appellari
1994 5433 2086 5472 ve-

495 5506 667 5551 tustas
691 5502 944 5555 ostendit.
975 5502 1049 5558 ita
1084 5506 1244 5574 igitur
1274 5517 1493 5579 propter
1539 5523 1700 5565 unam
1729 5511 2081 5565 substantiam

495 5587 757 5645 Sabellius
786 5600 896 5648 tres
942 5596 1111 5653 noluit
1139 5598 1293 5655 fateri
1322 5615 1603 5671 personas,
1644 5601 1781 5658 sicut
1809 5616 1839 5660 e
1867 5610 2081 5659 contra-

574 5843 602 5873 ⁸
626 5837 709 5893 An
734 5835 1060 5895 (nudaberis?
1088 5841 1227 5910 Mos,
1261 5842 1415 5913 forte,
1443 5846 1639 5902 doctos.

2190 4700 2303 4738 ram
2337 4684 2512 4751 potius
2538 4683 2847 4746 humanam,
2876 4682 2926 4735 in
2959 4696 3062 4750 qua
3097 4681 3209 4750 ipse
3239 4681 3378 4735 Deus
3403 4682 3566 4735 homo
3589 4695 3775 4735 nasce-

2189 4787 2356 4840 retur,
2380 4788 2544 4842 acccp
2570 4784 2605 4825 t.
2642 4772 2833 4826 llabuit
2871 4772 3031 4843 igitur
3061 4774 3291 4826 humana
3325 4787 3538 4837 natura,
3568 4787 3635 4826 es
3671 4786 3776 4841 quo

2188 4876 2272 4921 est
2302 4879 2504 4931 creata,
2548 4880 2863 4934 personam;
2900 4865 2993 4921 sed
3027 4880 3187 4919 unant
3210 4880 3331 4919 eum
3365 4865 3505 4928 Deo,
3536 4866 3624 4932 qui
3658 4880 3775 4920 eam

2189 4959 2541 5029 suscipiendo
2583 4967 2795 5014 creatus
2837 4968 2941 5014 est.
2992 4958 3069 5013 'l‘u
3121 4959 3345 5027 proinde
3376 4958 3623 5026 quisquis
3655 4956 3777 5011 huic

2192 5051 2316 5107 liilei
2346 5050 2671 5107 t'ontradicis
2698 5092 2711 5115 ,
2755 5050 2977 5105 ostende
3007 5050 3136 5103 mihi
3169 5051 3219 5104 in
3254 5048 3471 5103 Christo
3500 5052 3615 5104 sine
3642 5052 3778 5103 divi-

2191 5146 2358 5198 nitate
2387 5142 2674 5213 aliquando
2708 5141 3119 5206 humanitatem,
3149 5149 3203 5195 et
3242 5152 3367 5195 tunc
3396 5140 3608 5195 fatebor
3636 5141 3776 5212 quod

2192 5237 2439 5291 habuerit
2480 5237 2749 5305 propriam
2789 5234 2949 5290 etiam
2995 5236 3108 5291 sola
3152 5236 3383 5290 humana
3423 5246 3614 5290 natura
3657 5252 3778 5305 pcr—

2190 5344 2399 5383 sonam.
2443 5331 2575 5395 Quia
2606 5344 2735 5383 vero
2765 5328 3017 5382 divinitas
3064 5327 3282 5398 quidem
3327 5326 3486 5382 Verbi
3538 5327 3631 5382 Dei
3665 5328 3781 5382 sine

2192 5420 2520 5476 humanitate
2550 5420 2671 5490 fuit,
2706 5421 3009 5475 humanitas
3032 5437 3159 5477 vero
3187 5422 3304 5477 sine
3329 5421 3611 5477 divinitate
3642 5437 3781 5476 nun-

2191 5528 2351 5581 quam
2402 5512 2534 5577 fuit;
2583 5512 2705 5569 ideo
2754 5512 2940 5567 habuit
2988 5513 3165 5568 divina
3214 5523 3403 5569 natura
3455 5528 3767 5583 personam,

2191 5621 2348 5676 quam
2375 5604 2621 5662 humanae
2655 5613 2880 5675 naturai,
2923 5605 3137 5675 quando
3165 5619 3283 5663 eam
3311 5603 3572 5676 suscepit,
3607 5603 3782 5660 indut-
