4104 6360
414 305 516 366 HS

1576 303 1932 362 EPISTULA}
1977 302 2065 358 ET
2094 304 2473 392 OPUSCUCA.

3582 313 3684 370 9N

414 430 501 492 in;
535 436 592 481 ω
619 435 674 480 ει
700 435 884 480 ,Μαι-³
916 426 1238 495 “sceptris,
1267 435 1319 482 ei
1347 436 1532 482 natura
1557 435 1835 496 suscepta,
1872 427 1988 480 sine
2017 426 2072 483 Α
2102 420 2260 476 habet
2292 421 2714 490 humanitatem;
2748 441 2845 480 nec
2885 441 3112 494 persona
3163 425 3253 481 ﬁlii
3299 427 3527 483 hominis
3564 446 3684 499 qua:

413 523 512 575 ulla
542 517 858 573 confusione
886 518 1224 574 ineﬁ'abiliter
1251 521 1485 575 adunato
1507 561 1519 582 ,
1559 521 1716 574 unius
1743 520 1994 574 credere-

413 624 492 667 tur
513 626 631 666 esse
659 625 900 679 persona:
921 628 935 676 ;
958 611 1085 677 dum
1117 612 1272 680 cujus
1301 621 1382 666 est
1404 612 1683 678 divinitas,
1714 612 1880 681 ipsius
1911 621 1995 666 est

412 704 743 769 humanitas;
769 713 822 758 et
851 703 1004 772 cujus
1035 713 1119 760 est
1149 704 1472 770 humanitas,
1504 705 1670 775 ipsius
1699 704 1947 758 divinitas
1976 722 1991 759 :

412 807 462 851 et
493 796 616 850 licet
663 795 765 848 alia
806 796 876 849 sit
902 796 1081 848 divina
1119 805 1327 862 natura,
1379 797 1481 850 alia
1527 796 1595 850 sit
1626 795 1855 850 humana
1901 810 1995 848 na-

413 901 559 951 tura,
593 901 698 941 non
729 886 800 941 sit
831 897 1006 941 tamen
1039 886 1176 942 alius
1206 887 1482 951 Christus,
1514 889 1669 956 cujus
1699 895 1781 942 est
1811 887 1992 941 divina

411 989 620 1042 natura,
653 987 708 1031 et
734 977 871 1032 alius
898 975 1168 1042 Christus,
1200 979 1354 1047 cujus
1383 989 1466 1033 est
1497 978 1729 1032 humana
1771 987 1988 1041 natura;

410 1068 504 1124 sed
536 1070 677 1124 idem
709 1071 778 1123 sit
808 1085 942 1124 unus
971 1068 1238 1137 Christus,
1269 1072 1421 1140 cujus
1448 1080 1531 1142 est
1560 1071 1792 1126 humana
1823 1078 1878 1126 et
1905 1069 1990 1123 di-

411 1161 529 1215 vina
557 1171 764 1216 natura.
794 1162 977 1230 Neque
1003 1165 1147 1218 enim
1179 1165 1258 1217 sic
1283 1163 1334 1218 in
1362 1164 1598 1229 Christo,
1629 1164 1764 1216 sicut
1788 1163 1839 1217 in
1869 1177 1991 1230 pro-

409 1255 588 1317 phetis
634 1252 948 1306 inhabitavit
1009 1253 1100 1306 Dei
1146 1254 1409 1318 Verbum,
1459 1254 1556 1309 sed
1593 1253 1816 1308 Verbum
1872 1270 1991 1307 caro

410 1347 604 1414 factum
637 1355 734 1412 est,
767 1357 817 1400 ut
849 1347 1094 1400 habitaret
1122 1349 1173 1400 in
1202 1349 1342 1402 nobis
1370 1347 1550 1417 (Joan.
1585 1365 1622 1412 ι,
1655 1348 1763 1416 14).
1791 1347 1886 1402 llic
1911 1356 1994 1401 est

415 1437 672 1492 Dominus
703 1437 860 1493 Jesns
885 1437 1151 1492 Christus.
1181 1441 1254 1495 De
1277 1441 1422 1494 nullo
1447 1441 1676 1510 denique
1708 1441 1988 1508 propheta,

409 1530 652 1594 quamvis
691 1545 758 1584 ex
809 1545 1033 1598 persona
1081 1532 1177 1585 Dei
1227 1535 1392 1586 multa
1437 1535 1631 1600 saepius
1684 1535 1991 1603 loquantur,

407 1621 684 1686 Scriptura
727 1632 911 1677 sancta
954 1625 1191 1678 narravit
1235 1626 1376 1693 quod
1424 1637 1568 1680 esset
1614 1641 1778 1690 super
1813 1629 1990 1682 omnia

409 1710 571 1765 Deus.
623 1711 699 1767 De
729 1713 942 1768 Christo
985 1725 1162 1769 autem
1200 1716 1520 1772 ﬁducialiter
1561 1719 1848 1787 Apostolus
1879 1719 1990 1772 cla-

2102 512 2377 567 nobiscum
2410 514 2572 568 habet
2615 515 3024 581 humanitatem,
3057 516 3324 570 mediator
3363 525 3548 573 noster
3579 531 3683 585 est,

2099 606 2220 672 quia
2249 621 2353 658 non
2386 605 2544 659 habet
2571 622 2689 660 cum
2723 609 2829 663 Deo
2851 608 3205 664 divinitatem.
3238 608 3472 665 Proinde
3493 611 3536 665 si
3563 625 3683 665 cuin

2098 694 2448 765 baptizamur,
2494 697 2638 752 illam
2669 701 3038 754 tantummodo
3065 717 3350 770 personam
3383 717 3504 766 qua
3525 703 3687 756 habet

2097 803 2218 842 cum
2245 790 2356 842 Deo
2395 788 2751 858 divinitatem,
2783 795 3146 859 nominamus,
3190 801 3240 848 et
3270 793 3542 864 quomodo
3567 793 3685 848 sine

2096 881 2393 936 mediatore
2433 885 2880 940 reconciliantur?
2923 887 3107 942 lleSIat
3154 903 3283 958 ergo
3337 896 3393 941 ut
3423 888 3467 942 si
3513 889 3686 941 nomi-

2097 981 2223 1026 nato
2253 973 2302 1026 in
2335 972 2658 1041 baptismate
2679 975 2822 1028 Filio
2845 977 3194 1032 mediatorem
3226 979 3507 1033 nominare
3535 979 3686 1032 volu-

2096 1079 2235 1131 mus,
2269 1064 2441 1133 ipsum
2485 1066 2676 1120 Filium
2729 1082 2834 1120 non
2875 1067 3208 1136 dividamus;
3259 1072 3354 1124 sed
3396 1072 3537 1125 hunc
3565 1084 3687 1124 esse

2098 1159 2284 1227 Deum,
2320 1177 2477 1230 quem
2509 1163 2776 1219 hominem
2808 1165 3132 1222 conﬁtentes
3154 1209 3168 1234 ,
3218 1178 3499 1240 negatores
3529 1169 3686 1226 unius

2095 1265 2339 1320 personae
2369 1256 2633 1310 veraciter
2673 1258 3079 1312 confundamus.
3121 1259 3374 1329 Alioquin
3415 1256 3684 1330 qnomodh

2095 1359 2280 1398 verum
2312 1347 2416 1399 erit
2437 1390 2451 1411 ,
2485 1348 2607 1415 quia
2640 1347 2946 1418 quicunque
2977 1349 3028 1404 in
3075 1349 3290 1406 Christo
3321 1353 3675 1420 baptizamur.

2096 1436 2148 1489 in
2180 1451 2351 1491 morte
2383 1437 2547 1505 ipsius
2579 1440 2914 1506 baptizamur
2956 1441 3133 1510 (llam.
3173 1455 3253 1508 vr,‘
3279 1441 3355 1511 5),
3400 1443 3443 1497 si
3472 1444 3683 1513 quando

2095 1524 2286 1580 Filium
2321 1529 2370 1580 in
2404 1528 2721 1597 baptismate
2767 1532 3125 1599 nominamus,
3172 1545 3278 1589 non
3308 1549 3466 1588 unam
3500 1525 3682 1602 perso-

2095 1634 2218 1673 nam
2251 1620 2341 1675 Dei
2385 1621 2722 1692 hominisque
2746 1665 2760 1688 ,
2791 1625 2885 1679 sed
2916 1640 3195 1695 personam
3227 1628 3394 1681 solam
3438 1626 3558 1682 Filii
3589 1628 3681 1684 Dei

2095 1711 2212 1768 sine
2263 1727 2489 1781 persona
2536 1714 2630 1768 ﬁlii
2676 1717 2911 1771 hominis
2952 1720 3322 1784 nominamus;
3374 1719 3587 1790 quando
3636 1722 3680 1776 si

407 1813 517 1858 tnat
547 1822 560 1858 :
600 1804 682 1859 Ea“.
709 1808 891 1875 quibus
935 1819 1006 1861 est
1049 1809 1284 1864 Christus
1315 1812 1593 1865 secundum
1622 1829 1826 1865 carnem
1847 1852 1862 1876 ,
1904 1814 1980 1881 qui

2102 1819 2226 1858 vere
2270 1805 2495 1860 fuissent
2543 1806 2662 1862 dure
2695 1824 2978 1878 personm,
3036 1813 3106 1866 ad
3152 1816 3680 1870 commemorandam

407 1906 475 1949 est
511 1914 665 1968 super
691 1901 865 1952 omnia
910 1901 1043 1956 Deus
1085 1904 1375 1959 benedictus
1407 1906 1457 1959 in
1484 1907 1675 1960 swcula
1708 1906 1884 1977 (Rom.
1915 1922 1990 1972 tx,

406 1990 484 2055 5).
517 1991 571 2046 Si
601 1994 722 2061 quis
753 1997 896 2049 enim
928 1999 1202 2065 negaverit
1230 1998 1501 2056 Christum
1532 2002 1624 2058 Dei
1656 2003 1993 2072 hominisque

406 2083 569 2136 tilium
612 2100 771 2139 unam
818 2088 1016 2144 habere
1043 2105 1349 2160 personam,
1393 2096 1530 2150 duos
1557 2099 1812 2166 prmdicat
1840 2100 1992 2152 Chri-

405 2183 552 2241 stos;
583 2185 638 2230 et
678 2178 721 2232 si
750 2179 944 2247 duplex
980 2182 1288 2238 adorandus
1319 2185 1403 2239 vel
1435 2189 1692 2243 colendus
1722 2199 1804 2244 est
1833 2190 1992 2244 Chii-

406 2273 519 2320 stus
541 2307 556 2332 ,
599 2282 704 2322 non
737 2268 1076 2339 Trinitatem,
1108 2275 1204 2328 sed
1235 2280 1648 2346 quaternitatcm
1688 2281 1898 2336 adorat.
1932 2282 1990 2338 Si

402 2357 522 2426 quis
575 2360 765 2416 iterum
815 2378 973 2419 unam
1013 2366 1212 2422 Christi
1249 2370 1396 2425 dicit
1441 2387 1562 2427 esse
1607 2384 1886 2441 naturam,
1937 2387 1992 2433 et

403 2452 644 2518 quamvis
677 2468 798 2508 eum
829 2470 892 2510 ex
924 2457 1129 2514 duabus
1162 2475 1357 2531 negare
1393 2478 1500 2518 non
1531 2463 1744 2533 audeat,
1774 2465 1828 2521 in
1853 2468 1986 2522 dua-

405 2541 504 2596 bus
530 2551 707 2599 tamen
753 2548 1065 2605 substantiis
1098 2553 1343 2608 conﬁteri
1371 2566 1586 2611 veretur
1619 2567 1709 2612 aut
1747 2559 1986 2627 dubitat,

406 2631 496 2686 hic
538 2643 631 2688 aut
661 2637 818 2691 unius
849 2649 1054 2695 naturae
1098 2643 1468 2713 abolitionem,
1501 2657 1595 2700 aut
1639 2658 1989 2720 utrarumque

403 2734 676 2779 asseverat
720 2727 1114 2786 confusionem.
1149 2733 1262 2788 Nisi
1295 2736 1436 2790 enim
1479 2738 1546 2792 de
1589 2739 1798 2796 duabus
1826 2759 1984 2798 unam

403 2815 561 2869 simul
593 2817 895 2886 abstulerit,
919 2832 1010 2876 aut
1035 2836 1285 2896 utrasque
1305 2827 1633 2900 confuderit,
1665 2847 1823 2888 unam
1855 2850 1988 2906 quo-

403 2906 565 2961 modo
585 2908 845 2977 praedicet
873 2926 980 2967 non
1010 2913 1244 2971 habebit.

470 3017 528 3074 4.
560 3017 669 3074 Hos
698 3021 1096 3092 Scripturarum
1129 3030 1471 3102 testimoniis,
1509 3044 1566 3090 ut
1592 3039 1833 3108 epistolae
1864 3057 1984 3096 mo-

401 3109 499 3165 dus
541 3120 806 3180 teneatur,
845 3117 1080 3175 breviter
1128 3124 1443 3194 refutantes,
1477 3131 1637 3187 verba
1690 3133 1982 3192 Salvatoris

400 3207 568 3260 nostri
605 3209 854 3276 primitus
879 3213 1304 3285 consideremus,
1335 3221 1527 3288 quibus
1551 3223 1710 3279 lixam
1741 3228 1979 3298 regulam

399 3296 572 3353 divini
621 3302 960 3368 baptismatis
1004 3309 1256 3377 tradens,
1303 3312 1406 3368 hoc
1454 3319 1716 3386 apostolis
1756 3296 1867 3377 suis
1895 3323 1980 3378 di-

398 3404 528 3444 cens
559 3400 585 3429 ι
621 3410 631 3445 :
664 3391 765 3459 Ite,
792 3395 1042 3464 baptizata
1073 3418 1245 3456 omnes
1276 3416 1445 3474 gentes
1468 3409 1519 3461 in
1556 3413 1758 3466 nomine
1785 3414 1979 3484 Patris,

398 3489 443 3532 et
473 3481 620 3546 Filii,
670 3494 716 3537 et
747 3486 978 3553 Spiritus
1013 3495 1182 3545 sancti
1220 3494 1434 3564 (Matth.
1487 3516 1678 3567 xxvm,
1711 3503 1821 3576 19).
1853 3481 1978 3566 Illos

396 3571 537 3626 enim
567 3575 655 3643 qui
690 3588 873 3644 putant
919 3580 1189 3639 Christum
1237 3603 1396 3642 unam
1427 3605 1532 3646 non
1566 3571 1980 3666 habere'perso-

397 3678 538 3731 nam,
575 3668 847 3740 interrogo
881 3690 894 3725 :
944 3673 1231 3732 Nominato
1264 3682 1315 3734 in
1359 3681 1678 3752 baptismate
1707 3689 1842 3746 Filio
1868 3735 1882 3757 ,
1931 3697 1978 3748 si

396 3769 501 3809 non
529 3765 614 3811 est
655 3773 760 3813 una
793 3761 890 3817 Dei
919 3763 1262 3840 hominisque
1293 3786 1520 3839 persona
1545 3816 1559 3842 ,
1599 3794 1719 3848 quae
1749 3797 1976 3849 persona

396 3851 737 3906 nominatur?
766 3853 820 3910 Si
870 3855 1146 3928 dixerint,
1197 3863 1320 3919 Filii
1369 3867 1459 3922 Dei
1488 3909 1503 3934 ,
1547 3885 1648 3926 nec
1676 3872 1820 3929 hunc
1857 3892 1977 3934 esse

392 3939 716 3998 conﬁtentur
748 3946 911 4000 ﬁlium
945 3949 1200 4018 hominis,
1254 3972 1410 4023 quem
1458 3961 1655 4017 Filium
1686 3966 1816 4034 Dei;
1847 3985 1977 4043 ergo

392 4031 618 4086 omnisa
651 4039 1072 4103 regenerationis
1095 4055 1436 4102 sacramento
1462 4052 1632 4120 gratia
1658 4031 1975 4119 mediatoris

391 4122 649 4180 aufertur.
691 4125 840 4181 Unus
869 4142 941 4184 est
971 4135 1105 4186 enim
1129 4175 1144 4202 ,
1184 4137 1324 4192 sicut
1355 4141 1486 4197 dicit
1510 4147 1823 4214 Apostolus,
1864 4171 1973 4210 mc-

391 4213 560 4266 diator
580 4214 680 4268 Dei
699 4229 744 4270 et
765 4220 1048 4289 hominum,
1065 4225 1216 4280 homo
1237 4227 1469 4288 Christus
1493 4234 1646 4292 Iesus
1669 4239 1724 4310 (1
1749 4213 1885 4298 Tim.
1911 4262 1968 4314 tt,

392 4304 471 4404 ως
510 4304 652 4404 Fit-sli.
674 4309 841 4404 (quod
880 4312 1042 4385 absit)
1068 4319 1341 4378 nominato
1372 4325 1425 4381 in
1457 4304 1782 4398 baptismate
1811 4304 1968 4404 Filio;

391 4395 500 4447 sola
534 4395 654 4451 Filii
697 4399 787 4454 Dei
821 4417 1053 4471 persona
1097 4411 1435 4484 nominatur,
1489 4395 1545 4473 et
1588 4435 1814 4487 persona
1848 4395 1968 4483 Filii

389 4482 481 4540 Dei
514 4487 745 4546 hominis
775 4509 881 4549 non
923 4510 1393 4573 commemoratur,
1428 4511 1694 4570 mediator
1733 4533 1839 4574 non
1865 4536 1967 4576 no-
2002 4519 2048 4576 D

385 4581 636 4635 minatur.
670 4585 739 4638 Et
762 4590 1032 4656 quomodo
1059 4595 1176 4649 sine
1220 4601 1517 4658 mediatore
1543 4604 1699 4662 Pater
1727 4613 1969 4668 reconci-

384 4671 581 4726 liatur?
609 4687 703 4730 aut
729 4680 772 4732 si
810 4679 950 4735 forte
979 4699 1086 4739 non
1118 4695 1521 4761 reconciliatur,
1554 4707 1609 4750 ut
1636 4701 1762 4768 quid
1793 4703 1965 4772 bapti-

383 4776 530 4816 smus
559 4767 750 4823 datur?
776 4772 830 4826 Si
864 4787 1040 4830 autem
1068 4784 1462 4851 reconciliatur,
1496 4804 1593 4856 per
1615 4794 1966 4850 mediatorem

383 4857 783 4916 reconciliatur.
820 4863 874 4918 Si
907 4881 1006 4933 per
1037 4873 1385 4930 mediatorem
1420 4883 1818 4950 reconciliatur,
1855 4903 1970 4941 me-

381 4945 556 5000 diator
585 4947 686 5003 iste
713 4967 818 5006 non
845 4967 928 5008 est
971 4967 1175 5014 tantum
1227 4964 1388 5030 Deus,
1420 4984 1592 5038 neque
1624 4983 1826 5029 tantum
1869 4979 1966 5032 ho-

382 5052 490 5104 mo,
535 5039 631 5094 sed
666 5041 805 5097 Deus
831 5048 1023 5114 homo;
1060 5061 1116 5107 ut
1139 5053 1331 5125 jungat
1359 5061 1653 5128 hominem,
1681 5067 1886 5123 habens
1911 5070 1964 5126 in

383 5145 485 5185 una
513 5133 808 5206 eademque
846 5153 1080 5208 persona
1110 5159 1230 5200 cum
1262 5149 1372 5204 Deo
1412 5153 1746 5212 divinitatem
1774 5200 1791 5228 ,
1840 5177 1960 5217 cum

379 5221 686 5280 hominibus
717 5227 1141 5303 humanitatem,
1190 5249 1245 5294 et
1291 5255 1508 5312 propter
1542 5248 1643 5304 hoc
1675 5221 1958 5310 mediator.

377 5315 508 5370 Nam
551 5322 594 5373 si
625 5321 762 5377 alter
799 5324 962 5382 fuerit
992 5329 1150 5396 Deus,
1184 5335 1320 5390 alter
1351 5337 1548 5407 homo;
1579 5324 1628 5396 id
1657 5354 1759 5410 est,
1800 5349 1958 5406 aliam

379 5423 658 5475 personam
689 5413 932 5474 habuerit
955 5421 1095 5477 Deus
1119 5425 1383 5494 Christus,
1415 5432 1572 5488 aliam
1605 5437 1763 5494 homo
1793 5441 1955 5497 Chri-

377 5511 520 5570 stus;
552 5521 650 5561 ncc
679 5525 902 5577 persona
934 5514 1021 5570 illa
1065 5519 1265 5577 Christi
1311 5541 1429 5595 qua:
1479 5529 1637 5586 habet
1683 5549 1810 5589 cum
1844 5538 1954 5594 Deo

375 5589 724 5667 divinitatem,
754 5603 1016 5665 mediator
1041 5622 1226 5670 noster
1251 5625 1352 5686 est,
1386 5620 1507 5690 quia
1537 5637 1639 5680 non
1666 5625 1944 5686 nobiscum

447 5714 470 5741 ⁸
497 5707 636 5780 Lege
669 5715 816 5773 dixit.

2097 1907 2325 1951 mortem
2357 1897 2554 1954 Christi
2600 1900 2651 1954 in
2683 1916 2783 1971 qua
2817 1918 2915 1957 nos
2957 1904 3213 1974 baptizari
3248 1907 3404 1962 docet
3452 1909 3681 1977 Aposto-

2097 1987 2178 2041 lus
2207 2028 2221 2050 ,
2267 2003 2496 2054 persona
2541 1991 2634 2045 ﬁlii
2669 1991 2897 2048 hominis
2929 1998 3339 2052 commemorari
3380 1997 3681 2053 debuerat?

2095 2079 2399 2134 Secundum
2431 2080 2699 2138 hominem
2730 2085 2870 2139 enim
2903 2087 3038 2141 mori
3073 2091 3244 2156 potuit
3277 2089 3542 2144 Christus.
3573 2090 3679 2145 Sed

2096 2170 2140 2220 si
2175 2169 2264 2224 ille
2292 2171 2381 2240 qui
2411 2187 2693 2240 personam
2720 2191 2878 2230 unam
2905 2194 3102 2247 negare
3123 2188 3346 2235 conatur
3366 2181 3418 2235 in
3441 2180 3677 2245 Christo,

2094 2275 2162 2313 ne
2182 2262 2436 2317 excludat
2461 2264 2847 2321 incarnationis
2868 2284 2898 2321 a
2924 2270 3244 2340 baptismate
3265 2280 3678 2338 sacramentum,

2095 2353 2368 2410 nominato
2395 2355 2531 2411 Filio
2562 2373 2846 2427 personam
2883 2361 2977 2415 ﬁlii
3017 2361 3250 2417 hominis
3277 2372 3556 2418 asseverat
3585 2379 3680 2418 no-

2094 2443 2322 2510 minati;
2357 2461 2461 2500 non
2507 2462 2636 2516 ergo
2681 2449 2731 2502 in
2765 2451 2918 2504 unito
2950 2452 3234 2506 Trinitatis
3265 2451 3483 2507 nomine
3509 2451 3680 2522 bapti-

2094 2550 2302 2591 zamus.
2334 2537 2516 2607 Neque
2547 2538 2688 2594 enim
2719 2541 2956 2596 Trinitas
3007 2551 3182 2610 potest
3225 2542 3332 2598 dici
3359 2585 3374 2608 ,
3415 2543 3517 2599 ubi
3540 2543 3678 2598 Deus

2095 2626 2193 2680 Dei
2224 2627 2391 2682 Filius
2417 2644 2520 2684 non
2553 2631 2878 2698 nominatur,
2903 2633 2945 2688 si
2975 2647 3202 2704 persona
3223 2641 3426 2690 tantum
3459 2633 3554 2690 ﬁlii
3585 2634 3676 2690 ho-

2093 2719 2250 2772 minis
2289 2720 2604 2775 inculcatur.

2163 2807 2217 2863 5.
2249 2808 2318 2864 Ut
2347 2825 2475 2878 ergo
2505 2811 2744 2867 Trinitas
2775 2823 2883 2870 tota
2912 2816 2964 2870 in
2999 2815 3316 2887 baptismate
3347 2820 3674 2888 nominetur,

2090 2907 2146 2953 et
2184 2900 2496 2956 mediatoris
2535 2904 2704 2973 gratia
2735 2920 2841 2960 non
2873 2908 3114 2973 sileatur,
3157 2919 3211 2964 et
3241 2911 3434 2966 mortis
3474 2911 3673 2965 Christi

2089 2996 2532 3052 commemoratio
2575 3008 2899 3068 renovetur,
2952 3016 3113 3057 unam
3176 3001 3424 3060 Christus
3475 3005 3674 3061 habere

2091 3099 2375 3154 personam
2406 3089 2669 3144 veraciter
2699 3101 3056 3160 agnoscatur;
3104 3103 3162 3148 ut
3193 3096 3468 3151 nominato
3495 3095 3548 3151 in
3578 3097 3670 3151 ba-

2008 3168 2055 3232 C
2089 3181 2339 3250 ptismate
2367 3180 2524 3246 Filio,
2566 3182 2682 3239 haec
2711 3200 2813 3239 una
2847 3201 3074 3255 persona
3105 3190 3369 3244 nominari
3409 3191 3673 3259 intelliga-

2089 3281 2174 3326 tur
2220 3271 2287 3326 de
2333 3289 2435 3343 qua
2478 3275 2612 3329 dicit
2639 3278 2799 3332 etiam
2828 3278 3024 3335 Paulus
3053 3297 3143 3337 vas
3171 3283 3453 3338 electionis
3483 3302 3496 3340 :
3527 3283 3671 3340 Nam

2084 3371 2132 3416 et
2158 3379 2248 3435 ego
2272 3367 2409 3433 quod
2431 3367 2638 3432 donavi,
2670 3372 2716 3423 si
2739 3371 2866 3440 quid
2887 3373 3071 3427 donavi
3104 3386 3314 3446 propter
3335 3392 3443 3444 vos,
3469 3378 3521 3432 in
3559 3393 3672 3446 per-

2085 3470 2211 3508 sana
2237 3453 2429 3510 Christi
2459 3456 2547 3528 (11
2566 3458 2688 3513 Cor.
2721 3476 2783 3525 ll,
2813 3463 2922 3532 10).
2951 3465 3082 3531 Quae
3111 3481 3339 3536 persona
3372 3476 3542 3522 totum
3575 3467 3671 3522 ba-

2087 3545 2220 3602 hens
2249 3549 2391 3616 quod
2423 3559 2506 3604 est
2540 3550 2654 3613 Dei,
2690 3559 2864 3608 totum
2890 3555 3092 3611 habens
3123 3558 3267 3626 quod
3299 3569 3382 3615 est
3410 3559 3666 3625 hominis,

2082 3641 2347 3696 veraciter
2375 3641 2506 3698 dicit
2537 3644 2678 3712 quod
2718 3645 2954 3703 Joannes
2980 3652 3306 3720 evangelista
3333 3667 3666 3708 commemo-

2081 3739 2165 3784 rat
2199 3749 2210 3784 :
2247 3731 2412 3786 Nemo
2433 3737 2656 3789 ascendit
2678 3738 2730 3790 in
2764 3740 2964 3806 catum,
2993 3742 3092 3795 nisi
3110 3744 3199 3809 qui
3229 3742 3294 3795 de
3317 3745 3442 3797 coelo
3463 3744 3668 3799 descen-

2082 3822 2198 3888 dit,
2249 3824 2388 3891 ﬁlius
2425 3825 2643 3878 hominis
2667 3867 2684 3891 ,
2728 3829 2822 3895 qui
2857 3839 2929 3882 est
2959 3831 3012 3882 in
3040 3833 3167 3884 caelo
3203 3830 3384 3900 (Joan.
3434 3848 3523 3898 In,
3556 3835 3664 3904 15).

2080 3910 2362 3975 Quomodo
2390 3913 2534 3966 enim
2568 3929 2727 3968 nemo
2751 3919 2992 3974 ascendit
3023 3921 3074 3974 in
3100 3921 3319 3986 caelum,
3352 3923 3452 3978 nisi
3484 3925 3573 3995 qui
3601 3925 3668 3982 de

2079 4000 2220 4054 rmlo
2251 4001 2568 4070 descendit,
2613 4003 2658 4058 si
2686 4021 2794 4062 non
2826 4017 2910 4063 est
2935 4025 3035 4064 una
3069 4010 3266 4068 Christi
3293 4028 3546 4084 persona,
3574 4015 3666 4085 qui

2077 4090 2360 4146 descendit
2389 4102 2441 4147 et
2480 4097 2764 4152 ascendit?
2795 4101 2984 4157 Nonne
3009 4103 3054 4158 si
3083 4103 3216 4160 duas
3246 4107 3447 4163 habere
3475 4122 3663 4178 perso-

2078 4197 2172 4238 nas
2199 4190 2429 4252 putetur,
2463 4186 2560 4240 alia
2593 4188 2695 4242 erit
2728 4191 2846 4245 sine
2890 4191 3054 4249 dubio
3081 4209 3307 4264 persona
3335 4213 3512 4274 suscei
3533 4200 3663 4265 tris,

2077 4272 2176 4326 alia
2210 4288 2438 4342 persona
2485 4282 2774 4348 suscepta?
2819 4283 2924 4338 alia
2965 4300 3086 4355 quae
3109 4295 3195 4343 est
3245 4288 3316 4343 de
3345 4289 3458 4346 Deo
3501 4272 3661 4348 Patre

2075 4373 2217 4431 nata,
2249 4364 2351 4420 alia
2382 4382 2502 4437 quae
2528 4377 2609 4424 est
2631 4370 2723 4426 Dei
2752 4372 2909 4441 Filio,
2941 4377 3154 4446 quando
3179 4378 3446 4436 incarnari
3469 4383 3660 4451 voluit,

2074 4455 2342 4510 adunata?
2375 4460 2438 4514 Et
2463 4461 2506 4515 si
2541 4461 2613 4516 ita
2640 4473 2741 4530 est,
2765 4469 3066 4537 susceptris
3097 4486 3326 4539 persona
3357 4474 3661 4544 descendit,

2078 4557 2134 4600 ut
2159 4550 2480 4606 ascenderet
2511 4567 2739 4622 persona
2775 4571 3057 4629 suscepta;
3085 4574 3137 4616 et
3160 4562 3269 4632 jam
3294 4565 3486 4620 falsum
3509 4567 3614 4623 erit
3647 4586 3661 4623 :

2078 4638 2244 4692 Nemo
2277 4644 2503 4696 ascendit
2539 4646 2596 4698 in
2626 4649 2837 4716 castum,
2871 4653 2972 4704 nisi
3011 4655 3096 4720 qui
3127 4655 3190 4709 de
3221 4660 3346 4711 caelo
3374 4659 3654 4715 descendit.

2074 4730 2360 4786 Descendit
2382 4735 2523 4789 enim
2555 4752 2783 4806 persona
2809 4742 2932 4798 Filii
2963 4744 3056 4800 Dei
3085 4756 3141 4802 et
3165 4749 3410 4805 ascendit
3437 4767 3662 4821 persona

2076 4821 2325 4890 hominis,
2353 4840 2415 4879 ac
2445 4828 2524 4882 sic
2549 4845 2653 4883 non
2684 4831 2776 4885 illa
2807 4849 2925 4901 quae
2951 4836 3231 4894 descendit
3253 4843 3515 4898 ascendit.
3551 4844 3660 4901 lloc

2071 4914 2717 4981 secundumpravitatem
2765 4925 2920 4979 mala:
2947 4927 3316 4998 intelligentia:
3339 4947 3524 4988 eorum
3569 4939 3658 5005 qui

2071 5001 2345 5068 duplicant
2375 5005 2648 5063 Christum
2675 5051 2689 5074 ,
2733 5012 3041 5083 disputandi
3076 5024 3372 5077 necessitas
3396 5001 3660 5092 compulit

2070 5088 2236 5160 loqui.
2277 5091 2545 5152 Caeterum
2572 5098 2695 5157 ideo
2715 5121 2843 5162 vere
2873 5124 3032 5164 nemo
3070 5114 3314 5167 ascendit
3351 5114 3404 5168 in
3437 5118 3654 5184 caelum,

2071 5183 2174 5238 nisi
2199 5185 2287 5254 qui
2316 5187 2381 5241 de
2402 5191 2543 5246 cmlo
2573 5194 2873 5265 descendit,
2902 5202 3023 5270 quia
3068 5219 3171 5259 una
3203 5215 3288 5261 est
3315 5209 3656 5266 ascendentis

2069 5272 2557 5350 descendentisque
2580 5299 2832 5352 persona,
2870 5292 3164 5348 secundum
3193 5303 3435 5351 naturam
3461 5297 3656 5356 divini-

2069 5364 2194 5419 tatis
2237 5367 2526 5427 inclinante
2551 5377 2896 5437 miseratione
2925 5382 3265 5442 descendens
3292 5431 3306 5454 ,
3355 5391 3652 5448 secundum

2066 5464 2312 5514 naturam
2366 5460 2714 5523 humanitatis
2781 5484 2905 5527 eum
2970 5483 3172 5544 tropico
3231 5479 3652 5540 immortalitatis

2065 5551 2381 5607 ascendens.
2414 5556 2546 5611 lluic
2567 5558 2712 5615 enim
2744 5563 2820 5617 rei
2854 5566 3213 5627 testimonium
3245 5572 3381 5629 dans
3409 5577 3646 5647 gentium

2061 5640 2253 5700 Doctor
2273 5687 2288 5715 ,
2317 5656 2502 5718 aperte
2530 5651 2679 5721 ponit
2709 5671 2722 5710 :
2756 5657 2856 5725 Qui
2883 5660 3176 5733 descendit,
3225 5668 3333 5738 ipse
3375 5640 3448 5724 sit
3479 5679 3525 5723 et
3566 5675 3649 5737 qui
