4104 6360
470 320 576 376 ἓ)ιό

1392 319 1756 377 FULGENTII
1799 315 2148 373 FERRANDI
2194 314 2463 372 DlACONl
2493 315 2844 373 CARTHAG.

3648 315 3760 372 916

474 433 699 489 ascendit
738 432 954 505 (Ephes.
1002 447 1073 501 tv,
1106 430 1193 501 19)
1231 448 1243 484 :
1278 432 1392 501 ipse
1424 431 1597 501 plane.
1653 446 1756 486 non
1795 428 1963 493 alius;
2001 436 2053 483 et
2082 430 2131 486 Α
2163 436 2262 492 ret,
2294 428 2394 490 Qui
2428 444 2506 482 me
2540 428 2711 494 videt;
2736 427 2849 498 jam
2876 427 3021 483 visus
3064 426 3116 481 in
3159 440 3341 492 carne,
3372 426 3541 482 videri
3572 428 3762 484 adhuc

475 524 651 578 sinon
692 522 858 589 alius,
892 537 994 577 una
1048 538 1299 593 prorsus,
1344 522 1532 577 eadem
1580 521 2057 591 inseparabilisque

478 628 720 681 persona,
750 612 817 668 de
846 628 949 683 qua
994 623 1136 667 recte
1160 613 1358 667 dicitur
1390 629 1404 666 :
1439 612 1606 666 Nemo
1630 613 1859 667 ascendit
1885 613 1937 666 in
1962 628 2059 666 cae-

476 706 603 769 lum,
622 703 723 758 nisi
744 705 831 769 qui
852 708 914 757 de
934 704 1061 759 caelo
1082 705 1341 758 descendit
1370 702 1550 774 (Joan.
1582 719 1662 768 ut,
1697 704 1786 774 15)
1812 721 1825 769 ;
1853 714 1906 758 et
1936 719 2060 773 pro-

2160 519 2346 573 volens
2398 520 2452 574 in
2480 518 2795 586 divinitate,
2844 519 2939 575 sed
2968 519 3173 573 diceret
3212 519 3424 588 potius,
3471 519 3571 587 Qui
3605 520 3759 575 videt

2160 611 2324 665 Deum
2356 626 2556 679 meum,
2588 612 2733 667 videt
2776 626 3062 681 personam
3092 612 3188 667 Dei
3220 613 3348 668 mei.
3378 612 3515 681 Quid
3542 623 3627 668 est
3658 630 3760 669 au-

2161 711 2267 756 tem
2314 702 2495 757 dicere
2532 703 2730 757 videnti
2780 718 2861 769 se,
2897 702 3001 769 Qui
3030 704 3163 758 videt
3212 720 3291 758 me
3321 746 3336 770 ,
3388 704 3489 759 nisi
3518 704 3703 761 dicere
3739 724 3754 759 :

477 805 594 867 pter
623 810 780 864 quam
812 794 981 851 tardis
1026 796 1295 851 mentibus
1339 795 1709 851 inculcandam
1756 796 2061 851 rectissime
2162 791 2273 861 Ego
2301 806 2419 846 sum
2444 794 2533 862 qui
2562 793 2768 859 videor,
2797 808 2897 863 ego
2925 794 3018 863 qui
3053 808 3157 848 non
3188 793 3413 848 videor?
3441 794 3507 849 Et
3537 796 3631 865 qui
3663 786 3763 852 me

481 895 815 956 sequeretur,
863 883 1034 941 Filius
1060 886 1280 941 hominis
1308 889 1494 957 quiest
1528 888 1581 942 in
1609 888 1753 941 caelo,
1788 887 1888 941 llic
1916 887 2058 941 enim
2157 882 2266 951 jam
2301 883 2430 938 furis
2460 884 2746 939 carnaliter
2775 884 2939 949 videt,
2970 884 3013 939 si
3047 884 3189 939 videt
3235 884 3378 943 intus
3406 886 3756 954 Spiritaliter,

477 993 659 1049 quaero
690 996 704 1032 ε
730 979 774 1033 si
801 994 904 1034 non
929 987 1014 1035 est
1039 994 1138 1033 una
1168 980 1259 1033 Dei
1289 978 1627 1049 hominisque
1650 992 1900 1047 persona,
1928 992 2063 1047 quo-

464 1068 638 1126 modo
668 1070 801 1127 dicit
829 1088 842 1123 :
875 1069 1047 1125 Filius
1078 1071 1297 1125 hominis
1336 1071 1423 1139 qui
1452 1080 1521 1124 est
1548 1072 1602 1123 in
1643 1070 1801 1133 ctelo,
1844 1068 2063 1139 quando

477 1161 653 1216 adhuc
696 1161 925 1217 necdum
980 1176 1167 1230 passus
1211 1162 1530 1232 loquebatur
1575 1162 1626 1215 in
1657 1160 1889 1215 seculo?
1929 1160 2065 1228 Quo-

478 1252 639 1308 modo
668 1261 772 1316 est,
804 1252 1021 1322 inquam
1050 1294 1065 1317 ,
1114 1253 1386 1323 quomodo
1416 1262 1501 1309 est
1546 1254 1596 1307 in
1625 1254 1763 1308 cmlo
1794 1252 1934 1308 ﬁlius
1962 1252 2065 1307 ho-

480 1342 639 1398 minis
666 1350 793 1397 ante
823 1352 1048 1398 mortem
1080 1344 1276 1409 crucis,
1308 1352 1431 1398 ante
1457 1343 1683 1415 gloriam
1716 1344 2067 1399 resurrectio-

484 1434 565 1509 nis
590 1474 607 1498 ,
653 1440 781 1487 ante
813 1433 1141 1501 triumphum
1171 1435 1521 1497 ascensionis,
1553 1435 1655 1490 nisi
1687 1435 1811 1504 quia
1842 1435 2069 1490 adhaesit

481 1520 549 1575 ad
580 1521 839 1576 unitatem
866 1536 1105 1590 persona:
1126 1522 1261 1579 Filio
1285 1524 1401 1589 Dei,
1432 1525 1520 1592 qui
1545 1541 1815 1596 nunquam
1846 1527 2070 1583 recessit

488 1626 554 1668 ex
590 1613 762 1679 cmlo;
792 1624 846 1669 et
876 1615 996 1670 ideo
1021 1625 1101 1669 est
1133 1615 1276 1671 ﬁlius
1306 1614 1535 1672 hominis
1562 1617 1612 1671 in
1644 1618 1805 1682 creto,
1834 1620 1955 1687 quia
1996 1617 2067 1673 ibi

487 1712 572 1758 est
600 1719 815 1774 semper
839 1704 1005 1762 Filius
1038 1705 1152 1773 Dei,
1196 1708 1285 1778 qui
1318 1707 1490 1763 factus
1518 1716 1601 1763 est
1631 1708 1772 1764 ﬁlius
1794 1710 2071 1765 hominis?

2167 990 2273 1027 non
2302 974 2552 1039 alterum,
2584 974 2677 1030 sed
2709 990 2829 1040 me;
2866 974 2952 1029 hic
2984 974 3225 1044 profecto
3251 976 3337 1045 qui
3368 975 3446 1030 sic
3471 976 3617 1031 videt
3644 992 3758 1044 me,

2166 1064 2310 1119 videt
2338 1075 2392 1121 et
2421 1066 2656 1121 Patrem.
2683 1067 2750 1121 Et
2771 1076 2990 1121 secutus
3020 1068 3233 1122 statim:
3269 1067 3382 1138 Ego
3412 1070 3465 1121 in
3499 1068 3686 1135 Patre,
3709 1078 3763 1123 et

2169 1156 2330 1211 Pater
2357 1160 2410 1213 in
2443 1175 2520 1213 me
2546 1157 2739 1228 (Ibid.,
2766 1160 2877 1229 lO).
2914 1159 3140 1228 Quando
3168 1160 3369 1216 diceret
3397 1176 3525 1216 caro
3556 1171 3767 1217 morta-

2169 1250 2251 1314 lis,
2293 1248 2402 1320 Ego
2432 1251 2484 1303 in
2515 1248 2690 1317 Patre,
2731 1260 2777 1305 et
2818 1250 2979 1306 Pater
3024 1253 3076 1307 in
3101 1269 3199 1318 me,
3254 1252 3356 1307 nisi
3392 1254 3505 1323 ipse
3536 1263 3766 1324 propter

2169 1342 2429 1396 unitatem
2469 1356 2714 1411 personae
2742 1353 2887 1399 esset
2917 1343 3059 1399 Deus
3087 1344 3427 1409 immortalis,
3455 1346 3544 1414 qui
3576 1346 3765 1399 cruci-

2174 1433 2413 1503 ﬁgendus
2450 1432 2625 1488 fuerat
2670 1434 2833 1489 homo
2884 1435 3164 1490 mortalis?
3219 1435 3357 1490 Audi
3403 1451 3526 1491 eum
3580 1437 3764 1490 adhuc

2172 1523 2329 1577 unius
2361 1538 2481 1579 esse
2514 1524 2799 1580 veritatem
2849 1538 3093 1594 persona:
3139 1524 3315 1579 modis
3356 1524 3593 1595 pluribus
3628 1525 3767 1580 alle-

2172 1623 2413 1685 gantem.
2458 1613 2592 1669 Cum
2643 1614 2999 1684 interrogaret
3044 1613 3335 1684 discipulos
3372 1628 3504 1669 suos
3543 1631 3558 1667 :
3595 1614 3765 1682 Quem

2172 1720 2274 1769 me,
2307 1705 2498 1775 inquit,
2529 1705 2704 1758 dicunt
2728 1705 2955 1758 homines
2982 1721 3089 1758 esse
3110 1705 3277 1772 ﬁlium
3297 1703 3761 1775 hominisUfattIt.

486 1794 674 1851 Mirum
707 1796 903 1866 quippe
930 1840 943 1864 ,
997 1800 1190 1853 mirum
1218 1843 1233 1868 ,
1283 1800 1384 1855 nisi
1417 1801 1769 1870 intelligatur,
1820 1811 2061 1871 apparet.
2098 1802 2140 1861 Β
2172 1813 2283 1863 va,
2314 1796 2439 1867 l5)?
2482 1795 2613 1852 Post
2640 1797 2925 1867 opiniones
2954 1795 3151 1851 multas
3180 1804 3235 1851 et
3279 1796 3451 1851 varias
3478 1795 3761 1850 hominum

488 1884 744 1941 Dominus
772 1887 902 1943 dicit
934 1906 948 1940 :
977 1887 1145 1943 Nemo
1172 1892 1401 1944 ascendit
1433 1892 1485 1945 in
1514 1891 1717 1958 caelum,
1760 1893 1860 1946 nisi
1887 1895 1975 1964 qui
2006 1895 2069 1950 de

486 1976 609 2029 «mlo
671 1977 962 2044 descendit;
1003 1988 1056 2034 et
1083 1981 1232 2049 quasi
1277 1981 1626 2051 interrogaret
1657 1983 1894 2053 aliquis:
1939 1984 2070 2052 Quis

489 2074 572 2120 est
602 2065 740 2122 iste?
786 2068 1064 2124 confestim
1096 2071 1212 2125 sine
1249 2072 1580 2128 dubitatione
1622 2076 1940 2145 respondit:
1973 2074 2072 2130 Fi-

487 2156 589 2212 lius
618 2158 838 2213 hominis
865 2161 954 2231 qui
974 2172 1044 2216 est
1068 2163 1120 2216 in
1151 2164 1297 2219 τωιυ.
1335 2166 1379 2220 0
1407 2166 1631 2222 Domine
1657 2168 1806 2234 Jesu,
1841 2170 1895 2224 In
1920 2172 2071 2239 prin-

497 2249 584 2319 pio
614 2250 871 2319 Verbum,
919 2263 974 2309 et
1005 2255 1234 2310 Verbum
1267 2259 1405 2325 apud
1440 2258 1630 2326 Deum,
1661 2273 1713 2316 et
1755 2261 1896 2317 Deus
1937 2261 2071 2319 Ver-

489 2341 645 2409 bum;
684 2358 862 2398 nonne
885 2355 1170 2416 antequam
1196 2348 1573 2417 descenderes,
1602 2360 1657 2406 et
1694 2352 1922 2407 Verbum
1946 2368 2073 2409 caro

466 2432 647 2488 fieres
675 2442 729 2491 et
759 2434 1030 2493 ltahitares
1064 2439 1115 2493 in
1147 2440 1321 2509 nobis,
1366 2441 1509 2497 Deus
1541 2454 1745 2499 tantum
1778 2446 1943 2513 fuisti,
1974 2446 2075 2501 Pa-

489 2524 557 2579 tri
582 2534 638 2582 et
663 2525 881 2598 Spiritui
913 2542 1101 2585 sancto
1146 2534 1645 2605 consubstantialis,
1679 2548 1841 2610 atque
1882 2556 1988 2594 una
2018 2542 2071 2596 in

491 2616 755 2675 Trinitate
782 2624 1046 2691 persona?
1082 2624 1361 2692 Quomodo
1397 2643 1526 2698 ergo
1573 2644 1714 2685 nunc
1743 2631 1824 2685 ais
1856 2649 1870 2684 :
1906 2631 2073 2688 Nemo

489 2712 715 2766 ascendit
736 2713 791 2767 in
815 2714 1021 2784 cretum,
1062 2717 1164 2770 nisi
1187 2718 1276 2787 qui
1304 2719 1367 2773 de
1397 2720 1525 2775 coelo
1554 2721 1847 2787 descendit;
1882 2733 1937 2779 et
1964 2734 2071 2779 sta-

494 2802 586 2856 tim
615 2817 901 2871 personam
922 2805 1299 2864 descendentis
1322 2810 1597 2865 insinuans
1625 2813 1884 2881 sequeris,
1902 2812 2076 2869 Filius

488 2891 709 2949 hominis
748 2896 839 2964 qui
867 2906 941 2952 est
971 2900 1023 2953 in
1067 2899 1193 2954 ctelo
1216 2900 1241 2952 .9
1288 2902 1569 2968 Quomodo
1612 2903 1893 2960 descendit
1934 2906 2076 2961 filius

484 2982 746 3051 hominis,
776 2996 1061 3059 antequam
1093 2998 1148 3045 tu
1182 2991 1335 3047 ﬁeres
1365 2994 1504 3048 ﬁlius
1534 2994 1784 3063 hominis,
1817 2997 1919 3052 nisi
1942 3013 2076 3066 quo-

492 3074 633 3129 niam
662 3084 715 3131 tu
745 3077 835 3148 qui
860 3093 983 3135 eras
1011 3079 1078 3135 ab
1105 3082 1257 3137 initio
1287 3082 1454 3139 Filius
1480 3086 1596 3151 Dei,
1629 3096 1684 3141 tu
1708 3086 1850 3143 Deus
1880 3087 2072 3158 unige-

2172 1890 2366 1961 quibus
2396 1889 2485 1944 alii
2516 1890 2685 1944 Eliam
2708 1932 2721 1955 ,
2753 1890 2841 1944 alii
2870 1889 3157 1944 Jeretniam
3185 1930 3201 1955 ,
3248 1888 3337 1944 alii
3368 1888 3629 1943 Joannem
3665 1888 3763 1943 Ba-

2176 1981 2440 2052 ptistam,
2492 1981 2583 2036 alii
2619 1996 2779 2035 unum
2813 1995 2880 2035 ex
2927 1978 3199 2048 prophetis
3244 1980 3601 2049 opinabantur
3641 1992 3764 2033 esse

2175 2073 2445 2127 Christum
2494 2072 2625 2137 Dei,
2670 2072 2956 2126 Dominum
2986 2074 3397 2141 prOphetarum,
3428 2070 3765 2140 distinguere

2175 2180 2233 2220 se
2256 2164 2521 2219 Dominus
2552 2179 2582 2217 a
2615 2162 2829 2218 famulis
2862 2162 3070 2228 volens,
3109 2177 3377 2231 unumque
3404 2176 3464 2217 se
3490 2160 3764 2218 Christum

2178 2258 2451 2313 inculcare
2484 2256 2793 2311 videntibus
2821 2257 3041 2324 cupiens
3070 2272 3083 2309 :
3124 2254 3227 2309 Vos
3262 2266 3451 2321 autem,
3480 2256 3593 2321 ait,
3616 2272 3765 2326 quem

2174 2365 2255 2403 me
2294 2365 2398 2404 esse
2424 2348 2593 2402 dicitis
2622 2346 2813 2419 (Ibid.,
2844 2347 2975 2419 l5)?
3004 2348 3299 2417 Respondit
3338 2348 3532 2403 Petrus
3563 2366 3576 2402 :
3603 2348 3687 2401 Tu
3714 2365 3765 2403 es

2176 2440 2407 2496 Christus
2437 2439 2612 2493 Filius
2655 2438 2753 2493 Dei
2788 2441 2885 2492 vivi
2915 2437 3074 2508 (Ibid.
3100 2484 3114 2507 ,
3163 2438 3274 2511 ib).
3306 2439 3403 2494 llic
3427 2439 3474 2494 si
3502 2455 3610 2494 una
3637 2454 3765 2511 per-

2176 2548 2307 2587 sona
2341 2532 2462 2587 Filii
2511 2532 2605 2588 Dei
2636 2542 2690 2588 et
2731 2532 2822 2586 filii
2850 2533 3081 2588 hominis
3112 2547 3215 2587 non
3247 2532 3461 2596 fuisset,
3494 2533 3764 2603 quomodo

2175 2624 2361 2680 beatus
2393 2624 2581 2681 Petrus
2624 2625 2930 2694 appellante
2958 2639 3018 2680 se
3045 2624 3259 2680 Christo
3298 2627 3463 2682 ﬁlium
3494 2628 3756 2692 hominis,

2176 2718 2323 2772 velut
2366 2717 2763 2773 eontradiceret
2810 2718 3080 2773 adderet:
3127 2717 3203 2771 Tu
3236 2736 3286 2773 es
3328 2719 3567 2775 Christus
3596 2717 3764 2777 Filius

2179 2808 2277 2863 Dei
2300 2810 2439 2864 vivi?
2463 2810 2711 2866 Christus
2737 2810 2865 2866 dicit
2909 2828 2921 2866 :
2964 2826 3045 2865 me
3070 2812 3237 2881 ﬁlium
3262 2810 3484 2866 hominis
3522 2826 3542 2865 :
3583 2811 3765 2867 Petrus

2176 2899 2341 2967 dicit,
2373 2900 2455 2954 Tu
2484 2917 2535 2956 es
2566 2899 2613 2953 F
2618 2903 2737 2955 ilius
2778 2899 2877 2956 Dei
2914 2902 3035 2957 vivi.
3066 2903 3122 2958 Si
3161 2918 3267 2957 non
3312 2910 3397 2958 est
3439 2916 3542 2957 una
3570 2901 3767 2959 Christi

2180 3008 2430 3063 persona,
2464 2996 2531 3051 de
2559 2996 2663 3051 alio
2709 2996 2902 3051 Petrus
2930 2996 3313 3068 interrogatur,
3344 2996 3509 3052 alium
3542 2996 3767 3052 conﬁte-

2180 3096 2283 3140 tur.
2318 3083 2700 3157 lnterrogatur,
2736 3087 2899 3155 Quem
2922 3104 3000 3142 me
3023 3104 3133 3142 esse
3152 3089 3325 3142 dicunt
3348 3089 3582 3144 homines
3603 3089 3767 3158 ﬁlium

492 3166 654 3235 ηἰιυε,
691 3178 744 3223 tu
775 3185 877 3224 una
926 3172 979 3226 in
1021 3172 1280 3231 Trinitate
1311 3191 1538 3245 persona
1558 3220 1573 3244 ,
1621 3178 1793 3235 factus
1824 3194 1883 3235 es
1933 3180 2074 3238 ﬁlius
2101 3164 2147 3230 (ἶ
2184 3178 2442 3233 hominis?
2465 3187 2519 3234 et
2540 3178 2827 3249 respondet
2855 3197 2867 3233 :
2893 3178 2973 3233 Tu
2997 3196 3049 3235 es
3071 3179 3306 3235 Christus
3329 3179 3502 3237 Filius
3529 3181 3629 3237 Dei
3649 3182 3767 3235 visi.

494 3261 755 3330 hominis;
800 3272 857 3321 et
883 3266 964 3322 sic
994 3266 1163 3324 factus
1193 3283 1253 3325 es
1297 3270 1437 3327 ﬁlius
1466 3272 1717 3341 hominis,
1750 3284 1807 3329 ut
1837 3288 1943 3330 non
1987 3276 2070 3328 al-

491 3359 607 3407 tera
633 3364 779 3410 esset
810 3371 1039 3426 persona
1070 3367 1182 3428 tua,
1212 3360 1378 3415 altera
1406 3361 1496 3416 filii
1522 3362 1793 3419 hominis?

564 3441 618 3497 6.
654 3442 779 3500 Ha'e
809 3448 1040 3518 denique
1070 3463 1172 3503 una
1204 3453 1632 3520 commendatur,
1676 3453 1889 3523 quando
1934 3454 2073 3511 Pha-

492 3531 633 3587 risaei
664 3534 1069 3608 interrogantur
1094 3556 1125 3593 a
1154 3539 1368 3597 Christo
1400 3560 1415 3597 :
1449 3544 1585 3611 Quid
1614 3547 1749 3600 vobis
1776 3546 1977 3600 videtur
2010 3548 2075 3602 de

474 3617 740 3677 .Christo?
766 3627 915 3696 cujus
938 3628 1080 3695 ﬁlius
1108 3640 1182 3684 est
1206 3630 1421 3703 (Matth.
1457 3648 1587 3699 χχιι,
1611 3634 1739 3704 42)?
1764 3636 1828 3691 Et
1859 3651 2075 3706 respon-

491 3711 763 3779 dentibus,
793 3714 983 3783 David,
1014 3719 1144 3774 dicit
1169 3721 1325 3777 .lesus
1356 3742 1368 3776 :
1400 3725 1665 3789 Quomodo
1682 3742 1801 3798 ergo
1826 3727 1993 3781 David
2024 3729 2076 3782 in

490 3803 675 3875 spiritu
704 3815 849 3861 vocat
886 3824 1003 3863 eum
1042 3810 1351 3883 Dominum,
1384 3817 1555 3871 dicens
1592 3834 1611 3872 :
1644 3818 1790 3873 Dixit
1826 3818 2077 3875 Dominus

491 3896 714 3954 Domino
755 3917 888 3967 meo,
922 3903 1058 3960 Sede
1086 3909 1154 3961 ad
1185 3909 1443 3965 dexteram
1474 3928 1657 3981 meam,
1695 3914 1857 3968 donec
1888 3929 2078 3983 ponant

491 3986 727 4045 inimicos
750 4002 863 4048 tuos
891 3995 1167 4053 scabellum
1209 4001 1392 4068 pedum
1418 4012 1620 4066 tuorum
1651 4002 1826 4076 (Psal.
1852 4021 1963 4071 cu,
1985 4006 2079 4076 l)?

495 4079 664 4139 David
690 4086 832 4140 enim
863 4094 1019 4144 vocat
1049 4105 1169 4145 eum
1204 4091 1507 4160 Dominum,
1546 4103 1600 4150 et
1640 4097 1910 4166 quomodo
1938 4096 2078 4152 lllius

492 4173 609 4242 ejus
635 4176 753 4232 est?
793 4177 893 4234 Ubi
938 4179 1193 4238 Pharisaei
1221 4186 1434 4253 quidem
1467 4188 1699 4243 convicti
1735 4196 1862 4243 sunt
1900 4198 1953 4245 et
1980 4189 2081 4242 hu-

492 4266 711 4335 iniliati;
743 4271 841 4326 sed
872 4288 970 4327 nos
1009 4283 1209 4344 tamen,
1243 4279 1285 4332 si
1312 4281 1397 4349 pie
1426 4295 1756 4350 quaeramus,
1788 4282 2074 4339 admoniti.

492 4359 667 4425 Quare
695 4362 835 4417 enim
862 4363 1001 4419 ﬁlius
1047 4367 1216 4422 David
1263 4369 1529 4426 Dominus
1561 4373 1760 4437 David,
1813 4375 1919 4430 nisi
1952 4376 2076 4443 quia

496 4450 756 4505 Dominus
806 4452 973 4509 David
1006 4456 1119 4524 ipse
1161 4456 1336 4514 factus
1388 4472 1470 4516 est
1517 4464 1659 4519 ﬁlius
1711 4465 1907 4520 David?
1940 4465 2073 4523 Nam

493 4541 738 4609 profecto
773 4546 819 4598 si
850 4560 957 4601 non
985 4558 1129 4603 esset
1157 4565 1259 4605 una
1288 4551 1489 4608 Christi
1529 4569 1779 4623 persona,
1816 4573 1920 4611 non
1951 4573 2070 4627 pes-
2106 4541 2158 4600 D

493 4642 576 4687 set
602 4647 723 4688 esse
752 4634 895 4692 ﬁlius
940 4637 1126 4704 David,
1162 4641 1420 4697 Dominus
1470 4644 1658 4700 David.
1707 4646 1814 4701 Sed
1851 4648 1971 4702 ideo
2000 4657 2080 4703 est

496 4721 640 4776 illius
675 4722 844 4779 David
872 4769 885 4792 ,
928 4726 1186 4785 Dominus
1219 4731 1405 4797 David,
1434 4736 1560 4804 quia
1594 4752 1876 4803 personam
1920 4756 2076 4810 quam

496 4814 655 4870 habet
682 4814 942 4873 Dominus
968 4819 1153 4885 David,
1184 4821 1350 4891 ipsam
1383 4823 1545 4879 habet
1570 4828 1710 4881 titius
1742 4829 1925 4884 David.
1955 4832 2079 4887 ilice

493 4922 596 4961 una
622 4922 872 4978 persona,
905 4912 1191 4979 postulanti
1224 4913 1468 4984 Philippo
1496 4926 1549 4971 et
1569 4917 1767 4974 dicenti
1798 4939 1809 4973 :
1836 4920 2074 4990 Domine,

493 5002 702 5055 ostende
733 5002 879 5056 nobis
906 5002 1138 5071 Patrem,
1172 5017 1218 5060 et
1248 5009 1430 5078 suﬁicit
1460 5011 1635 5077 nobis;
1667 5013 1858 5080 Tanto,
1888 5016 2077 5084 inquit,

492 5103 720 5162 tempore
762 5096 1017 5151 uobiscum
1058 5115 1173 5153 sum
1198 5143 1212 5167 ,
1248 5110 1295 5155 et
1325 5117 1427 5157 non
1464 5107 1768 5175 cognovistis
1801 5110 1916 5163 me?
1944 5108 2076 5163 Phi-

493 5187 646 5258 lippe,
669 5190 759 5255 qui
775 5205 854 5244 me
877 5191 1032 5255 videt,
1060 5193 1193 5246 videt
1222 5202 1267 5246 et
1298 5192 1527 5250 Patrem.
1563 5196 1829 5263 Quomodo
1852 5210 1907 5253 tu
1930 5201 2078 5265 dicis,

400 5292 407 5293 ’
495 5278 714 5334 Ostende
730 5282 875 5335 nobis
902 5281 1109 5337 Patrem
1123 5282 1303 5355 (Joan.
1329 5301 1439 5352 xrv,
1458 5286 1513 5353 8,
1536 5289 1631 5359 9)?
1652 5289 1784 5345 Cum
1803 5292 1945 5346 enim
1964 5292 2081 5346 Phi-

493 5366 666 5435 lippus
687 5385 791 5425 non
819 5373 1025 5429 videret
1042 5378 1213 5432 oculis
1233 5381 1537 5435 carnalibus
1556 5382 1654 5436 nisi
1682 5384 1950 5438 hominem
1981 5389 2070 5455 qui

493 5458 829 5531 loquebatur,
873 5470 1073 5524 audivit
1119 5472 1221 5526 sibi
1253 5487 1344 5528 ore
1385 5473 1616 5531 hominis
1659 5478 1762 5533 dici
1798 5496 1811 5531 :
1849 5481 1951 5545 Qui
1994 5498 2073 5535 me

491 5553 644 5617 videt,
668 5555 803 5609 videt
826 5568 874 5611 et
898 5558 1125 5615 Patrem.
1149 5563 1325 5630 Quare
1352 5565 1475 5632 hoc,
1502 5568 1603 5622 nisi
1625 5570 1744 5638 quia
1770 5570 1884 5637 ipse
1910 5570 2073 5629 homo

489 5654 574 5700 est
598 5644 759 5711 Deus,
791 5664 947 5717 quem
978 5655 1067 5722 qui
1098 5654 1265 5721 videt,
1290 5657 1434 5713 videt
1461 5668 1514 5714 et
1540 5659 1792 5715 Patrem?
1821 5662 2071 5732 Alioquin

491 5736 537 5791 si
570 5752 673 5794 non
701 5752 844 5796 esset
868 5757 972 5797 una
1005 5744 1095 5800 Dei
1130 5748 1466 5818 hominisque
1504 5766 1757 5820 persona,
1790 5770 1893 5811 non
1929 5756 2073 5813 dice-

2178 3270 2286 3325 Scd
2329 3271 2375 3325 si
2424 3269 2615 3327 beatus
2648 3272 2839 3327 Petrus
2872 3288 3143 3343 nunquam
3191 3274 3475 3330 meruisset
3527 3273 3769 3344 magisu'i

2177 3380 2429 3422 sermone
2459 3366 2685 3437 laudari,
2719 3367 2820 3422 nisi
2855 3368 3027 3437 ipsum
3063 3366 3416 3423 confiteretur
3442 3367 3512 3423 de
3538 3382 3647 3438 quo
3688 3366 3769 3422 in-

2180 3460 2550 3531 terrogabatur
2571 3504 2586 3529 ,
2636 3475 2665 3513 a
2696 3476 2801 3531 quo
2833 3462 2883 3516 ei
2910 3460 3135 3525 diceret,
3170 3460 3281 3527 Tu,
3310 3475 3338 3514 a
3365 3475 3472 3529 quo
3500 3459 3767 3527 audierat,

2180 3551 2294 3616 Me,
2333 3551 2450 3619 Ipse
2478 3562 2560 3608 est
2588 3552 2727 3607 ﬁlius
2759 3552 2990 3607 hominis
3015 3596 3031 3623 ,
3081 3553 3171 3619 qui
3199 3563 3281 3607 est
3322 3551 3487 3606 Filius
3522 3552 3618 3607 Dei
3642 3550 3765 3607 vivi.

2180 3640 2256 3695 De
2292 3656 2398 3709 quo
2428 3641 2623 3695 Paulus
2652 3640 2717 3694 ad
2761 3641 3012 3696 llebra'os
3059 3641 3325 3707 scribens,
3371 3651 3429 3695 ut
3457 3644 3616 3696 unius
3645 3657 3766 3696 eum

2190 3750 2432 3804 personae
2460 3749 2676 3803 semper
2699 3736 2967 3801 ostendat,
2994 3737 3065 3789 ita
3094 3735 3168 3789 ait
3200 3750 3215 3790 :
3241 3734 3395 3790 Iesus
3411 3734 3643 3790 Christus
3660 3734 3767 3789 heri

2179 3836 2226 3881 et
2248 3826 2418 3893 hodie,
2452 3827 2559 3897 ipse
2581 3836 2654 3881 est
2680 3839 2725 3880 et
2755 3827 2808 3880 in
2831 3827 3020 3881 saecula
3045 3825 3230 3899 (Hebr.
3262 3842 3384 3890 IIII,
3410 3826 3490 3895 8).
3528 3827 3630 3883 Ubi
3654 3828 3767 3895 ipse

2182 3920 2322 3989 quod
2354 3920 2524 3975 semel
2575 3921 2792 3990 posuit,
2843 3920 3005 3976 etiam
3038 3929 3119 3976 ter
3147 3920 3371 3991 intelligi
3402 3921 3595 3987 voluit,
3650 3929 3765 3973 tan-

2183 4027 2340 4082 quam
2372 4012 2575 4067 diceret
2607 4029 2619 4065 :
2650 4010 2802 4066 Jesus
2829 4008 3065 4067 Christus
3108 4013 3219 4081 ipse
3251 4014 3396 4079 heri,
3443 4014 3551 4083 ipse
3594 4011 3767 4073 hodie,

2183 4105 2289 4174 ipse
2308 4112 2356 4157 et
2386 4106 2438 4157 in
2464 4105 2654 4159 smcula
2680 4120 2698 4158 :
2721 4105 2855 4170 beri,
2883 4114 3165 4176 antequam
3199 4106 3467 4175 acciperet
3517 4120 3765 4169 carnem;

2184 4197 2372 4264 hodie,
2405 4198 2807 4267 quando,juxta
2850 4197 3157 4252 vaticinium
3186 4198 3435 4253 Ieremia:
3466 4198 3766 4268 prophetat,

2185 4288 2285 4343 Hic
2318 4290 2450 4344 Deus
2479 4302 2667 4354 noster,
2698 4300 2867 4345 etnon
2892 4292 3230 4344 wstimabitur
3253 4292 3390 4345 alius
3410 4292 3606 4361 absque
3626 4292 3719 4344 illo
3744 4305 3764 4344 :

2182 4384 2269 4452 qui
2297 4385 2483 4438 invenit
2511 4399 2712 4437 onmem
2754 4384 2889 4437 viam
2915 4385 3163 4447 scientice,
3191 4393 3240 4437 et
3278 4384 3421 4438 dedit
3451 4399 3572 4437 eam
3605 4382 3765 4438 Jacob

2188 4493 2344 4544 puero
2369 4492 2483 4543 suo,
2516 4487 2562 4530 et
2589 4475 2757 4530 Israel
2787 4477 2973 4530 dilecto
3000 4492 3115 4530 suo.
3150 4474 3274 4529 Post
3306 4477 3414 4529 haec
3442 4478 3495 4529 in
3522 4478 3674 4530 terris
3696 4477 3767 4529 vi-

2186 4586 2274 4623 sus
2301 4579 2371 4623 est
2398 4610 2413 4633 ,
2458 4580 2505 4623 et
2542 4586 2659 4623 cum
2708 4569 2994 4623 hominibus
3038 4578 3358 4623 conversatus
3398 4578 3472 4623 est
3505 4568 3655 4637 (Dur.
3688 4584 3765 4635 ttt,

2188 4659 2275 4726 56,
2307 4660 2420 4730 38).
2451 4661 2576 4716 Sive
2613 4663 2793 4729 modo,
2826 4661 3039 4732 quando
3068 4663 3219 4718 sedet
3245 4662 3311 4716 ad
3360 4662 3636 4719 dexteram
3671 4652 3791 4717 Pa?

2186 4754 2284 4806 tris
2318 4752 2370 4805 in
2398 4754 2618 4816 smcula,
2646 4753 2759 4807 sive
2785 4754 3001 4822 quando
3027 4754 3274 4823 judicare
3304 4764 3562 4809 venturus
3582 4764 3665 4809 est
3691 4755 3767 4806 vi-

2186 4855 2282 4895 vos
2321 4851 2374 4895 et
2428 4852 2666 4895 mortuos
2712 4842 2885 4908 (sicut
2929 4841 3107 4895 omnis
3156 4842 3391 4898 Ecclesia
3433 4841 3487 4897 in
3525 4843 3767 4915 symbolo

2186 4931 2514 5003 confitetur),
2544 4948 2760 5001 semper
2790 4933 2924 5001 ipse,
2957 4948 3223 5002 nunquam
3251 4934 3410 5007 alius.

2261 5026 2313 5079 7.
2344 5024 2574 5078 Carnem
2620 5023 2816 5092 quippe
2846 5024 3211 5094 suscipiendo,
3244 5034 3461 5079 naturas
3492 5023 3766 5088 adunavit,

2190 5129 2293 5166 non
2340 5128 2621 5182 personam
2652 5114 2967 5185 duplicavit.
3018 5115 3245 5169 Naturas
3276 5116 3433 5184 plane
3472 5115 3765 5178 adunavit,

2187 5204 2303 5256 sine
2334 5202 2649 5257 confusione
2692 5213 3092 5273 permanentes,
3123 5214 3177 5259 et
3206 5205 3255 5257 in
3292 5204 3489 5259 saecula
3523 5219 3766 5274 perman-

2186 5308 2358 5347 suras.
2389 5294 2478 5347 Sic
2508 5294 2649 5349 enim
2675 5294 2947 5359 adunavit,
2980 5306 3035 5347 ut
3066 5309 3164 5349 nec
3203 5295 3461 5349 divinitas
3492 5298 3543 5351 in
3576 5296 3766 5351 huma-

2187 5384 2403 5438 nitatem
2435 5395 2750 5451 mutaretur,
2777 5401 2876 5441 ncc
2907 5387 3207 5441 humanitas
3227 5402 3255 5440 a
3274 5388 3557 5443 divinitate
3580 5389 3765 5444 absor-

2184 5475 2422 5543 beretur,
2458 5476 2549 5530 sed
2589 5486 2815 5545 utraque
2838 5488 3026 5531 natura
3056 5478 3340 5533 incolumis
3366 5480 3636 5535 custodita
3658 5480 3767 5535 suis

2183 5570 2375 5643 ofﬁciis
2407 5579 2667 5635 uteretur,
2694 5570 2807 5626 svis
2834 5572 3085 5639 operibus
3112 5582 3513 5643 agnosceretur,
3545 5574 3660 5628 suis
3681 5588 3767 5627 no~

2184 5662 2417 5717 minibus
2462 5673 2771 5727 vocaretur,
2829 5674 3200 5719 verumtamen
3249 5666 3492 5733 personis
3539 5666 3766 5735 propriis

2184 5772 2286 5809 non
2319 5755 2756 5819 distingueretur.
2800 5755 2918 5813 Non
2947 5757 3026 5812 sic
3054 5758 3196 5813 enim
3224 5756 3469 5814 adunatze
3500 5768 3622 5813 sunt
3648 5767 3763 5812 uua:
