4104 6360
410 247 506 304 917

1565 238 1922 295 ΕΡΙδΤΟΙΛΕ
1964 237 2051 293 ΕΤ
2087 237 2473 297 ονυδουιιΑ.

3580 249 3685 305 948

408 358 721 415 substantia:
743 398 760 425 ,
801 355 978 412 divina
1015 355 1219 411 scilicet
1243 364 1296 410 et
1324 353 1576 419 humana,
1609 363 1668 409 ut
1698 355 1854 409 ﬁeret
1877 370 1978 408 una
2011 355 2058 414 Α
2088 355 2321 409 tactum?
2350 371 2511 424 quam
2544 355 2826 413 videndam
2858 360 3219 429 promiserunt
3256 362 3456 433 angeli,
3497 363 3681 421 dicen-

422 450 752 516 substantia;
784 448 876 504 sed
907 456 963 503 ut
990 460 1133 504 esset
1155 449 1315 502 unius
1345 461 1608 513 personae,
1633 455 1793 516 atque
1820 462 1887 501 ex
1910 449 1989 500 eis

407 542 563 597 unius
591 555 805 610 semper
832 541 1088 596 existeret
1114 538 1384 594 Christus.
1417 538 1570 594 Absit
1598 538 1743 594 enim
1774 546 1835 592 ut
1861 537 1985 592 dum

408 649 565 689 uuam
589 635 731 704 cogit
751 634 949 689 veritas
976 632 1268 701 praedicare
1299 647 1609 703 personam,
1637 632 1772 687 duas
1792 631 1989 689 audea-

404 739 524 780 mus
543 739 740 795 negare
771 734 1003 779 naturas.
1032 724 1087 779 Si
1116 725 1259 779 enim
1281 732 1493 779 creator
1520 724 1695 780 factus
1723 728 1809 779 est
1836 737 1987 779 crea-

406 830 547 887 tura,
591 818 637 872 si
666 817 897 873 Verbum
927 819 1121 873 factum
1153 826 1237 873 est
1264 832 1410 884 caro,
1437 818 1483 873 si
1517 814 1657 872 Deus
1690 818 1877 872 habitu
1904 818 1988 871 in-

403 920 593 967 ventus
616 919 697 966 est
730 919 790 965 ut
815 910 1008 975 homo;
1034 925 1134 967 nec
1153 920 1367 967 creator
1395 913 1592 977 creari,
1622 926 1724 967 nec
1748 910 1982 967 Verbum

399 1018 529 1062 caro
548 1002 684 1069 ﬁeri,
706 1018 806 1058 nec
819 1003 958 1059 Deus
978 1012 1099 1058 esse
1117 1002 1283 1058 homo
1295 1002 1467 1073 potuit
1484 1002 1604 1059 sine
1629 1002 1854 1059 alterius
1876 1018 1986 1057 sus-

397 1098 648 1168 ceptione
669 1104 891 1151 naturae.
912 1097 976 1152 Et
990 1097 1034 1151 si
1052 1097 1221 1152 altera
1235 1108 1317 1152 est
1345 1105 1534 1152 natura
1563 1104 1840 1165 suscepta,
1856 1095 1977 1150 duae

400 1198 523 1244 sunt
542 1188 781 1259 profecto
805 1196 1032 1252 naturas.
1052 1203 1157 1243 non
1176 1204 1303 1243 una.
1323 1188 1429 1244 Sed
1458 1189 1501 1243 si
1521 1203 1587 1261 es
1608 1188 1818 1244 duabus
1840 1188 1978 1243 tacta

398 1296 519 1338 esse
547 1282 807 1338 asseritur
835 1295 959 1349 una,
989 1296 1109 1351 quze
1131 1281 1269 1337 facta
1302 1282 1373 1336 sit
1396 1281 1556 1338 debet
1585 1280 1827 1352 primitus
1854 1280 1981 1337 dici.

396 1376 655 1442 Quamvis
677 1374 820 1430 enim
851 1390 914 1429 ex
943 1373 1152 1429 duabus
1172 1374 1490 1431 substantiis
1532 1389 1635 1429 una
1674 1374 1848 1446 aliqua
1893 1375 1980 1428 vix

396 1466 572 1521 valeat
599 1464 715 1521 ﬁeri
739 1465 856 1521 sine
876 1465 1153 1521 ambarum
1182 1467 1499 1523 confusione
1526 1479 1616 1520 aut
1646 1468 1804 1523 unius
1851 1467 1983 1523 abo-

396 1559 617 1627 titione,
645 1568 822 1614 tamen
853 1561 1062 1630 quoties
1088 1575 1156 1616 ex
1194 1560 1403 1616 duobus
1440 1560 1503 1616 ﬁt
1546 1561 1744 1631 aliquid
1791 1577 1975 1629 unum,

395 1667 531 1706 nova
570 1666 658 1707 res
697 1652 784 1717 ﬁt;
824 1662 879 1706 et
927 1653 972 1707 si
1026 1667 1161 1707 nova
1202 1668 1289 1709 res
1329 1654 1406 1719 lit,
1447 1669 1643 1709 novum
1678 1655 1980 1711 necessario

2095 457 2211 499 tes:
2246 444 2338 500 Sic
2375 448 2568 515 veniet,
2615 448 3047 515 quemadmodum
3085 467 3205 505 eum
3242 453 3441 509 vidistis
3484 466 3681 511 euntem

2090 540 2143 592 in
2176 537 2357 592 caelum
2379 536 2516 610 (Act.
2549 556 2587 606 ι,
2622 542 2747 612 ll)?
2776 542 2883 598 Sed
2912 544 2956 598 si
2989 544 3244 610 visibilis,
3297 545 3439 616 quid
3470 547 3683 603 volebat

2091 630 2349 686 dilectore
2377 646 2475 685 suo
2501 634 2552 686 in
2584 632 2760 711 futer
2790 635 3158 703 manifestare,
3185 637 3402 707 quando
3431 638 3679 694 dicebat:

2090 723 2159 777 Et
2185 741 2278 793 ego
2302 726 2514 795 diligant
2542 743 2679 792 eum,
2711 737 2759 781 et
2778 730 3114 799 manifestabo
3138 730 3184 785 ei
3214 745 3293 784 me
3314 729 3677 802 ipsnnt(Joan.

2094 830 2207 883 xrv,
2238 813 2369 885 2i),
2404 814 2514 884 jam
2554 816 2925 873 manifestatus
2969 819 3263 875 secundum
3293 820 3681 877 carnetni‘Aut

2088 921 2186 961 cur
2212 908 2281 962 ita
2307 908 2503 963 clamat
2531 908 2876 979 Evangelium
2904 930 2917 964 :
2948 911 3111 967 Nemo
3150 913 3288 967 novit
3316 911 3365 964 F
3368 912 3539 981 ilium,
3582 915 3680 970 nisi

2089 996 2249 1052 Pater
2276 997 2487 1069 (Matth.
2521 1016 2599 1065 xl,
2631 998 2761 1072 27)?
2802 1002 2931 1058 Sine
2967 1002 3145 1058 dubio.
3173 1004 3319 1059 enim
3360 1004 3502 1075 quod
3532 1004 3685 1062 vide-

2089 1107 2208 1147 mtas
2229 1096 2505 1161 novimus;
2538 1103 2594 1149 et
2623 1110 2783 1150 nemo
2822 1105 3001 1166 potest
3039 1096 3220 1153 dicere
3248 1112 3355 1153 non
3396 1098 3677 1170 subiacere

2088 1187 2314 1254 notioni,
2337 1204 2498 1258 quem
2529 1188 2811 1260 subiacere
2841 1189 3119 1247 confessus
3151 1189 3312 1246 fuerit
3336 1190 3546 1249 visioni.

2155 1276 2209 1332 8.
2245 1278 2420 1335 Movet
2442 1280 2637 1347 adhuc,
2662 1281 2915 1352 quoniam
2957 1282 3001 1337 si
3031 1297 3135 1337 una
3172 1291 3255 1338 est
3294 1294 3483 1339 natura
3525 1282 3680 1341 Chri-

2083 1368 2174 1433 sti,
2206 1381 2297 1424 aut
2327 1370 2521 1443 ultique
2548 1370 2739 1428 diﬁ‘usa
2768 1380 2871 1440 est,
2897 1382 2991 1429 aut
3018 1373 3204 1431 localis
3233 1393 3249 1431 :
3273 1376 3319 1430 si
3358 1376 3555 1446 ubique
3579 1376 3678 1431 dif-

2087 1461 2224 1525 fusa,
2258 1478 2425 1532 quare
2457 1464 2881 1537 verba'symboli
2902 1466 2982 1523 sic
3011 1468 3342 1524 recitatuus:
3378 1468 3551 1523 Tertia
3594 1470 3677 1525 die

2082 1567 2115 1603 a
2145 1554 2357 1607 mortuis
2378 1556 2678 1622 resurrexit,
2707 1557 2935 1612 ascendit
2962 1558 3016 1611 in
3044 1559 3217 1624 caelos,
3246 1560 3382 1615 sedet
3411 1560 3481 1613 ad
3506 1560 3680 1617 dexte-

2088 1660 2201 1697 ram
2225 1642 2440 1699 Patris?
2467 1646 2567 1714 Qui
2596 1648 2941 1720 respondebit
2962 1649 3115 1716 mihi,
3156 1651 3202 1705 si
3251 1651 3447 1721 ubique
3489 1650 3678 1709 diﬁusa

397 1751 604 1797 natura:
630 1757 824 1797 nomen
851 1743 1134 1799 existendo
1160 1746 1368 1801 noviter
1391 1747 1579 1801 sumit.
1611 1746 1771 1803 Verbi
1793 1748 1984 1816 gratia,
2017 1737 2066 1798 Β
2093 1744 2176 1790 εει
2204 1747 2391 1792 nam”
2422 1737 2643 1807 (ἷιπίειίο
2673 1742 2943 1812 (Ιυοητοάο
2989 1744 3235 1800 ascendit
3282 1745 3333 1800 i"
3380 1744 3583 1801 0031087
3631 1748 3675 1802 Si

392 1836 493 1889 alia
524 1843 606 1889 est
643 1834 695 1888 in
735 1834 889 1890 nobis
920 1846 1108 1889 natura
1158 1834 1377 1900 anima),
1425 1837 1536 1891 alia
1577 1837 1820 1905 corporis
1852 1856 1865 1891 :
1897 1838 1984 1891 illa

392 1925 671 1995 spiritalis,
702 1927 801 1980 ista
839 1935 1089 1990 terrena;
1131 1927 1221 1981 illa
1250 1926 1567 1995 invisibilis,
1602 1928 1701 1982 ista
1732 1928 1985 1984 visibilis.

395 2020 464 2075 Et
486 2018 610 2089 quia
637 2033 704 2073 ex
750 2017 835 2071 his
864 2017 1072 2072 duabus
1104 2033 1207 2073 una
1233 2027 1318 2074 est
1358 2018 1493 2074 facta
1541 2026 1755 2087 natura,
1785 2034 1981 2074 novum

392 2120 596 2166 naturas
618 2122 813 2164 nomen
840 2107 1059 2178 indepta
1087 2119 1192 2175 est,
1223 2118 1281 2165 ut
1310 2108 1585 2165 diceretur
1613 2110 1798 2166 homo.
1817 2109 1987 2180 Sepa-

391 2204 551 2259 ratim
598 2201 751 2277 “enim
795 2200 991 2257 dicitur
1036 2203 1246 2270 anima,
1297 2204 1583 2273 separatim
1624 2219 1850 2275 corpus;
1892 2217 1997 2259 nec

390 2301 566 2358 anima
613 2311 791 2373 potest
836 2282 1134 2368 nuncupari
1178 2313 1397 2369 corpus,
1431 2314 1532 2355 nec
1573 2315 1774 2370 corpus
1800 2310 1981 2372 potest

388 2396 682 2464 nuncupari
708 2394 911 2463 anima,
934 2393 1090 2447 simul
1119 2401 1298 2447 autem
1330 2406 1527 2462 corpus
1552 2401 1606 2447 et
1625 2393 1804 2448 anima
1832 2402 1979 2450 recte

388 2494 721 2557 nuncupatur
746 2486 929 2541 homo.
953 2485 1065 2541 Nec
1094 2496 1287 2539 natura
1317 2484 1511 2539 animat
1538 2491 1627 2541 est
1650 2493 1840 2541 natura
1856 2500 1978 2541 cor-

388 2579 557 2648 poris,
589 2595 688 2635 nec
716 2589 901 2633 natura
943 2578 1185 2646 corporis
1211 2586 1296 2631 est
1323 2585 1513 2631 natura
1541 2577 1773 2643 animm;
1814 2577 1976 2632 simul

386 2681 562 2729 autem
601 2679 855 2727 constans
889 2686 955 2726 ex
998 2680 1189 2725 natura
1224 2672 1468 2739 corporis
1504 2679 1561 2726 et
1596 2671 1791 2727 animae
1813 2712 1830 2737 ,
1871 2686 1974 2725 una

387 2774 466 2820 est
507 2774 693 2819 natura
735 2763 988 2818 humana.
1022 2762 1253 2818 Proinde
1280 2763 1327 2818 si
1356 2763 1535 2818 divina
1570 2772 1761 2818 natura
1789 2771 1845 2819 et
1873 2763 1978 2817 hu-

387 2869 544 2909 mans
577 2864 764 2909 natura
820 2853 1211 2910 conﬁrmantur
1260 2868 1417 2909 unam
1468 2853 1659 2910 fecisse
1707 2862 1974 2923 naturam,

386 2946 687 3002 inveniatur
712 2946 873 3002 etiam
898 2959 1059 3015 quam
1083 2954 1355 3012 naturam,
1385 2960 1506 3017 qua:
1534 2961 1635 3003 nec
1662 2947 1841 3003 divina
1881 2962 1973 3017 ap-

386 3040 633 3108 pelletur,
664 3055 762 3096 nec
792 3040 1058 3106 humana;
1090 3041 1185 3095 sed
1210 3040 1350 3095 sicut
1378 3056 1544 3107 nova,
1579 3043 1650 3096 ita
1696 3056 1843 3097 novo
1872 3058 1975 3098 no—

2095 1827 2293 1899 ubique
2321 1830 2511 1886 diﬁ’usa
2542 1841 2658 1899 est,
2688 1835 2959 1903 quomodo
2989 1837 3292 1907 specialiter
3334 1838 3405 1894 de
3444 1853 3507 1893 ea
3545 1838 3677 1895 dici-

2098 1930 2226 1975 tur:
2262 1921 2417 1978 Sedet
2444 1926 2513 1978 ad
2551 1926 2811 1981 dexteram
2854 1926 3067 1984 Patris?
3106 1929 3212 1986 Sed
3260 1930 3303 1983 si
3350 1930 3534 1985 localis
3571 1938 3679 1997 est,

2096 2022 2243 2069 certe
2267 2015 2527 2084 sapientia
2562 2016 2682 2079 Dei.
2709 2035 2827 2088 quae
2851 2031 2933 2074 est
2960 2018 3207 2076 Christus
3237 2019 3289 2087 (ι
3314 2019 3436 2075 Cor.
3484 2037 3523 2085 ι,
3556 2020 3687 2090 9.4),

2094 2108 2296 2179 attingit
2325 2125 2356 2162 a
2379 2109 2481 2178 [ine
2506 2126 2664 2183 usque
2690 2112 2759 2167 ad
2779 2113 2935 2181 ﬁnem
2961 2115 3191 2184 fortiter,
3234 2125 3282 2169 et
3311 2115 3539 2185 disponit
3563 2131 3677 2170 ont-

2095 2200 2183 2254 nia
2208 2202 2431 2259 suaviter
2456 2202 2612 2275 (Sap.
2644 2220 2761 2274 vttt,
2792 2207 2871 2275 1).
2905 2207 2973 2262 Ει
3004 2208 3091 2263 ubi
3121 2218 3203 2264 est
3231 2210 3374 2280 quod
3422 2194 3676 2267 recedens

2093 2307 2124 2346 a
2153 2292 2430 2365 discipulis
2452 2298 2564 2353 suis
2591 2298 2882 2355 secundum
2915 2304 3251 2370 praesentalis
3301 2303 3501 2372 carnis,
3546 2303 3678 2359 Ecce

2094 2399 2213 2451 ego,
2231 2383 2329 2449 ait,
2361 2385 2614 2441 robiscunt
2644 2405 2757 2442 sum
2789 2406 2944 2460 usque
2974 2392 3043 2445 ad
3064 2395 3550 2448 consummationem
3575 2410 3677 2449 εω-
3760 2402 3769 2411 ³

2093 2480 2199 2533 cali
2226 2478 2440 2552 (Matth.
2461 2497 2616 2550 xvnt,
2638 2483 2724 2555 l)?
2747 2485 3136 2541 Erubescamus
3163 2502 3292 2557 ergo
3316 2486 3450 2542 duas
3482 2502 3676 2560 negare

2095 2580 2332 2638 naturas,
2365 2582 2424 2627 ut
2449 2574 2501 2628 in
2533 2590 2641 2630 uno
2670 2573 2886 2631 Christo
2916 2586 3171 2647 appareat
3206 2594 3327 2650 quae
3373 2589 3564 2636 natura
3607 2582 3678 2636 sit

2090 2664 2311 2733 :equalis
2339 2665 2506 2735 Patri,
2534 2682 2653 2738 qua:
2681 2668 2856 2723 minor
2885 2669 3075 2732 Patre;
3108 2686 3227 2740 quae
3250 2672 3676 2743 passibilis,quat

2091 2755 2462 2825 impassibilis;
2493 2774 2616 2830 quae
2649 2760 2895 2826 visibilis,
2921 2777 3042 2831 qua:
3066 2763 3383 2830 invisibilis;
3415 2780 3535 2834 qua:
3558 2764 3675 2821 ubi.

2089 2861 2193 2913 que
2220 2847 2432 2916 diﬁ'usa,
2463 2865 2585 2921 quae
2610 2850 2833 2919 localis;
2860 2852 2987 2909 dum
3017 2864 3195 2910 tamen
3225 2870 3363 2910 unus
3405 2855 3478 2910 sit
3516 2855 3674 2912 Chri-

2087 2948 2224 3002 stus,
2256 2948 2311 2994 et
2336 2940 2558 3010 aequalis
2583 2950 2638 2997 et
2667 2943 2864 3008 minor,
2889 2953 2946 2999 et
2975 2944 3327 3014 impassibilis
3360 2955 3416 3001 et
3448 2947 3672 3017 passibi-

2089 3029 2176 3097 lis,
2207 3039 2263 3087 et
2283 3032 2560 3088 invisibilis
2589 3041 2648 3089 et
2673 3034 2922 3101 visibilis,
2944 3043 3000 3092 et
3027 3035 3223 3107 ubique
3248 3034 3474 3093 diﬁ‘usus
3493 3046 3550 3092 et
3591 3037 3679 3091 ιο-

385 3132 529 3187 tuine
559 3131 1092 3201 nuncupata.Nullus
1122 3132 1283 3201 plane
1311 3133 1708 3204 tergiversator,
1737 3142 1793 3189 et
1814 3135 1970 3190 unius

2080 3122 2252 3178 calis:
2284 3132 2425 3179 totus
2450 3126 2705 3196 aequalis,
2754 3142 2859 3183 non
2903 3136 3073 3183 totum
3102 3128 3358 3198 aequalis?
3405 3136 3547 3185 totus
3573 3130 3672 3185 mi-

386 3235 593 3278 naturac
613 3225 984 3281 contentiusus
1012 3236 1281 3292 assertor,
1310 3228 1364 3282 in
1406 3226 1565 3298 hujus
1593 3228 1824 3285 articulo
1851 3244 1975 3300 pro-

385 3315 688 3385 positionis,
722 3325 930 3372 naturre
957 3333 1115 3388 quam
1146 3334 1213 3375 ex
1238 3319 1448 3376 duabus
1474 3337 1632 3377 unam
1664 3322 1842 3395 ﬁngit,
1873 3340 1973 3379 no-

386 3424 507 3463 vum
538 3422 729 3463 nomen
761 3420 1014 3480 apponat,
1044 3422 1098 3466 et
1127 3427 1244 3466 eam
1283 3413 1553 3469 Christum
1599 3415 1705 3470 dici
1750 3431 1973 3486 respon-

383 3507 539 3569 deat;
570 3503 691 3572 quia
719 3502 963 3560 Christus
1003 3520 1193 3561 nomen
1243 3506 1407 3562 ofﬁcii
1447 3516 1553 3573 est,
1594 3523 1701 3563 non
1743 3521 1967 3565 naturae.

384 3597 466 3652 Ab
495 3602 742 3653 unctione
773 3598 915 3653 enim
945 3597 1220 3667 Christus;
1266 3600 1445 3655 unctio
1484 3616 1616 3656 vero
1659 3604 1970 3671 temporalis

383 3691 792 3757 dispensationis
817 3690 1095 3757 indicium,
1128 3708 1235 3747 non
1261 3692 1576 3748 substantiae
1611 3694 1819 3749 videtur
1845 3709 1970 3750 esse

383 3784 717 3838 vocabulum.
763 3784 856 3840 Ille
893 3786 1039 3840 enim
1080 3787 1169 3855 qui
1208 3801 1273 3840 ex
1313 3786 1522 3841 duabus
1564 3786 1757 3841 factam
1796 3788 1970 3842 credit

382 3890 539 3929 unam
572 3879 742 3945 (saepe
765 3876 929 3944 dico),
963 3878 1105 3931 dicat
1131 3893 1287 3948 quam
1318 3895 1500 3932 unam.
1538 3878 1640 3932 Ista
1672 3880 1814 3932 enim
1839 3895 1965 3945 una,

382 3982 478 4021 nec
509 3968 689 4022 divina
718 3968 824 4022 dici
849 3968 1061 4036 poterit,
1090 3982 1189 4023 nec
1220 3967 1448 4021 humana
1478 4007 1492 4033 ,
1523 3967 1617 4021 sed
1648 3981 1969 4038 quocunque

380 4058 484 4112 alio
512 4060 766 4113 nomine:
800 4057 944 4127 quod
976 4071 1168 4111 nomen
1191 4058 1235 4111 si
1265 4058 1387 4126 quis
1432 4058 1725 4122 invenerit,
1760 4068 1967 4113 naturm

381 4149 536 4203 nnius
594 4159 834 4204 assertor
881 4148 1230 4203 tolerabiliter
1268 4151 1391 4203 erit.
1437 4149 1551 4219 Ego
1590 4158 1767 4204 tamen
1810 4153 1967 4205 valde

383 4252 559 4297 metuo
592 4242 748 4295 unius
778 4251 979 4294 naturae
1011 4241 1397 4309 professionem
1434 4240 1770 4297 conﬁdenter
1815 4258 1968 4298 assu-

383 4350 559 4401 mere,
592 4335 848 4405 quoniam
889 4336 932 4388 si
975 4348 1078 4389 una
1117 4342 1200 4389 est
1242 4344 1431 4389 natura
1469 4335 1694 4401 Christi,
1726 4345 1818 4391 aut
1857 4347 1964 4391 tota

382 4428 482 4482 crit
527 4426 750 4497 mqualis
805 4425 967 4491 Patri,
1019 4436 1112 4480 aut
1156 4435 1263 4481 tota
1318 4426 1477 4482 Patre
1525 4428 1720 4481 minor.
1767 4428 1825 4484 Si
1855 4437 1961 4484 tota

380 4521 619 4591 :rqualis,
646 4520 938 4576 secundum
960 4535 1116 4590 quam
1147 4520 1277 4575 dicit
1311 4537 1325 4574 :
1362 4520 1518 4575 Pater
1558 4523 1732 4593 major
1767 4539 1845 4577 me
1892 4534 1963 4576 est
1998 4504 2042 4560 Ι)

381 4613 557 4682 (Joatt.
584 4629 694 4677 xvr,
720 4614 847 4685 28)?
868 4614 912 4667 si
946 4622 1056 4667 tota
1078 4614 1258 4668 minor
1283 4613 1577 4667 secundum
1605 4628 1764 4680 quam
1794 4614 1921 4668 dicit
1947 4632 1959 4666 :

381 4704 490 4774 Ego
527 4714 573 4758 et
613 4704 773 4758 Pater
814 4721 971 4758 unum
1008 4721 1182 4760 sumus
1226 4702 1404 4774 (Joan.
1442 4720 1505 4771 ι,
1542 4703 1675 4776 '50)?
1712 4707 1819 4761 Aul
1860 4706 1963 4760 int-

380 4796 691 4863 passibilis,
737 4807 829 4849 aut
879 4798 1166 4865 passibilis.
1225 4797 1280 4853 Si
1330 4798 1717 4867 impassibilis,
1771 4814 1963 4854 secun-

380 4888 504 4940 dum
541 4901 699 4954 quam
727 4887 920 4941 dicitur
948 4887 1194 4942 Christus
1236 4902 1458 4956 passus,
1509 4900 1789 4955 mortuus,
1842 4906 1963 4945 cru-

379 4977 600 5032 ciﬁxus?
648 4978 691 5031 si
742 4977 1033 5047 passibilis,
1090 4987 1182 5032 aut
1217 4980 1461 5034 Christus
1498 4980 1608 5045 jam
1665 4996 1824 5035 unam
1868 4998 1961 5035 na-

381 5084 552 5126 turam
608 5085 712 5125 non
770 5070 987 5123 habebit
1042 5086 1164 5125 cum
1221 5072 1409 5137 Patre,
1460 5080 1516 5126 ut
1568 5082 1877 5142 scgregetur
1930 5090 1958 5127 a

378 5164 717 5235 passionibus
744 5162 862 5232 ejus
892 5161 1032 5217 Deus
1060 5163 1251 5230 Pater;
1282 5171 1368 5219 aut
1398 5165 1442 5218 si
1478 5164 1592 5219 haec
1634 5179 1734 5219 una
1772 5176 1958 5221 natura

377 5273 533 5329 quam
566 5256 725 5311 habet
766 5271 886 5310 cum
928 5256 1086 5312 Patre
1129 5272 1496 5325 communem,
1534 5258 1803 5328 passibilis
1833 5260 1956 5323 erit,

382 5353 537 5407 Pater
578 5366 791 5421 quoque
834 5349 1098 5419 passibilis
1123 5352 1244 5416 erit,
1295 5360 1349 5406 et
1391 5352 1500 5422 jam
1556 5367 1660 5407 non
1709 5352 1975 5408 catholici'

378 5442 701 5504 Christiani,
731 5440 823 5497 sed
862 5442 1094 5497 btcretici
1142 5443 1509 5510 gloriabuntur
1556 5444 1956 5514 Patripassiani.

382 5535 531 5589 Addo
553 5535 729 5589 adhuc
752 5553 765 5588 :
792 5534 834 5588 si
865 5550 969 5589 una
1000 5543 1083 5589 est
1107 5545 1292 5590 natura
1324 5535 1526 5591 Chrisri
1565 5546 1657 5590 aut
1679 5537 1960 5593 invisibilis

377 5626 765 5690 a~seritur,aut
789 5627 1047 5695 visibilis;
1081 5626 1123 5681 si
1160 5628 1473 5695 invisibilis,
1512 5644 1669 5699 quam
1713 5630 1964 5686 viderunt

378 5717 470 5789 qui
499 5718 918 5775 cruciﬁxerunt?
947 5735 1102 5793 quam
1137 5722 1385 5785 videru;.t
1420 5723 1647 5791 apostoli
1686 5736 1855 5791 uswte
1893 5727 1958 5779 ad

2080 3231 2199 3281 nor,
2232 3232 2337 3271 non
2360 3226 2528 3274 toturn
2560 3219 2768 3286 minor;
2799 3230 2940 3276 totus
2962 3221 3268 3287 invisibilis,
3299 3221 3680 3292 impassibilis,

2082 3318 2281 3387 ubique
2308 3312 2549 3383 diﬁ‘usus,
2583 3314 2676 3369 sed
2705 3328 2811 3371 non
2852 3323 3046 3371 totum.
3092 3314 3189 3370 llic
3224 3330 3357 3372 vero
3394 3315 3440 3371 si
3486 3316 3683 3388 requi-

2075 3426 2194 3478 ras,
2226 3408 2354 3480 quid
2398 3416 2481 3463 est
2524 3417 2693 3463 totum
2726 3406 3010 3463 Christus?
3048 3408 3347 3478 respondeo
3379 3424 3398 3466 :
3428 3407 3681 3463 Verbum.

2079 3500 2198 3567 Dei,
2229 3500 2405 3554 anima
2437 3497 2715 3553 rationalis
2766 3507 2821 3553 et
2874 3512 3022 3553 caro.
3070 3497 3194 3555 Sive
3236 3498 3381 3553 enim
3428 3496 3673 3554 Verbum

2076 3595 2248 3660 dicas,
2282 3601 2430 3648 totus
2459 3590 2834 3659 esthristus,
2862 3591 2957 3647 sed
2990 3607 3094 3648 non
3125 3600 3329 3658 totum,
3370 3591 3476 3648 nisi
3516 3592 3671 3647 adhi-

2074 3687 2205 3743 beas
2232 3686 2463 3742 animam
2495 3684 2810 3740 rationalem
2840 3692 2897 3738 et
2922 3697 3140 3754 corpus.
3168 3684 3292 3740 Sive
3311 3685 3544 3739 animam
3574 3699 3659 3737 ra-

2077 3780 2329 3835 tionalem
2360 3779 2527 3840 dicas,
2553 3786 2697 3832 totus
2743 3786 2825 3831 est
2853 3776 3132 3841 Christus,
3178 3776 3273 3830 sed
3314 3792 3421 3831 non
3461 3784 3665 3840 totum,

2074 3874 2173 3927 nisi
2204 3872 2461 3925 adhibeas
2495 3871 2727 3924 Verbum
2750 3878 2803 3923 et
2831 3884 3068 3924 carnem.
3095 3868 3220 3924 Sive
3248 3882 3464 3923 carnem
3487 3867 3675 3933 dicas,.

2074 3973 2219 4018 totus
2264 3970 2350 4017 est
2397 3959 2663 4027 Christus,
2715 3960 2808 4014 scd
2855 3975 2961 4015 non
3007 3967 3200 4024 totum,
3253 3959 3360 4015 nisi
3402 3959 3664 4015 adhibeas

2073 4053 2308 4109 Verbum
2334 4060 2390 4107 et
2413 4052 2647 4106 animam
2679 4049 3015 4106 rationalem.
3060 4050 3226 4106 Totus
3254 4066 3382 4120 ergo
3416 4047 3661 4105 Christus

2072 4146 2271 4215 ubique
2294 4152 2379 4199 est
2402 4143 2696 4199 secundum
2731 4142 2990 4208 Verbum,
3019 4142 3114 4197 sed
3136 4156 3243 4196 non
3274 4151 3441 4197 totum
3467 4141 3663 4208 ubique

2070 4248 2184 4305 est;
2218 4238 2339 4308 quia
2364 4252 2468 4309 non
2498 4244 2584 4291 est
2611 4236 2806 4306 ubique
2852 4236 3031 4288 anima
3076 4234 3351 4289 rationalis
3398 4241 3455 4288 et
3509 4247 3659 4294 eam.

2073 4348 2195 4387 cum
2220 4331 2413 4402 quibus
2443 4338 2523 4384 est
2555 4337 2744 4385 totum.
2776 4328 2944 4383 Totus
2990 4327 3237 4383 Christus
3276 4328 3415 4397 apud
3462 4326 3660 4381 inferos

2072 4421 2171 4477 fuit
2197 4421 2495 4477 secundum
2528 4420 2759 4475 animam
2795 4419 3110 4475 rationalem
3135 4460 3151 4487 ,
3196 4418 3292 4474 sed
3324 4433 3431 4474 non
3463 4426 3655 4483 totum,

2069 4518 2190 4587 quia
2221 4530 2346 4573 caro
2391 4515 2464 4571 ibi
2507 4529 2613 4569 non
2661 4515 2779 4581 iuit,
2825 4528 2947 4568 cum
2976 4527 3079 4584 qua
3135 4522 3218 4567 est
3260 4519 3453 4567 totum.
3494 4510 3660 4567 Totus

2069 4609 2318 4666 Christus
2346 4609 2399 4663 in
2431 4607 2681 4677 sepulcro
2711 4606 2803 4660 fuit
2829 4606 3125 4661 secundum
3157 4619 3396 4671 carnem,
3426 4602 3521 4660 sed
3550 4618 3656 4658 non

2071 4710 2258 4767 totum,
2293 4700 2412 4770 quia
2445 4700 2621 4753 anima
2652 4695 2928 4752 rationalis
2971 4696 3041 4752 ibi
3085 4711 3191 4752 non
3234 4696 3364 4766 fuit,
3397 4710 3520 4751 cum
3548 4710 3648 4764 qua

2067 4802 2152 4847 est
2178 4803 2387 4848 totum:
2425 4791 2654 4847 Verbum
2685 4801 2862 4845 tamen
2918 4789 3008 4843 Dei
3058 4800 3112 4845 et
3163 4803 3285 4843 cum
3334 4789 3513 4843 anima
3562 4803 3656 4841 sua

2069 4892 2208 4961 apud
2241 4890 2463 4955 inferos,
2491 4898 2545 4945 et
2573 4905 2693 4944 cum
2715 4904 2877 4943 carne
2903 4902 2999 4942 sua
3030 4887 3081 4942 in
3104 4887 3351 4955 sepulcro
3381 4884 3512 4950 fuit,
3532 4883 3653 4953 quia

2070 4982 2383 5036 naturaliter
2439 4981 2634 5049 ubique
2673 4980 2959 5045 diffusum,
3001 4994 3100 5033 nec
3155 4978 3346 5032 anima:
3396 4991 3508 5031 sua:
3556 4990 3653 5029 nec

2068 5072 2215 5126 carui
2242 5087 2354 5126 sua:
2383 5070 2673 5141 aliquando
2701 5071 2887 5126 defuit.
2917 5070 3041 5125 Sive
3070 5069 3231 5139 igitur
3264 5068 3517 5132 Verbum,
3538 5068 3651 5122 sive
3708 5088 3711 5089 ν

2068 5165 2243 5218 anima
2275 5163 2568 5231 ratimialis,
2597 5165 2709 5219 sive
2752 5178 2879 5220 caro
2914 5163 3279 5232 signiﬁcetur,
3310 5170 3453 5215 totus
3496 5160 3652 5214 Chri-

2068 5270 2182 5313 stus
2206 5244 2555 5328 significatur,
2588 5258 2683 5313 sed
2736 5273 2842 5311 non
2896 5264 3085 5311 totum.
3127 5254 3311 5325 Neque
3355 5252 3497 5309 enim
3547 5253 3693 5325 erit_

2069 5360 2262 5419 totum,
2295 5352 2397 5408 nisi
2423 5353 2579 5408 simul
2612 5352 2866 5418 Verbum,
2898 5349 3071 5403 anima
3098 5347 3377 5403 rationalis
3418 5355 3473 5402 et
3501 5362 3644 5402 caro.

2066 5447 2241 5514 Quare
2261 5455 2440 5502 autem
2476 5445 2707 5501 Verbum
2738 5455 2879 5499 totus
2904 5443 3165 5509 Christus,
3201 5451 3256 5498 et
3283 5443 3457 5498 anima
3487 5444 3649 5498 ratio-

2067 5541 2203 5594 nalis
2230 5549 2373 5595 totus
2397 5541 2663 5602 Christus,
2694 5548 2751 5594 et
2778 5553 2903 5595 caro
2935 5547 3076 5592 totus
3105 5538 3371 5604 Christus,
3400 5538 3501 5593 nisi
3527 5537 3646 5605 quia

2065 5649 2168 5687 una
2197 5644 2278 5687 est
2304 5632 2490 5700 Verbi,
2532 5633 2725 5687 anitnre
2754 5634 3030 5688 rationalis
3074 5633 3358 5703 carnisque
3388 5631 3648 5703 persona?

2065 5724 2240 5788 Quare
2267 5724 2461 5781 iterum
2495 5723 2725 5781 Verbum
2753 5725 2870 5782 sine
2894 5727 3071 5783 anima
3100 5725 3343 5784 rationali
3384 5733 3439 5782 et
3485 5738 3648 5781 carne
