4104 6360
485 236 585 292 919

1382 232 1748 288 FULGENTII
1779 224 2125 287 FERRANDI
2164 224 2437 284 DIACONI
2477 226 2825 285 CARTHAG.

3656 229 3784 289 930

487 364 592 405 non
615 358 783 407 totum
803 348 1088 416 Christus;
1116 359 1207 404 aut
1228 350 1407 404 anima
1431 348 1707 403 rationalis
1735 357 1789 403 et
1814 347 2071 403 carosiue
2099 342 2145 399 A
2179 340 2384 399 Primus
2417 346 2607 399 modus
2633 353 2736 410 est,
2770 358 2837 399 ne
2864 343 2985 397 ideo
3017 342 3273 400 Dominus
3315 343 3473 401 Jesus
3515 346 3784 405 Christus

493 442 667 499 Verbo
693 456 799 498 non
832 450 1002 498 totum
1029 440 1305 507 Christus,
1340 438 1441 495 nisi
1468 442 1589 510 quia
1620 442 1727 495 alia
1764 451 1843 496 est
1888 441 2069 511 Verbi,

490 536 593 590 alia
620 535 896 590 rationalis
922 535 1115 590 anima:
1140 536 1426 605 carnisque
1468 536 1693 589 natura?
1736 534 1825 589 illa
1869 535 2069 601 divina,

489 629 587 685 ista
620 629 888 684 humana?
918 629 1005 684 illa
1050 629 1280 698 simplex
1300 672 1313 694 ,
1356 630 1454 683 ista
1483 630 1812 698 composita?
1840 646 1960 686 cum
1993 640 2073 685 ta-

489 736 610 777 men
633 735 735 775 una
761 721 873 791 ipsa
907 720 1107 775 Christi
1140 736 1390 790 persona,
1422 736 1542 790 qua:
1571 721 1733 785 duas,
1760 722 1991 776 divinam
2023 733 2075 778 et

491 820 798 881 humanam,
835 817 885 871 id
918 824 999 872 est
1028 816 1327 885 simplicem
1374 824 1428 869 et
1471 816 1826 885 compositam
1868 816 2077 872 videtur

489 910 727 967 adunare
755 911 1107 976 substantias,
1134 925 1238 965 non
1269 913 1339 965 sit
1360 911 1675 978 composita,
1723 909 1817 966 sed
1861 911 1912 966 in
1963 913 2076 967 sin—

489 1002 625 1070 gulis
653 1001 914 1072 simplex,
948 1013 999 1058 et
1032 1002 1085 1057 in
1138 1002 1378 1066 utrisque
1417 1002 1680 1069 simplex;
1720 1011 1775 1057 et
1825 1001 1897 1056 ita
1945 1003 2075 1057 sim-

491 1094 637 1161 plex,
676 1096 816 1147 sicut
843 1093 941 1147 fuit
971 1102 1259 1163 antequam
1291 1092 1341 1145 in
1391 1106 1484 1146 sua
1528 1082 1732 1145 unitate
1779 1092 2079 1161 susciperet

493 1185 782 1239 humanam
815 1194 1093 1247 naturam;
1122 1193 1181 1237 ut
1212 1183 1432 1237 haberet
1459 1182 1716 1251 deinceps
1749 1169 2079 1239 substantias

489 1274 646 1341 duas,
675 1289 835 1329 unam
867 1276 1029 1345 (sicut
1072 1272 1329 1344 diximus)
1376 1273 1695 1343 simplicem,
1742 1273 1899 1328 aliam
1951 1288 2080 1331 vero

490 1367 864 1436 compositam.

559 1479 614 1535 9.
647 1480 752 1537 Sed
784 1481 909 1550 quid
936 1480 1044 1550 jam
1068 1480 1306 1552 pluribus
1353 1482 1738 1538 immorantur?
1784 1484 1861 1539 De
1898 1485 2077 1540 incar-

497 1572 711 1627 natione
738 1573 939 1628 Christi
969 1572 1081 1627 ιιι-ο
1111 1582 1194 1628 εει
1222 1574 1353 1629 fides
1384 1588 1504 1630 mea
1530 1616 1544 1639 ,
1576 1592 1672 1645 per
1699 1591 1856 1645 quam
1887 1576 2077 1646 fateor,

495 1680 562 1720 ex
600 1665 813 1721 duabus
834 1674 888 1721 et
926 1666 981 1720 in
1009 1664 1214 1719 duabus
1256 1666 1568 1722 substantiis
1599 1682 1757 1722 unam
1803 1669 2075 1724 Christum

2174 450 2307 489 unus
2338 452 2459 492 esse
2487 439 2555 493 de
2577 449 2760 493 sancta
2785 446 2839 495 et
2870 438 3144 495 individua
3188 440 3454 499 Trinitate
3479 449 3785 515 praedicari

2176 542 2409 602 putetur,
2444 523 2665 590 ut'alius
2696 536 2831 603 ipse,
2862 535 2965 589 alia
2994 535 3231 591 Trinitas
3252 538 3320 592 de
3347 555 3451 610 qua
3482 557 3788 603 unusesse

2175 623 2387 689 dicitur,
2422 626 2753 683 inculcetur:
2784 626 2926 681 velut
2956 642 3078 683 cum
3110 630 3178 685 de
3220 629 3378 687 Patre
3404 647 3527 689 esse
3570 635 3783 692 Filium

2177 719 2466 780 credimus,
2499 718 2638 772 alius
2664 728 2744 773 est
2768 719 2951 787 procul
2985 720 3152 774 dubio
3177 721 3375 790 Filius,
3419 726 3559 782 alios
3609 728 3787 785 Pater

2176 808 2246 863 de
2266 824 2372 877 quo
2400 817 2482 865 est
2512 809 2707 873 Filius;
2739 818 2831 863 aut
2857 812 3094 880 quando,
3129 814 3276 868 verbi
3316 818 3509 885 gratia,
3538 819 3610 875 de
3638 821 3787 876 ciri-

2180 908 2287 954 tate
2315 900 2427 965 illa,
2458 901 2572 955 sive
2613 900 2706 954 illa
2747 915 2867 956 esse
2915 902 3148 972 aliquem
3176 904 3505 975 indicemus;
3546 910 3601 964 in
3652 920 3788 965 tan—

2182 999 2290 1043 tum
2321 991 2455 1045 alius
2481 1001 2563 1046 cst
2607 991 2744 1063 ipse,
2775 994 2875 1047 alia
2904 994 3127 1062 civitas;
3176 1006 3235 1050 ut
3272 998 3390 1053 sine
3426 999 3520 1054 illo
3553 1015 3786 1059 maneat

2179 1084 2368 1141 civitas
2396 1086 2535 1141 sicut
2555 1086 2652 1141 fuit
2678 1102 2798 1141 cum
2828 1087 2950 1153 illo,
2980 1092 3225 1158 quamvis
3256 1092 3367 1160 ipse
3394 1094 3545 1151 Solus
3567 1097 3673 1150 dici
3698 1104 3785 1153 e-

2182 1175 2316 1230 vitas
2346 1187 2593 1245 nequcat.
2630 1178 2723 1233 Hic
2749 1193 2879 1233 vero
2922 1194 3115 1235 sensus
3155 1183 3325 1250 magis
3376 1183 3483 1239 illis
3536 1187 3783 1254 proiicit,

2181 1268 2269 1337 qui
2301 1283 2606 1338 supponere
2640 1270 2829 1324 volunt
2868 1282 3112 1341 quartam
3144 1272 3388 1327 Triuitati
3424 1290 3740 1343 personam.

2254 1377 2340 1432 tO.
2386 1377 2665 1433 Secundus
2691 1379 2885 1434 modus
2908 1390 3009 1435 est.
3042 1382 3294 1438 Fortasse
3334 1384 3596 1441 Dominus
3615 1388 3784 1443 Jesus

2182 1470 2450 1536 Christus,
2482 1486 2620 1525 unus
2644 1487 2765 1526 esse
2788 1472 2857 1526 de
2884 1484 3067 1528 sancta
3100 1485 3157 1527 et
3204 1476 3477 1530 individua
3511 1480 3781 1534 Trinitate

2185 1561 2550 1616 fraudulenter
2578 1564 2879 1628 iutimetur;
2910 1576 3130 1634 propter
3160 1566 3259 1620 hoc
3291 1569 3538 1624 videlicet
3572 1581 3632 1624 ut
3664 1586 3776 1625 non

2187 1654 2303 1724 ejus
2325 1654 2648 1718 humanitas,
2689 1670 2847 1724 quam
2877 1659 3222 1723 suscipiendo
3252 1660 3304 1713 in
3349 1663 3612 1716 unitatem
3647 1680 3778 1730 ρει-ο

489 1752 688 1812 habere
719 1770 1026 1826 personam.
1050 1755 1159 1810 Nec
1189 1766 1367 1811 movet
1401 1758 1670 1828 quomodo
1701 1762 1935 1827 potuerit
1976 1759 2070 1814 ha-

2182 1762 2329 1800 sona:
2352 1761 2464 1801 sua:
2493 1746 2676 1802 vocari
2703 1749 2866 1816 cozpit
2908 1750 3166 1805 Dominus
3194 1752 3353 1807 .lesus
3377 1754 3646 1821 Christus,
3675 1758 3776 1813 sevi

489 1846 617 1902 bere
644 1847 778 1902 duas
807 1862 909 1901 una
938 1846 1135 1901 Christi
1169 1861 1395 1916 persona
1447 1856 1686 1907 naturas,
1728 1863 1849 1903 cum
1892 1850 2076 1904 videa-

491 1950 610 1993 mus
631 1936 931 1991 divinitatis
953 1952 1113 1990 unam
1145 1936 1498 1992 substantiam
1526 1948 1633 1991 tres
1661 1938 1858 1994 habere
1890 1954 2075 2007 perso-

488 2040 605 2080 nas.
636 2025 691 2082 Si
714 2027 856 2082 enim
889 2024 1021 2081 mihi
1041 2027 1184 2081 dicat
1220 2028 1409 2097 aliquis
1440 2044 1451 2081 :
1485 2027 1539 2081 In
1587 2027 1804 2082 Christo
1852 2029 2078 2085 ostende

488 2118 619 2185 mihi
649 2119 941 2174 secundum
971 2134 1252 2173 numerum
1283 2130 1615 2181 naturarum.
1644 2136 1925 2175 numerum
1951 2136 2075 2191 per.

487 2223 769 2277 sonarum;
832 2209 1171 2278 respondebo
1233 2209 1532 2280 intrepidus
1583 2229 1597 2265 :
1643 2211 1881 2267 Ostende
1944 2212 2077 2267 mihi

486 2302 649 2356 etiam
681 2310 735 2356 tu
767 2302 819 2356 in
848 2302 1046 2357 deitate
1075 2304 1370 2357 secundum
1402 2318 1682 2358 numerum
1704 2318 2073 2373 personarum,

488 2406 769 2447 numerum
802 2402 1141 2447 naturarum.
1172 2391 1227 2447 Si
1258 2392 1402 2448 enim
1454 2408 1559 2448 non
1613 2401 1791 2462 potest
1835 2409 1955 2449 esse
1982 2411 2078 2449 na-

487 2496 609 2541 tura
637 2486 756 2542 sine
784 2499 1037 2554 persona,
1069 2500 1167 2541 nec
1201 2501 1429 2555 persona
1462 2495 1639 2556 pctest
1665 2502 1786 2543 esse
1821 2488 1938 2543 sine
1982 2503 2076 2542 na-

484 2590 626 2635 tura.
654 2580 760 2636 Sed
788 2581 832 2636 si
861 2580 1054 2636 dicitur
1080 2581 1134 2636 in
1167 2581 1426 2638 Triuitate
1452 2598 1643 2649 omnes
1674 2593 1782 2640 tres
1816 2599 2075 2655 personas

485 2687 645 2727 unam
676 2671 872 2728 habere
898 2683 1169 2737 naturam,
1199 2675 1321 2745 quia
1351 2674 1440 2729 illa
1474 2691 1577 2730 una
1616 2687 1805 2733 natura
1835 2679 2073 2733 omnium

482 2764 642 2820 trium
666 2773 748 2820 est
770 2780 1119 2835 personarum
1148 2784 1159 2819 :
1190 2766 1262 2821 ita
1285 2780 1386 2837 ego
1403 2765 1455 2821 in
1483 2767 1696 2824 Christo
1722 2769 1893 2824 dicam
1909 2779 2075 2824 utras-

481 2870 588 2923 que
606 2862 830 2911 naturas
856 2870 1015 2911 unam
1043 2857 1242 2914 habere
1266 2873 1551 2927 personam
1576 2903 1592 2929 ,
1620 2861 1739 2930 quia
1789 2860 1877 2915 illa
1910 2863 2073 2932 signi-

464 2949 648 3017 ficans
677 2946 911 3004 existere
932 2948 1212 3019 cujusque,
1241 2956 1327 3005 est
1353 2965 1471 3019 qua:
1500 2950 1661 3004 alium
1688 2940 1973 3023 distinguit
2003 2952 2072 3008 ab

480 3038 606 3094 alio.
639 3035 791 3094 Unde
822 3040 924 3096 rite
953 3054 1305 3109 personarum
1330 3042 1557 3096 duarum
1590 3041 1644 3097 in
1673 3039 1892 3098 Christo
1922 3044 2070 3099 vide—

2183 1838 2436 1895 divinitas
2465 1841 2583 1907 ejus
2614 1850 2832 1910 propter
2852 1857 3010 1909 quam
3050 1845 3312 1899 asseritur
3354 1862 3491 1901 unus
3533 1863 3661 1905 esse
3708 1852 3777 1905 de

2183 1939 2364 1985 Sancta
2399 1940 2453 1986 et
2480 1930 2748 1986 individua
2776 1932 3058 2000 Trinitate,
3088 1936 3409 2006 praedicetur
3433 1954 3555 1994 esse
3593 1942 3776 2010 passi-

2183 2022 2325 2087 bilis,
2356 2024 2564 2092 quoties
2590 2023 2844 2078 Dominus
2864 2025 3020 2079 Jesus
3051 2041 3237 2096 passus
3266 2043 3363 2097 pro
3391 2030 3567 2084 salute
3592 2031 3775 2086 homi-

2182 2128 2310 2167 num
2337 2129 2439 2167 non
2472 2123 2692 2168 tacetur.
2723 2115 2821 2169 llic
2844 2132 2970 2171 vero
2998 2133 3187 2173 sensus
3224 2129 3316 2173 aut
3361 2120 3591 2176 Arianos
3622 2123 3775 2192 juvat

2182 2208 2246 2260 ad
2273 2207 2706 2262 deteriorandam
2765 2208 2884 2263 Filii
2934 2210 3285 2280 divinitatem,
3320 2224 3411 2269 aut
3456 2217 3614 2289 unius
3658 2228 3775 2271 tan-

2186 2306 2295 2353 tum
2320 2300 2459 2353 ineo
2491 2310 2699 2354 naturae
2725 2302 2992 2355 interserit
3018 2303 3350 2371 opinionem,
3381 2306 3508 2361 dum
3541 2308 3773 2363 duarum

2184 2404 2531 2457 personarum
2581 2393 2731 2446 timet
2793 2392 3067 2448 incurrere
3122 2397 3504 2463 suspicionem.
3552 2400 3772 2456 Tertius

2179 2481 2354 2535 adhuc
2372 2482 2561 2536 modus
2587 2493 2690 2550 est,
2717 2496 2783 2537 ne
2805 2482 3141 2540 firmantibus
3161 2494 3184 2522 ⁸
3203 2487 3357 2542 nobis
3382 2490 3671 2546 Dominum
3683 2492 3773 2547 Je-

2178 2588 2296 2626 sum
2325 2572 2595 2628 Christum
2627 2588 2788 2627 unum
2821 2589 2943 2628 esse
2965 2575 3032 2629 de
3064 2588 3249 2631 sancta
3280 2589 3333 2633 et
3361 2580 3630 2635 individua
3653 2582 3770 2637 Tri-

2178 2665 2364 2731 nitate,
2425 2665 2706 2720 confestim
2765 2680 2795 2720 a
2848 2668 3003 2722 nobis
3060 2682 3358 2738 quaeratur,
3406 2672 3545 2736 Quid
3597 2675 3769 2731 unus!

2177 2755 2341 2811 Verbi
2372 2756 2515 2811 enim
2542 2757 2736 2826 gratia,
2776 2758 2824 2811 si
2872 2758 3095 2814 voluero
3135 2760 3337 2831 dicere,
3370 2762 3589 2820 Gabriel
3632 2781 3771 2822 unus

2175 2860 2261 2907 est
2286 2866 2353 2907 ex
2385 2851 2588 2920 angelis
2609 2851 2741 2920 Dei,
2774 2852 3156 2922 interrogatus,
3186 2856 3321 2921 Quid
3350 2857 3519 2912 unus?
3546 2873 3771 2929 respon—

2174 2945 2299 3013 deo,
2332 2945 2603 3015 Angelus,
2644 2946 2770 3014 quia
2795 2946 2907 3011 jam
2956 2945 3080 3000 illos
3125 2962 3313 3005 omnes
3355 2952 3578 3022 angelos
3629 2955 3767 3010 disi.

2173 3038 2279 3092 Aut
2304 3034 2349 3089 si
2383 3038 2575 3089 iterum
2605 3035 2855 3090 similiter
2878 3034 3087 3106 loquar,
3120 3038 3443 3107 Ephesinam
3470 3043 3769 3101 Erclesiam

478 3139 629 3183 retur
652 3127 915 3198 quispiam
934 3144 1223 3199 exsurgere
1250 3130 1591 3198 praedicator,
1616 3132 1661 3187 si
1684 3132 1825 3188 Deus
1845 3133 1936 3189 ille
1958 3150 2065 3189 non
2093 3122 2141 3185 C
2173 3142 2335 3181 unam
2367 3141 2491 3183 esse
2514 3127 2581 3183 de
2607 3136 2813 3197 septem
2848 3130 3100 3186 Ecclesiis
3120 3131 3186 3186 ad
3208 3148 3342 3202 quas
3366 3132 3605 3191 Joannes
3628 3138 3768 3192 scri-

480 3221 669 3276 fuisset
690 3221 873 3287 homo,
904 3232 996 3277 aut
1023 3222 1185 3278 homo
1212 3223 1301 3279 ille
1331 3239 1438 3280 non
1482 3226 1670 3282 fuisset
1701 3226 1860 3289 Deus,
1900 3228 2063 3282 alium

479 3312 547 3367 ab
582 3312 689 3368 alio
734 3327 833 3368 sua
879 3314 1241 3382 distinguente
1287 3329 1515 3384 persona
1550 3333 1564 3372 :
1597 3316 1723 3372 dum
1771 3316 2066 3372 secundum

480 3403 776 3473 superioris
822 3404 1152 3460 intellectum
1208 3405 1556 3473 definitionis,
1607 3410 1931 3478 proprietate
1987 3409 2067 3463 in-

481 3497 913 3553 commtmicabili
942 3500 1019 3553 sic
1049 3514 1210 3553 unum
1252 3499 1520 3554 Christum
1564 3517 1846 3569 personam
1875 3501 2070 3557 divini—

479 3589 605 3645 tatis
628 3589 953 3657 significatet
980 3590 1232 3655 existere,
1264 3600 1324 3645 ut
1359 3606 1482 3646 eum
1525 3591 1591 3645 ab
1622 3592 1725 3646 alio
1755 3594 1841 3662 qui
1873 3594 1922 3647 in
1967 3597 2067 3651 hu-

480 3679 744 3733 manitate
781 3678 1081 3734 credendus
1129 3679 1323 3748 fuerat,
1355 3693 1651 3751 separaret.
1687 3683 2066 3740 Verumtamen

482 3770 621 3825 absit
653 3769 755 3825 hoc
780 3786 809 3825 a
836 3768 1080 3826 fidelibus
1109 3774 1410 3840 mentibus,
1454 3775 1613 3846 longe
1640 3777 1735 3831 fiat
1756 3792 1786 3831 a
1810 3776 2068 3834 Christia-

479 3859 568 3917 nis
592 3859 1062 3932 disputationibus.
1094 3864 1324 3923 Proinde
1366 3868 1442 3923 illi
1486 3885 1623 3939 quos
1650 3885 1845 3941 negare
1875 3872 2069 3927 asserit

482 3954 766 4011 Dominum
799 3964 1042 4013 nostrum
1095 3956 1276 4015 Jesum
1306 3960 1576 4018 Christum
1625 3978 1792 4019 unum
1837 3977 1960 4025 esse
2000 3963 2069 4019 de

479 4056 664 4102 sancta
690 4058 745 4104 ct
784 4049 1055 4106 individua
1083 4052 1365 4121 Trinitate,
1409 4056 1454 4111 si
1505 4054 1742 4111 fatentur
1784 4057 2069 4111 Dominum

479 4148 719 4197 nostrum
747 4141 929 4199 Jcsum
960 4143 1232 4202 Christum
1265 4146 1431 4203 Deum
1459 4162 1601 4214 esse,
1625 4149 1720 4205 Dei
1749 4148 1967 4215 Filium,
1990 4149 2071 4204 fa-

476 4242 621 4288 ctum
657 4232 890 4291 hominis
919 4236 1113 4305 filium;
1139 4250 1193 4293 et
1223 4239 1344 4295 ideo
1368 4242 1642 4296 nominato
1672 4241 1901 4298 Domino
1938 4241 2067 4299 Jesu

476 4323 693 4382 Christo
722 4343 825 4384 non
860 4328 1131 4387 hominem
1160 4347 1375 4402 purum,
1420 4333 1515 4389 sed
1550 4333 1784 4389 divinam
1825 4336 2070 4391 simulet

475 4419 766 4476 humanam
796 4423 1147 4479 substantiam
1193 4425 1486 4491 nominari;
1531 4426 1576 4480 si
1625 4426 1857 4482 fatentur
1900 4427 2064 4483 Deum

2170 3221 2249 3275 hit
2278 3220 2586 3291 apostolus,
2641 3221 3029 3293 interrogatus,
3076 3224 3214 3291 Quid
3265 3226 3463 3280 unam?
3507 3242 3633 3282 mox
3682 3244 3770 3285 reo

2169 3316 2430 3385 spondeo,
2464 3315 2786 3381 Ecclesiam,
2825 3317 2949 3386 quia
2973 3320 3083 3385 jam
3120 3319 3238 3374 illas
3267 3332 3472 3388 septem
3499 3320 3769 3377 Ecclesiae

2171 3406 2303 3461 dixi.
2343 3407 2468 3462 Pari
2500 3410 2707 3463 ratione
2748 3411 2791 3463 si
2826 3410 3069 3465 homines
3101 3421 3208 3466 tres
3241 3411 3533 3466 accessisse
3561 3414 3769 3479 aliquo,

2171 3510 2263 3555 aut
2294 3503 2579 3555 recessisse
2600 3501 2815 3555 aliunde
2838 3503 3176 3571 pronuntiem
3198 3543 3213 3569 ,
3238 3518 3359 3557 cum
3385 3506 3593 3571 dixero,
3618 3504 3767 3560 Unus

2172 3608 2238 3649 ex
2268 3593 2350 3647 his
2379 3594 2524 3647 venit
2550 3593 2615 3646 ad
2655 3608 2774 3662 me,
2812 3596 3206 3666 interrogatus,
3237 3595 3373 3661 Quid
3416 3598 3599 3650 unus?
3645 3612 3767 3650 mox

2170 3684 2495 3756 respondeo,
2532 3685 2733 3753 llonto,
2765 3686 3016 3754 quoniam
3046 3686 3166 3740 illos
3195 3697 3302 3741 tres
3342 3686 3589 3742 homines
3625 3685 3765 3741 dixi.

2171 3778 2305 3835 Cum
2354 3794 2484 3834 vero
2540 3779 2864 3843 dixerimus,
2918 3779 3197 3834 Dominum
3248 3778 3431 3835 Jesum
3491 3779 3764 3835 Christum

2173 3886 2338 3926 unum
2367 3885 2488 3926 esse
2517 3870 2583 3925 de
2610 3880 2796 3925 sancta
2821 3883 2874 3925 et
2898 3870 3170 3926 individua
3204 3870 3466 3928 Trinitate
3485 3913 3503 3938 ,
3536 3875 3763 3928 interro-

2171 3966 2302 4037 gati,
2344 3963 2483 4030 Quid
2509 3961 2683 4018 unus?
2706 3978 2810 4017 non
2842 3978 3130 4033 possumus
3155 3963 3365 4030 dicere,
3404 3980 3543 4021 unus
3589 3965 3762 4032 Deus,

2171 4057 2295 4128 quia
2323 4056 2560 4113 Trinitas
2584 4058 2672 4112 illa
2699 4072 2804 4113 non
2845 4068 2928 4112 est
2957 4056 3219 4121 Deorum;
3252 4072 3353 4112 nec
3380 4058 3648 4128 permittit
3677 4073 3763 4113 ra-

2174 4150 2253 4205 tio
2284 4157 2341 4205 ut
2364 4149 2608 4205 dicamus
2643 4168 2655 4206 :
2691 4149 2950 4204 Dominus
2980 4148 3140 4206 Jesus
3176 4149 3421 4205 Christus
3450 4165 3590 4205 unus
3618 4148 3761 4207 Deus

2172 4240 2342 4296 estde
2370 4250 2556 4295 sancta
2587 4248 2644 4295 et
2664 4239 2935 4294 individua
2959 4238 3259 4304 Trinitate;
3290 4239 3385 4296 sed
3414 4239 3645 4295 dicimus
3667 4254 3760 4310 po—

2175 4332 2281 4389 tius
2313 4333 2481 4388 :Tota
2515 4334 2750 4388 Trinitas
2778 4348 2915 4387 unus
2945 4332 3111 4388 Deus.
3141 4334 3402 4388 Similiter
3425 4333 3760 4403 interrogati,

2175 4423 2311 4491 Quid
2337 4425 2509 4478 unus?
2534 4423 2747 4493 quando
2775 4422 3002 4478 dicimus
3045 4423 3324 4478 Domimun
3376 4424 3561 4479 Jesutn
3610 4423 3761 4478 Chri-

475 4513 816 4580 Trinitatem,
852 4515 1061 4571 Patrem
1089 4531 1230 4587 esse,
1262 4528 1315 4572 et
1344 4517 1556 4585 Filium,
1581 4529 1635 4574 et
1664 4520 1919 4589 Spiritum
1944 4536 2066 4575 san-
2097 4499 2143 4560 υ
2173 4524 2312 4571 stum
2345 4532 2511 4570 unum
2563 4532 2685 4570 esse
2722 4515 2792 4571 de
2845 4526 3029 4570 sancta
3062 4527 3115 4571 et
3164 4518 3433 4572 individua
3477 4519 3756 4585 Trioitate,

475 4615 652 4672 ctum;
682 4616 737 4661 et
769 4608 909 4662 hunc
955 4609 1147 4664 Filium
1196 4612 1315 4665 sine
1353 4626 1460 4681 quo
1505 4612 1739 4667 Trinitas
1791 4628 2065 4683 nunquam

475 4696 599 4763 fuit,
626 4708 681 4753 et
704 4714 810 4768 quo
836 4715 1051 4757 carnem
1080 4703 1406 4772 suscipiente
1437 4706 1633 4759 mansit
1669 4705 1933 4771 Trinitas;
1958 4707 2062 4762 sic-

475 4799 533 4844 ut
564 4804 780 4862 semper
808 4801 890 4846 est
934 4792 1192 4861 Trinitas,
1223 4809 1287 4849 ex
1320 4794 1470 4849 initio
1518 4794 1903 4853 incarnationis
1929 4815 2060 4865 suae,

472 4882 650 4952 ipsum
689 4899 811 4940 esse
851 4885 1156 4954 intelligunt
1198 4887 1479 4943 Dominum
1518 4888 1701 4945 Jesum
1741 4889 2060 4947 Christum:

476 4974 597 5043 quid
626 4975 691 5029 ad
725 4990 845 5043 nos,
876 4976 1204 5046 quibuslibet
1225 4978 1403 5033 verbis
1434 4989 1634 5035 rectam
1672 4981 1971 5051 praedicent
2000 4982 2065 5036 fi-

392 5078 397 5085 ί
479 5065 632 5122 dem?
665 5066 963 5124 Videndum
995 5071 1171 5138 potius
1194 5085 1316 5126 reor
1351 5080 1406 5126 et
1438 5072 1885 5127 considerandum
1935 5072 2061 5128 dili-

476 5159 706 5228 gentius,
755 5174 853 5231 cur
888 5161 1144 5216 Dominus
1173 5162 1328 5218 Jesus
1371 5163 1618 5218 Christus
1661 5180 1799 5219 unus
1844 5179 1966 5220 esse
1995 5164 2063 5220 de

418 5299 429 5308 .
474 5262 655 5308 sancta
699 5262 754 5309 et
801 5253 1079 5310 individua
1119 5254 1381 5312 Trinitate
1407 5257 1754 5313 nimis-caute
1783 5273 1813 5312 a
1843 5258 2064 5329 quibus-

472 5342 597 5397 dam
626 5353 869 5415 negetur.
894 5345 1093 5401 Tribus
1121 5347 1266 5402 enim
1297 5346 1493 5417 modis,
1524 5357 1780 5419 quantum
1810 5362 1927 5403 mea
1958 5347 2064 5403 fert

472 5435 671 5504 opinio.
696 5438 978 5492 sententia:
1006 5438 1167 5510 hujus
1196 5449 1443 5511 suspecta
1473 5440 1715 5496 redditur
1742 5441 2060 5511 propositio.

541 5654 567 5682 ι
596 5643 780 5718 Forte,
807 5645 1194 5716 afﬁrmantibus.
1225 5645 1333 5702 Sed
1375 5645 1509 5701 nihil
1550 5655 1699 5705 muto
1732 5664 1744 5703 :
1778 5645 1903 5718 quia
1937 5660 2058 5701 mox

468 5716 622 5773 initio
644 5718 671 5784 ἕ
693 5716 755 5772 tl
785 5718 951 5774 verbo
976 5718 1187 5785 ﬁrmare
1213 5721 1377 5775 utitur
1407 5726 1614 5775 auctor.

2172 4625 2280 4666 non
2314 4624 2597 4679 possumus
2619 4609 2968 4678 respondere,
2996 4611 3160 4664 Filius
3181 4651 3197 4678 ,
3243 4612 3363 4682 quia
3396 4612 3635 4667 Trinitas
3675 4613 3759 4667 illa

2170 4720 2279 4757 non
2318 4711 2398 4757 est
2428 4702 2693 4769 filiorum;
2728 4718 2864 4756 unus
2894 4705 3037 4757 enim
3070 4704 3119 4756 iit
3154 4703 3414 4759 Tiinitate
3462 4714 3546 4759 est
3573 4704 3759 4759 Filius.

2170 4796 2240 4849 Et
2268 4795 2312 4848 si
2359 4795 2554 4848 dicitur
2582 4795 2650 4847 ita
2684 4794 2789 4848 dici
2824 4812 2838 4847 :
2868 4795 3122 4847 Dominus
3147 4793 3301 4848 .Iesus
3326 4794 3599 4859 Christus,
3630 4811 3763 4850 unus

2168 4896 2251 4942 est
2279 4887 2347 4942 de
2376 4896 2559 4940 sancta
2588 4896 2642 4941 et
2671 4886 2941 4941 individua
2974 4886 3236 4942 Trinitate
3257 4928 3269 4951 ,
3303 4894 3556 4957 tauquam
3587 4886 3635 4942 si
3679 4888 3763 4941 di-

2167 4988 2342 5045 catur,
2378 4993 2481 5032 una
2508 4992 2760 5047 persona,
2792 4979 3097 5033 rectissime
3125 4979 3225 5035 hoc
3252 4978 3485 5046 dicitur;
3514 4978 3613 5034 sed
3632 4993 3763 5035 con-

2170 5070 2508 5126 venientibus
2537 5069 2720 5137 ntodo,
2762 5070 2807 5125 si
2842 5069 2945 5126 hoc
2976 5071 3047 5125 ita
3074 5070 3309 5138 videtur,
3341 5085 3447 5125 una
3481 5086 3709 5139 persona
3736 5068 3762 5109 δ

2167 5181 2326 5235 quam
2372 5179 2510 5219 unus
2554 5164 2779 5231 dicitur,
2821 5180 2889 5219 ne
2939 5180 3124 5235 parum
3173 5166 3621 5237 intelligentibus,
3671 5176 3764 5219 aut

2169 5261 2306 5314 tnale
2361 5257 2759 5327 suspicantibus
2816 5258 3127 5313 scandalum
3175 5273 3512 5327 procuretur.
3559 5258 3763 5327 Quibus

2131 5360 2296 5421 ’ergo
2341 5350 2515 5405 modis
2546 5351 2662 5405 haec
2708 5351 2974 5405 sententia
3024 5350 3092 5405 ab
3142 5350 3429 5421 aliquantis
3469 5348 3761 5405 refellenda

2167 5448 2247 5504 vel
2280 5447 2517 5503 cavenda
2538 5445 2830 5516 judicetur,
2854 5445 3171 5516 simpliciter
3199 5444 3314 5501 dixi
3339 5463 3351 5500 t
3378 5455 3634 5501 caeterum
3661 5455 3761 5513 ego

2240 5645 2266 5684 δ
2301 5644 2397 5701 Hic
2427 5644 2637 5701 videtur
2666 5643 2878 5713 deesse,
2911 5645 3100 5717 potius.
