4104 6360
342 298 442 355 921

338 428 442 473 nec
470 411 773 469 volentibus
829 427 929 470 nec
986 411 1290 469 nolentibus
1343 411 1523 467 dicere
1572 413 1868 467 contradisi
1903 427 1917 464 :
1954 410 2005 467 A

337 505 465 577 quia
496 503 625 558 nihil
648 519 677 556 a
704 519 791 558 me
810 514 1014 558 certum
1042 518 1198 572 posse
1227 503 1437 558 tlefiniri
1459 544 1473 568 ,
1518 502 1569 557 in
1625 504 1783 573 hujus
1813 502 1924 570 epi-

337 598 493 652 stola’:
514 596 686 663 capite
705 596 814 665 jam
849 596 1095 663 prtediti.

412 689 504 743 11.
528 685 791 741 Cmtcrum
814 688 857 740 si
881 699 1024 741 certa
1049 688 1112 740 ad
1134 703 1232 740 nos
1260 686 1529 740 mandavit
1552 686 1918 755 Opinio(quoo

344 781 559 835 firmate
588 779 706 833 ideo
728 779 937 843 dubito,
966 781 1083 847 quia
1112 779 1239 831 nihil
1265 779 1459 831 exinde
1489 778 1597 831 tuis
1627 774 1818 832 litteris
1844 780 1925 829 in-

339 875 583 926 timatunt
609 886 715 924 non
746 870 974 923 inaniter
996 870 1219 939 cogito),
1252 871 1418 922 miror
1444 870 1714 938 quomodo
1749 869 1799 922 bi
1829 870 1919 936 qui

338 964 622 1017 Dominum
671 972 907 1015 nostrum
953 962 1134 1015 .lesum
1187 964 1458 1016 Christum
1506 972 1700 1025 negant
1755 977 1918 1015 unum

332 1068 461 1108 esse
483 1053 551 1107 de
578 1065 762 1107 saneta
793 1063 848 1108 et
886 1053 1153 1107 indivuttta
1186 1053 1470 1115 Tt'lllilale,
1514 1053 1757 1109 confiteri
1795 1070 1915 1105 eunt
1943 1070 1945 1072 ·

336 1145 587 1199 dieztntur
611 1160 921 1201 unumesse
949 1160 1010 1197 ex
1045 1156 1232 1199 sancta
1262 1154 1315 1199 et
1336 1144 1605 1200 individua
1632 1144 1916 1197 'l‘tittitate.

333 1238 471 1303 Quid
517 1236 705 1291 harum
737 1239 1157 1307 propositionum
1187 1237 1488 1292 dill'crentia
1521 1239 1793 1301 moliatur,
1824 1252 1920 1290 au-

331 1332 448 1383 dire
474 1345 755 1398 cuperem;
803 1331 846 1384 si
901 1331 1106 1395 liceret,
1144 1340 1437 1399 prmseutes
1483 1310 1914 1399 interrogarem:

331 1424 523 1477 vellem
553 1424 754 1487 dicere,
778 1423 822 1477 si
847 1424 1065 1477 daretur
1092 1438 1397 1478 sermonem
1438 1424 1556 1477 sine
1584 1423 1761 1476 studio
1785 1437 1917 1476 con-

330 1515 589 1568 tentionis
619 1516 878 1571 inserere.
910 1516 964 1571 Si
995 1516 1137 1571 enim
1160 1516 1421 1571 dicendus
1447 1527 1529 1569 est
1552 1532 1689 1570 unus
1713 1532 1777 1570 ex
1801 1516 1921 1569 Tri—

332 1610 496 1661 nitate
531 1608 789 1662 Dominus
843 1608 1001 1663 Jesus
1051 1610 1328 1673 Christus,
1384 1619 1601 1676 prepter
1658 1609 1915 1661 unitatem

330 1714 576 1767 persona:
608 1702 791 1769 utiqu‘e
816 1700 1076 1755 dicendus
1104 1712 1206 1765 est,
1231 1712 1287 1755 ut
1317 1702 1633 1756 ostendatur
1657 1700 1780 1769 quia
1828 1702 1918 1754 ille

1512 294 1871 351 Eptsroms
1913 294 1997 347 nr
2037 294 2418 369 opuscum.

3516 305 3619 360 922

2104 412 2269 467 Valde
2328 414 2588 469 maximas
2645 430 2764 470 sum
2815 429 3005 485 passus
3062 417 3356 486 angustius,
3404 420 3616 488 quando

2029 506 2226 571 scripta
2261 518 2436 560 vestra
2465 496 3007 580 suscepimus,'cujus
3038 513 3453 582 perturbationis
3479 514 3616 568 indi-

2028 598 2169 651 cium
2202 599 2355 667 longa
2401 601 2733 656 taciturnitas
2764 603 2880 658 fuit.
2927 604 3056 659 Nam
3085 606 3129 659 si
3161 608 3503 661 considerare
3527 607 3615 661 di-

2026 691 2260 758 gnemini
2292 708 2446 758 quam
2489 692 2713 747 festinus
2760 710 2880 749 esse
2906 696 3107 751 soleant
3149 712 3360 764 semper
3389 697 3454 751 ad
3481 698 3615 752 obe-

2025 782 2276 835 dicndunt
2314 783 2646 853 jussionibus
2692 790 2910 855 vestris,
2945 804 3047 844 n0u
3104 790 3292 843 minori
3342 789 3612 844 devotioni

2025 875 2388 939 restion‘siouis
2432 875 2588 941 hujus
2637 877 2957 944 deputabitis
3008 895 3211 935 moras.
3251 880 3427 947 Quare
3469 881 3610 934 enim

2024 966 2112 1017 diu
2143 966 2357 1020 sub-rem
2382 1007 2396 1027 ,
2431 969 2530 1020 nisi
2567 968 2908 1034 lrcpidmcm,
2945 985 3047 1022 non
3101 972 3388 1025 veritatem
3434 972 3614 1025 dicere

2023 1057 2089 1109 de
2131 1059 2429 1124 quaestione
2483 1074 2652 1125 nuper
2708 1069 2931 1124 exorta,
2963 1061 3244 1116 silentibus
3298 1061 3393 1115 scd
3438 1065 3613 1116 adhuc

2023 1150 2291 1203 Africanis
2329 1151 2604 1217 Ecclesiis,
2629 1160 2753 1206 ante
2773 1162 2980 1221 tempus
3004 1154 3243 1219 proferre
3266 1156 3613 1211 sermonem?

2024 1239 2351 1308 Simpliciter
2380 1248 2589 1307 tamen,
2609 1242 2964 1310 compellente
2982 1243 3226 1311 jussione
3250 1254 3446 1309 vestra,
3467 1247 3609 1315 quod

2022 1336 2291 1389 credimus
2347 1336 2631 1403 loquimur,
2667 1346 2723 1389 ut
2760 1337 2898 1391 scire
2930 1337 3223 1406 dignemini
3250 1338 3389 1408 quia
3434 1339 3615 1392 vobis-

2020 1442 2140 1481 Cum
2173 1428 2356 1491 corde,
2388 1430 2665 1482 vobiscum
2700 1428 2822 1494 fide,
2856 1429 3127 1483 vobiscum
3175 1428 3467 1483 secundum
3519 1428 3612 1482 bo-

2024 1531 2144 1570 nam
2176 1532 2357 1585 spem,
2392 1518 2667 1571 vobiscum
2717 1518 2769 1571 in
2819 1518 3081 1572 cbaritate
3132 1534 3240 1572 non
3281 1518 3424 1572 ficta.
3454 1518 3613 1584 Quaa-

2022 1625 2234 1679 cunque
2262 1612 2405 1665 enim
2429 1612 2720 1681 sapienter,
2752 1614 3005 1677 breviter,
3035 1614 3301 1669 veraciter
3332 1612 3610 1679 intimatis,

2023 1704 2210 1757 eadem
2243 1705 2537 1767 credimus,
2564 1704 2751 1759 eadem
2785 1706 3078 1771 sentimus,
3109 1705 3295 1759 eadem
3322 1704 3608 1770 loquimur.

329 1793 470 1853 Deus
497 1794 803 1865 unigenitus
832 1795 947 1864 ipse
974 1795 1145 1850 factus
1170 1804 1255 1851 est
1282 1795 1462 1849 homo.
1494 1796 1600 1849 Cur
1643 1809 1748 1848 non
1787 1809 1915 1862 ergo
1946 1786 1994 1846 B
2093 1794 2147 1847 2.
2183 1794 2371 1850 Verbis
2393 1796 2703 1861 apostolicis
2730 1797 2983 1852 suadeam
3016 1796 3289 1850 ministros
3315 1796 3458 1850 sedis
3480 1811 3611 1864 apo-

325 1888 538 1942 tlicatur
564 1890 747 1951 etiam,
780 1888 847 1942 de
880 1888 1174 1950 Trinitate,
1210 1897 1268 1941 ut
1306 1888 1621 1941 ostendatur
1668 1886 1919 1941 similiter

329 1982 599 2047 pertinere
654 1979 720 2031 ad
766 1980 1058 2033 essentiam
1105 1980 1405 2045 Trinitatis,
1464 1979 1586 2047 quia
1640 1988 1915 2044 assumpta

327 2073 507 2127 servili
534 2074 700 2126 forma
730 2074 1109 2127 contumeliam
1142 2071 1361 2142 pertulit
1392 2070 1744 2125 mortis?Sed
1778 2069 1822 2124 si
1851 2084 1917 2124 eo

327 2178 494 2216 sensu
539 2179 642 2217 non
671 2164 870 2219 dicitur
900 2180 1038 2219 unus
1068 2180 1188 2219 esse
1229 2164 1297 2219 de
1349 2177 1531 2218 sancta
1561 2174 1614 2218 et
1642 2163 1916 2216 individua

326 2255 607 2322 Trinitate,
659 2257 754 2311 sed
809 2272 875 2311 ex
921 2269 1104 2312 sancta
1150 2258 1411 2311 'l‘rinitate
1445 2257 1700 2311 Dominus
1757 2256 1915 2311 Jesus

296 2347 591 2409 ,Cltristus.
622 2357 679 2401 ut
704 2349 1018 2403 ostendatur
1068 2349 1197 2403 nihil
1239 2352 1551 2403 substantiae
1590 2363 1711 2401 cum
1739 2347 1914 2401 Trini-

331 2450 442 2495 tate
490 2442 691 2496 habere
738 2444 1231 2498 commune:sicut
1286 2443 1406 2497 ideo
1448 2456 1547 2495 nos
1588 2442 1817 2495 dicimus
1847 2455 1911 2493 ex

326 2532 458 2598 Deo,
485 2542 539 2587 et
565 2549 669 2588 non
700 2539 766 2588 de
797 2535 924 2601 Deo,
972 2538 1096 2605 quia
1142 2536 1243 2589 alia
1300 2546 1383 2590 est
1434 2543 1638 2600 nostra,
1684 2535 1788 2587 alia
1822 2533 1911 2587 Dei

324 2624 621 2679 substantia
648 2624 834 2697 (omne
858 2627 1000 2679 enim
1041 2628 1187 2696 quod
1222 2626 1289 2681 de
1314 2628 1493 2693 aliquo
1520 2626 1714 2693 fuerit,
1751 2629 1912 2681 etiam

325 2725 384 2772 ut
407 2733 473 2774 ex
503 2720 696 2774 eodem
717 2721 899 2791 aliquo
929 2724 998 2776 sit
1031 2737 1252 2777 necesse
1273 2731 1388 2787 est;
1417 2738 1519 2776 non
1554 2732 1729 2776 tamen
1753 2737 1912 2777 omne

323 2810 467 2879 quod
495 2826 560 2865 ex
582 2812 763 2882 aliquo
791 2815 917 2878 erit,
947 2815 1202 2867 continuo
1232 2815 1393 2869 etiam
1424 2814 1492 2868 de
1523 2815 1711 2868 eodem
1731 2815 1913 2883 aliquo

324 2913 445 2955 esse
472 2909 647 2970 potest
676 2918 690 2956 :
723 2902 863 2957 sicut
886 2905 1064 2958 omnia
1096 2919 1160 2959 ex
1191 2904 1323 2971 Deo,
1350 2919 1452 2959 non
1478 2913 1656 2959 tamen
1689 2905 1755 2959 de
1780 2904 1909 2970 Deo;

324 2995 514 3051 Filium
549 3012 675 3052 vero
704 2996 1057 3069 unigenitum,
1105 3008 1161 3053 et
1198 2998 1266 3053 de
1308 2999 1417 3053 Deo
1441 3014 1496 3053 et
1522 3014 1584 3052 ex
1636 2997 1745 3052 Deo
1788 3012 1910 3054 esse

324 3088 623 3143 rectissime
659 3089 1024 3159 confitemur);
1066 3090 1214 3144 videt
1269 3084 1435 3145 etiam
1486 3089 1767 3158 prudentia
1813 3103 1907 3144 ve-

2020 1890 2220 1945 stolica:
2250 1891 2546 1961 gloriosos:
2582 1890 2755 1958 State,
2782 1904 2826 1944 et
2854 1899 3018 1945 tenete
3047 1892 3347 1943 traditiones
3370 1905 3499 1958 quas
3532 1888 3612 1941 di-

2020 1982 2326 2053 dicistis(ll
2374 1981 2552 2036 Thess.
2591 1999 2646 2047 ιι,
2681 1980 2792 2050 14).
2839 1984 2953 2036 Νοιι
3004 1982 3220 2050 expedit
3265 1983 3606 2049 antiquoruttt

2020 2077 2237 2130 Patrum
2270 2078 2359 2146 qui
2388 2075 2813 2132 Cltalcedonensi
2846 2092 3136 2131 noscuntur
3159 2075 3465 2129 interfuisse
3485 2088 3610 2127 con-

2018 2170 2141 2223 cilio
2166 2171 2453 2237 vituperari
2501 2170 2943 2224 deliberationem
2966 2210 2979 2231 ,
3007 2169 3282 2223 retractari
3315 2166 3574 2235 judicium
3593 2203 3609 2228 ,

2019 2266 2212 2318 mutari
2270 2265 2590 2317 sententiam
2638 2280 2651 2315 :
2688 2277 2754 2316 ne
2806 2264 3045 2333 synodus
3091 2259 3436 2322 venerabilis,
3471 2256 3609 2324 apud

2017 2372 2205 2412 omnes
2236 2357 2504 2411 Ecclesias
2526 2358 2758 2412 Orientis
2780 2367 2833 2411 et
2860 2355 3164 2410 Occidentis
3188 2370 3285 2423 per
3307 2370 3478 2407 annos
3501 2364 3607 2406 tam

2019 2450 2281 2519 plurimos
2310 2448 2427 2503 sine
2457 2450 2635 2518 aliqua
2680 2446 3009 2502 dubitatione
3041 2446 3269 2510 firmata,
3304 2443 3493 2511 perdat
3517 2455 3609 2494 su-

2019 2541 2131 2594 bito
2161 2539 2511 2594 reverentiam
2546 2553 2730 2605 suam;
2765 2553 2864 2592 nec
2906 2540 3076 2606 possit
3117 2537 3169 2589 in
3210 2530 3610 2588 definitionibus

2020 2632 2141 2686 fidei
2175 2631 2338 2684 robur
2367 2629 2659 2684 inflexibile
2689 2629 2981 2689 custodire.
3015 2629 3059 2682 si
3101 2628 3326 2693 euenerit
3347 2642 3409 2680 ex
3434 2624 3609 2693 aliqua

2018 2732 2170 2793 parte
2193 2723 2394 2792 fragilis
2422 2731 2513 2777 aut
2536 2723 2957 2791 reprehensione
2981 2723 3137 2791 digna
3162 2720 3426 2775 convinci.
3447 2717 3607 2787 Quid-

2017 2815 2144 2884 quid
2194 2816 2358 2869 semel
2407 2814 2658 2869 statuitur
2706 2816 2758 2869 in
2805 2815 3035 2869 concilio
3087 2824 3143 2868 et
3188 2812 3604 2882 congregatione

2016 2917 2322 2964 sanctorum
2350 2908 2585 2979 Patrum,
2617 2921 2926 2978 perpetuam
2954 2907 3115 2962 debet
3144 2904 3611 2975 obtinere-iugiter

2020 3002 2344 3056 firmitatem.
2390 2994 2503 3067 Qua
2557 3001 2700 3056 enim
2751 2998 2929 3054 fronte
2982 3000 3365 3053 cantabimus:
3403 2998 3609 3064 Quanta

2018 3094 2325 3160 audivimus,
2351 3103 2400 3147 et
2426 3094 2754 3162 cognovimus
2782 3108 2871 3159 ea,
2903 3100 2951 3145 et
2980 3102 3149 3161 patres
3177 3092 3338 3145 nostri
3361 3104 3609 3143 narrave-

323 3191 664 3251 stra,purum
688 3183 758 3238 ab
782 3184 863 3238 his
892 3184 1162 3238 hominem
1196 3183 1475 3252 praedicari
1503 3183 1783 3238 Dominum
1818 3182 1901 3239 Je
1938 3172 1983 3235 C
2017 3195 2136 3239 runt
2157 3186 2300 3239 nobis
2343 3183 2457 3255 (Ps.
2488 3200 2690 3250 cum,
2724 3184 2811 3255 5);
2841 3185 2887 3239 si
2911 3185 3121 3255 quoties
3150 3184 3312 3248 libet,
3348 3184 3509 3236 toties
3548 3180 3610 3235 li-

323 3291 442 3330 sum
470 3274 773 3343 Christum;
803 3288 857 3333 et
886 3276 1107 3333 omnino
1138 3278 1279 3332 hunc
1325 3291 1542 3332 sensum
1569 3319 1584 3345 ,
1618 3279 1720 3332 nisi
1771 3277 1911 3334 forte

323 3365 515 3420 melius
544 3379 634 3420 aut
663 3369 835 3435 aptius
867 3380 1185 3438 exponatur,
1211 3369 1723 3438 periculosissimum
1766 3371 1915 3439 judi-

323 3458 457 3511 cari.
505 3457 655 3514 Unde
696 3460 1067 3515 desistendum
1098 3477 1127 3515 a
1167 3462 1609 3515 contentionibus
1636 3476 1782 3527 reor,
1814 3476 1911 3515 ex-

323 3552 673 3617 spectandum
734 3555 910 3620 potius
968 3554 1322 3621 persuadens,
1374 3556 1745 3624 patientcrque
1776 3554 1915 3609 hanc

321 3641 712 3697 dubitationem
746 3643 1040 3708 ferendam,
1086 3645 1258 3699 donec
1304 3645 1625 3700 universalis
1657 3645 1915 3700 Ecclesia:

321 3732 642 3787 auctoritate
668 3736 752 3788 vel
782 3735 1158 3802 pronuntietur
1183 3735 1550 3803 suscipienda,
1592 3733 1678 3789 vel
1717 3734 1914 3803 proda-

324 3835 408 3879 tur
436 3824 759 3896 abjicienda.
792 3826 979 3896 Neque
1029 3827 1177 3882 enim
1238 3825 1373 3881 ﬁdes
1418 3841 1570 3895 vera,
1604 3826 1649 3879 si
1695 3825 1766 3880 de
1814 3824 1916 3880 hac

322 3923 590 3975 sententia
623 3928 889 3984 taceatur,
918 3920 1094 3974 minus
1135 3918 1657 3988 praedicabitunaut
1691 3916 1792 3971 nisi
1821 3932 1919 3986 per

323 4012 461 4068 hanc
481 4011 809 4068 sententiam
832 4010 1135 4077 roboretur,
1185 4009 1364 4065 minus
1404 4009 1559 4064 firma
1585 4008 1918 4063 existimabi-

321 4112 628 4168 tur:cutn,
657 4101 871 4157 etiamsi
926 4102 998 4156 ita
1052 4109 1218 4165 esset,
1264 4099 1419 4169 sequi
1474 4115 1574 4155 nos
1618 4098 1915 4170 apostolica

321 4194 487 4250 verba
538 4194 657 4263 plus
701 4192 944 4258 deceret,
976 4192 1065 4248 ubi
1099 4192 1254 4247 nobis
1273 4192 1511 4248 dicitur:
1550 4191 1915 4248 Verumtamen

321 4288 375 4340 in
402 4285 536 4355 quod
553 4286 892 4356 pervenimus,
922 4286 977 4339 in
1003 4301 1062 4340 eo
1086 4286 1444 4352 ambulemus;
1471 4292 1554 4352 et,
1584 4284 1644 4342 Si
1664 4286 1791 4355 quid
1817 4286 1917 4339 ali-

321 4388 399 4435 ter
420 4381 620 4450 sapitis,
652 4380 748 4433 hoc
792 4395 991 4450 quoque
1037 4379 1177 4433 vobis
1224 4379 1363 4434 Dens
1391 4379 1630 4433 reuelabit
1678 4376 1911 4448 (Philip.

320 4486 400 4540 In,
438 4471 526 4538 l6,
562 4473 671 4545 15).
703 4473 783 4528 Ad
811 4474 909 4526 hoc
941 4476 1303 4543 pervenimus.
1343 4475 1485 4529 scire
1514 4474 1797 4528 Dominum
1823 4474 1911 4529 Jev

320 4580 437 4619 sum
468 4565 738 4619 Christum
767 4580 835 4618 ex
869 4564 1075 4619 duabus
1096 4574 1258 4634 atque
1284 4565 1333 4618 in
1358 4565 1564 4619 duabus
1595 4565 1911 4619 substantiis
1941 4538 1991 4598 Β

320 4658 401 4711 vel
437 4658 661 4722 naturis,
698 4673 857 4711 unam
892 4658 1089 4711 habere
1122 4671 1427 4725 personam.
1459 4657 1575 4711 lloc
1609 4670 1907 4720 teneamus,

320 4747 422 4802 hoc
450 4752 747 4819 sapiamus,
780 4752 881 4803 huc
905 4750 1289 4818 prtedicemus;
1322 4758 1377 4804 et
1401 4751 1443 4804 si
1468 4751 1713 4819 quaedam
1742 4753 1904 4805 verba

320 4822 498 4893 minus
537 4850 692 4893 caute
734 4842 1089 4908 proferamus,
1124 4853 1214 4895 aut
1246 4843 1363 4910 plus
1397 4842 1531 4896 forte
1579 4842 1795 4897 solliciti
1829 4852 1913 4897 ta-

321 4944 557 4998 ceamus,
590 4930 735 4986 velut
763 4932 807 4985 si
837 4933 964 5002 quid
990 4934 1146 4988 aliter
1190 4949 1523 5004 saperemus,
1564 4935 1666 4992 ltoc
1693 4952 1909 5008 quoque

319 5022 463 5077 Deus
491 5021 648 5078 nobis
677 5023 959 5078 revelabit.

870 5137 1209 5195 EPISTOLA
1247 5138 1333 5196 Vl.

351 5246 418 5284 AD
447 5244 715 5286 ιειλθιωι
754 5247 821 5285 ΒΤ
858 5246 1159 5287 ΑΝΑτοιιιςιι
1199 5247 1453 5289 DIACONOS
1497 5248 1645 5289 URBIS
1673 5250 1851 5292 ROI‘IE.

316 5344 423 5400 Pro
457 5346 670 5416 epistola
706 5344 817 5421 rlqbw
843 5348 1066 5421 episcotii
1096 5348 1361 5414 Edesseni,
1405 5352 1633 5421 adeoque
1671 5369 1763 5420 pro
1808 5354 1904 5406 (ri-

385 5420 476 5559 gas
490 5419 758 5544 “capitulis
783 5418 988 5472 concilii
1013 5418 1439 5476 Chalcedonensis
1462 5439 1480 5476 ε
1505 5418 1747 5478 adversus
1775 5428 1906 5479 Ace—

436 5507 487 5543 ta
542 5507 585 5544 s.

436 5507 585 5544 ιαιοε.

389 5585 440 5641 1.
473 5586 709 5643 Dominis
752 5588 1074 5644 beatissimis
1102 5596 1159 5644 et
1185 5587 1403 5645 dev0tis
1433 5589 1710 5658 obsequiis
1741 5604 1907 5645 vene-

228 5716 239 5727 .
315 5674 553 5731 rabiliter
581 5680 989 5750 prosequendis,
1024 5682 1224 5737 sanctis
1250 5682 1505 5741 fratribus
1535 5691 1589 5738 et
1618 5682 1903 5741 condiaco-

316 5767 423 5838 nis,
452 5767 666 5841 Pelagio
693 5779 747 5827 et
774 5772 1023 5832 Anatolio
1050 5772 1355 5839 Ferrandus
1383 5775 1633 5845 exiguus.

2017 3290 2105 3336 cet
2143 3296 2331 3334 eorum
2376 3280 2588 3335 decreta
2618 3278 2964 3335 rescindere?
2994 3278 3095 3333 Per
3123 3278 3247 3332 illos
3272 3276 3610 3346 sapientissi-

2017 3388 2135 3429 mos
2170 3373 2380 3442 judices
2424 3373 2663 3428 Ecclesia
2694 3372 2956 3427 catholica
2998 3372 3136 3427 dixit
3162 3372 3303 3441 quod
3349 3370 3608 3426 catholica

2020 3465 2257 3519 Ecclesia
2296 3465 2611 3529 custodiret,
2643 3465 2730 3520 vel
2768 3466 2944 3535 potius
2973 3464 3109 3532 quod
3139 3479 3307 3534 usque
3336 3478 3479 3517 nunc
3517 3477 3610 3517 cu-

2018 3558 2239 3612 stodivit
2272 3574 2287 3612 :
2321 3574 2419 3613 cur
2449 3559 2727 3614 hodiernis
2757 3575 2901 3614 nunc
2931 3560 3121 3614 iterum
3153 3556 3609 3628 disputationibus

2019 3650 2240 3707 minime
2292 3660 2419 3707 tunc
2474 3652 2814 3723 reprobatam
2870 3653 3223 3719 reprobamus
3279 3649 3610 3719 epistolam?

2019 3741 2165 3801 Fons
2228 3754 2311 3800 est
2377 3746 2658 3814 signatus,
2712 3744 2977 3800 catholica
3039 3744 3321 3809 Ecclesia;
3375 3742 3609 3798 Jacobus

2019 3850 2149 3891 vero
2204 3837 2479 3906 apostolus
2529 3828 2727 3892 clamat
2775 3852 2791 3890 :
2848 3834 3101 3904 Nunquid
3154 3835 3271 3903 [ons
3323 3833 3386 3887 de
3431 3834 3609 3886 eodem

2020 3926 2272 3995 foramine
2324 3936 2525 3979 emanat
2574 3926 2778 3980 dulcem
2824 3935 2873 3979 et
2921 3940 3152 3978 amaram
3200 3939 3387 3995 aquam
3445 3924 3463 3991 (
3487 3921 3603 3977 Jac.

1999 4032 2112 4084 -ιιι,
2150 4016 2292 4086 ll)?
2343 4017 2399 4074 Si
2454 4016 2625 4072 dulcis
2667 4031 2801 4088 aqua
2851 4016 3084 4071 manavit
3139 4016 3206 4070 ad
3259 4015 3609 4085 proferendos

2021 4108 2143 4164 ﬁdei
2206 4108 2546 4165 definitiones
2596 4123 2663 4164 ex
2710 4123 2808 4164 ore
2847 4107 3189 4179 pristinorum
3228 4109 3606 4171 "sacerdotum,

2019 4200 2289 4271 quomodo
2338 4201 2455 4257 fieri
2506 4202 2680 4272 potuit
2722 4209 2780 4256 ut
2821 4216 2887 4256 ex
2932 4214 3028 4256 ore
3077 4215 3284 4262 eorum.
3316 4214 3422 4255 non
3472 4198 3607 4255 alio-

2021 4305 2161 4359 rum,
2189 4292 2339 4363 quasi
2382 4307 2448 4348 ex
2498 4307 2685 4349 eorum
2736 4291 2999 4347 foramine
3046 4296 3289 4346 manaret
3336 4290 3388 4346 in
3439 4304 3607 4359 nego-

2020 4386 2096 4441 tio
2125 4384 2447 4441 venerabilis
2479 4384 2582 4439 lb:e
2610 4385 2889 4455 episcopi,
2922 4398 3028 4438 non
3086 4382 3258 4438 dulcis
3304 4397 3475 4452 aqua,
3510 4381 3604 4436 sed

2020 4478 2256 4533 amarior
2282 4477 2439 4533 felle?
2468 4476 2599 4531 Cmn
2647 4478 2838 4532 timore
2878 4491 2941 4531 ac
2970 4486 3202 4531 tremore
3228 4477 3366 4537 dico,
3394 4475 3489 4531 sed
3524 4484 3606 4528 ta-

2020 4586 2139 4625 men
2170 4572 2289 4624 dico
2321 4587 2334 4621 :
2369 4571 2423 4625 Si
2456 4580 2582 4623 tunc
2613 4571 2665 4624 in
2702 4570 2940 4639 quolibet
2979 4572 3194 4640 negotio
3226 4568 3519 4638 protlinavit
3544 4567 3605 4621 ῆι

2020 4663 2228 4718 delibus
2260 4678 2498 4718 amarum
2534 4673 2745 4734 gustum
2778 4662 2854 4716 Clt
2875 4662 3230 4716 tlcedoncnsis
3258 4661 3467 4715 concilii
3492 4660 3605 4713 lau-

2018 4758 2213 4813 dabilis
2242 4758 2552 4826 diSputatio,
2586 4758 2772 4811 demus
2814 4770 3004 4809 manus
3035 4754 3329 4816 haereticis,
3358 4763 3417 4806 ut
3447 4752 3604 4805 liceat

2020 4851 2097 4906 eis
2125 4853 2370 4905 salutaris
2397 4850 2619 4904 antidoti
2653 4849 2918 4916 potionem
2948 4849 3096 4916 quasi
3134 4836 3463 4901 mortiferam
3496 4844 3601 4896 eri-

2020 4943 2249 5006 minari,
2279 4942 2432 4995 nobis
2484 4941 2841 5011 prmbentibus
2891 4941 3226 4994 occasioaetn
3251 4977 3266 5001 ,
3306 4954 3325 4988 ι
3362 4936 3487 4990 dum
3546 4934 3599 4987 in

2018 5036 2195 5089 verbis
2226 5048 2398 5103 pugna
2427 5043 2539 5099 est,
2570 5034 2696 5087 dum
2745 5033 2814 5086 de
2862 5029 3186 5086 novitatibus
3233 5025 3456 5096 qttaestio
3483 5033 3601 5091 est,

2016 5125 2139 5179 dum
2165 5123 2232 5178 de
2263 5124 2526 5191 ambiguis
2547 5124 2759 5179 occasio
2781 5135 2883 5189 ρει,
2908 5126 3033 5176 dum
3060 5121 3125 5176 de
3145 5121 3362 5175 auribus
3382 5117 3599 5186 querela

2013 5225 2116 5279 e3t,
2145 5215 2271 5270 dum
2300 5216 2369 5270 de
2397 5215 2588 5270 studiis
2629 5226 2902 5270 certamen
2931 5221 3035 5276 est,
3067 5211 3194 5265 dum
3238 5210 3305 5264 de
3332 5222 3597 5263 consensu

2014 5309 2303 5364 diflicultas
2332 5318 2433 5363 est.
2474 5328 2493 5362 ι
2529 5309 2657 5377 Qua:
2686 5308 2869 5373 verba,
2896 5321 3001 5360 non
3038 5319 3181 5370 mea,
3208 5302 3301 5357 scd
3332 5301 3479 5357 beati
3502 5301 3595 5355 lli-

2014 5402 2149 5470 larii,
2181 5403 2232 5456 in
2257 5403 2493 5456 secundo
2521 5404 2656 5456 libro
2678 5399 3112 5468 contineriquem
3140 5398 3203 5451 ad
3226 5395 3594 5452 Constantium

2014 5481 2393 5562 imperatorem
2436 5494 2647 5556 scribit,
2674 5490 2943 5545 beatitudo
2971 5501 3147 5544 vestra
3176 5490 3385 5561 plenius
3425 5490 3597 5543 novit.

2010 5590 2333 5660 Perpendite
2364 5604 2512 5658 ergo,
2539 5586 2756 5651 fratres,
2785 5587 2922 5641 inter
2947 5600 3081 5657 quos
3103 5584 3350 5655 scopulos
3378 5581 3601 5637 ﬂuctuet

2010 5683 2163 5737 navis
2214 5680 2531 5748 evangelica)
2564 5677 2978 5746 praedicationis.
3023 5674 3229 5732 Clamat
3258 5674 3463 5731 Isaias:
3505 5672 3599 5727 Var

2010 5775 2087 5829 his
2118 5777 2204 5837 qui
2234 5780 2426 5827 vanus!
2445 5770 2671 5825 tenebras
2697 5770 2858 5825 lucem
2884 5768 3013 5841 (lea.
3054 5786 3105 5840 ν,
3132 5770 3260 5841 ἓως
3298 5776 3352 5825 et
3379 5780 3475 5823 nos
3500 5780 3597 5818 au-
