4104 6360
559 281 663 340 ΜΞ

1462 279 1830 337 FULGENTII
1872 270 2217 332 FERliANDI
2264 272 2533 328 DlACUNl
2569 272 2915 331 CARTHAG.

3716 276 3823 333 994

533 406 721 460 demus
751 384 994 459 asserere
1033 402 1155 470 quia
1206 408 1386 469 patres
1430 398 1600 453 nostri
1648 397 1900 451 tenebras
1945 395 2118 449 lucem
2146 391 2192 448 Α
2227 390 2526 445 niunicasse
2550 390 2887 461 significavit.
2912 388 2968 444 Si
2998 389 3303 445 merebatur
3328 404 3426 460 pro
3453 390 3598 446 beati
3626 391 3820 462 Cyrilli

534 510 655 549 esse
684 496 972 560 dixerunt,
1010 492 1223 561 quando
1262 490 1543 560 epistolam
1578 488 1824 544 Nestorio
1853 487 2116 541 faventem

532 580 785 642 damnare
818 586 1127 648 noluerunt,
1164 585 1273 639 imo
1303 586 1463 638 etiam
1493 585 1765 653 suscipere
1795 582 2121 636 voluerunt?

533 678 743 745 Ergone
772 677 1012 747 patribus
1063 680 1261 730 nostris
1292 676 1627 745 coaptabitur
1670 674 1977 744 prophetica
2009 689 2120 727 ma-

530 769 784 823 ledictio:
824 767 914 821 Va:
951 768 1030 821 his
1074 768 1161 835 qui
1211 778 1402 834 ponunt
1450 767 1675 821 tenebras
1708 767 1907 818 lucem?
1937 767 2119 819 Nonne

530 856 625 924 ipsi
661 858 870 911 fuerunt
897 858 1032 911 sicut
1062 857 1346 910 luminaria
1394 857 1445 911 in
1495 858 1714 921 mundo,
1745 857 1964 909 verbum
1994 856 2118 909 vita:

528 949 889 1011 continente,
915 964 1142 1018 quorum
1193 949 1323 1001 fides
1374 949 1622 1015 imposuit
1672 949 1937 1002 silentium
1995 963 2118 1012 per-

529 1039 691 1094 ﬁdis?
755 1042 949 1111 quibus
1012 1052 1156 1095 recte
1220 1041 1562 1095 credentibus
1637 1041 1813 1093 omnis
1888 1038 2119 1092 credidit

528 1132 756 1188 mundus
780 1135 803 1187 τ

597 1226 651 1278 3.
679 1226 758 1278 Au
801 1223 1033 1277 dicitur:
1063 1225 1205 1279 Bene
1233 1222 1602 1289 crediderunt,
1631 1224 1724 1277 sed
1760 1224 1861 1278 Iba:
1888 1239 2116 1279 venera-

528 1314 655 1368 bilis
682 1314 962 1383 epistolam
994 1315 1132 1369 male
1162 1316 1553 1384 susceperunt?
1584 1316 1636 1368 in
1660 1329 1754 1366 sna
1779 1316 2118 1371 confessione

529 1420 747 1460 veraces
785 1405 1036 1471 fuerunt,
1068 1406 1165 1462 sed
1196 1406 1370 1460 fallaci
1410 1406 1738 1462 confessioni
1774 1407 2119 1475 praebuerunt

529 1495 794 1550 incautam
840 1497 1288 1552 consensionem?
1314 1497 1446 1564 Quis
1478 1498 1614 1553 ferat
1659 1506 1931 1551 tortuosas
1958 1499 2120 1552 inuti-

528 1586 655 1640 lium
685 1588 1039 1655 qutestionum
1082 1590 1492 1643 contentiones?
1522 1590 1579 1644 Si
1628 1605 1750 1658 pars
1789 1590 1969 1659 aliqua
2012 1590 2121 1644 dis—

526 1680 685 1746 plicet
713 1680 765 1733 in
794 1680 1025 1735 concilio
1073 1681 1529 1741 Chalcedonensi,
1562 1697 1682 1735 cum
1731 1683 1969 1750 periculo
2007 1683 2118 1736 dis-

2228 480 2614 550 vituperatione
2631 482 2865 550 culpam,
2888 480 3194 536 merebatur
3219 495 3315 549 pro
3337 490 3639 536 restaurata
3665 498 3817 539 corn-

2226 574 2481 627 munione
2507 587 2613 626 non
2638 573 2915 627 minimam
2945 572 3195 641 gratiam.
3221 571 3290 627 Ut
3309 572 3480 626 sancti
3512 572 3702 644 Cyrilli
3730 589 3820 628 ca-

2225 665 2391 734 pitula
2424 678 2641 734 propter
2684 664 3089 733 ambiguitatem
3114 673 3169 719 et
3196 665 3485 719 locutionis
3514 663 3814 720 obscurita-

2225 766 2353 817 tem,
2388 770 2509 809 cum
2541 753 2908 808 Orientalibus
2949 754 3214 822 episcopis
3244 768 3431 822 parum
3460 754 3816 823 intelligendo

2224 855 2482 921 culparet,
2510 852 2755 906 humanae
2785 850 2880 905 fuit
2908 852 3271 906 infirmitatis:
3304 861 3362 906 ut
3384 852 3525 906 dicta
3550 866 3651 907 sua
3680 853 3817 908 bene

2226 945 2589 1013 interpretanti
2620 938 2830 998 facilius
2852 942 3098 999 crederet
3120 957 3182 998 ac
3214 942 3567 998 libentissime
3588 957 3819 998 consen-

2224 1036 2365 1100 tiret,
2398 1035 2619 1088 omnino
2640 1034 2989 1089 sacerdotalis
3017 1034 3191 1088 fuerat
3220 1032 3526 1101 charitatis,
3556 1035 3684 1088 sine
3714 1034 3827 1088 ullo

2221 1129 2505 1197 dispendio
2533 1126 2795 1182 veritatis.
2830 1128 2941 1182 Cur
2969 1127 3254 1195 epistolam
3286 1140 3386 1182 nos
3409 1128 3823 1194 damnaremus,

2224 1221 2313 1275 ubi
2342 1231 2592 1290 tanquam
2619 1218 2909 1288 praeterita,
2938 1228 3064 1274 sunt
3093 1229 3318 1290 utraque
3364 1229 3579 1273 narrata
3613 1234 3715 1288 per
3756 1219 3821 1273 il-

2224 1312 2324 1366 lius
2352 1312 2523 1367 sancti
2555 1310 2748 1381 Cyrilli
2781 1310 2970 1367 fideles
2999 1310 3505 1380 interpretationes?
3530 1311 3674 1382 Ipse,
3708 1310 3828 1379 ipse

2222 1412 2439 1457 sanctos
2463 1401 2695 1472 Cyrillus
2739 1416 2848 1456 non
2894 1401 3192 1457 venerabili
3244 1401 3366 1465 Iba,
3416 1402 3511 1455 sed
3568 1401 3827 1471 piaribes

2222 1492 2588 1548 Orientalibus
2609 1492 2882 1561 episcopis
2901 1493 3117 1548 auferre
3143 1492 3454 1547 scandalum
3478 1494 3639 1547 male
3668 1492 3831 1547 intel-

2224 1586 2455 1653 ligentia:
2480 1585 2817 1653 properavit,
2843 1584 2979 1640 bene
3004 1583 3412 1653 interpretando
3432 1584 3673 1652 capitula
3693 1597 3824 1637 sua:

2222 1686 2279 1730 et
2309 1690 2406 1730 nos
2436 1690 2533 1743 pro
2561 1675 2770 1744 injuriis
2790 1674 2928 1743 ejus,
2956 1675 3193 1729 historia:
3220 1676 3382 1729 modo
3413 1674 3542 1743 quid
3580 1672 3829 1743 contige-

526 1772 758 1838 plicendi
808 1781 977 1828 totum
1033 1774 1225 1842 placet.
1276 1774 1380 1828 Vas
1419 1775 1701 1829 electionis
1747 1775 2116 1830 sanctissimus
2151 1780 2196 1839 Β
2228 1776 2687 1833 ralexponenlem
2731 1767 3149 1836 rcpI'Obal'emus
3177 1766 3494 1835 epiSIOIaln?
3522 1766 3579 1822 Si
3608 1778 3830 1822 ωηιη-

527 1864 719 1921 Paulus
747 1866 1026 1921 manifeste
1058 1868 1337 1934 profitetur
1367 1882 1383 1919 :
1417 1865 1677 1922 Modicum
1700 1868 1934 1938 fermenti
1956 1876 2115 1921 totam

527 1973 746 2010 massam
775 1958 1051 2027 corrumpit
1079 1956 1131 2027 (Ι
1162 1956 1281 2012 Cor.
1314 1973 1367 2022 v,
1395 1958 1474 2028 6).
1508 1959 1564 2014 Si
1596 1959 1647 2012 in
1671 1958 1761 2011 illa
1790 1973 1963 2012 massa
1994 1972 2119 2011 san-

528 2060 729 2104 ctarum
755 2049 1147 2114 definitionum,
1177 2050 1261 2103 vel
1285 2050 1460 2120 exigui
1490 2049 1741 2104 fermenti
1771 2059 1947 2118 potest
1966 2050 2117 2105 acida

529 2139 837 2195 commistio
867 2141 1132 2208 reperiri,
1161 2149 1272 2195 tota
1318 2154 1490 2194 massa
1536 2140 1867 2210 judicabitur
1913 2144 2115 2208 noxia;

529 2231 607 2299 vel
628 2242 795 2295 certe,
819 2242 878 2286 ut
905 2247 1098 2303 magna
1128 2242 1505 2300 extenuemus,
1538 2234 1740 2289 inutilis
1777 2234 1844 2289 ad
1871 2233 2117 2291 efficien-

528 2326 650 2379 dum
685 2340 898 2395 panem,
935 2326 1024 2395 qui
1047 2326 1329 2382 confirmat
1357 2342 1451 2381 cor
1490 2328 1746 2384 hominis.
1770 2328 1911 2397 Quid
1956 2330 2119 2399 igitur

528 2418 725 2487 profuit
766 2420 889 2488 quia
921 2419 993 2473 lbi
1021 2418 1318 2485 Nestorius,
1346 2419 1416 2475 ibi
1459 2420 1733 2490 Eutyches
1762 2420 2120 2477 anathemati-

528 2508 749 2563 zantur?
782 2509 943 2575 Ecce,
972 2509 1317 2565 damnatores
1340 2510 1574 2566 Nestorii
1605 2521 1659 2566 et
1687 2512 1998 2582 Eutychetis
2033 2527 2119 2568 re-

528 2601 734 2670 cepisse
779 2601 1063 2670 culpantur
1111 2602 1394 2672 epistolam
1418 2644 1434 2670 ,
1466 2602 1815 2673 blasphemiis
1847 2604 2114 2659 faventem

527 2692 776 2758 Nestorii,
796 2694 877 2749 vel
908 2695 1196 2765 ambiguis,
1226 2698 1307 2751 vel
1356 2697 1673 2752 manifestis.
1704 2698 1844 2765 Quid
1890 2697 2119 2765 utique?

526 2784 579 2841 Si
602 2788 907 2842 nescientes
928 2786 1278 2852 admiserunt,
1298 2787 1608 2858 ignorantia:
1632 2800 1836 2861 notam,
1858 2789 2001 2861 quod
2022 2790 2119 2844 ab-

523 2874 615 2939 sit,
648 2874 937 2930 incurrisse
960 2875 1305 2939 videbuntur.
1338 2884 1398 2931 ut
1421 2891 1609 2932 eorum
1643 2874 1858 2947 penitus
1885 2893 2117 2934 evacue-

525 2978 613 3022 tur
638 2969 931 3025 auctoritas
957 3010 975 3035 ,
1001 2969 1047 3024 si
1079 2984 1207 3025 vero
1252 2971 1513 3038 scientes,
1542 2970 1686 3025 aliud
1729 2971 1958 3027 fortasse
1987 2986 2115 3027 scn-

524 3073 729 3130 serunt,
755 3064 900 3119 aliud
929 3074 1052 3119 sunt
1101 3063 1405 3121 interlocuti
1426 3106 1442 3131 ,
1473 3064 1708 3121 fictionis
1755 3065 1982 3120 crimine
2010 3080 2116 3120 non

2221 1862 2300 1915 ria
2332 1875 2477 1915 verae
2505 1859 2629 1914 fidei
2654 1859 2855 1929 regulis
2898 1860 2952 1913 in
2976 1859 3069 1913 illa
3100 1859 3327 1929 epistola
3352 1859 3684 1914 venerabilis
3707 1859 3833 1913 thas

2220 1952 2507 2019 episcopus
2552 1950 2762 2005 locutus
2791 1949 2958 2005 fuisse
3003 1950 3269 2015 ﬁrmatur,
3302 1957 3523 2019 prapter
3548 1950 3827 2019 aliquanta

2222 2046 2305 2100 vel
2336 2043 2619 2112 ambigua,
2662 2043 2748 2097 vel
2780 2043 3009 2099 obscura
3037 2056 3160 2112 quae
3202 2040 3407 2097 faciunt
3453 2043 3560 2096 hoc
3607 2044 3829 2108 videri,

2222 2148 2405 2192 nostra
2434 2136 2595 2191 debet
2616 2149 2739 2191 esse
2764 2135 3033 2191 sententia
3065 2133 3279 2200 melior,
3321 2132 3444 2204 quia
3491 2148 3597 2188 nos
3626 2148 3699 2188 ex
3725 2148 3822 2188 ore

2222 2230 2338 2300 ejus
2365 2230 2456 2299 qui
2484 2230 2707 2284 dictavit
2727 2229 3013 2299 epistolam
3038 2241 3257 2282 sensum
3288 2226 3560 2280 Valuimus
3598 2225 3826 2279 investi-

2221 2337 2352 2393 gare
2375 2321 2683 2377 verborum.
2707 2322 2991 2377 Postremo
3011 2335 3179 2390 quare
3200 2327 3511 2390 putaremus
3537 2318 3833 2388 epistolam

2222 2416 2404 2470 favere
2434 2412 2701 2481 Nestorio,
2734 2413 2887 2484 cujus
2916 2421 3125 2478 auctor,
3154 2410 3309 2466 nobis
3334 2410 3717 2481 praesentibus,
3739 2410 3825 2479 ju-

2225 2509 2495 2574 bentibus,
2530 2508 2908 2572 audientibus,
2940 2519 3075 2560 voce
3123 2504 3242 2557 viva
3293 2504 3514 2559 minime
3564 2500 3823 2557 dubitavit

2223 2603 2678 2658 anathematizare
2708 2600 3043 2665 Nestorium,
3068 2597 3374 2667 suscipiens
3423 2609 3629 2651 tomum
3675 2610 3824 2665 papa

2223 2698 2440 2765 Leonis,
2473 2708 2528 2753 et
2558 2695 2955 2751 confessionem
3000 2708 3143 2748 vera:
3196 2691 3318 2746 fidei
3369 2691 3651 2744 nobiscum
3696 2688 3827 2744 sub-

2222 2788 2506 2845 scribendo
2536 2786 2903 2841 confirmans?
2933 2783 3063 2838 Hasc
3090 2783 3389 2849 audientes,
3415 2782 3580 2853 quale
3604 2794 3825 2850 respon-

2222 2894 2342 2934 sum
2390 2877 2570 2933 daturi
2619 2891 2807 2930 suntus
2847 2884 2925 2929 tot
2962 2875 3178 2946 inclytis
3216 2873 3520 2929 rectoribus
3559 2881 3620 2927 et
3656 2873 3823 2939 magi-

2222 2972 2350 3026 stris
2389 2969 2796 3025 Ecelesiarutn?
2837 2967 3116 3038 Praecipue
3153 2982 3275 3022 cum
3304 2981 3398 3022 rex
3416 2965 3602 3036 justus
3627 2965 3825 3023 sederit

2228 3064 2280 3117 in
2314 3062 2548 3118 throno?

525 3155 815 3221 carebunt;
848 3155 1163 3211 resistentes
1182 3171 1311 3210 vero
1337 3170 1525 3211 eorum
1555 3154 1917 3227 dogmatibus,
1945 3158 2115 3211 multo
2141 3159 2188 3223 ο
2289 3158 2344 3213 5.
2377 3157 2694 3220 Careamus,
2725 3152 2944 3220 fratres,
2970 3152 3193 3208 insidias
3215 3150 3435 3207 diaboli.
3462 3150 3522 3206 Si
3550 3149 3817 3207 nefandus

523 3245 749 3314 amplius
776 3245 1085 3300 insultando
1102 3247 1411 3300 clamabunt
1431 3264 1447 3301 ι
1474 3246 1612 3302 Ecce
1632 3257 1952 3318 congregata
1976 3249 2116 3317 apud

525 3335 858 3391 Chalcedona
886 3337 1144 3407 synodus,
1170 3338 1338 3391 sidera
1362 3347 1385 3375 ιι
1418 3354 1666 3408 magnum
1695 3339 1904 3409 pondus
1935 3352 2119 3395 aucto-

526 3430 697 3485 ritatis
727 3430 947 3484 minime
983 3431 1258 3495 dubitatis,
1306 3444 1413 3484 uno
1459 3441 1620 3500 atque
1645 3433 1835 3487 eodem
1872 3442 2119 3502 tempore

526 3518 829 3574 Nestorium
857 3521 1153 3585 damnavit,
1178 3530 1232 3576 et
1253 3521 1484 3577 Nestorii
1505 3520 1533 3560 ι)
1561 3524 1832 3577 revocavit
1852 3539 2115 3592 errorem,

526 3610 795 3681 recipiens
846 3613 1129 3681 epistolam
1174 3613 1294 3667 fidei
1343 3614 1619 3669 catholica:
1645 3617 1867 3669 omnino
1906 3628 2121 3671 contra-

526 3702 695 3767 riam;
750 3704 889 3757 sicut
942 3702 1103 3757 modo
1138 3703 1341 3759 sentire
1393 3705 1672 3773 ctepistis,
1721 3706 2118 3777 intelligentes,

526 3796 771 3863 quamvis
799 3811 943 3861 sero,
964 3811 1122 3866 quam
1158 3798 1253 3865 tegi
1282 3796 1356 3851 illi
1379 3797 1616 3866 episcopi
1643 3798 1927 3853 noluerunt
1962 3800 2121 3855 intel-

525 3886 691 3955 ligere
731 3887 1035 3945 veritatem.
1061 3887 1381 3958 Plangamus
1408 3898 1465 3944 et
1504 3905 1740 3955 oremus,
1764 3901 1822 3946 ut
1849 3892 1957 3947 cito
2000 3895 2121 3950 talis

525 3993 674 4032 error
701 3980 928 4034 abolitus
961 3988 1222 4046 transeat,
1257 3982 1567 4051 repudiatus
1593 3994 1898 4052 evanescat,
1923 3996 1976 4040 et
2000 4001 2122 4054 per-

526 4078 687 4140 petuo
716 4071 934 4126 silentio
975 4072 1286 4140 sepeliatur.
1330 4075 1524 4129 Totum
1575 4078 1861 4131 concilium
1897 4076 2121 4133 Chalce-

526 4166 784 4234 donense,
811 4182 931 4222 cum
986 4176 1071 4223 est
1117 4176 1286 4223 totum
1338 4169 1626 4223 concilium
1656 4166 2116 4239 Chalcedonense,

525 4270 711 4313 verum
745 4267 827 4314 est
861 4275 875 4313 :
911 4260 1053 4314 nulla
1094 4274 1221 4329 pars
1250 4261 1396 4315 illius
1426 4261 1584 4317 habet
1613 4262 1778 4316 ullam
1824 4264 2119 4332 reprehen-

526 4349 764 4416 sionem;
796 4351 1053 4421 quidquid
1082 4350 1156 4406 ibi
1187 4352 1413 4418 dictum,
1436 4363 1668 4423 gestum,
1694 4353 1989 4424 judicatum
2024 4370 2122 4410 no-

526 4440 700 4495 vimus
725 4452 887 4509 atque
936 4441 1205 4497 firmatum
1232 4483 1247 4508 ,
1287 4446 1459 4499 sancti
1507 4446 1737 4513 Spiritus
1779 4456 2000 4515 Operata
2039 4457 2123 4503 est

2224 3263 2378 3304 error
2400 3247 2628 3303 Nestorii
2656 3246 2822 3300 latere
2868 3254 3083 3314 putatur
3112 3246 3165 3298 in
3198 3245 3299 3299 hac
3327 3243 3555 3311 epistola
3604 3258 3822 3299 venera-

2225 3341 2345 3395 bilis
2384 3340 2487 3394 lbze
2515 3338 2794 3407 episcopi,
2826 3351 2987 3407 quam
3035 3336 3224 3391 Patres
3279 3344 3629 3405 receperunt,
3654 3351 3819 3407 neque

2223 3435 2432 3505 magnis
2453 3448 2631 3502 neque
2662 3434 2903 3501 parvulis
2944 3442 3103 3488 nocet
3134 3450 3146 3487 :
3177 3448 3330 3487 error
3360 3436 3562 3502 quippe
3590 3431 3823 3488 Nestorii

2222 3528 2436 3597 publice
2467 3527 2753 3581 damnatus
2797 3533 2882 3580 est
2931 3526 2984 3580 in
3024 3525 3451 3581 Cbalcedonensi
3480 3526 3737 3580 concilio.
3766 3526 3819 3581 Si

2223 3620 2545 3689 vituperatio
2566 3619 2921 3674 sanctissima:
2950 3618 3338 3673 recordationis
3368 3617 3559 3689 Cyrilli
3594 3616 3821 3674 seanda-

2226 3714 2335 3769 lum
2360 3722 2562 3778 movet,
2596 3720 2658 3765 ut
2685 3711 2973 3780 abjiciatur
2993 3710 3219 3779 epistola
3263 3725 3422 3779 quam
3453 3711 3645 3765 Patres
3673 3724 3821 3765 rece-

2224 3813 2441 3876 perunt,
2469 3805 2717 3859 laudatus
2738 3812 2817 3857 est
2841 3803 2933 3867 ibi,
2956 3802 3288 3871 multumque
3312 3802 3590 3865 laudatus;
3615 3800 3823 3870 tutando

2222 3898 2340 3965 ejus
2367 3896 2631 3951 dictortm
2665 3908 2885 3950 suorum
2919 3894 3293 3961 interpretatio
3326 3894 3621 3948 removisse
3651 3892 3821 3947 firm

2210 3980 2310 4044 'tur
2329 3989 2566 4044 sinistrae
2590 3986 2913 4056 suspicionis
2935 3984 3309 4054 offensionem,
3326 3985 3687 4041 reconciliatis
3708 3985 3825 4055 paci

2222 4084 2340 4151 ejus
2374 4079 2738 4135 Orientalibus
2770 4078 3039 4149 episcopis
3065 4096 3078 4130 :
3112 4078 3167 4133 in
3198 4094 3302 4148 qua
3332 4093 3464 4147 pace
3507 4093 3697 4134 omnes
3722 4079 3821 4135 sibi

2222 4173 2680 4228 communicantes
2704 4171 2903 4241 pariter
2925 4170 3285 4235 dormierunt,
3310 4179 3365 4226 et
3386 4171 3526 4225 hanc
3541 4171 3826 4241 epistolam

2223 4267 2351 4321 talia
2379 4264 2707 4319 referentem
2754 4278 2821 4318 ne
2869 4263 3059 4318 leviter
3105 4262 3426 4333 eulpandam
3462 4274 3484 4301 ⁸
3516 4278 3639 4319 esse
3665 4265 3819 4320 dixe-

2222 4368 2368 4415 runt.
2403 4358 2589 4413 Merito
2617 4372 2745 4412 tunc
2776 4369 3039 4426 priesente
3071 4356 3339 4411 Marciano
3370 4356 3698 4425 imperatore
3725 4373 3812 4412 re-

2224 4453 2434 4523 ligioso,
2467 4449 2780 4507 sacerdotes
2809 4463 2997 4504 omnes
3020 4449 3111 4519 qui
3136 4448 3423 4504 concilium
3457 4450 3607 4519 pacis
3631 4449 3823 4505 menti-

529 4533 813 4587 inefl'abilis
839 4542 893 4588 et
930 4546 1136 4589 secreta
1191 4539 1450 4606 potentia.
1505 4540 1683 4604 Quare
1729 4548 1807 4593 tot
1851 4541 2115 4608 iustorum
2145 4554 2197 4613 ι)
2224 4547 2323 4601 bus
2353 4546 2591 4617 pacificis
2644 4544 2952 4599 inchoatum
2993 4541 3396 4597 definitionibus
3436 4542 3823 4597 ecclesiastica:

529 4630 847 4683 memoriam
880 4631 1174 4698 repentinis
1203 4633 1722 4687 contradictionibus
1771 4634 2120 4702 infamamus,

528 4735 649 4774 cum
680 4720 934 4795 Salomon
987 4722 1178 4789 plenus
1219 4724 1426 4792 Spiritu
1470 4736 1658 4780 sancto
1689 4729 1971 4784 manifeste
1998 4743 2125 4798 pro-

530 4815 736 4869 nuntiet
763 4831 776 4867 :
808 4812 1060 4870 Meritoria
1077 4818 1213 4886 justi
1243 4835 1356 4873 cum
1383 4820 1621 4873 laudibus
1649 4820 1832 4890 (Prov.
1866 4840 1920 4889 ι,
1948 4824 2051 4892 7)?

598 4909 654 4964 4.
685 4909 821 4977 Quid
861 4912 905 4964 si
940 4912 1290 4981 procedentes
1320 4929 1349 4967 e
1381 4915 1599 4968 tumulis
1629 4916 1772 4981 suis,
1798 4918 2122 4973 coramDeo

528 5000 611 5055 cui
639 5000 847 5067 vivunt,
877 5002 1017 5071 apud
1068 5018 1228 5071 quem
1278 5004 1509 5059 fideliter
1548 5008 1907 5075 requiescunt,
1936 5007 1991 5062 in
2022 5025 2121 5063 no-

532 5093 749 5146 vissima
794 5095 1193 5150 resurrectione
1222 5079 1403 5149 dicant
1433 5096 1529 5151 viri
1561 5098 1792 5169 religiosi
1828 5118 1841 5154 :
1873 5102 1983 5156 Cnr
2011 5103 2124 5172 cpi-

528 5187 719 5240 stolam
748 5191 1080 5257 reprohastis
1103 5229 1119 5254 ,
1152 5188 1304 5259 cujus
1344 5189 1658 5245 catholicam
1690 5209 1812 5248 esse
1836 5194 2122 5249 dictionem

530 5278 818 5344 sensimus,
841 5279 1094 5343 diximus,
1126 5280 1497 5350 indicavimus,
1525 5293 1576 5337 et
1598 5282 1858 5353 judicium
1883 5300 2123 5344 nostrum

532 5367 920 5425 subscribendo
946 5373 1310 5429 firmavimus?
1339 5373 1420 5429 An
1472 5377 1593 5445 quia
1628 5380 1952 5435 venerabilis
1984 5382 2121 5448 lbas,

534 5461 914 5519 Alexandrinm
944 5467 1203 5523 Ecclesia:
1236 5469 1541 5537 pontificem
1572 5454 1833 5527 sanctum‘
1856 5473 2118 5546 Cyrillum

536 5556 883 5625 vituperavit?
912 5560 1017 5615 Sed
1054 5562 1193 5617 idem
1222 5574 1408 5620 sancto
1436 5564 1639 5637 Cyrillo
1672 5579 1854 5638 postea
1888 5586 1946 5627 se
1977 5586 2123 5627 com-

608 5724 634 5788 ξ
666 5714 886 5788 Videtur
909 5718 1189 5788 legendum
1223 5723 1306 5776 cui
1334 5725 1477 5778 dare.

605 5784 635 5829 δ
665 5787 841 5845 Codex
875 5784 1228 5851 Arverncnsis
1275 5795 1528 5850 roborarit

2229 4637 2852 4710 pacisconvenientibus
2896 4636 3173 4701 finierunt,
3211 4637 3263 4689 in
3292 4650 3423 4705 pace
3447 4635 3683 4692 fraterna
3733 4651 3821 4690 re-

2226 4732 2442 4787 dierunt
2473 4731 2539 4785 ad
2570 4745 2787 4785 suarum
2832 4728 3066 4799 plebium
3098 4728 3238 4794 loca,
3265 4729 3382 4784 sine
3410 4726 3565 4793 odio,
3594 4727 3714 4803 sine
3741 4727 3823 4782 in-

2229 4830 2393 4895 vidia,
2438 4830 2555 4884 sine
2595 4829 2961 4890 contentione,
2992 4825 3310 4890 concordes,
3340 4825 3650 4889 unanimes.
3676 4839 3822 4880 coin-

2230 4939 2393 4978 mune
2445 4923 2812 4977 testimonium
2864 4921 3235 4991 perhibentes.
3278 4919 3355 4974 lbi
3385 4918 3484 4974 fuit
3531 4919 3587 4973 in
3638 4918 3825 4988 legatis

2230 5020 2340 5072 suis
2390 5016 2546 5071 sedes
2577 5016 2901 5085 apostolica,
2936 5014 3221 5084 primatum
3266 5022 3455 5068 tenens
3504 5011 3822 5066 universalis

2233 5111 2517 5175 Ecclesia);
2544 5109 2617 5164 ibi
2639 5108 2864 5162 aliarutn
2887 5106 3269 5162 venerabilium
3287 5105 3492 5163 sedium
3517 5103 3823 5175 pontifices,

2231 5204 2394 5258 astuti
2439 5210 2495 5256 ut
2541 5211 2859 5269 serpentes,
2901 5201 3171 5270 simplices
3199 5210 3258 5256 ut
3310 5200 3609 5264 columbae;
3649 5197 3720 5253 ibi
3748 5213 3818 5253 ex

2233 5294 2530 5347 minoribus
2554 5292 2861 5346 civitatibus
2893 5294 3080 5361 ingens
3130 5291 3286 5346 turba
3316 5301 3616 5362 pastorum,
3648 5290 3821 5344 domi-

2235 5384 2338 5440 nici
2388 5384 2564 5454 gregis
2585 5384 2770 5439 caulas
2790 5384 3050 5453 pastorali
3104 5383 3470 5441 sollicitudine
3514 5383 3820 5455 gubernan-

2234 5479 2385 5531 tinm.
2414 5476 2582 5531 Nemo
2612 5477 2681 5532 ibi
2712 5477 2984 5531 damnavit
3006 5476 3236 5546 aliquem
3261 5477 3565 5533 nolentibus
3586 5477 3820 5541 caneris,

2232 5589 2391 5628 neuio
2433 5572 2663 5627 absolvit
2706 5571 3017 5628 nolentibus
3060 5574 3307 5640 caeteris;
3336 5587 3526 5631 omnes
3559 5572 3662 5630 sibi
3694 5586 3818 5629 con-

2305 5740 2327 5770 ο
2361 5729 2545 5801 Forte,
2575 5747 2638 5787 ue
2667 5731 2840 5788 feriter
2868 5747 3064 5795 curaest
3088 5733 3222 5805 culp.
