4104 6360
307 314 414 369 925

1485 321 1843 377 ΕΡιδΤοιλΕ
1882 322 1968 376 ΕΤ
2008 322 2388 378 οιδυεειτιιΑ.

3479 320 3583 378 ῦὲϐ

307 431 638 499 sentientes,
671 433 1007 490 et-Doctoris
1051 435 1286 506 gentium
1336 435 1496 490 verba
1540 437 1766 491 libenter
1794 437 1890 490 im-
1920 438 1968 495 A
1998 449 2081 493 tur
2114 438 2321 491 irritum
2368 437 2545 493 facere
2588 438 2730 508 quod
2781 452 3137 505 praecessores
3192 452 3318 491 suos
3353 440 3584 506 gessisse

307 527 535 593 plentes,
574 525 891 581 obedierunt
931 528 1125 582 dicenti
1170 527 1269 582 sibi
1305 546 1317 579 :
1353 526 1571 582 Obsecro
1618 545 1724 593 vos,
1781 532 1891 597 [ra-

306 626 428 681 tres,
458 625 510 668 ut
539 616 594 670 id
619 619 788 685 ipsum
814 620 997 672 dicatis
1042 636 1245 682 omnes,
1274 632 1321 673 et
1362 638 1464 673 non
1516 622 1617 674 sint
1660 624 1713 675 in
1757 623 1894 675 voltis

305 709 578 763 schismata
612 708 667 778 (Ι
697 709 817 765 Cor.
838 727 876 777 ι,
908 710 1016 778 10).
1042 711 1165 766 Ideo
1193 712 1648 782 eerumjudicium
1676 714 1891 776 mansit,

304 809 362 855 et
390 801 443 853 in
473 813 568 853 sua
594 800 885 855 stabilitate
917 804 1212 871 permansit
1259 804 1565 859 nullatenus
1607 806 1894 858 immutan-

303 892 453 954 dum,
482 891 605 961 quia
628 892 979 961 judicantium
1009 896 1363 969 sacerdotum
1390 911 1488 950 nec
1535 896 1766 967 dignitas
1795 898 1894 952 l‘nit

282 982 549 1047 inferior,
574 999 673 1037 nec
702 1000 955 1040 numerus
985 1002 1196 1055 parvus,
1239 1003 1341 1042 nec
1365 990 1655 1043 auctoritas
1693 989 1890 1056 minor,

305 1087 407 1127 nec
437 1074 684 1142 ignobilis
711 1077 923 1142 electio,
960 1092 1058 1131 nec
1087 1079 1356 1148 superﬁua
1397 1083 1767 1151 praesumptio,
1794 1099 1894 1136 nec

304 1164 565 1233 insipiens
593 1166 930 1234 deliberatio,
964 1184 1064 1225 nec
1104 1173 1339 1239 vulgaris
1381 1188 1655 1240 assensus,
1686 1192 1783 1231 nec
1813 1178 1894 1230 in-

303 1255 609 1313 fructuosus
638 1259 816 1325 labor,
850 1276 949 1317 nec
971 1263 1335 1329 tranquillitati
1363 1265 1724 1321 Ecclesiarum
1764 1283 1893 1323 eon-

301 1347 503 1401 trarius
547 1350 689 1404 ﬁnis.
732 1351 813 1405 Ad
865 1353 1131 1408 sedandas
1181 1357 1480 1424 prasteritas
1520 1361 1892 1415 contentiones

302 1452 585 1506 venerunt,
610 1454 902 1512 praesentes
925 1456 1355 1517 amputaverunt,
1380 1452 1542 1505 etiam
1566 1451 1772 1506 futuras
1795 1454 1895 1506 mi-

303 1532 606 1601 tigaverunt
638 1552 651 1587 :
684 1535 884 1591 addere
912 1538 1185 1608 quidpiam
1218 1552 1339 1609 post
1383 1558 1570 1597 eorum
1617 1544 1890 1599 deﬁnitio-

302 1638 418 1693 nes,
446 1635 676 1693 mutare,
708 1629 971 1698 minuere,
1006 1632 1141 1687 nihil
1168 1643 1253 1689 est
1281 1634 1424 1689 aliud
1457 1643 1482 1672 ⁸
1516 1652 1676 1706 quam
1727 1653 1891 1693 novas

300 1716 574 1771 seminare
600 1719 917 1776 discordias.
950 1723 1118 1778 Nemo
1138 1726 1356 1795 culpare
1384 1726 1601 1784 festinet
1627 1729 1764 1785 bene
1792 1730 1890 1787 de-

2001 529 2381 598 t-ognoverint?
2403 530 2554 585 Unde
2586 530 2701 585 luce
2731 545 2863 586 nova
2900 530 3140 583 cautela?
3177 531 3417 599 nunquid
3462 538 3585 599 post

2001 636 2189 689 papam
2223 621 2477 683 Leonem,
2504 622 2843 685 Anatolium,
2878 621 3159 675 Maximum
3187 662 3202 687 ,
3232 620 3579 685 Juvenaletn,

1998 716 2081 767 vel
2112 723 2339 768 ceteros
2367 714 2513 768 illius
2542 717 2796 781 temporis
2825 714 3154 780 sacerdotes,
3186 715 3361 768 nullus
3395 714 3491 768 fuit
3517 729 3581 768 ex

1997 819 2184 856 eorum
2209 804 2614 858 sucmssoribus
2640 805 2730 872 qui
2764 806 2966 873 legeret
2995 809 3267 869 attentius,
3293 816 3344 858 et
3388 806 3583 859 intelli-

1998 904 2148 963 geret
2178 896 2457 963 epistolam
2486 897 2811 950 venerabilis
2836 898 2936 951 lbte
2958 900 3192 966 episc0pi
3217 898 3356 952 male
3379 898 3584 964 synodo

2000 989 2251 1042 insertam
2293 987 2498 1041 fuisse?
2539 988 2697 1041 Modo
2735 988 2898 1054 cmpit
2937 989 3312 1043 haereticorum
3367 990 3580 1056 querela

1998 1093 2219 1133 movere
2257 1078 2575 1143 catholicos,
2618 1088 2675 1132 ut
2724 1080 2958 1146 cogitent
2997 1080 3133 1134 banc
3176 1080 3457 1147 epistolam
3499 1095 3585 1135 re-

1998 1172 2246 1240 probare.

2068 1263 2121 1315 7.
2166 1261 2349 1315 Habeo
2391 1260 2605 1315 dicere:
2643 1259 2690 1315 si
2734 1268 3086 1315 retractentur
3138 1259 3585 1317 Chalcedonensis

1997 1352 2213 1408 decreta
2235 1352 2470 1416 COHCilii,
2500 1351 2568 1406 de
2594 1351 2809 1406 Nicaeus
2838 1352 3044 1422 synodo
3068 1354 3385 1422 cogitemus,
3416 1368 3483 1408 ne
3508 1354 3584 1406 si-

1998 1444 2123 1498 mile
2150 1442 2445 1511 periculum
2476 1444 2727 1510 patiatur.
2757 1440 3088 1498 Universalia
3116 1444 3366 1507 concilia,
3397 1446 3585 1513 praeci-

1999 1557 2103 1611 pue
2125 1542 2217 1596 illa
2238 1542 2432 1611 quibus
2461 1542 2718 1597 Ecclesia:
2737 1542 2993 1599 Romana:
3020 1557 3317 1600 consensus
3335 1546 3584 1613 accessit,

1996 1635 2251 1691 secundat
2281 1638 2619 1692 auctoritatis
2647 1637 2817 1691 locum
2848 1648 2969 1707 post
2995 1639 3285 1694 canonicos
3311 1640 3476 1696 libros
3505 1652 3585 1695 te-

1999 1738 2149 1785 nent.
2178 1728 2329 1784 Sieut
2373 1730 2668 1798 legentibus
2708 1731 3034 1799 Scripturam
3072 1732 3323 1788 divinitus
3352 1733 3586 1803 inspira-

303 1807 475 1874 posita
517 1808 618 1880 [Αη
669 1812 993 1886 disposita],
1028 1831 1188 1871 nemo
1238 1829 1380 1873 recta
1426 1821 1716 1891 corrigere.
1750 1823 1887 1891 Quid
1921 1813 1964 1872 Β
1996 1833 2101 1875 tam
2133 1835 2237 1875 non
2268 1821 2394 1875 licet
2421 1821 2621 1890 aliquid
2651 1822 3066 1888 reprehendere,
3091 1825 3331 1890 quamvis
3362 1825 3580 1879 minime

299 1898 407 1954 erit
431 1900 665 1967 ﬁrmum,
685 1904 732 1958 si
759 1909 900 1974 quod
929 1910 1117 1964 statuit
1147 1910 1585 1969 Chalcedonense
1604 1917 1889 1972 concilium

300 2004 523 2046 vocatur
546 1994 595 2047 in
620 1994 878 2053 dubium?

374 2103 426 2159 6.
456 2104 612 2160 Plura
653 2106 780 2163 hinc
821 2123 1034 2178 possem
1068 2114 1304 2182 querelis
1347 2115 1606 2171 luctuosis
1632 2117 1733 2172 sub
1761 2134 1893 2189 qua-

301 2195 423 2249 dam
450 2200 705 2269 tragoedia
740 2201 988 2258 ﬂebiliter
1018 2205 1329 2274 deplorare;
1362 2209 1455 2263 sed
1490 2212 1738 2268 sufficere
1761 2214 1891 2268 mibi

301 2289 512 2345 videtur
565 2292 689 2361 quld
742 2295 981 2351 Ecclesia
1039 2297 1355 2356 Justinianae
1403 2301 1764 2374 Carthaginis,
1799 2322 1894 2377 per

302 2378 532 2448 linguam
564 2385 780 2454 gloriosi
832 2389 1100 2457 pontificis
1128 2394 1209 2446 sui
1242 2394 1412 2448 beata:
1458 2397 1737 2451 memerita
1785 2399 1891 2453 Ca-

278 2473 493 2547 ‘preoli,
523 2475 942 2533 clementissimo
992 2482 1211 2552 principi
1243 2483 1549 2541 Theodosio
1578 2489 1889 2554 scribentis,

302 2562 694 2621 rationabiliter
719 2566 981 2633 deﬁnivit,
1002 2571 1224 2628 dicens:
1265 2592 1282 2625 ι
1315 2574 1455 2628 Niltil
1488 2577 1539 2629 in
1571 2577 1765 2631 divin‘s
1795 2578 1892 2632 bu-

307 2654 586 2726 manisque
615 2660 842 2729 actibus,
878 2662 1006 2715 nihil
1032 2672 1136 2717 tam
1168 2664 1219 2718 in
1255 2666 1424 2719 sacris
1453 2682 1611 2735 quam
1643 2667 1695 2720 in
1720 2669 1894 2736 publi-

304 2747 385 2802 cis
412 2750 576 2804 rebus
597 2752 843 2808 oblinere
867 2756 1028 2808 ullam
1051 2759 1249 2827 poterit
1270 2740 1596 2828 ﬁrmitatem,
1624 2763 1667 2816 si
1691 2777 1751 2816 ea
1775 2778 1893 2828 qua:

306 2844 489 2902 debito
517 2849 799 2905 sententiae
820 2851 1090 2919 judicialis
1121 2854 1226 2908 fine
1269 2855 1612 2922 clauduntur,
1645 2864 1767 2925 post
1794 2872 1891 2911 an-

303 2954 495 2996 norum
524 2942 693 3012 spatia
722 2951 778 2999 et
803 2946 1054 3014 quaelibet
1083 2947 1352 3002 volumina
1401 2948 1743 3014 saeculorum,
1778 2960 1894 3005 tan-

304 3047 461 3102 quam
492 3034 547 3087 in
592 3035 972 3091 emendatione
1001 3037 1217 3093 Patrum
1246 3041 1392 3095 velut
1437 3043 1731 3097 instructor
1757 3057 1894 3111 prae-

304 3134 478 3180 sumat
502 3127 794 3183 emendare
836 3130 1140 3196 posteritas.
1178 3149 1199 3183 ι
1236 3132 1301 3186 Et
1346 3133 1399 3187 in
1439 3134 1540 3187 alia
1570 3134 1795 3202 epistola
1823 3134 1887 3189 ad

1994 1916 2206 1971 valeant
2237 1916 2571 1970 altitudinem
2600 1916 2836 1970 caelestis
2865 1917 3069 1971 oraculi
3103 1917 3582 1985 comprehendere,

1995 2008 2089 2064 sed
2116 2009 2232 2078 pius
2262 2009 2435 2062 lector
2463 2017 2516 2062 et
2546 2008 2687 2076 quod
2713 2022 2818 2061 non
2841 2007 3087 2078 intelligit
3112 2009 3283 2063 credit
3302 2049 3317 2073 ,
3350 2017 3408 2062 ut
3444 2010 3585 2078 quod

1994 2099 2164 2156 credit
2219 2109 2488 2154 mereatur
2534 2099 2866 2168 intelligere;
2907 2100 2984 2154 sic
3024 2100 3244 2154 omnino
3288 2114 3385 2154 nec
3428 2100 3586 2154 aliter

1994 2191 2221 2247 concilia
2262 2205 2382 2260 quae
2421 2198 2663 2245 vetustas
2709 2191 2941 2244 firmavit
2985 2198 3037 2245 et
3076 2190 3366 2245 eustodivit
3394 2191 3584 2245 devota

1999 2284 2282 2353 posteritas
2307 2282 2668 2336 obedientiam
2696 2281 2765 2335 de
2794 2282 2946 2336 nobis
2977 2282 3230 2353 exigunt,
3265 2283 3465 2337 nullam
3495 2299 3584 2337 re-

1996 2375 2298 2441 linquentes
2321 2374 2595 2428 dubitandi
2622 2374 3014 2427 necessitatem.
3048 2374 3228 2444 Longe
3251 2374 3337 2428 illa
3368 2382 3495 2429 sunt
3520 2374 3587 2428 de

1995 2468 2191 2537 quibus
2220 2466 2512 2535 Apostolus
2541 2466 2667 2520 dicit
2694 2482 2707 2518 :
2753 2466 2939 2519 Omnia
2966 2467 3211 2534 probate;
3238 2466 3377 2535 quod
3397 2466 3582 2519 bonum

1995 2573 2069 2616 est
2098 2571 2295 2625 tenete;
2323 2561 2386 2614 ab
2417 2561 2554 2613 omni
2584 2560 2750 2629 specie
2774 2562 2899 2613 mali
2927 2561 3170 2614 abstinete
3194 2576 3284 2614 vos
3308 2562 3327 2631 (
3351 2560 3375 2614 1
3408 2560 3583 2616 Thess.

1998 2671 2050 2715 v,
2081 2654 2176 2721 2|,
2196 2652 2309 2723 ἓξ).
2335 2654 2465 2719 Qua:
2494 2662 2674 2707 autem
2706 2653 2964 2707 ﬁniuntur
2988 2651 3350 2721 iudicantibus
3376 2654 3586 2721 episeo-

1998 2747 2076 2814 pis
2100 2747 2322 2809 sanctis,
2370 2751 2427 2798 et
2461 2744 2526 2798 ad
2575 2744 2712 2798 beati
2744 2743 2770 2782 ι»
2806 2744 3118 2799 memoriam
3167 2743 3423 2813 perducta
3463 2743 3586 2798 dili-

1996 2840 2208 2906 gentius
2234 2834 2608 2891 examinantur
2632 2843 2794 2903 atque
2817 2835 3114 2900 ﬁrmantur,
3131 2834 3399 2906 sequenda
3431 2842 3576 2900 sunt,

1995 2928 2367 2998 amplectenda
2394 2938 2558 2984 sunt:
2589 2928 2641 2983 in
2673 2928 3055 2983 retractatione
3081 2928 3183 2985 sub
3207 2930 3444 2998 qualibet
3471 2930 3585 2999 pie-

1998 3021 2122 3077 tatis
2171 3020 2457 3077 occasione
2497 3021 2671 3076 teneri
2718 3035 2826 3076 non
2868 3020 3095 3087 debent;
3136 3022 3403 3091 principue
3446 3020 3586 3092 apud

1997 3126 2262 3186 posteros,
2307 3115 2417 3185 jam
2462 3114 2754 3171 secundum
2786 3128 3003 3170 carnem
3057 3115 3283 3168 mortuis
3311 3114 3403 3183 qui
3440 3113 3587 3184 judi-

514 3180 517 3181 ν
602 3180 615 3182 _
673 3180 685 3182 -
737 3180 789 3183 ἡ,
838 3180 1139 3196 Γηνηην
1178 3180 1193 3183 _
1236 3180 1301 3186 _-
1439 3180 1540 3187 _.-_
1573 3180 1795 3202 Ὕηη--
1823 3180 1887 3189 _..

305 3218 630 3287 Ephesinum
643 3221 926 3274 concilium
950 3236 1049 3291 per
1061 3221 1340 3277 Versulam
1353 3223 1554 3279 directa
1571 3225 1882 3280 diaconum:

2001 3180 2138 3265 cium
2174 3180 2549 3279 protulerunt,
2584 3217 2637 3261 et
2668 3206 2739 3261 ibi
2782 3205 2892 3275 jam
2937 3206 3241 3262 constitutis
3287 3180 3397 3272 ubi,
3437 3180 3587 3276 juxta
3646 3262 3653 3265 _

309 3327 328 3361 ι
360 3307 532 3364 Habet
570 3310 826 3381 quidquid
857 3311 995 3369 forte
1041 3330 1211 3378 nuper
1254 3317 1509 3381 exoritur,
1537 3318 1888 3375 discussionis

305 3402 706 3470 necessitatem,
728 3414 787 3458 ut
815 3414 905 3460 aut
934 3407 1098 3475 recipi
1124 3409 1424 3479 probatum,
1458 3422 1549 3466 aut
1578 3412 1886 3468 damnatum

306 3493 473 3561 possit
502 3495 729 3548 excludi.
758 3495 832 3549 Ea
864 3512 988 3551 vero
1014 3499 1082 3553 de
1110 3500 1301 3567 quibus
1350 3512 1507 3557 antea
1532 3503 1642 3573 jam
1679 3504 1893 3574 judica-

308 3591 416 3636 tum
446 3594 530 3639 est
555 3586 599 3639 si
622 3586 741 3655 quis
768 3586 1038 3644 admiserit
1058 3586 1112 3644 in
1135 3596 1565 3649 retractationem
1592 3597 1787 3659 vocari,
1816 3596 1892 3650 vi-

308 3677 522 3731 debitur
551 3678 617 3733 de
648 3679 752 3735 ﬁde
793 3696 950 3751 quam
996 3699 1137 3739 nunc
1181 3701 1348 3755 usque
1378 3690 1548 3742 tenuit
1596 3690 1709 3757 ipse
1738 3689 1893 3744 dubi-

309 3778 440 3825 tare.
471 3790 490 3823 ι
519 3772 655 3827 Ecce
679 3773 789 3843 jam
821 3791 925 3830 non
956 3762 1148 3831 statuta
1194 3789 1395 3833 tantum
1446 3783 1756 3851 synodalia,
1799 3782 1895 3837 sed

310 3876 447 3930 pene
496 3874 810 3920 cunctorum
860 3866 1064 3921 ﬁrmata
1110 3868 1349 3936 judicia,
1399 3874 1579 3941 vocari
1627 3887 1815 3928 rursus
1843 3874 1897 3928 in

310 3968 537 4009 examen
596 3957 755 4011 nimis
806 3971 926 4011 esse
976 3959 1241 4028 culpabile
1292 3940 1655 4018 memorabilis
1710 3964 1899 4020 doctor

311 4044 770 4113 Carthaginiensis
817 4046 1077 4102 Ecclesia:
1120 4050 1432 4116 proﬁtetur;
1470 4056 1741 4121 quomodo
1771 4072 1899 4126 ergo

315 4151 455 4188 nunc
478 4136 603 4190 olim
633 4136 870 4205 judicata
905 4136 1325 4207 judicabuntur?
1354 4142 1411 4197 Si
1443 4155 1566 4197 tunc
1594 4146 1784 4213 aliquis
1813 4162 1903 4200 ac-

317 4234 533 4278 cusator
560 4226 805 4294 epistolte
835 4228 985 4296 cujus
1013 4229 1276 4284 catholica
1304 4246 1427 4287 esse
1455 4234 1676 4289 dictatio
1713 4235 1907 4291 claruit

315 4315 382 4369 ad
415 4314 621 4385 majora
672 4317 868 4386 judicia
902 4330 1253 4390 provocaret,
1287 4325 1633 4393 appellationi
1683 4326 1904 4382 forsitan

316 4407 606 4460 secundum
631 4411 1069 4467 consuetudinem
1091 4414 1239 4469 locus
1264 4425 1501 4484 pateret;
1527 4417 1620 4471 sed
1640 4433 1747 4488 quo
1769 4418 1906 4474 iret?

315 4506 402 4551 aut
430 4498 518 4554 ubi
546 4499 781 4570 majores
830 4504 1092 4573 reperiret
1138 4506 1191 4561 in
1233 4508 1466 4563 Ecclesia
1493 4509 1746 4578 judices?
1775 4521 1896 4567 ante

1993 3300 2362 3371 Evangelium,
2399 3299 2555 3353 Pater
2585 3316 2686 3352 non
2709 3299 2913 3371 judicat
2938 3316 3242 3369 quamquam
3268 3343 3281 3365 ,
3315 3298 3405 3354 sed
3439 3317 3589 3354 omne

1984 3395 2242 3468 judicium
2269 3392 2408 3446 dedit
2438 3392 2580 3446 Filio
2607 3391 2788 3463 (Joan.
2818 3408 2871 3460 v,
2897 3392 3017 3462 22).
3049 3394 3184 3460 Quid
3216 3393 3438 3462 prodest
3465 3410 3585 3448 cmn

1994 3485 2380 3540 dormientibus
2430 3485 2631 3540 habere
2668 3494 2983 3548 certamen,
3013 3491 3108 3538 aut
3148 3499 3243 3552 pro
3266 3482 3589 3541 dormienti-

1998 3579 2096 3634 bus
2130 3578 2420 3633 Eeclesiam
2454 3577 2804 3648 perturbare?
2835 3577 2889 3632 Si
2929 3575 3047 3645 quis
3078 3576 3251 3630 adhuc
3276 3578 3327 3630 in
3359 3592 3587 3645 corpore

1998 3671 2183 3726 mortis
2209 3670 2365 3740 hujus
2392 3679 2676 3741 accusatus
2700 3677 2754 3722 et
2774 3668 3078 3733 damnatus,
3103 3677 3388 3737 antequam
3414 3682 3592 3723 ntere-

1999 3774 2147 3819 retur
2176 3763 2411 3825 absolvi,
2436 3762 2503 3817 de
2529 3762 2725 3817 saeculo
2760 3768 2941 3830 raptus
2970 3771 3072 3824 est,
3116 3761 3319 3815 absolvi
3354 3777 3458 3816 non
3492 3778 3589 3828 po—

2003 3868 2105 3912 test
2128 3857 2348 3911 ulterius
2380 3858 2614 3909 humano
2635 3855 2857 3923 judicio.
2890 3854 2945 3909 Si
2976 3853 3095 3922 quis
3118 3864 3397 3909 accuSattts
3425 3865 3476 3908 et
3495 3854 3589 3908 ab—

2003 3949 2211 4003 solutus
2234 3949 2285 4002 in
2317 3962 2448 4016 pace
2482 3948 2735 4001 Ecclesia:
2765 3947 3008 4000 transivit
3038 3946 3107 4000 ad
3132 3946 3437 4013 Dominum,
3463 3962 3594 4001 con.

2004 4041 2249 4095 demnari
2282 4056 2386 4093 nou
2419 4048 2596 4108 potest
2624 4040 2859 4094 humano
2881 4039 3103 4109 judicio.
3129 4041 3185 4095 Si
3213 4041 3331 4109 quis
3369 4054 3592 4095 accusa-

2008 4142 2091 4185 tus
2116 4143 2239 4187 ante
2264 4131 2405 4186 diem
2451 4131 2802 4185 sacerdotalis
2828 4122 3089 4185 examinis
3131 4131 3407 4200 repentina
3436 4146 3594 4185 voca-

2008 4226 2156 4277 tione
2193 4232 2496 4291 praeventus
2544 4232 2659 4288 est,
2710 4224 2845 4276 intra
2887 4224 3062 4276 sinum
3108 4224 3295 4278 matris
3328 4223 3594 4277 Ecclesia:

2009 4317 2351 4383 constitutus,
2391 4315 2574 4371 divino
2615 4314 2988 4385 intelligendus
3014 4323 3097 4369 est
3119 4314 3322 4384 judicio
3346 4328 3593 4370 reserva-

2012 4418 2131 4464 tus:
2162 4408 2229 4463 de
2261 4409 2363 4462 hoc
2389 4410 2566 4463 nullus
2592 4409 2752 4463 homo
2782 4418 2957 4478 potest
2988 4408 3319 4462 manifestam
3353 4406 3595 4478 proferre

2014 4502 2372 4565 sententiam;
2404 4500 2490 4555 cui
2539 4500 2584 4555 si
2627 4501 2768 4554 Deus
2813 4499 3191 4569 indulgentiam
3238 4498 3594 4563 dedit,'nihil

314 4603 372 4642 se
403 4588 603 4645 habens
650 4592 702 4646 in
749 4594 940 4665 legatis
987 4596 1097 4651 suis
1137 4600 1484 4668 apostolicam
1540 4602 1763 4670 sedem,
1791 4619 1892 4673 qua

2006 4603 2161 4649 nocet
2187 4604 2367 4649 nostra
2399 4593 2687 4657 severitas;
2720 4592 2763 4646 si
2793 4592 3110 4662 supplicium
3134 4591 3478 4660 prtcparavit.
3514 4590 3595 4645 ni-

315 4687 705 4753 eonsentiente,
737 4688 996 4759 quidquid
1023 4691 1110 4746 illa
1142 4692 1387 4748 deﬁnivit
1416 4696 1672 4765 synodus,
1695 4697 1900 4766 accepit

318 4776 479 4830 robur
501 4778 794 4834 invictum?
819 4782 931 4837 Vox
964 4783 1126 4853 igitur
1147 4786 1394 4856 adempta
1425 4788 1730 4845 volentibus
1762 4792 1900 4845 male

318 4879 586 4936 assumpta
637 4870 946 4938 defendere,
982 4877 1252 4943 quomodo
1301 4881 1493 4932 iterum
1545 4883 1902 4936 restituetur?

317 4957 437 5024 quis
467 4958 567 5011 erit
595 4967 715 5028 post
736 4970 915 5016 tantos
958 4977 1021 5017 ac
1062 4967 1194 5019 tales
1220 4968 1500 5035 pontiﬁces
1549 4974 1748 5039 negotii
1788 4974 1899 5043 jant

321 5048 523 5116 peracti
550 5064 721 5104 novus
748 5061 801 5105 et
831 5052 1054 5109 idoneus
1082 5058 1358 5126 cognitor?
1390 5074 1454 5113 ex
1496 5061 1691 5128 quibus
1721 5064 1903 5117 mundi

322 5140 560 5207 partibus
582 5150 673 5195 aut
700 5144 1003 5199 civitatibus
1054 5148 1304 5203 meliores
1354 5151 1588 5221 antiquis
1638 5154 1905 5225 episeOpis

319 5234 788 5305 congregabuntur
814 5237 1091 5308 episcopi,
1120 5241 1312 5310 quibus
1339 5253 1574 5311 potestas
1600 5245 1757 5301 detur
1781 5264 1907 5303 sen-

323 5328 515 5383 tentias
541 5329 829 5385 emendare
863 5330 1167 5401 majorum?
1194 5334 1275 5390 vel
1318 5352 1421 5406 qua
1452 5354 1547 5408 spe
1571 5341 1907 5397 confidenter

321 5432 592 5477 assumant
619 5423 819 5495 aliquid
847 5423 1107 5495 delinire,
1151 5427 1391 5485 videntes
1436 5435 1618 5487 talium
1670 5436 1905 5489 virorunt

317 5512 513 5581 judicia
536 5524 758 5585 repente
784 5519 1020 5573 cassari?
1049 5520 1330 5587 Quomodo
1356 5524 1763 5579 successoribus
1809 5541 1906 5580 no-

254 5638 261 5643 -
320 5604 446 5661 stris
467 5608 663 5677 poterit
688 5610 899 5680 placere
922 5614 1063 5683 quod
1089 5615 1315 5685 agimus,
1334 5616 1377 5671 si
1402 5632 1497 5686 per
1518 5631 1616 5672 nos
1637 5617 1906 5674 docebun-

396 5793 422 5823 ι
454 5785 548 5842 llic
576 5790 797 5850 restituo
818 5792 950 5849 nihil
978 5795 1122 5851 aliud
1147 5810 1215 5854 ex
1240 5796 1427 5857 Graeco
1458 5797 1601 5856 οὐδέν
1630 5800 1798 5861 ἕτερον

2006 4687 2080 4741 ltil
2112 4686 2328 4757 prodest
2358 4698 2538 4741 nosua
2570 4684 2886 4754 benignitas.

2077 4783 2131 4838 8.
2179 4784 2330 4838 Vetat
2360 4798 2457 4837 nos
2498 4781 2782 4851 Aposmlus
2829 4781 2945 4851 plus
2992 4795 3171 4850 sapere
3198 4794 3353 4850 quam
3402 4784 3597 4849 Oportet

2003 4895 2179 4949 sapere
2209 4878 2384 4947 (Rom.
2414 4892 2506 4939 xu,
2540 4876 2595 4945 5)
2623 4891 2637 4939 ;
2669 4875 2968 4943 quicunque
2994 4888 3119 4943 ergo
3145 4872 3300 4925 aliter
3326 4872 3519 4933 sentit,
3543 4876 3597 4923 et

2007 4983 2210 5027 rectum
2244 4980 2391 5039 putat
2410 4984 2528 5023 esse
2551 4970 2688 5037 quod
2713 4969 2894 5035 sentit,
2928 4968 3026 5021 sub
3057 4969 3152 5019 hac
3175 4965 3465 5018 devotione
3487 4963 3598 5028 pie-

2012 5066 2134 5117 tatis
2166 5064 2435 5130 loquatur,
2468 5060 2685 5125 scribat,
2718 5059 2971 5127 disputet,
3014 5057 3065 5110 in
3115 5055 3330 5124 negotio
3371 5065 3598 5121 praeser-

2012 5156 2104 5208 tim
2140 5153 2442 5221 religionis,
2476 5160 2531 5204 ut
2577 5151 2844 5204 nemiuem
2876 5149 3032 5204 dictis
3062 5146 3172 5200 suis
3202 5144 3421 5199 obedire
3449 5157 3599 5196 com-

2013 5247 2174 5317 pellat
2203 5245 2455 5309 invitttm;
2498 5258 2595 5298 nec
2626 5244 2783 5297 unius
2816 5239 3045 5294 hominis
3068 5235 3389 5293 sententiam
3420 5233 3598 5287 valere

2012 5348 2219 5393 tantum
2264 5336 2447 5391 credat
2473 5378 2487 5400 ,
2530 5344 2587 5388 ut
2625 5332 2992 5404 prﬂ‘judlClllln
3038 5334 3259 5397 generet
3288 5326 3445 5379 aliter
3474 5339 3598 5377 sen-

2014 5435 2289 5490 tientibus.
2334 5432 2515 5485 Potest
2556 5425 2916 5494 unusquisque
2963 5430 3162 5477 rectam
3214 5418 3510 5489 prtedicans
3541 5418 3596 5470 ﬁ-

2011 5532 2155 5594 dem,
2191 5527 2329 5598 quod
2374 5526 2537 5577 sentit
2578 5521 2848 5585 scribere,
2901 5535 3007 5572 non
3038 5528 3213 5570 tamen
3260 5515 3325 5570 ad
3363 5514 3597 5569 subseri-

2012 5623 2241 5679 beudutn
2273 5636 2392 5690 qua:
2423 5618 2537 5687 ipse
2564 5614 2877 5683 scripserat,
2907 5612 3037 5668 alios
3070 5625 3379 5683 provocare.
3411 5609 3596 5677 Quam

2088 5801 2115 5842 δ
2157 5802 2251 5858 llic
2282 5798 2497 5855 videtur
2526 5794 2713 5851 deesse
2747 5792 2909 5848 Petri.
