  <div class='ocr_page' id='page_1' title='image "/cluster/home/n/w/nwhite01/storage/ocr_20150623/67/hvd.32044015547185/471.png"; bbox 0 0 4104 6360; ppageno 0'>
   <div class='ocr_carea' id='block_1_1' title="bbox 574 290 674 345">
    <p class='ocr_par' dir='ltr' id='par_1_1' title="bbox 574 290 674 345">
     <span class='ocr_line' id='line_1_1' title="bbox 574 290 674 345; baseline -0.01 0"><span class='ocrx_word' id='word_1_1' title='bbox 574 290 674 345; x_wconf 73' lang='grc'><strong>927</strong></span> 
     </span>
    </p>
   </div>
   <div class='ocr_carea' id='block_1_2' title="bbox 1484 290 2913 365">
    <p class='ocr_par' dir='ltr' id='par_1_2' title="bbox 1484 290 2913 365">
     <span class='ocr_line' id='line_1_2' title="bbox 1484 290 2913 365; baseline 0.002 -20"><span class='ocrx_word' id='word_1_2' title='bbox 1484 290 1850 365; x_wconf 59' lang='lat' dir='ltr'><strong>FULGENTII</strong></span> <span class='ocrx_word' id='word_1_3' title='bbox 1890 290 2241 347; x_wconf 72' lang='lat' dir='ltr'><strong>FERRANDI</strong></span> <span class='ocrx_word' id='word_1_4' title='bbox 2283 290 2556 346; x_wconf 70' lang='lat' dir='ltr'><strong>DIACONI</strong></span> <span class='ocrx_word' id='word_1_5' title='bbox 2583 291 2913 347; x_wconf 71' lang='lat' dir='ltr'><strong>CAR&#39;I’HAG</strong></span> 
     </span>
    </p>
   </div>
   <div class='ocr_carea' id='block_1_3' title="bbox 3762 302 3875 359">
    <p class='ocr_par' dir='ltr' id='par_1_3' title="bbox 3762 302 3875 359">
     <span class='ocr_line' id='line_1_3' title="bbox 3762 302 3875 359; baseline 0.018 -3"><span class='ocrx_word' id='word_1_6' title='bbox 3762 302 3875 359; x_wconf 67' lang='lat'><strong>928</strong></span> 
     </span>
    </p>
   </div>
   <div class='ocr_carea' id='block_1_4' title="bbox 572 403 3871 476">
    <p class='ocr_par' dir='ltr' id='par_1_4' title="bbox 572 403 3871 476">
     <span class='ocr_line' id='line_1_4' title="bbox 572 403 3871 476; baseline 0.003 -17"><span class='ocrx_word' id='word_1_7' title='bbox 572 413 686 459; x_wconf 85' lang='lat' dir='ltr'><strong>tum</strong></span> <span class='ocrx_word' id='word_1_8' title='bbox 716 405 1085 459; x_wconf 87' lang='lat' dir='ltr'><strong>laboraverunt</strong></span> <span class='ocrx_word' id='word_1_9' title='bbox 1120 406 1174 459; x_wconf 89' lang='lat' dir='ltr'><strong>in</strong></span> <span class='ocrx_word' id='word_1_10' title='bbox 1218 404 1594 471; x_wconf 66' lang='lat' dir='ltr'><strong>praedicatione</strong></span> <span class='ocrx_word' id='word_1_11' title='bbox 1632 407 1777 461; x_wconf 84' lang='lat' dir='ltr'><strong>verbi</strong></span> <span class='ocrx_word' id='word_1_12' title='bbox 1808 452 1821 473; x_wconf 84' lang='lat'><strong>,</strong></span> <span class='ocrx_word' id='word_1_13' title='bbox 1866 415 1986 476; x_wconf 87' lang='lat' dir='ltr'><strong>post</strong></span> <span class='ocrx_word' id='word_1_14' title='bbox 2031 420 2159 475; x_wconf 84' lang='lat' dir='ltr'><strong>apo-</strong></span> <span class='ocrx_word' id='word_1_15' title='bbox 2189 406 2241 465; x_wconf 81' lang='grc' dir='ltr'><strong>Α</strong></span> <span class='ocrx_word' id='word_1_16' title='bbox 2270 403 2449 457; x_wconf 78' lang='lat' dir='ltr'><strong>nullus</strong></span> <span class='ocrx_word' id='word_1_17' title='bbox 2474 404 2613 457; x_wconf 88' lang='lat' dir='ltr'><strong>nbro</strong></span> <span class='ocrx_word' id='word_1_18' title='bbox 2641 419 2743 458; x_wconf 90' lang='lat' dir='ltr'><strong>suo</strong></span> <span class='ocrx_word' id='word_1_19' title='bbox 2765 420 2859 473; x_wconf 89' lang='lat' dir='ltr'><strong>per</strong></span> <span class='ocrx_word' id='word_1_20' title='bbox 2881 404 3308 474; x_wconf 77' lang='lat' dir='ltr'><strong>subscriptiones</strong></span> <span class='ocrx_word' id='word_1_21' title='bbox 3346 408 3704 476; x_wconf 87' lang='lat' dir='ltr'><strong>plurimorum</strong></span> <span class='ocrx_word' id='word_1_22' title='bbox 3736 413 3871 469; x_wconf 79' lang='lat' dir='ltr'><strong>dare</strong></span> 
     </span>
    </p>
   </div>
   <div class='ocr_carea' id='block_1_5' title="bbox 574 495 2161 567">
    <p class='ocr_par' dir='ltr' id='par_1_5' title="bbox 574 495 2161 567">
     <span class='ocr_line' id='line_1_5' title="bbox 574 495 2161 567; baseline 0.003 -20"><span class='ocrx_word' id='word_1_23' title='bbox 574 497 762 561; x_wconf 90' lang='lat' dir='ltr'><strong>stolos,</strong></span> <span class='ocrx_word' id='word_1_24' title='bbox 789 495 1109 549; x_wconf 75' lang='lat' dir='ltr'><strong>sanctissimi</strong></span> <span class='ocrx_word' id='word_1_25' title='bbox 1160 496 1233 549; x_wconf 86' lang='lat' dir='ltr'><strong>illi</strong></span> <span class='ocrx_word' id='word_1_26' title='bbox 1285 497 1632 567; x_wconf 69' lang='lat' dir='ltr'><strong>praeclarique</strong></span> <span class='ocrx_word' id='word_1_27' title='bbox 1660 498 1927 561; x_wconf 87' lang='lat' dir='ltr'><strong>doctores,</strong></span> <span class='ocrx_word' id='word_1_28' title='bbox 1962 499 2161 567; x_wconf 81' lang='lat' dir='ltr'><strong>quibus</strong></span> 
     </span>
    </p>
   </div>
   <div class='ocr_carea' id='block_1_6' title="bbox 577 588 2161 656">
    <p class='ocr_par' dir='ltr' id='par_1_6' title="bbox 577 588 2161 656">
     <span class='ocr_line' id='line_1_6' title="bbox 577 588 2161 656; baseline 0.003 -16"><span class='ocrx_word' id='word_1_29' title='bbox 577 603 671 654; x_wconf 86' lang='lat' dir='ltr'><strong>per</strong></span> <span class='ocrx_word' id='word_1_30' title='bbox 698 589 949 655; x_wconf 84' lang='lat' dir='ltr'><strong>Spiritum</strong></span> <span class='ocrx_word' id='word_1_31' title='bbox 981 588 1257 656; x_wconf 70' lang='lat' dir='ltr'><strong>Supielilizl‘.</strong></span> <span class='ocrx_word' id='word_1_32' title='bbox 1305 599 1357 643; x_wconf 88' lang='lat' dir='ltr'><strong>et</strong></span> <span class='ocrx_word' id='word_1_33' title='bbox 1404 591 1644 644; x_wconf 51' lang='lat' dir='ltr'><strong>scil-ntiar</strong></span> <span class='ocrx_word' id='word_1_34' title='bbox 1674 602 2013 645; x_wconf 82' lang='lat' dir='ltr'><strong>concesserat</strong></span> <span class='ocrx_word' id='word_1_35' title='bbox 2054 591 2161 644; x_wconf 89' lang='lat' dir='ltr'><strong>Do-</strong></span> 
     </span>
    </p>
   </div>
   <div class='ocr_carea' id='block_1_7' title="bbox 575 681 2161 751">
    <p class='ocr_par' dir='ltr' id='par_1_7' title="bbox 575 681 2161 751">
     <span class='ocr_line' id='line_1_7' title="bbox 575 681 2161 751; baseline 0.004 -20"><span class='ocrx_word' id='word_1_36' title='bbox 575 681 749 732; x_wconf 85' lang='lat' dir='ltr'><strong>minus</strong></span> <span class='ocrx_word' id='word_1_37' title='bbox 774 681 966 736; x_wconf 87' lang='lat' dir='ltr'><strong>docere</strong></span> <span class='ocrx_word' id='word_1_38' title='bbox 1011 683 1340 749; x_wconf 88' lang='lat' dir='ltr'><strong>catholicos,</strong></span> <span class='ocrx_word' id='word_1_39' title='bbox 1393 693 1449 737; x_wconf 90' lang='lat' dir='ltr'><strong>et</strong></span> <span class='ocrx_word' id='word_1_40' title='bbox 1494 684 1773 737; x_wconf 66' lang='lat' dir='ltr'><strong>haereticos</strong></span> <span class='ocrx_word' id='word_1_41' title='bbox 1809 686 2161 751; x_wconf 71' lang='lat' dir='ltr'><strong>expugnare?</strong></span> 
     </span>
    </p>
   </div>
   <div class='ocr_carea' id='block_1_8' title="bbox 570 767 2161 842">
    <p class='ocr_par' dir='ltr' id='par_1_8' title="bbox 570 767 2161 842">
     <span class='ocr_line' id='line_1_8' title="bbox 570 767 2161 842; baseline 0.005 -21"><span class='ocrx_word' id='word_1_42' title='bbox 570 767 736 823; x_wconf 83' lang='lat' dir='ltr'><strong>libros</strong></span> <span class='ocrx_word' id='word_1_43' title='bbox 768 781 941 825; x_wconf 84' lang='lat' dir='ltr'><strong>tanien</strong></span> <span class='ocrx_word' id='word_1_44' title='bbox 971 788 1099 824; x_wconf 83' lang='lat' dir='ltr'><strong>suos</strong></span> <span class='ocrx_word' id='word_1_45' title='bbox 1129 788 1157 824; x_wconf 87' lang='lat' dir='ltr'><strong>a</strong></span> <span class='ocrx_word' id='word_1_46' title='bbox 1184 774 1398 826; x_wconf 80' lang='lat' dir='ltr'><strong>Ilt&#39;lllille</strong></span> <span class='ocrx_word' id='word_1_47' title='bbox 1428 775 1757 839; x_wconf 77' lang='lat' dir='ltr'><strong>subsrriplns</strong></span> <span class='ocrx_word' id='word_1_48' title='bbox 1787 777 2014 842; x_wconf 60' lang='lat' dir='ltr'><strong>pOSTcliS</strong></span> <span class='ocrx_word' id='word_1_49' title='bbox 2036 778 2161 829; x_wconf 83' lang='lat' dir='ltr'><strong>re‘i-</strong></span> 
     </span>
    </p>
   </div>
   <div class='ocr_carea' id='block_1_9' title="bbox 575 863 2160 935">
    <p class='ocr_par' dir='ltr' id='par_1_9' title="bbox 575 863 2160 935">
     <span class='ocr_line' id='line_1_9' title="bbox 575 863 2160 935; baseline 0.007 -24"><span class='ocrx_word' id='word_1_50' title='bbox 575 875 829 926; x_wconf 71' lang='lat' dir='ltr'><strong>quierunt.</strong></span> <span class='ocrx_word' id='word_1_51' title='bbox 863 863 1283 917; x_wconf 66' lang='lat' dir='ltr'><strong>Consitleremus</strong></span> <span class='ocrx_word' id='word_1_52' title='bbox 1328 868 1452 933; x_wconf 88' lang='lat' dir='ltr'><strong>quid</strong></span> <span class='ocrx_word' id='word_1_53' title='bbox 1507 870 1692 920; x_wconf 68' lang='lat' dir='ltr'><strong>beatus</strong></span> <span class='ocrx_word' id='word_1_54' title='bbox 1724 870 2013 935; x_wconf 77' lang='lat' dir='ltr'><strong>Apostolus</strong></span> <span class='ocrx_word' id='word_1_55' title='bbox 2046 885 2160 922; x_wconf 85' lang='lat' dir='ltr'><strong>mo-</strong></span> 
     </span>
    </p>
   </div>
   <div class='ocr_carea' id='block_1_10' title="bbox 572 951 2156 1020">
    <p class='ocr_par' dir='ltr' id='par_1_10' title="bbox 572 951 2156 1020">
     <span class='ocr_line' id='line_1_10' title="bbox 572 951 2156 1020; baseline 0.006 -17"><span class='ocrx_word' id='word_1_56' title='bbox 572 961 695 1006; x_wconf 74' lang='lat' dir='ltr'><strong>neat</strong></span> <span class='ocrx_word' id='word_1_57' title='bbox 722 970 734 1005; x_wconf 90' lang='lat'><strong>:</strong></span> <span class='ocrx_word' id='word_1_58' title='bbox 766 951 1037 1017; x_wconf 56' lang='lat' dir='ltr'><strong>Preti/tene</strong></span> <span class='ocrx_word' id='word_1_59' title='bbox 1063 958 1167 1007; x_wconf 82' lang='lat' dir='ltr'><strong>duo</strong></span> <span class='ocrx_word' id='word_1_60' title='bbox 1196 955 1271 1009; x_wconf 67' lang='grc' dir='ltr'><strong>υρι</strong></span> <span class='ocrx_word' id='word_1_61' title='bbox 1302 969 1401 1010; x_wconf 69' lang='lat' dir='ltr'><strong>tris</strong></span> <span class='ocrx_word' id='word_1_62' title='bbox 1432 959 1637 1020; x_wconf 80' lang='lat' dir='ltr'><strong>dicant,</strong></span> <span class='ocrx_word' id='word_1_63' title='bbox 1668 962 1742 1012; x_wconf 85' lang='lat' dir='ltr'><strong>ret</strong></span> <span class='ocrx_word' id='word_1_64' title='bbox 1768 962 1934 1014; x_wconf 67' lang='grc' dir='ltr'><strong>(αξιοι-ἰ</strong></span> <span class='ocrx_word' id='word_1_65' title='bbox 1965 962 2156 1014; x_wconf 54' lang='lat' dir='ltr'><strong>exarui.</strong></span> 
     </span>
    </p>
   </div>
   <div class='ocr_carea' id='block_1_11' title="bbox 570 1043 2155 1121">
    <p class='ocr_par' dir='ltr' id='par_1_11' title="bbox 570 1043 2155 1121">
     <span class='ocr_line' id='line_1_11' title="bbox 570 1043 2155 1121; baseline 0.006 -25"><span class='ocrx_word' id='word_1_66' title='bbox 570 1043 763 1110; x_wconf 85' lang='lat' dir='ltr'><strong>nent(l</strong></span> <span class='ocrx_word' id='word_1_67' title='bbox 798 1045 915 1099; x_wconf 63' lang='lat' dir='ltr'><strong>Cm“.</strong></span> <span class='ocrx_word' id='word_1_68' title='bbox 950 1063 1058 1111; x_wconf 77' lang='lat' dir='ltr'><strong>xw,</strong></span> <span class='ocrx_word' id='word_1_69' title='bbox 1111 1048 1225 1109; x_wconf 68' lang='lat'><strong>:19).</strong></span> <span class='ocrx_word' id='word_1_70' title='bbox 1281 1049 1523 1116; x_wconf 82' lang='lat' dir='ltr'><strong>Nunquid</strong></span> <span class='ocrx_word' id='word_1_71' title='bbox 1570 1051 1745 1103; x_wconf 71' lang='lat' dir='ltr'><strong>dixit:</strong></span> <span class='ocrx_word' id='word_1_72' title='bbox 1784 1050 2155 1121; x_wconf 81' lang='lat' dir='ltr'><strong>Subscribam,</strong></span> 
     </span>
    </p>
   </div>
   <div class='ocr_carea' id='block_1_12' title="bbox 570 1138 2153 1211">
    <p class='ocr_par' dir='ltr' id='par_1_12' title="bbox 570 1138 2153 1211">
     <span class='ocr_line' id='line_1_12' title="bbox 570 1138 2153 1211; baseline 0.005 -21"><span class='ocrx_word' id='word_1_73' title='bbox 570 1148 657 1191; x_wconf 86' lang='lat' dir='ltr'><strong>aut</strong></span> <span class='ocrx_word' id='word_1_74' title='bbox 689 1138 1026 1192; x_wconf 76' lang='lat' dir='ltr'><strong>subscribere</strong></span> <span class='ocrx_word' id='word_1_75' title='bbox 1055 1140 1481 1205; x_wconf 89' lang='lat' dir='ltr'><strong>compellantur?</strong></span> <span class='ocrx_word' id='word_1_76' title='bbox 1514 1141 1830 1211; x_wconf 78' lang='lat' dir='ltr'><strong>Diligentius</strong></span> <span class='ocrx_word' id='word_1_77' title='bbox 1860 1144 2153 1198; x_wconf 80' lang='lat' dir='ltr'><strong>examinari</strong></span> 
     </span>
    </p>
   </div>
   <div class='ocr_carea' id='block_1_13' title="bbox 567 1229 2158 1299">
    <p class='ocr_par' dir='ltr' id='par_1_13' title="bbox 567 1229 2158 1299">
     <span class='ocr_line' id='line_1_13' title="bbox 567 1229 2158 1299; baseline 0.008 -20"><span class='ocrx_word' id='word_1_78' title='bbox 567 1244 687 1297; x_wconf 69' lang='lat' dir='ltr'><strong>qtae</strong></span> <span class='ocrx_word' id='word_1_79' title='bbox 729 1229 869 1283; x_wconf 90' lang='lat' dir='ltr'><strong>dicta</strong></span> <span class='ocrx_word' id='word_1_80' title='bbox 912 1240 1037 1284; x_wconf 89' lang='lat' dir='ltr'><strong>sunt</strong></span> <span class='ocrx_word' id='word_1_81' title='bbox 1075 1231 1244 1299; x_wconf 85' lang='lat' dir='ltr'><strong>jubet,</strong></span> <span class='ocrx_word' id='word_1_82' title='bbox 1282 1247 1348 1285; x_wconf 91' lang='lat' dir='ltr'><strong>ne</strong></span> <span class='ocrx_word' id='word_1_83' title='bbox 1388 1247 1682 1287; x_wconf 84' lang='lat' dir='ltr'><strong>consensus</strong></span> <span class='ocrx_word' id='word_1_84' title='bbox 1711 1234 1877 1289; x_wconf 78' lang='lat' dir='ltr'><strong>facilis</strong></span> <span class='ocrx_word' id='word_1_85' title='bbox 1920 1238 2158 1291; x_wconf 85' lang='lat' dir='ltr'><strong>incurrat</strong></span> 
     </span>
    </p>
   </div>
   <div class='ocr_carea' id='block_1_14' title="bbox 567 1326 2157 1397">
    <p class='ocr_par' dir='ltr' id='par_1_14' title="bbox 567 1326 2157 1397">
     <span class='ocr_line' id='line_1_14' title="bbox 567 1326 2157 1397; baseline 0.004 -19"><span class='ocrx_word' id='word_1_86' title='bbox 567 1337 806 1378; x_wconf 88' lang='lat' dir='ltr'><strong>errorem</strong></span> <span class='ocrx_word' id='word_1_87' title='bbox 836 1342 847 1375; x_wconf 87' lang='lat'><strong>:</strong></span> <span class='ocrx_word' id='word_1_88' title='bbox 884 1328 956 1377; x_wconf 76' lang='lat' dir='ltr'><strong>s&#39;t</strong></span> <span class='ocrx_word' id='word_1_89' title='bbox 987 1326 1275 1393; x_wconf 84' lang='lat' dir='ltr'><strong>unicuique</strong></span> <span class='ocrx_word' id='word_1_90' title='bbox 1323 1326 1546 1380; x_wconf 88' lang='lat' dir='ltr'><strong>liberum</strong></span> <span class='ocrx_word' id='word_1_91' title='bbox 1580 1366 1595 1391; x_wconf 87' lang='lat'><strong>,</strong></span> <span class='ocrx_word' id='word_1_92' title='bbox 1646 1340 1922 1397; x_wconf 79' lang='lat' dir='ltr'><strong>poSIquatn</strong></span> <span class='ocrx_word' id='word_1_93' title='bbox 1968 1330 2157 1397; x_wconf 74' lang='lat' dir='ltr'><strong>legerit</strong></span> 
     </span>
    </p>
   </div>
   <div class='ocr_carea' id='block_1_15' title="bbox 568 1416 2158 1494">
    <p class='ocr_par' dir='ltr' id='par_1_15' title="bbox 568 1416 2158 1494">
     <span class='ocr_line' id='line_1_15' title="bbox 568 1416 2158 1494; baseline 0.009 -30"><span class='ocrx_word' id='word_1_94' title='bbox 568 1416 713 1481; x_wconf 87' lang='lat' dir='ltr'><strong>quod</strong></span> <span class='ocrx_word' id='word_1_95' title='bbox 744 1432 877 1469; x_wconf 86' lang='lat' dir='ltr'><strong>unus</strong></span> <span class='ocrx_word' id='word_1_96' title='bbox 912 1418 1069 1470; x_wconf 83' lang='lat' dir='ltr'><strong>homo</strong></span> <span class='ocrx_word' id='word_1_97' title='bbox 1101 1418 1342 1485; x_wconf 82' lang='lat' dir='ltr'><strong>dictavit,</strong></span> <span class='ocrx_word' id='word_1_98' title='bbox 1399 1436 1502 1473; x_wconf 86' lang='lat' dir='ltr'><strong>non</strong></span> <span class='ocrx_word' id='word_1_99' title='bbox 1544 1422 1611 1475; x_wconf 91' lang='lat' dir='ltr'><strong>ita</strong></span> <span class='ocrx_word' id='word_1_100' title='bbox 1663 1422 1801 1476; x_wconf 89' lang='lat' dir='ltr'><strong>dicta</strong></span> <span class='ocrx_word' id='word_1_101' title='bbox 1852 1424 1968 1494; x_wconf 84' lang='lat' dir='ltr'><strong>ejus</strong></span> <span class='ocrx_word' id='word_1_102' title='bbox 2014 1425 2158 1479; x_wconf 80' lang='lat' dir='ltr'><strong>acci-</strong></span> 
     </span>
    </p>
   </div>
   <div class='ocr_carea' id='block_1_16' title="bbox 570 1509 2154 1585">
    <p class='ocr_par' dir='ltr' id='par_1_16' title="bbox 570 1509 2154 1585">
     <span class='ocr_line' id='line_1_16' title="bbox 570 1509 2154 1585; baseline 0.008 -26"><span class='ocrx_word' id='word_1_103' title='bbox 570 1521 695 1575; x_wconf 86' lang='lat' dir='ltr'><strong>pere</strong></span> <span class='ocrx_word' id='word_1_104' title='bbox 742 1509 890 1575; x_wconf 79' lang='lat' dir='ltr'><strong>quasi</strong></span> <span class='ocrx_word' id='word_1_105' title='bbox 938 1511 1223 1564; x_wconf 86' lang='lat' dir='ltr'><strong>canonicas</strong></span> <span class='ocrx_word' id='word_1_106' title='bbox 1276 1512 1601 1575; x_wconf 76' lang='lat' dir='ltr'><strong>seripttiras;</strong></span> <span class='ocrx_word' id='word_1_107' title='bbox 1651 1515 1743 1567; x_wconf 88' lang='lat' dir='ltr'><strong>sed</strong></span> <span class='ocrx_word' id='word_1_108' title='bbox 1772 1517 2007 1583; x_wconf 79' lang='lat' dir='ltr'><strong>cogitare</strong></span> <span class='ocrx_word' id='word_1_109' title='bbox 2029 1517 2154 1585; x_wconf 87' lang='lat' dir='ltr'><strong>quid</strong></span> 
     </span>
    </p>
   </div>
   <div class='ocr_carea' id='block_1_17' title="bbox 567 1599 2154 1676">
    <p class='ocr_par' dir='ltr' id='par_1_17' title="bbox 567 1599 2154 1676">
     <span class='ocr_line' id='line_1_17' title="bbox 567 1599 2154 1676; baseline 0.007 -24"><span class='ocrx_word' id='word_1_110' title='bbox 567 1599 746 1668; x_wconf 77' lang='lat' dir='ltr'><strong>Ciignl,</strong></span> <span class='ocrx_word' id='word_1_111' title='bbox 780 1602 904 1667; x_wconf 87' lang='lat' dir='ltr'><strong>quid</strong></span> <span class='ocrx_word' id='word_1_112' title='bbox 937 1614 1172 1669; x_wconf 82' lang='lat' dir='ltr'><strong>respuat,</strong></span> <span class='ocrx_word' id='word_1_113' title='bbox 1215 1604 1339 1669; x_wconf 89' lang='lat' dir='ltr'><strong>quid</strong></span> <span class='ocrx_word' id='word_1_114' title='bbox 1370 1616 1623 1672; x_wconf 81' lang='lat' dir='ltr'><strong>sequatur</strong></span> <span class='ocrx_word' id='word_1_115' title='bbox 1648 1608 1850 1670; x_wconf 82' lang='lat' dir='ltr'><strong>statim,</strong></span> <span class='ocrx_word' id='word_1_116' title='bbox 1880 1609 2006 1676; x_wconf 91' lang='lat' dir='ltr'><strong>quid</strong></span> <span class='ocrx_word' id='word_1_117' title='bbox 2034 1625 2154 1662; x_wconf 90' lang='lat' dir='ltr'><strong>cum</strong></span> 
     </span>
    </p>
   </div>
   <div class='ocr_carea' id='block_1_18' title="bbox 566 1689 2153 1768">
    <p class='ocr_par' dir='ltr' id='par_1_18' title="bbox 566 1689 2153 1768">
     <span class='ocr_line' id='line_1_18' title="bbox 566 1689 2153 1768; baseline 0.008 -27"><span class='ocrx_word' id='word_1_118' title='bbox 566 1689 998 1756; x_wconf 86' lang='lat' dir='ltr'><strong>prudentioribus</strong></span> <span class='ocrx_word' id='word_1_119' title='bbox 1060 1694 1350 1749; x_wconf 57' lang='lat' dir='ltr'><strong>arii’tretur</strong></span> <span class='ocrx_word' id='word_1_120' title='bbox 1413 1697 1665 1751; x_wconf 80' lang='lat' dir='ltr'><strong>fratribus</strong></span> <span class='ocrx_word' id='word_1_121' title='bbox 1722 1700 2153 1768; x_wconf 74' lang='lat' dir='ltr'><strong>conferendum;</strong></span> 
     </span>
    </p>
   </div>
   <div class='ocr_carea' id='block_1_19' title="bbox 2270 495 3871 564">
    <p class='ocr_par' dir='ltr' id='par_1_19' title="bbox 2270 495 3871 564">
     <span class='ocr_line' id='line_1_19' title="bbox 2270 495 3871 564; baseline 0.01 -19"><span class='ocrx_word' id='word_1_122' title='bbox 2270 495 2397 548; x_wconf 88' lang='lat' dir='ltr'><strong>velit</strong></span> <span class='ocrx_word' id='word_1_123' title='bbox 2422 496 2794 549; x_wconf 86' lang='lat' dir='ltr'><strong>auctoritatem</strong></span> <span class='ocrx_word' id='word_1_124' title='bbox 2820 535 2837 561; x_wconf 90' lang='lat'><strong>,</strong></span> <span class='ocrx_word' id='word_1_125' title='bbox 2884 510 3044 564; x_wconf 89' lang='lat' dir='ltr'><strong>quam</strong></span> <span class='ocrx_word' id='word_1_126' title='bbox 3090 499 3218 552; x_wconf 87' lang='lat' dir='ltr'><strong>solis</strong></span> <span class='ocrx_word' id='word_1_127' title='bbox 3255 500 3530 555; x_wconf 79' lang='lat' dir='ltr'><strong>canonicis</strong></span> <span class='ocrx_word' id='word_1_128' title='bbox 3574 503 3733 559; x_wconf 78' lang='lat' dir='ltr'><strong>libris</strong></span> <span class='ocrx_word' id='word_1_129' title='bbox 3767 506 3871 561; x_wconf 82' lang='lat' dir='ltr'><strong>Ec-</strong></span> 
     </span>
    </p>
   </div>
   <div class='ocr_carea' id='block_1_20' title="bbox 2264 585 3863 663">
    <p class='ocr_par' dir='ltr' id='par_1_20' title="bbox 2264 585 3863 663">
     <span class='ocr_line' id='line_1_20' title="bbox 2264 585 3863 663; baseline 0.008 -26"><span class='ocrx_word' id='word_1_130' title='bbox 2264 586 2428 638; x_wconf 88' lang='lat' dir='ltr'><strong>clesia</strong></span> <span class='ocrx_word' id='word_1_131' title='bbox 2461 586 2725 657; x_wconf 84' lang='lat' dir='ltr'><strong>catholica</strong></span> <span class='ocrx_word' id='word_1_132' title='bbox 2772 585 2988 641; x_wconf 76' lang='lat' dir='ltr'><strong>detulit.</strong></span> <span class='ocrx_word' id='word_1_133' title='bbox 3043 588 3174 642; x_wconf 92' lang='lat' dir='ltr'><strong>Illud</strong></span> <span class='ocrx_word' id='word_1_134' title='bbox 3224 606 3439 660; x_wconf 89' lang='lat' dir='ltr'><strong>quoque</strong></span> <span class='ocrx_word' id='word_1_135' title='bbox 3484 596 3863 663; x_wconf 78' lang='lat' dir='ltr'><strong>tranquillitati</strong></span> 
     </span>
    </p>
   </div>
   <div class='ocr_carea' id='block_1_21' title="bbox 2266 674 3864 757">
    <p class='ocr_par' dir='ltr' id='par_1_21' title="bbox 2266 674 3864 757">
     <span class='ocr_line' id='line_1_21' title="bbox 2266 674 3864 757; baseline 0.01 -29"><span class='ocrx_word' id='word_1_136' title='bbox 2266 674 2630 731; x_wconf 65' lang='lat' dir='ltr'><strong>Ecclestirum</strong></span> <span class='ocrx_word' id='word_1_137' title='bbox 2692 678 2951 745; x_wconf 87' lang='lat' dir='ltr'><strong>prolicere</strong></span> <span class='ocrx_word' id='word_1_138' title='bbox 3004 681 3220 745; x_wconf 88' lang='lat' dir='ltr'><strong>poterit,</strong></span> <span class='ocrx_word' id='word_1_139' title='bbox 3266 683 3309 735; x_wconf 92' lang='lat' dir='ltr'><strong>si</strong></span> <span class='ocrx_word' id='word_1_140' title='bbox 3351 685 3530 739; x_wconf 88' lang='lat' dir='ltr'><strong>nullus</strong></span> <span class='ocrx_word' id='word_1_141' title='bbox 3559 687 3694 742; x_wconf 81' lang='lat' dir='ltr'><strong>velit</strong></span> <span class='ocrx_word' id='word_1_142' title='bbox 3729 705 3864 757; x_wconf 67' lang='lat' dir='ltr'><strong>prx-</strong></span> 
     </span>
    </p>
   </div>
   <div class='ocr_carea' id='block_1_22' title="bbox 2262 767 3863 845">
    <p class='ocr_par' dir='ltr' id='par_1_22' title="bbox 2262 767 3863 845">
     <span class='ocr_line' id='line_1_22' title="bbox 2262 767 3863 845; baseline 0.009 -26"><span class='ocrx_word' id='word_1_143' title='bbox 2262 767 2500 821; x_wconf 84' lang='lat' dir='ltr'><strong>scribere</strong></span> <span class='ocrx_word' id='word_1_144' title='bbox 2523 768 2647 836; x_wconf 90' lang='lat' dir='ltr'><strong>quid</strong></span> <span class='ocrx_word' id='word_1_145' title='bbox 2672 778 2926 837; x_wconf 79' lang='lat' dir='ltr'><strong>sequatur</strong></span> <span class='ocrx_word' id='word_1_146' title='bbox 2956 769 3222 837; x_wconf 81' lang='lat' dir='ltr'><strong>Ecclesia,</strong></span> <span class='ocrx_word' id='word_1_147' title='bbox 3255 773 3350 827; x_wconf 92' lang='lat' dir='ltr'><strong>sed</strong></span> <span class='ocrx_word' id='word_1_148' title='bbox 3379 783 3563 830; x_wconf 90' lang='lat' dir='ltr'><strong>tenere</strong></span> <span class='ocrx_word' id='word_1_149' title='bbox 3587 781 3737 845; x_wconf 86' lang='lat' dir='ltr'><strong>quod</strong></span> <span class='ocrx_word' id='word_1_150' title='bbox 3767 780 3863 834; x_wconf 84' lang='lat' dir='ltr'><strong>Ec-</strong></span> 
     </span>
    </p>
   </div>
   <div class='ocr_carea' id='block_1_23' title="bbox 2260 858 3860 936">
    <p class='ocr_par' dir='ltr' id='par_1_23' title="bbox 2260 858 3860 936">
     <span class='ocr_line' id='line_1_23' title="bbox 2260 858 3860 936; baseline 0.007 -25"><span class='ocrx_word' id='word_1_151' title='bbox 2260 858 2424 911; x_wconf 88' lang='lat' dir='ltr'><strong>clesia</strong></span> <span class='ocrx_word' id='word_1_152' title='bbox 2456 859 2641 924; x_wconf 80' lang='lat' dir='ltr'><strong>docet;</strong></span> <span class='ocrx_word' id='word_1_153' title='bbox 2696 860 2807 927; x_wconf 90' lang='lat' dir='ltr'><strong>ipsa</strong></span> <span class='ocrx_word' id='word_1_154' title='bbox 2862 860 3089 916; x_wconf 88' lang='lat' dir='ltr'><strong>Domino</strong></span> <span class='ocrx_word' id='word_1_155' title='bbox 3140 877 3234 931; x_wconf 88' lang='lat' dir='ltr'><strong>per</strong></span> <span class='ocrx_word' id='word_1_156' title='bbox 3277 864 3496 936; x_wconf 79' lang='lat' dir='ltr'><strong>Moysen</strong></span> <span class='ocrx_word' id='word_1_157' title='bbox 3545 868 3598 921; x_wconf 92' lang='lat' dir='ltr'><strong>in</strong></span> <span class='ocrx_word' id='word_1_158' title='bbox 3651 872 3860 923; x_wconf 73' lang='lat' dir='ltr'><strong>cantico</strong></span> 
     </span>
    </p>
   </div>
   <div class='ocr_carea' id='block_1_24' title="bbox 2264 948 3861 1024">
    <p class='ocr_par' dir='ltr' id='par_1_24' title="bbox 2264 948 3861 1024">
     <span class='ocr_line' id='line_1_24' title="bbox 2264 948 3861 1024; baseline 0.009 -23"><span class='ocrx_word' id='word_1_159' title='bbox 2264 948 2660 1004; x_wconf 87' lang='lat' dir='ltr'><strong>Deuteronomii</strong></span> <span class='ocrx_word' id='word_1_160' title='bbox 2691 949 2939 1005; x_wconf 77' lang='lat' dir='ltr'><strong>dicente:</strong></span> <span class='ocrx_word' id='word_1_161' title='bbox 2972 950 3246 1024; x_wconf 83' lang='lat' dir='ltr'><strong>Interroga</strong></span> <span class='ocrx_word' id='word_1_162' title='bbox 3269 967 3463 1024; x_wconf 82' lang='lat' dir='ltr'><strong>patrem</strong></span> <span class='ocrx_word' id='word_1_163' title='bbox 3493 968 3663 1024; x_wconf 82' lang='lat' dir='ltr'><strong>tuum,</strong></span> <span class='ocrx_word' id='word_1_164' title='bbox 3688 971 3743 1013; x_wconf 86' lang='lat' dir='ltr'><strong>et</strong></span> <span class='ocrx_word' id='word_1_165' title='bbox 3770 979 3861 1014; x_wconf 48' lang='lat' dir='ltr'><strong>an.</strong></span> 
     </span>
    </p>
   </div>
   <div class='ocr_carea' id='block_1_25' title="bbox 2260 1041 3855 1115">
    <p class='ocr_par' dir='ltr' id='par_1_25' title="bbox 2260 1041 3855 1115">
     <span class='ocr_line' id='line_1_25' title="bbox 2260 1041 3855 1115; baseline 0.009 -24"><span class='ocrx_word' id='word_1_166' title='bbox 2260 1041 2515 1093; x_wconf 84' lang='lat' dir='ltr'><strong>ttuntiabit</strong></span> <span class='ocrx_word' id='word_1_167' title='bbox 2544 1042 2669 1105; x_wconf 83' lang='lat' dir='ltr'><strong>tibi;</strong></span> <span class='ocrx_word' id='word_1_168' title='bbox 2697 1041 2921 1095; x_wconf 86' lang='lat' dir='ltr'><strong>seniores</strong></span> <span class='ocrx_word' id='word_1_169' title='bbox 2946 1052 3081 1109; x_wconf 83' lang='lat' dir='ltr'><strong>tuos,</strong></span> <span class='ocrx_word' id='word_1_170' title='bbox 3112 1055 3159 1097; x_wconf 85' lang='lat' dir='ltr'><strong>et</strong></span> <span class='ocrx_word' id='word_1_171' title='bbox 3178 1046 3346 1098; x_wconf 82' lang='lat' dir='ltr'><strong>dicent</strong></span> <span class='ocrx_word' id='word_1_172' title='bbox 3368 1048 3457 1100; x_wconf 82' lang='lat' dir='ltr'><strong>tibi</strong></span> <span class='ocrx_word' id='word_1_173' title='bbox 3480 1049 3855 1115; x_wconf 71' lang='lat' dir='ltr'><strong>omnia(Deut.</strong></span> 
     </span>
    </p>
   </div>
   <div class='ocr_carea' id='block_1_26' title="bbox 2260 1132 3860 1207">
    <p class='ocr_par' dir='ltr' id='par_1_26' title="bbox 2260 1132 3860 1207">
     <span class='ocr_line' id='line_1_26' title="bbox 2260 1132 3860 1207; baseline 0.009 -24"><span class='ocrx_word' id='word_1_174' title='bbox 2260 1146 2427 1196; x_wconf 79' lang='lat' dir='ltr'><strong>xxxii,</strong></span> <span class='ocrx_word' id='word_1_175' title='bbox 2468 1132 2559 1203; x_wconf 81' lang='lat'><strong>7).</strong></span> <span class='ocrx_word' id='word_1_176' title='bbox 2616 1133 2770 1189; x_wconf 89' lang='lat' dir='ltr'><strong>Tunc</strong></span> <span class='ocrx_word' id='word_1_177' title='bbox 2810 1136 3008 1204; x_wconf 86' lang='lat' dir='ltr'><strong>quippe</strong></span> <span class='ocrx_word' id='word_1_178' title='bbox 3056 1138 3364 1207; x_wconf 87' lang='lat' dir='ltr'><strong>implebitur</strong></span> <span class='ocrx_word' id='word_1_179' title='bbox 3406 1140 3566 1195; x_wconf 87' lang='lat' dir='ltr'><strong>etiam</strong></span> <span class='ocrx_word' id='word_1_180' title='bbox 3612 1142 3860 1198; x_wconf 80' lang='lat' dir='ltr'><strong>Doctoris</strong></span> 
     </span>
    </p>
   </div>
   <div class='ocr_carea' id='block_1_27' title="bbox 2259 1226 3859 1292">
    <p class='ocr_par' dir='ltr' id='par_1_27' title="bbox 2259 1226 3859 1292">
     <span class='ocr_line' id='line_1_27' title="bbox 2259 1226 3859 1292; baseline 0.009 -16"><span class='ocrx_word' id='word_1_181' title='bbox 2259 1226 2494 1292; x_wconf 86' lang='lat' dir='ltr'><strong>gentium</strong></span> <span class='ocrx_word' id='word_1_182' title='bbox 2525 1226 2709 1281; x_wconf 77' lang='lat' dir='ltr'><strong>suavis</strong></span> <span class='ocrx_word' id='word_1_183' title='bbox 2737 1227 3006 1287; x_wconf 85' lang='lat' dir='ltr'><strong>doctrina.</strong></span> <span class='ocrx_word' id='word_1_184' title='bbox 3058 1229 3368 1285; x_wconf 80' lang='lat' dir='ltr'><strong>Corinthios</strong></span> <span class='ocrx_word' id='word_1_185' title='bbox 3415 1234 3769 1289; x_wconf 73' lang='lat' dir='ltr'><strong>admonentis</strong></span> <span class='ocrx_word' id='word_1_186' title='bbox 3806 1247 3859 1290; x_wconf 90' lang='lat' dir='ltr'><strong>et</strong></span> 
     </span>
    </p>
   </div>
   <div class='ocr_carea' id='block_1_28' title="bbox 2258 1314 3859 1396">
    <p class='ocr_par' dir='ltr' id='par_1_28' title="bbox 2258 1314 3859 1396">
     <span class='ocr_line' id='line_1_28' title="bbox 2258 1314 3859 1396; baseline 0.006 -29"><span class='ocrx_word' id='word_1_187' title='bbox 2258 1314 2490 1369; x_wconf 88' lang='lat' dir='ltr'><strong>dicentis</strong></span> <span class='ocrx_word' id='word_1_188' title='bbox 2517 1333 2529 1368; x_wconf 92' lang='lat'>:</span> <span class='ocrx_word' id='word_1_189' title='bbox 2558 1314 2685 1368; x_wconf 87' lang='lat' dir='ltr'><strong>Cum</strong></span> <span class='ocrx_word' id='word_1_190' title='bbox 2713 1320 3070 1389; x_wconf 83' lang='lat' dir='ltr'><strong>conveneritis,</strong></span> <span class='ocrx_word' id='word_1_191' title='bbox 3099 1322 3448 1391; x_wconf 70' lang='lat' dir='ltr'><strong>unusquisque</strong></span> <span class='ocrx_word' id='word_1_192' title='bbox 3466 1335 3694 1377; x_wconf 73' lang='lat' dir='ltr'><strong>vestrum</strong></span> <span class='ocrx_word' id='word_1_193' title='bbox 3720 1329 3859 1396; x_wconf 73' lang='lat' dir='ltr'><strong>psal-</strong></span> 
     </span>
    </p>
   </div>
   <div class='ocr_carea' id='block_1_29' title="bbox 2260 1408 3860 1481">
    <p class='ocr_par' dir='ltr' id='par_1_29' title="bbox 2260 1408 3860 1481">
     <span class='ocr_line' id='line_1_29' title="bbox 2260 1408 3860 1481; baseline 0.008 -23"><span class='ocrx_word' id='word_1_194' title='bbox 2260 1424 2397 1459; x_wconf 86' lang='lat' dir='ltr'><strong>mum</strong></span> <span class='ocrx_word' id='word_1_195' title='bbox 2421 1408 2590 1473; x_wconf 78' lang='lat' dir='ltr'><strong>habet,</strong></span> <span class='ocrx_word' id='word_1_196' title='bbox 2623 1410 2907 1463; x_wconf 82' lang='lat' dir='ltr'><strong>doctrinam</strong></span> <span class='ocrx_word' id='word_1_197' title='bbox 2939 1410 3088 1464; x_wconf 79' lang='lat' dir='ltr'><strong>liabet</strong></span> <span class='ocrx_word' id='word_1_198' title='bbox 3107 1455 3119 1474; x_wconf 91' lang='lat'><strong>,</strong></span> <span class='ocrx_word' id='word_1_199' title='bbox 3149 1414 3623 1481; x_wconf 80' lang='lat' dir='ltr'><strong>interpretationem</strong></span> <span class='ocrx_word' id='word_1_200' title='bbox 3668 1420 3817 1471; x_wconf 75' lang='lat' dir='ltr'><strong>liabet</strong></span> <span class='ocrx_word' id='word_1_201' title='bbox 3842 1435 3860 1471; x_wconf 91' lang='lat'><em>:</em></span> 
     </span>
    </p>
   </div>
   <div class='ocr_carea' id='block_1_30' title="bbox 2259 1501 3855 1576">
    <p class='ocr_par' dir='ltr' id='par_1_30' title="bbox 2259 1501 3855 1576">
     <span class='ocr_line' id='line_1_30' title="bbox 2259 1501 3855 1576; baseline 0.008 -25"><span class='ocrx_word' id='word_1_202' title='bbox 2259 1501 2431 1552; x_wconf 83' lang='lat' dir='ltr'><strong>omnia</strong></span> <span class='ocrx_word' id='word_1_203' title='bbox 2459 1501 2525 1553; x_wconf 84' lang='lat' dir='ltr'><strong>ad</strong></span> <span class='ocrx_word' id='word_1_204' title='bbox 2551 1502 2947 1567; x_wconf 56' lang='lat' dir='ltr'><strong>aediﬁcationem</strong></span> <span class='ocrx_word' id='word_1_205' title='bbox 2978 1505 3105 1569; x_wconf 78' lang='lat' dir='ltr'><strong>ﬁant</strong></span> <span class='ocrx_word' id='word_1_206' title='bbox 3154 1504 3173 1575; x_wconf 88' lang='lat'><strong>(</strong></span> <span class='ocrx_word' id='word_1_207' title='bbox 3200 1504 3223 1556; x_wconf 89' lang='grc' dir='ltr'><strong><em>Ι</em></strong></span> <span class='ocrx_word' id='word_1_208' title='bbox 3251 1505 3375 1559; x_wconf 81' lang='lat' dir='ltr'><strong>Cor.</strong></span> <span class='ocrx_word' id='word_1_209' title='bbox 3406 1522 3517 1576; x_wconf 77' lang='lat' dir='ltr'><strong>xiv,</strong></span> <span class='ocrx_word' id='word_1_210' title='bbox 3550 1508 3667 1575; x_wconf 84' lang='lat' dir='ltr'><strong>I6).</strong></span> <span class='ocrx_word' id='word_1_211' title='bbox 3698 1509 3855 1573; x_wconf 74' lang='lat' dir='ltr'><strong>Eeee,</strong></span> 
     </span>
    </p>
   </div>
   <div class='ocr_carea' id='block_1_31' title="bbox 2263 1590 3853 1666">
    <p class='ocr_par' dir='ltr' id='par_1_31' title="bbox 2263 1590 3853 1666">
     <span class='ocr_line' id='line_1_31' title="bbox 2263 1590 3853 1666; baseline 0.007 -24"><span class='ocrx_word' id='word_1_212' title='bbox 2263 1590 2625 1659; x_wconf 83' lang='lat' dir='ltr'><strong>interrogatus</strong></span> <span class='ocrx_word' id='word_1_213' title='bbox 2650 1632 2663 1654; x_wconf 91' lang='lat'><strong>,</strong></span> <span class='ocrx_word' id='word_1_214' title='bbox 2696 1604 2914 1659; x_wconf 83' lang='lat' dir='ltr'><strong>prepter</strong></span> <span class='ocrx_word' id='word_1_215' title='bbox 2946 1594 3305 1649; x_wconf 87' lang='lat' dir='ltr'><strong>obedientiam</strong></span> <span class='ocrx_word' id='word_1_216' title='bbox 3337 1596 3498 1650; x_wconf 78' lang='lat' dir='ltr'><strong>silere</strong></span> <span class='ocrx_word' id='word_1_217' title='bbox 3527 1613 3638 1652; x_wconf 87' lang='lat' dir='ltr'><strong>non</strong></span> <span class='ocrx_word' id='word_1_218' title='bbox 3685 1602 3853 1666; x_wconf 83' lang='lat' dir='ltr'><strong>potui,</strong></span> 
     </span>
    </p>
   </div>
   <div class='ocr_carea' id='block_1_32' title="bbox 2264 1683 3857 1756">
    <p class='ocr_par' dir='ltr' id='par_1_32' title="bbox 2264 1683 3857 1756">
     <span class='ocr_line' id='line_1_32' title="bbox 2264 1683 3857 1756; baseline 0.006 -21"><span class='ocrx_word' id='word_1_219' title='bbox 2264 1683 2596 1749; x_wconf 86' lang='lat' dir='ltr'><strong>respondens</strong></span> <span class='ocrx_word' id='word_1_220' title='bbox 2620 1684 2887 1752; x_wconf 82' lang='lat' dir='ltr'><strong>magistris</strong></span> <span class='ocrx_word' id='word_1_221' title='bbox 2909 1684 3229 1755; x_wconf 79' lang='lat' dir='ltr'><strong>discipulus,</strong></span> <span class='ocrx_word' id='word_1_222' title='bbox 3250 1686 3423 1742; x_wconf 88' lang='lat' dir='ltr'><strong>doctis</strong></span> <span class='ocrx_word' id='word_1_223' title='bbox 3444 1688 3716 1756; x_wconf 86' lang='lat' dir='ltr'><strong>indoctus,</strong></span> <span class='ocrx_word' id='word_1_224' title='bbox 3747 1706 3857 1744; x_wconf 74' lang='lat' dir='ltr'><strong>ma-</strong></span> 
     </span>
    </p>
   </div>
   <div class='ocr_carea' id='block_1_33' title="bbox 567 1767 2141 1859">
    <p class='ocr_par' dir='ltr' id='par_1_33' title="bbox 567 1782 2141 1859">
     <span class='ocr_line' id='line_1_33' title="bbox 567 1782 2141 1859; baseline 0.009 -25"><span class='ocrx_word' id='word_1_225' title='bbox 567 1783 705 1835; x_wconf 87' lang='lat' dir='ltr'><strong>nulla</strong></span> <span class='ocrx_word' id='word_1_226' title='bbox 738 1782 832 1837; x_wconf 85' lang='lat' dir='ltr'><strong>fiat</strong></span> <span class='ocrx_word' id='word_1_227' title='bbox 859 1787 1152 1841; x_wconf 74' lang='lat' dir='ltr'><strong>necessitas</strong></span> <span class='ocrx_word' id='word_1_228' title='bbox 1190 1803 1449 1858; x_wconf 87' lang='lat' dir='ltr'><strong>generare</strong></span> <span class='ocrx_word' id='word_1_229' title='bbox 1485 1789 1587 1843; x_wconf 85' lang='lat' dir='ltr'><strong>sibi</strong></span> <span class='ocrx_word' id='word_1_230' title='bbox 1622 1791 1984 1859; x_wconf 78' lang='lat' dir='ltr'><strong>pra-judicium</strong></span> <span class='ocrx_word' id='word_1_231' title='bbox 2023 1795 2141 1849; x_wconf 71' lang='lat' dir='ltr'><strong>sub-</strong></span> 
     </span>
    </p>
   </div>
   <div class='ocr_carea' id='block_1_34' title="bbox 2243 1767 3854 1859">
    <p class='ocr_par' dir='ltr' id='par_1_34' title="bbox 2262 1771 3854 1847">
     <span class='ocr_line' id='line_1_34' title="bbox 2262 1771 3854 1847; baseline 0.011 -28"><span class='ocrx_word' id='word_1_232' title='bbox 2262 1771 2474 1840; x_wconf 75' lang='lat' dir='ltr'><strong>juribus</strong></span> <span class='ocrx_word' id='word_1_233' title='bbox 2502 1773 2696 1827; x_wconf 82' lang='lat' dir='ltr'><strong>minor.</strong></span> <span class='ocrx_word' id='word_1_234' title='bbox 2725 1774 3067 1838; x_wconf 81' lang='lat' dir='ltr'><strong>Examinate,</strong></span> <span class='ocrx_word' id='word_1_235' title='bbox 3104 1792 3443 1845; x_wconf 72' lang='lat' dir='ltr'><strong>quaesumus,</strong></span> <span class='ocrx_word' id='word_1_236' title='bbox 3475 1792 3701 1847; x_wconf 84' lang='lat' dir='ltr'><strong>prepter</strong></span> <span class='ocrx_word' id='word_1_237' title='bbox 3728 1782 3854 1835; x_wconf 83' lang='lat' dir='ltr'><strong>cha-</strong></span> 
     </span>
    </p>
   </div>
   <div class='ocr_carea' id='block_1_35' title="bbox 563 1873 2144 1953">
    <p class='ocr_par' dir='ltr' id='par_1_35' title="bbox 563 1873 2144 1953">
     <span class='ocr_line' id='line_1_35' title="bbox 563 1873 2144 1953; baseline 0.009 -27"><span class='ocrx_word' id='word_1_238' title='bbox 563 1873 868 1941; x_wconf 80' lang='lat' dir='ltr'><strong>scribeudu,</strong></span> <span class='ocrx_word' id='word_1_239' title='bbox 902 1892 968 1929; x_wconf 91' lang='lat' dir='ltr'><strong>ne</strong></span> <span class='ocrx_word' id='word_1_240' title='bbox 998 1878 1140 1931; x_wconf 84' lang='lat' dir='ltr'><strong>aliud</strong></span> <span class='ocrx_word' id='word_1_241' title='bbox 1188 1890 1367 1947; x_wconf 85' lang='lat' dir='ltr'><strong>postea</strong></span> <span class='ocrx_word' id='word_1_242' title='bbox 1417 1883 1633 1945; x_wconf 80' lang='lat' dir='ltr'><strong>sentiat,</strong></span> <span class='ocrx_word' id='word_1_243' title='bbox 1678 1883 1723 1936; x_wconf 90' lang='lat' dir='ltr'><strong>si</strong></span> <span class='ocrx_word' id='word_1_244' title='bbox 1771 1885 1914 1938; x_wconf 82' lang='lat' dir='ltr'><strong>aliud</strong></span> <span class='ocrx_word' id='word_1_245' title='bbox 1964 1895 2144 1953; x_wconf 86' lang='lat' dir='ltr'><strong>postea</strong></span> 
     </span>
    </p>
   </div>
   <div class='ocr_carea' id='block_1_36' title="bbox 562 1966 2148 2044">
    <p class='ocr_par' dir='ltr' id='par_1_36' title="bbox 562 1966 2148 2044">
     <span class='ocr_line' id='line_1_36' title="bbox 562 1966 2148 2044; baseline 0.009 -28"><span class='ocrx_word' id='word_1_246' title='bbox 562 1966 897 2019; x_wconf 76' lang='lat' dir='ltr'><strong>sentiendum</strong></span> <span class='ocrx_word' id='word_1_247' title='bbox 932 1969 1164 2022; x_wconf 88' lang='lat' dir='ltr'><strong>revelata</strong></span> <span class='ocrx_word' id='word_1_248' title='bbox 1195 1971 1641 2025; x_wconf 88' lang='lat' dir='ltr'><strong>demonstraverit</strong></span> <span class='ocrx_word' id='word_1_249' title='bbox 1673 1974 1866 2027; x_wconf 87' lang='lat' dir='ltr'><strong>veritas</strong></span> <span class='ocrx_word' id='word_1_250' title='bbox 1894 1991 1908 2030; x_wconf 92' lang='lat'><strong>:</strong></span> <span class='ocrx_word' id='word_1_251' title='bbox 1943 1979 2148 2044; x_wconf 84' lang='lat' dir='ltr'><strong>patien-</strong></span> 
     </span>
    </p>
   </div>
   <div class='ocr_carea' id='block_1_37' title="bbox 564 2057 2148 2134">
    <p class='ocr_par' dir='ltr' id='par_1_37' title="bbox 564 2057 2148 2134">
     <span class='ocr_line' id='line_1_37' title="bbox 564 2057 2148 2134; baseline 0.009 -27"><span class='ocrx_word' id='word_1_252' title='bbox 564 2063 645 2109; x_wconf 87' lang='lat' dir='ltr'><strong>ter</strong></span> <span class='ocrx_word' id='word_1_253' title='bbox 671 2065 848 2109; x_wconf 89' lang='lat' dir='ltr'><strong>autem</strong></span> <span class='ocrx_word' id='word_1_254' title='bbox 884 2057 1013 2110; x_wconf 87' lang='lat' dir='ltr'><strong>ferat</strong></span> <span class='ocrx_word' id='word_1_255' title='bbox 1046 2061 1162 2125; x_wconf 88' lang='lat' dir='ltr'><strong>pius</strong></span> <span class='ocrx_word' id='word_1_256' title='bbox 1192 2062 1419 2128; x_wconf 83' lang='lat' dir='ltr'><strong>scriptor</strong></span> <span class='ocrx_word' id='word_1_257' title='bbox 1448 2063 1861 2119; x_wconf 84' lang='lat' dir='ltr'><strong>sollicitudinem</strong></span> <span class='ocrx_word' id='word_1_258' title='bbox 1898 2067 2035 2134; x_wconf 85' lang='lat' dir='ltr'><strong>piam</strong></span> <span class='ocrx_word' id='word_1_259' title='bbox 2064 2084 2148 2123; x_wconf 86' lang='lat' dir='ltr'><strong>re-</strong></span> 
     </span>
    </p>
   </div>
   <div class='ocr_carea' id='block_1_38' title="bbox 562 2146 2146 2217">
    <p class='ocr_par' dir='ltr' id='par_1_38' title="bbox 562 2146 2146 2217">
     <span class='ocr_line' id='line_1_38' title="bbox 562 2146 2146 2217; baseline 0.014 -22"><span class='ocrx_word' id='word_1_260' title='bbox 562 2146 884 2210; x_wconf 85' lang='lat' dir='ltr'><strong>quirentium</strong></span> <span class='ocrx_word' id='word_1_261' title='bbox 908 2150 1206 2215; x_wconf 82' lang='lat' dir='ltr'><strong>veritatem,</strong></span> <span class='ocrx_word' id='word_1_262' title='bbox 1244 2168 1341 2206; x_wconf 90' lang='lat' dir='ltr'><strong>nec</strong></span> <span class='ocrx_word' id='word_1_263' title='bbox 1386 2153 1601 2209; x_wconf 79' lang='lat' dir='ltr'><strong>festinet</strong></span> <span class='ocrx_word' id='word_1_264' title='bbox 1627 2158 1929 2212; x_wconf 90' lang='lat' dir='ltr'><strong>auditorum</strong></span> <span class='ocrx_word' id='word_1_265' title='bbox 1964 2169 2146 2217; x_wconf 87' lang='lat' dir='ltr'><strong>tenere</strong></span> 
     </span>
    </p>
   </div>
   <div class='ocr_carea' id='block_1_39' title="bbox 564 2242 2143 2319">
    <p class='ocr_par' dir='ltr' id='par_1_39' title="bbox 564 2242 2143 2319">
     <span class='ocr_line' id='line_1_39' title="bbox 564 2242 2143 2319; baseline 0.013 -31"><span class='ocrx_word' id='word_1_266' title='bbox 564 2252 801 2303; x_wconf 87' lang='lat' dir='ltr'><strong>manum,</strong></span> <span class='ocrx_word' id='word_1_267' title='bbox 850 2242 943 2293; x_wconf 89' lang='lat' dir='ltr'><strong>sed</strong></span> <span class='ocrx_word' id='word_1_268' title='bbox 1001 2257 1094 2307; x_wconf 77' lang='lat' dir='ltr'><strong>per</strong></span> <span class='ocrx_word' id='word_1_269' title='bbox 1140 2258 1355 2299; x_wconf 88' lang='lat' dir='ltr'><strong>suavem</strong></span> <span class='ocrx_word' id='word_1_270' title='bbox 1402 2260 1617 2301; x_wconf 85' lang='lat' dir='ltr'><strong>sensum</strong></span> <span class='ocrx_word' id='word_1_271' title='bbox 1666 2260 1880 2319; x_wconf 85' lang='lat' dir='ltr'><strong>paratus</strong></span> <span class='ocrx_word' id='word_1_272' title='bbox 1923 2254 2143 2309; x_wconf 87' lang='lat' dir='ltr'><strong>meliora</strong></span> 
     </span>
    </p>
   </div>
   <div class='ocr_carea' id='block_1_40' title="bbox 561 2325 1269 2387">
    <p class='ocr_par' dir='ltr' id='par_1_40' title="bbox 561 2325 1269 2387">
     <span class='ocr_line' id='line_1_40' title="bbox 561 2325 1269 2387; baseline 0.011 -8"><span class='ocrx_word' id='word_1_273' title='bbox 561 2325 914 2383; x_wconf 82' lang='lat' dir='ltr'><strong>sentientibus</strong></span> <span class='ocrx_word' id='word_1_274' title='bbox 942 2332 1269 2387; x_wconf 89' lang='lat' dir='ltr'><strong>consentire.</strong></span> 
     </span>
    </p>
   </div>
   <div class='ocr_carea' id='block_1_41' title="bbox 631 2434 2143 2523">
    <p class='ocr_par' dir='ltr' id='par_1_41' title="bbox 631 2434 2143 2523">
     <span class='ocr_line' id='line_1_41' title="bbox 631 2434 2143 2523; baseline 0.014 -34"><span class='ocrx_word' id='word_1_275' title='bbox 631 2434 683 2489; x_wconf 87' lang='lat'><strong>9.</strong></span> <span class='ocrx_word' id='word_1_276' title='bbox 724 2436 889 2507; x_wconf 85' lang='lat' dir='ltr'><strong>Cujus</strong></span> <span class='ocrx_word' id='word_1_277' title='bbox 941 2439 1254 2496; x_wconf 86' lang='lat' dir='ltr'><strong>humilitatis</strong></span> <span class='ocrx_word' id='word_1_278' title='bbox 1302 2447 1605 2514; x_wconf 88' lang='lat' dir='ltr'><strong>exemplum</strong></span> <span class='ocrx_word' id='word_1_279' title='bbox 1667 2449 1853 2505; x_wconf 88' lang='lat' dir='ltr'><strong>beatus</strong></span> <span class='ocrx_word' id='word_1_280' title='bbox 1904 2454 2143 2523; x_wconf 79' lang='lat' dir='ltr'><strong>pontifex</strong></span> 
     </span>
    </p>
   </div>
   <div class='ocr_carea' id='block_1_42' title="bbox 563 2530 2144 2608">
    <p class='ocr_par' dir='ltr' id='par_1_42' title="bbox 563 2530 2144 2608">
     <span class='ocr_line' id='line_1_42' title="bbox 563 2530 2144 2608; baseline 0.009 -27"><span class='ocrx_word' id='word_1_281' title='bbox 563 2530 906 2598; x_wconf 77' lang='lat' dir='ltr'><strong>Augustinus,</strong></span> <span class='ocrx_word' id='word_1_282' title='bbox 937 2532 986 2584; x_wconf 90' lang='lat' dir='ltr'><strong>in</strong></span> <span class='ocrx_word' id='word_1_283' title='bbox 1012 2533 1269 2589; x_wconf 86' lang='lat' dir='ltr'><strong>cliaritate</strong></span> <span class='ocrx_word' id='word_1_284' title='bbox 1297 2533 1491 2592; x_wconf 72' lang='lat' dir='ltr'><strong>Christi</strong></span> <span class='ocrx_word' id='word_1_285' title='bbox 1522 2554 1656 2608; x_wconf 89' lang='lat' dir='ltr'><strong>pene</strong></span> <span class='ocrx_word' id='word_1_286' title='bbox 1686 2543 1934 2597; x_wconf 86' lang='lat' dir='ltr'><strong>omnibus</strong></span> <span class='ocrx_word' id='word_1_287' title='bbox 1958 2545 2144 2599; x_wconf 78' lang='lat' dir='ltr'><strong>catliu-</strong></span> 
     </span>
    </p>
   </div>
   <div class='ocr_carea' id='block_1_43' title="bbox 560 2621 2144 2707">
    <p class='ocr_par' dir='ltr' id='par_1_43' title="bbox 560 2621 2144 2707">
     <span class='ocr_line' id='line_1_43' title="bbox 560 2621 2144 2707; baseline 0.013 -34"><span class='ocrx_word' id='word_1_288' title='bbox 560 2621 675 2676; x_wconf 56' lang='lat' dir='ltr'><strong>lica‘.</strong></span> <span class='ocrx_word' id='word_1_289' title='bbox 705 2623 957 2679; x_wconf 76' lang='lat' dir='ltr'><strong>Ecclesia:</strong></span> <span class='ocrx_word' id='word_1_290' title='bbox 986 2626 1294 2684; x_wconf 87' lang='lat' dir='ltr'><strong>doctoribus</strong></span> <span class='ocrx_word' id='word_1_291' title='bbox 1317 2632 1560 2704; x_wconf 66' lang='lat' dir='ltr'><strong>pra-hens</strong></span> <span class='ocrx_word' id='word_1_292' title='bbox 1585 2650 1601 2688; x_wconf 86' lang='lat'><strong>:</strong></span> <span class='ocrx_word' id='word_1_293' title='bbox 1628 2651 1650 2687; x_wconf 83' lang='grc'><strong><em>‹</em></strong></span> <span class='ocrx_word' id='word_1_294' title='bbox 1681 2634 1791 2690; x_wconf 87' lang='lat' dir='ltr'><strong>Nec</strong></span> <span class='ocrx_word' id='word_1_295' title='bbox 1821 2638 2038 2707; x_wconf 82' lang='lat' dir='ltr'><strong>pigebit,</strong></span> <span class='ocrx_word' id='word_1_296' title='bbox 2062 2641 2144 2692; x_wconf 88' lang='lat' dir='ltr'><strong>in-</strong></span> 
     </span>
    </p>
   </div>
   <div class='ocr_carea' id='block_1_44' title="bbox 558 2714 2142 2797">
    <p class='ocr_par' dir='ltr' id='par_1_44' title="bbox 558 2714 2142 2797">
     <span class='ocr_line' id='line_1_44' title="bbox 558 2714 2142 2797; baseline 0.013 -32"><span class='ocrx_word' id='word_1_297' title='bbox 558 2714 690 2782; x_wconf 89' lang='lat' dir='ltr'><strong>quit,</strong></span> <span class='ocrx_word' id='word_1_298' title='bbox 741 2730 847 2782; x_wconf 86' lang='lat' dir='ltr'><strong>me,</strong></span> <span class='ocrx_word' id='word_1_299' title='bbox 896 2716 1066 2772; x_wconf 87' lang='lat' dir='ltr'><strong>sicubi</strong></span> <span class='ocrx_word' id='word_1_300' title='bbox 1116 2718 1324 2786; x_wconf 71' lang='lat' dir='ltr'><strong>limsito,</strong></span> <span class='ocrx_word' id='word_1_301' title='bbox 1371 2738 1652 2792; x_wconf 68' lang='lat' dir='ltr'><strong>quazrere;</strong></span> <span class='ocrx_word' id='word_1_302' title='bbox 1700 2741 1798 2781; x_wconf 84' lang='lat' dir='ltr'><strong>nec</strong></span> <span class='ocrx_word' id='word_1_303' title='bbox 1828 2729 2064 2797; x_wconf 85' lang='lat' dir='ltr'><strong>pudebit,</strong></span> <span class='ocrx_word' id='word_1_304' title='bbox 2098 2732 2142 2785; x_wconf 89' lang='lat' dir='ltr'><strong>si</strong></span> 
     </span>
    </p>
   </div>
   <div class='ocr_carea' id='block_1_45' title="bbox 557 2806 2143 2889">
    <p class='ocr_par' dir='ltr' id='par_1_45' title="bbox 557 2806 2143 2889">
     <span class='ocr_line' id='line_1_45' title="bbox 557 2806 2143 2889; baseline 0.011 -30"><span class='ocrx_word' id='word_1_305' title='bbox 557 2820 698 2872; x_wconf 90' lang='lat' dir='ltr'><strong>erro,</strong></span> <span class='ocrx_word' id='word_1_306' title='bbox 734 2806 935 2863; x_wconf 79' lang='lat' dir='ltr'><strong>dicere.</strong></span> <span class='ocrx_word' id='word_1_307' title='bbox 970 2806 1203 2866; x_wconf 88' lang='lat' dir='ltr'><strong>Proinde</strong></span> <span class='ocrx_word' id='word_1_308' title='bbox 1226 2814 1465 2882; x_wconf 86' lang='lat' dir='ltr'><strong>quisquis</strong></span> <span class='ocrx_word' id='word_1_309' title='bbox 1498 2815 1612 2871; x_wconf 76' lang='lat' dir='ltr'><strong>btec</strong></span> <span class='ocrx_word' id='word_1_310' title='bbox 1638 2816 1793 2886; x_wconf 90' lang='lat' dir='ltr'><strong>legit,</strong></span> <span class='ocrx_word' id='word_1_311' title='bbox 1824 2819 1911 2873; x_wconf 90' lang='lat' dir='ltr'><strong>ubi</strong></span> <span class='ocrx_word' id='word_1_312' title='bbox 1943 2821 2143 2889; x_wconf 88' lang='lat' dir='ltr'><strong>pariter</strong></span> 
     </span>
    </p>
   </div>
   <div class='ocr_carea' id='block_1_46' title="bbox 556 2907 2142 2982">
    <p class='ocr_par' dir='ltr' id='par_1_46' title="bbox 556 2907 2142 2982">
     <span class='ocr_line' id='line_1_46' title="bbox 556 2907 2142 2982; baseline 0.007 -28"><span class='ocrx_word' id='word_1_313' title='bbox 556 2909 732 2955; x_wconf 83' lang='lat' dir='ltr'><strong>certus</strong></span> <span class='ocrx_word' id='word_1_314' title='bbox 760 2913 862 2970; x_wconf 90' lang='lat' dir='ltr'><strong>est,</strong></span> <span class='ocrx_word' id='word_1_315' title='bbox 895 2914 1079 2974; x_wconf 81' lang='lat' dir='ltr'><strong>pergat</strong></span> <span class='ocrx_word' id='word_1_316' title='bbox 1108 2920 1349 2970; x_wconf 89' lang='lat' dir='ltr'><strong>mecum;</strong></span> <span class='ocrx_word' id='word_1_317' title='bbox 1383 2907 1473 2961; x_wconf 90' lang='lat' dir='ltr'><strong>ubi</strong></span> <span class='ocrx_word' id='word_1_318' title='bbox 1508 2908 1704 2976; x_wconf 86' lang='lat' dir='ltr'><strong>pariter</strong></span> <span class='ocrx_word' id='word_1_319' title='bbox 1734 2910 1965 2977; x_wconf 71' lang='lat' dir='ltr'><strong>litesitat,</strong></span> <span class='ocrx_word' id='word_1_320' title='bbox 1997 2928 2142 2982; x_wconf 71' lang='lat' dir='ltr'><strong>qlia}-</strong></span> 
     </span>
    </p>
   </div>
   <div class='ocr_carea' id='block_1_47' title="bbox 555 2995 2139 3071">
    <p class='ocr_par' dir='ltr' id='par_1_47' title="bbox 555 2995 2139 3071">
     <span class='ocr_line' id='line_1_47' title="bbox 555 2995 2139 3071; baseline 0.01 -26"><span class='ocrx_word' id='word_1_321' title='bbox 555 3003 637 3045; x_wconf 88' lang='lat' dir='ltr'><strong>rat</strong></span> <span class='ocrx_word' id='word_1_322' title='bbox 667 3009 907 3061; x_wconf 78' lang='lat' dir='ltr'><strong>mecum;</strong></span> <span class='ocrx_word' id='word_1_323' title='bbox 939 2995 1024 3050; x_wconf 85' lang='lat' dir='ltr'><strong>tibi</strong></span> <span class='ocrx_word' id='word_1_324' title='bbox 1068 3012 1308 3052; x_wconf 89' lang='lat' dir='ltr'><strong>errorem</strong></span> <span class='ocrx_word' id='word_1_325' title='bbox 1351 3013 1505 3053; x_wconf 91' lang='lat' dir='ltr'><strong>suum</strong></span> <span class='ocrx_word' id='word_1_326' title='bbox 1548 3002 1828 3071; x_wconf 87' lang='lat' dir='ltr'><strong>agnoscit,</strong></span> <span class='ocrx_word' id='word_1_327' title='bbox 1862 3004 2047 3060; x_wconf 87' lang='lat' dir='ltr'><strong>redeat</strong></span> <span class='ocrx_word' id='word_1_328' title='bbox 2072 3008 2139 3062; x_wconf 89' lang='lat' dir='ltr'><strong>ad</strong></span> 
     </span>
    </p>
   </div>
   <div class='ocr_carea' id='block_1_48' title="bbox 554 3088 2137 3163">
    <p class='ocr_par' dir='ltr' id='par_1_48' title="bbox 554 3088 2137 3163">
     <span class='ocr_line' id='line_1_48' title="bbox 554 3088 2137 3163; baseline 0.014 -29"><span class='ocrx_word' id='word_1_329' title='bbox 554 3097 671 3148; x_wconf 91' lang='lat' dir='ltr'><strong>me;</strong></span> <span class='ocrx_word' id='word_1_330' title='bbox 720 3088 808 3139; x_wconf 91' lang='lat' dir='ltr'><strong>ubi</strong></span> <span class='ocrx_word' id='word_1_331' title='bbox 842 3102 1018 3141; x_wconf 93' lang='lat' dir='ltr'><strong>meum</strong></span> <span class='ocrx_word' id='word_1_332' title='bbox 1048 3130 1065 3153; x_wconf 88' lang='lat'><strong>,</strong></span> <span class='ocrx_word' id='word_1_333' title='bbox 1109 3099 1324 3145; x_wconf 82' lang='lat' dir='ltr'><strong>revocet</strong></span> <span class='ocrx_word' id='word_1_334' title='bbox 1354 3106 1459 3145; x_wconf 91' lang='lat' dir='ltr'><strong>me.</strong></span> <span class='ocrx_word' id='word_1_335' title='bbox 1491 3092 1565 3147; x_wconf 91' lang='lat' dir='ltr'><strong>Ita</strong></span> <span class='ocrx_word' id='word_1_336' title='bbox 1598 3095 1958 3163; x_wconf 86' lang='lat' dir='ltr'><strong>ingrediamur</strong></span> <span class='ocrx_word' id='word_1_337' title='bbox 1982 3098 2137 3155; x_wconf 80' lang='lat' dir='ltr'><strong>simul</strong></span> 
     </span>
    </p>
   </div>
   <div class='ocr_carea' id='block_1_49' title="bbox 555 3178 2134 3259">
    <p class='ocr_par' dir='ltr' id='par_1_49' title="bbox 555 3178 2134 3259">
     <span class='ocr_line' id='line_1_49' title="bbox 555 3178 2134 3259; baseline 0.013 -30"><span class='ocrx_word' id='word_1_338' title='bbox 555 3178 838 3234; x_wconf 86' lang='lat' dir='ltr'><strong>cbaritatis</strong></span> <span class='ocrx_word' id='word_1_339' title='bbox 863 3182 1022 3250; x_wconf 89' lang='lat' dir='ltr'><strong>viam,</strong></span> <span class='ocrx_word' id='word_1_340' title='bbox 1043 3184 1322 3241; x_wconf 84' lang='lat' dir='ltr'><strong>tendentes</strong></span> <span class='ocrx_word' id='word_1_341' title='bbox 1343 3187 1407 3240; x_wconf 85' lang='lat' dir='ltr'><strong>ad</strong></span> <span class='ocrx_word' id='word_1_342' title='bbox 1426 3202 1547 3241; x_wconf 89' lang='lat' dir='ltr'><strong>eum</strong></span> <span class='ocrx_word' id='word_1_343' title='bbox 1575 3188 1645 3243; x_wconf 91' lang='lat' dir='ltr'><strong>de</strong></span> <span class='ocrx_word' id='word_1_344' title='bbox 1668 3205 1774 3259; x_wconf 89' lang='lat' dir='ltr'><strong>quo</strong></span> <span class='ocrx_word' id='word_1_345' title='bbox 1795 3191 1996 3247; x_wconf 71' lang='lat' dir='ltr'><strong>dictum</strong></span> <span class='ocrx_word' id='word_1_346' title='bbox 2024 3204 2134 3249; x_wconf 89' lang='lat' dir='ltr'><strong>est:</strong></span> 
     </span>
    </p>
   </div>
   <div class='ocr_carea' id='block_1_50' title="bbox 557 3270 2139 3355">
    <p class='ocr_par' dir='ltr' id='par_1_50' title="bbox 557 3270 2139 3355">
     <span class='ocr_line' id='line_1_50' title="bbox 557 3270 2139 3355; baseline 0.013 -34"><span class='ocrx_word' id='word_1_347' title='bbox 557 3270 783 3335; x_wconf 67' lang='lat' dir='ltr'><strong>Quaerite</strong></span> <span class='ocrx_word' id='word_1_348' title='bbox 811 3274 993 3343; x_wconf 80' lang='lat' dir='ltr'><strong>faciem</strong></span> <span class='ocrx_word' id='word_1_349' title='bbox 1022 3278 1132 3346; x_wconf 85' lang='lat' dir='ltr'><strong>ejus</strong></span> <span class='ocrx_word' id='word_1_350' title='bbox 1160 3293 1379 3347; x_wconf 73' lang='lat' dir='ltr'><strong>srmper.</strong></span> <span class='ocrx_word' id='word_1_351' title='bbox 1427 3279 1493 3333; x_wconf 85' lang='lat' dir='ltr'><strong>Et</strong></span> <span class='ocrx_word' id='word_1_352' title='bbox 1537 3279 1638 3335; x_wconf 89' lang='lat' dir='ltr'><strong>hoc</strong></span> <span class='ocrx_word' id='word_1_353' title='bbox 1683 3282 1959 3350; x_wconf 88' lang='lat' dir='ltr'><strong>placitum,</strong></span> <span class='ocrx_word' id='word_1_354' title='bbox 1994 3287 2139 3355; x_wconf 91' lang='lat' dir='ltr'><strong>pium</strong></span> 
     </span>
    </p>
   </div>
   <div class='ocr_carea' id='block_1_51' title="bbox 553 3361 2138 3433">
    <p class='ocr_par' dir='ltr' id='par_1_51' title="bbox 553 3361 2138 3433">
     <span class='ocr_line' id='line_1_51' title="bbox 553 3361 2138 3433; baseline 0.015 -22"><span class='ocrx_word' id='word_1_355' title='bbox 553 3371 711 3428; x_wconf 86' lang='lat' dir='ltr'><strong>atque</strong></span> <span class='ocrx_word' id='word_1_356' title='bbox 726 3361 940 3431; x_wconf 72' lang='lat' dir='ltr'><strong>justum</strong></span> <span class='ocrx_word' id='word_1_357' title='bbox 970 3381 1150 3421; x_wconf 88' lang='lat' dir='ltr'><strong>coram</strong></span> <span class='ocrx_word' id='word_1_358' title='bbox 1184 3368 1408 3423; x_wconf 89' lang='lat' dir='ltr'><strong>Domino</strong></span> <span class='ocrx_word' id='word_1_359' title='bbox 1433 3371 1542 3426; x_wconf 90' lang='lat' dir='ltr'><strong>Deo</strong></span> <span class='ocrx_word' id='word_1_360' title='bbox 1571 3383 1778 3429; x_wconf 76' lang='lat' dir='ltr'><strong>nostro.</strong></span> <span class='ocrx_word' id='word_1_361' title='bbox 1808 3374 1941 3431; x_wconf 92' lang='lat' dir='ltr'><strong>Cum</strong></span> <span class='ocrx_word' id='word_1_362' title='bbox 1969 3382 2138 3433; x_wconf 85' lang='lat' dir='ltr'><strong>omni-</strong></span> 
     </span>
    </p>
   </div>
   <div class='ocr_carea' id='block_1_52' title="bbox 554 3451 2137 3542">
    <p class='ocr_par' dir='ltr' id='par_1_52' title="bbox 554 3451 2137 3542">
     <span class='ocr_line' id='line_1_52' title="bbox 554 3451 2137 3542; baseline 0.014 -38"><span class='ocrx_word' id='word_1_363' title='bbox 554 3451 652 3507; x_wconf 87' lang='lat' dir='ltr'><strong>Ims</strong></span> <span class='ocrx_word' id='word_1_364' title='bbox 683 3452 896 3509; x_wconf 89' lang='lat' dir='ltr'><strong>interim</strong></span> <span class='ocrx_word' id='word_1_365' title='bbox 931 3459 1019 3526; x_wconf 90' lang='lat' dir='ltr'><strong>qui</strong></span> <span class='ocrx_word' id='word_1_366' title='bbox 1050 3474 1109 3512; x_wconf 88' lang='lat' dir='ltr'><strong>ea</strong></span> <span class='ocrx_word' id='word_1_367' title='bbox 1133 3476 1250 3527; x_wconf 69' lang='lat' dir='ltr'><strong>qua:</strong></span> <span class='ocrx_word' id='word_1_368' title='bbox 1278 3462 1454 3517; x_wconf 89' lang='lat' dir='ltr'><strong>scribo</strong></span> <span class='ocrx_word' id='word_1_369' title='bbox 1483 3464 1683 3534; x_wconf 87' lang='lat' dir='ltr'><strong>legunt,</strong></span> <span class='ocrx_word' id='word_1_370' title='bbox 1717 3476 1819 3523; x_wconf 91' lang='lat' dir='ltr'><strong>etc.</strong></span> <span class='ocrx_word' id='word_1_371' title='bbox 1862 3470 2019 3542; x_wconf 81' lang='lat' dir='ltr'><strong>(Aug.</strong></span> <span class='ocrx_word' id='word_1_372' title='bbox 2046 3471 2137 3528; x_wconf 85' lang='lat' dir='ltr'><strong>lib.</strong></span> 
     </span>
    </p>
   </div>
   <div class='ocr_carea' id='block_1_53' title="bbox 553 3544 2139 3629">
    <p class='ocr_par' dir='ltr' id='par_1_53' title="bbox 553 3544 2139 3629">
     <span class='ocr_line' id='line_1_53' title="bbox 553 3544 2139 3629; baseline 0.014 -34"><span class='ocrx_word' id='word_1_373' title='bbox 553 3558 568 3595; x_wconf 95' lang='lat' dir='ltr'><strong>l</strong></span> <span class='ocrx_word' id='word_1_374' title='bbox 602 3544 666 3596; x_wconf 86' lang='lat' dir='ltr'><strong>de</strong></span> <span class='ocrx_word' id='word_1_375' title='bbox 692 3544 877 3600; x_wconf 84' lang='lat' dir='ltr'><strong>Trinit.</strong></span> <span class='ocrx_word' id='word_1_376' title='bbox 905 3565 1019 3617; x_wconf 86' lang='lat' dir='ltr'><strong>cap.</strong></span> <span class='ocrx_word' id='word_1_377' title='bbox 1048 3548 1103 3614; x_wconf 75' lang='grc'><strong>2,</strong></span> <span class='ocrx_word' id='word_1_378' title='bbox 1137 3550 1216 3618; x_wconf 81' lang='grc'><strong>5).</strong></span> <span class='ocrx_word' id='word_1_379' title='bbox 1246 3571 1263 3603; x_wconf 74' lang='grc' dir='ltr'><strong>ι</strong></span> <span class='ocrx_word' id='word_1_380' title='bbox 1297 3552 1419 3608; x_wconf 87' lang='lat' dir='ltr'><strong>Sola</strong></span> <span class='ocrx_word' id='word_1_381' title='bbox 1448 3555 1590 3608; x_wconf 90' lang='lat' dir='ltr'><strong>enim</strong></span> <span class='ocrx_word' id='word_1_382' title='bbox 1622 3569 1765 3623; x_wconf 87' lang='lat' dir='ltr'><strong>sunt,</strong></span> <span class='ocrx_word' id='word_1_383' title='bbox 1801 3567 1857 3612; x_wconf 93' lang='lat' dir='ltr'><strong>ut</strong></span> <span class='ocrx_word' id='word_1_384' title='bbox 1891 3563 2139 3629; x_wconf 86' lang='lat' dir='ltr'><strong>superius</strong></span> 
     </span>
    </p>
   </div>
   <div class='ocr_carea' id='block_1_54' title="bbox 553 3634 2139 3719">
    <p class='ocr_par' dir='ltr' id='par_1_54' title="bbox 553 3634 2139 3719">
     <span class='ocr_line' id='line_1_54' title="bbox 553 3634 2139 3719; baseline 0.015 -33"><span class='ocrx_word' id='word_1_385' title='bbox 553 3634 660 3705; x_wconf 82' lang='lat' dir='ltr'><strong>jam</strong></span> <span class='ocrx_word' id='word_1_386' title='bbox 689 3652 833 3703; x_wconf 66' lang='lat' dir='ltr'><strong>saepe</strong></span> <span class='ocrx_word' id='word_1_387' title='bbox 862 3639 1093 3695; x_wconf 74' lang='lat' dir='ltr'><strong>diximus</strong></span> <span class='ocrx_word' id='word_1_388' title='bbox 1115 3681 1131 3707; x_wconf 90' lang='lat'><strong>,</strong></span> <span class='ocrx_word' id='word_1_389' title='bbox 1166 3642 1215 3695; x_wconf 89' lang='lat' dir='ltr'><strong>in</strong></span> <span class='ocrx_word' id='word_1_390' title='bbox 1262 3645 1533 3699; x_wconf 88' lang='lat' dir='ltr'><strong>canonicis</strong></span> <span class='ocrx_word' id='word_1_391' title='bbox 1578 3646 1728 3702; x_wconf 90' lang='lat' dir='ltr'><strong>libris</strong></span> <span class='ocrx_word' id='word_1_392' title='bbox 1760 3659 2024 3719; x_wconf 67' lang='lat' dir='ltr'><strong>praecepta</strong></span> <span class='ocrx_word' id='word_1_393' title='bbox 2059 3654 2139 3708; x_wconf 82' lang='lat' dir='ltr'><strong>tli-</strong></span> 
     </span>
    </p>
   </div>
   <div class='ocr_carea' id='block_1_55' title="bbox 551 3726 2137 3813">
    <p class='ocr_par' dir='ltr' id='par_1_55' title="bbox 551 3726 2137 3813">
     <span class='ocr_line' id='line_1_55' title="bbox 551 3726 2137 3813; baseline 0.016 -37"><span class='ocrx_word' id='word_1_394' title='bbox 551 3726 699 3791; x_wconf 87' lang='lat' dir='ltr'><strong>vina,</strong></span> <span class='ocrx_word' id='word_1_395' title='bbox 726 3740 781 3783; x_wconf 90' lang='lat' dir='ltr'><strong>et</strong></span> <span class='ocrx_word' id='word_1_396' title='bbox 809 3729 861 3783; x_wconf 90' lang='lat' dir='ltr'><strong>in</strong></span> <span class='ocrx_word' id='word_1_397' title='bbox 890 3733 1230 3800; x_wconf 81' lang='lat' dir='ltr'><strong>generalibus</strong></span> <span class='ocrx_word' id='word_1_398' title='bbox 1253 3736 1477 3805; x_wconf 82' lang='lat' dir='ltr'><strong>synodis</strong></span> <span class='ocrx_word' id='word_1_399' title='bbox 1507 3750 1726 3806; x_wconf 90' lang='lat' dir='ltr'><strong>paterna</strong></span> <span class='ocrx_word' id='word_1_400' title='bbox 1751 3741 1987 3813; x_wconf 85' lang='lat' dir='ltr'><strong>decreta,</strong></span> <span class='ocrx_word' id='word_1_401' title='bbox 2031 3760 2137 3801; x_wconf 85' lang='lat' dir='ltr'><strong>non</strong></span> 
     </span>
    </p>
   </div>
   <div class='ocr_carea' id='block_1_56' title="bbox 550 3820 2139 3906">
    <p class='ocr_par' dir='ltr' id='par_1_56' title="bbox 550 3820 2139 3906">
     <span class='ocr_line' id='line_1_56' title="bbox 550 3820 2139 3906; baseline 0.014 -35"><span class='ocrx_word' id='word_1_402' title='bbox 550 3820 828 3875; x_wconf 77' lang='lat' dir='ltr'><strong>refutanda</strong></span> <span class='ocrx_word' id='word_1_403' title='bbox 856 3838 955 3878; x_wconf 92' lang='lat' dir='ltr'><strong>nec</strong></span> <span class='ocrx_word' id='word_1_404' title='bbox 981 3825 1279 3894; x_wconf 89' lang='lat' dir='ltr'><strong>respuenda</strong></span> <span class='ocrx_word' id='word_1_405' title='bbox 1297 3870 1312 3895; x_wconf 93' lang='lat'><strong>,</strong></span> <span class='ocrx_word' id='word_1_406' title='bbox 1355 3829 1449 3883; x_wconf 88' lang='lat' dir='ltr'><strong>sed</strong></span> <span class='ocrx_word' id='word_1_407' title='bbox 1474 3832 1825 3888; x_wconf 84' lang='lat' dir='ltr'><strong>custodienda</strong></span> <span class='ocrx_word' id='word_1_408' title='bbox 1854 3845 1907 3890; x_wconf 92' lang='lat' dir='ltr'><strong>et</strong></span> <span class='ocrx_word' id='word_1_409' title='bbox 1936 3838 2139 3906; x_wconf 89' lang='lat' dir='ltr'><strong>ample-</strong></span> 
     </span>
    </p>
   </div>
   <div class='ocr_carea' id='block_1_57' title="bbox 548 3910 2137 3997">
    <p class='ocr_par' dir='ltr' id='par_1_57' title="bbox 548 3910 2137 3997">
     <span class='ocr_line' id='line_1_57' title="bbox 548 3910 2137 3997; baseline 0.012 -33"><span class='ocrx_word' id='word_1_410' title='bbox 548 3910 771 3977; x_wconf 88' lang='lat' dir='ltr'><strong>ctenda;</strong></span> <span class='ocrx_word' id='word_1_411' title='bbox 803 3916 1149 3985; x_wconf 65' lang='lat' dir='ltr'><strong>praecipiente</strong></span> <span class='ocrx_word' id='word_1_412' title='bbox 1177 3928 1360 3974; x_wconf 83' lang='lat' dir='ltr'><strong>saneta</strong></span> <span class='ocrx_word' id='word_1_413' title='bbox 1389 3921 1666 3991; x_wconf 85' lang='lat' dir='ltr'><strong>Scriptura</strong></span> <span class='ocrx_word' id='word_1_414' title='bbox 1691 3943 1707 3980; x_wconf 88' lang='lat'><strong>:</strong></span> <span class='ocrx_word' id='word_1_415' title='bbox 1737 3926 1896 3993; x_wconf 81' lang='lat' dir='ltr'><strong>Audi,</strong></span> <span class='ocrx_word' id='word_1_416' title='bbox 1929 3929 2029 3997; x_wconf 77' lang='lat' dir='ltr'><strong>ﬁli,</strong></span> <span class='ocrx_word' id='word_1_417' title='bbox 2059 3931 2137 3983; x_wconf 86' lang='lat' dir='ltr'><strong>te-</strong></span> 
     </span>
    </p>
   </div>
   <div class='ocr_carea' id='block_1_58' title="bbox 548 4004 2139 4078">
    <p class='ocr_par' dir='ltr' id='par_1_58' title="bbox 548 4004 2139 4078">
     <span class='ocr_line' id='line_1_58' title="bbox 548 4004 2139 4078; baseline 0.013 -25"><span class='ocrx_word' id='word_1_418' title='bbox 548 4017 661 4070; x_wconf 83' lang='lat' dir='ltr'><strong>gent</strong></span> <span class='ocrx_word' id='word_1_419' title='bbox 707 4004 868 4070; x_wconf 78' lang='lat' dir='ltr'><strong>patris</strong></span> <span class='ocrx_word' id='word_1_420' title='bbox 918 4005 1015 4072; x_wconf 89' lang='lat' dir='ltr'><strong>tui,</strong></span> <span class='ocrx_word' id='word_1_421' title='bbox 1062 4014 1109 4061; x_wconf 88' lang='lat' dir='ltr'><strong>et</strong></span> <span class='ocrx_word' id='word_1_422' title='bbox 1153 4024 1215 4063; x_wconf 89' lang='lat' dir='ltr'><strong>ne</strong></span> <span class='ocrx_word' id='word_1_423' title='bbox 1254 4026 1466 4078; x_wconf 75' lang='lat' dir='ltr'><strong>spernas</strong></span> <span class='ocrx_word' id='word_1_424' title='bbox 1513 4016 1782 4069; x_wconf 77' lang='lat' dir='ltr'><strong>consilium</strong></span> <span class='ocrx_word' id='word_1_425' title='bbox 1813 4019 1992 4072; x_wconf 87' lang='lat' dir='ltr'><strong>matris</strong></span> <span class='ocrx_word' id='word_1_426' title='bbox 2036 4028 2139 4074; x_wconf 72' lang='lat' dir='ltr'><strong>tute</strong></span> 
     </span>
    </p>
   </div>
   <div class='ocr_carea' id='block_1_59' title="bbox 548 4089 2138 4181">
    <p class='ocr_par' dir='ltr' id='par_1_59' title="bbox 548 4089 2138 4181">
     <span class='ocr_line' id='line_1_59' title="bbox 548 4089 2138 4181; baseline 0.015 -36"><span class='ocrx_word' id='word_1_427' title='bbox 548 4089 728 4162; x_wconf 84' lang='lat' dir='ltr'><strong>(Prov.</strong></span> <span class='ocrx_word' id='word_1_428' title='bbox 764 4108 808 4159; x_wconf 88' lang='lat' dir='ltr'><strong>I,</strong></span> <span class='ocrx_word' id='word_1_429' title='bbox 840 4094 907 4162; x_wconf 83' lang='lat'><strong>8;</strong></span> <span class='ocrx_word' id='word_1_430' title='bbox 938 4110 989 4151; x_wconf 86' lang='lat' dir='ltr'><strong>vt</strong></span> <span class='ocrx_word' id='word_1_431' title='bbox 1012 4141 1028 4167; x_wconf 93' lang='lat'><strong>,</strong></span> <span class='ocrx_word' id='word_1_432' title='bbox 1067 4097 1182 4169; x_wconf 76' lang='grc'><strong>20).</strong></span> <span class='ocrx_word' id='word_1_433' title='bbox 1235 4098 1344 4156; x_wconf 82' lang='lat' dir='ltr'><strong>Lex</strong></span> <span class='ocrx_word' id='word_1_434' title='bbox 1376 4102 1519 4157; x_wconf 90' lang='lat' dir='ltr'><strong>enim</strong></span> <span class='ocrx_word' id='word_1_435' title='bbox 1549 4106 1719 4176; x_wconf 87' lang='lat' dir='ltr'><strong>patris</strong></span> <span class='ocrx_word' id='word_1_436' title='bbox 1748 4107 1933 4179; x_wconf 78' lang='lat' dir='ltr'><strong>fulget,</strong></span> <span class='ocrx_word' id='word_1_437' title='bbox 1965 4127 2138 4181; x_wconf 88' lang='lat' dir='ltr'><strong>quan-</strong></span> 
     </span>
    </p>
   </div>
   <div class='ocr_carea' id='block_1_60' title="bbox 547 4185 2135 4265">
    <p class='ocr_par' dir='ltr' id='par_1_60' title="bbox 547 4185 2135 4265">
     <span class='ocr_line' id='line_1_60' title="bbox 547 4185 2135 4265; baseline 0.014 -28"><span class='ocrx_word' id='word_1_438' title='bbox 547 4191 657 4239; x_wconf 89' lang='lat' dir='ltr'><strong>tum</strong></span> <span class='ocrx_word' id='word_1_439' title='bbox 692 4185 821 4253; x_wconf 83' lang='lat' dir='ltr'><strong>milii</strong></span> <span class='ocrx_word' id='word_1_440' title='bbox 847 4186 1080 4256; x_wconf 85' lang='lat' dir='ltr'><strong>videtur,</strong></span> <span class='ocrx_word' id='word_1_441' title='bbox 1124 4191 1177 4246; x_wconf 91' lang='lat' dir='ltr'><strong>in</strong></span> <span class='ocrx_word' id='word_1_442' title='bbox 1207 4193 1483 4251; x_wconf 86' lang='lat' dir='ltr'><strong>canonicis</strong></span> <span class='ocrx_word' id='word_1_443' title='bbox 1511 4195 1697 4265; x_wconf 87' lang='lat' dir='ltr'><strong>libris;</strong></span> <span class='ocrx_word' id='word_1_444' title='bbox 1720 4201 2001 4258; x_wconf 87' lang='lat' dir='ltr'><strong>consilium</strong></span> <span class='ocrx_word' id='word_1_445' title='bbox 2024 4220 2135 4260; x_wconf 86' lang='lat' dir='ltr'><strong>ma-</strong></span> 
     </span>
    </p>
   </div>
   <div class='ocr_carea' id='block_1_61' title="bbox 547 4274 2135 4364">
    <p class='ocr_par' dir='ltr' id='par_1_61' title="bbox 547 4274 2135 4364">
     <span class='ocr_line' id='line_1_61' title="bbox 547 4274 2135 4364; baseline 0.016 -38"><span class='ocrx_word' id='word_1_446' title='bbox 547 4274 642 4329; x_wconf 88' lang='lat' dir='ltr'><strong>tris</strong></span> <span class='ocrx_word' id='word_1_447' title='bbox 686 4274 739 4331; x_wconf 89' lang='lat' dir='ltr'><strong>in</strong></span> <span class='ocrx_word' id='word_1_448' title='bbox 789 4277 1179 4335; x_wconf 87' lang='lat' dir='ltr'><strong>universalibus</strong></span> <span class='ocrx_word' id='word_1_449' title='bbox 1217 4282 1464 4340; x_wconf 87' lang='lat' dir='ltr'><strong>conciliis</strong></span> <span class='ocrx_word' id='word_1_450' title='bbox 1491 4290 1827 4356; x_wconf 89' lang='lat' dir='ltr'><strong>continetur;</strong></span> <span class='ocrx_word' id='word_1_451' title='bbox 1867 4292 1959 4348; x_wconf 90' lang='lat' dir='ltr'><strong>ubi</strong></span> <span class='ocrx_word' id='word_1_452' title='bbox 2003 4308 2135 4364; x_wconf 87' lang='lat' dir='ltr'><strong>pro-</strong></span> 
     </span>
    </p>
   </div>
   <div class='ocr_carea' id='block_1_62' title="bbox 547 4366 2134 4440">
    <p class='ocr_par' dir='ltr' id='par_1_62' title="bbox 547 4366 2134 4440">
     <span class='ocr_line' id='line_1_62' title="bbox 547 4366 2134 4440; baseline 0.013 -22"><span class='ocrx_word' id='word_1_453' title='bbox 547 4372 725 4432; x_wconf 85' lang='lat' dir='ltr'><strong>pterea</strong></span> <span class='ocrx_word' id='word_1_454' title='bbox 771 4366 862 4435; x_wconf 89' lang='lat' dir='ltr'><strong>qui</strong></span> <span class='ocrx_word' id='word_1_455' title='bbox 892 4369 1222 4425; x_wconf 89' lang='lat' dir='ltr'><strong>conveniunt</strong></span> <span class='ocrx_word' id='word_1_456' title='bbox 1267 4372 1398 4428; x_wconf 82' lang='lat' dir='ltr'><strong>tales</strong></span> <span class='ocrx_word' id='word_1_457' title='bbox 1437 4380 1746 4434; x_wconf 85' lang='lat' dir='ltr'><strong>sacerdotes</strong></span> <span class='ocrx_word' id='word_1_458' title='bbox 1793 4389 1990 4437; x_wconf 88' lang='lat' dir='ltr'><strong>statuta</strong></span> <span class='ocrx_word' id='word_1_459' title='bbox 2036 4398 2134 4440; x_wconf 89' lang='lat' dir='ltr'><strong>sua</strong></span> 
     </span>
    </p>
   </div>
   <div class='ocr_carea' id='block_1_63' title="bbox 544 4456 2134 4542">
    <p class='ocr_par' dir='ltr' id='par_1_63' title="bbox 544 4456 2134 4542">
     <span class='ocr_line' id='line_1_63' title="bbox 544 4456 2134 4542; baseline 0.014 -34"><span class='ocrx_word' id='word_1_460' title='bbox 544 4456 907 4525; x_wconf 85' lang='lat' dir='ltr'><strong>subscrihunt,</strong></span> <span class='ocrx_word' id='word_1_461' title='bbox 938 4468 999 4514; x_wconf 92' lang='lat' dir='ltr'><strong>ut</strong></span> <span class='ocrx_word' id='word_1_462' title='bbox 1024 4463 1244 4518; x_wconf 88' lang='lat' dir='ltr'><strong>dubium</strong></span> <span class='ocrx_word' id='word_1_463' title='bbox 1273 4481 1379 4520; x_wconf 85' lang='lat' dir='ltr'><strong>non</strong></span> <span class='ocrx_word' id='word_1_464' title='bbox 1419 4467 1753 4539; x_wconf 85' lang='lat' dir='ltr'><strong>relinquatur</strong></span> <span class='ocrx_word' id='word_1_465' title='bbox 1772 4487 1803 4526; x_wconf 89' lang='lat' dir='ltr'><strong>a</strong></span> <span class='ocrx_word' id='word_1_466' title='bbox 1831 4475 2026 4542; x_wconf 88' lang='lat' dir='ltr'><strong>quibus</strong></span> <span class='ocrx_word' id='word_1_467' title='bbox 2052 4486 2134 4532; x_wconf 89' lang='lat' dir='ltr'><strong>est</strong></span> 
     </span>
    </p>
   </div>
   <div class='ocr_carea' id='block_1_64' title="bbox 543 4547 2133 4633">
    <p class='ocr_par' dir='ltr' id='par_1_64' title="bbox 543 4547 2133 4633">
     <span class='ocr_line' id='line_1_64' title="bbox 543 4547 2133 4633; baseline 0.013 -31"><span class='ocrx_word' id='word_1_468' title='bbox 543 4547 722 4602; x_wconf 82' lang='lat' dir='ltr'><strong>habita</strong></span> <span class='ocrx_word' id='word_1_469' title='bbox 751 4550 1039 4618; x_wconf 81' lang='lat' dir='ltr'><strong>disputatio</strong></span> <span class='ocrx_word' id='word_1_470' title='bbox 1066 4573 1078 4608; x_wconf 91' lang='lat'>:</span> <span class='ocrx_word' id='word_1_471' title='bbox 1110 4566 1362 4612; x_wconf 63' lang='lat' dir='ltr'><strong>caeterum</strong></span> <span class='ocrx_word' id='word_1_472' title='bbox 1396 4571 1593 4628; x_wconf 67' lang='lat' dir='ltr'><strong>praeter</strong></span> <span class='ocrx_word' id='word_1_473' title='bbox 1622 4564 1743 4618; x_wconf 90' lang='lat' dir='ltr'><strong>illos</strong></span> <span class='ocrx_word' id='word_1_474' title='bbox 1772 4564 1861 4633; x_wconf 90' lang='lat' dir='ltr'><strong>qui</strong></span> <span class='ocrx_word' id='word_1_475' title='bbox 1892 4574 2133 4624; x_wconf 87' lang='lat' dir='ltr'><strong>statuunt</strong></span> 
     </span>
    </p>
   </div>
   <div class='ocr_carea' id='block_1_65' title="bbox 544 4643 2129 4724">
    <p class='ocr_par' dir='ltr' id='par_1_65' title="bbox 544 4643 2129 4724">
     <span class='ocr_line' id='line_1_65' title="bbox 544 4643 2129 4724; baseline 0.016 -36"><span class='ocrx_word' id='word_1_476' title='bbox 544 4654 663 4706; x_wconf 68' lang='lat' dir='ltr'><strong>quze</strong></span> <span class='ocrx_word' id='word_1_477' title='bbox 690 4643 972 4695; x_wconf 87' lang='lat' dir='ltr'><strong>statuenda</strong></span> <span class='ocrx_word' id='word_1_478' title='bbox 1005 4654 1161 4711; x_wconf 81' lang='lat' dir='ltr'><strong>sunt,</strong></span> <span class='ocrx_word' id='word_1_479' title='bbox 1202 4648 1380 4703; x_wconf 89' lang='lat' dir='ltr'><strong>nullus</strong></span> <span class='ocrx_word' id='word_1_480' title='bbox 1410 4652 1556 4718; x_wconf 80' lang='lat' dir='ltr'><strong>cogit</strong></span> <span class='ocrx_word' id='word_1_481' title='bbox 1584 4653 1719 4707; x_wconf 91' lang='lat' dir='ltr'><strong>ultra</strong></span> <span class='ocrx_word' id='word_1_482' title='bbox 1748 4655 2089 4713; x_wconf 84' lang='lat' dir='ltr'><strong>subscribere</strong></span> <span class='ocrx_word' id='word_1_483' title='bbox 2114 4674 2129 4724; x_wconf 89' lang='lat'><strong>;</strong></span> 
     </span>
    </p>
   </div>
   <div class='ocr_carea' id='block_1_66' title="bbox 542 4732 2129 4816">
    <p class='ocr_par' dir='ltr' id='par_1_66' title="bbox 542 4732 2129 4816">
     <span class='ocr_line' id='line_1_66' title="bbox 542 4732 2129 4816; baseline 0.012 -32"><span class='ocrx_word' id='word_1_484' title='bbox 542 4732 790 4787; x_wconf 73' lang='lat' dir='ltr'><strong>suilicere</strong></span> <span class='ocrx_word' id='word_1_485' title='bbox 819 4734 960 4789; x_wconf 87' lang='lat' dir='ltr'><strong>enim</strong></span> <span class='ocrx_word' id='word_1_486' title='bbox 986 4737 1255 4803; x_wconf 84' lang='lat' dir='ltr'><strong>judicatur</strong></span> <span class='ocrx_word' id='word_1_487' title='bbox 1285 4742 1348 4794; x_wconf 90' lang='lat' dir='ltr'><strong>ad</strong></span> <span class='ocrx_word' id='word_1_488' title='bbox 1383 4743 1592 4810; x_wconf 85' lang='lat' dir='ltr'><strong>plenam</strong></span> <span class='ocrx_word' id='word_1_489' title='bbox 1624 4745 2086 4803; x_wconf 85' lang='lat' dir='ltr'><strong>conﬁrmationem</strong></span> <span class='ocrx_word' id='word_1_490' title='bbox 2112 4791 2129 4816; x_wconf 92' lang='lat'><strong>,</strong></span> 
     </span>
    </p>
   </div>
   <div class='ocr_carea' id='block_1_67' title="bbox 544 4826 2133 4900">
    <p class='ocr_par' dir='ltr' id='par_1_67' title="bbox 544 4826 2133 4900">
     <span class='ocr_line' id='line_1_67' title="bbox 544 4826 2133 4900; baseline 0.012 -22"><span class='ocrx_word' id='word_1_491' title='bbox 544 4826 589 4879; x_wconf 90' lang='lat' dir='ltr'><strong>si</strong></span> <span class='ocrx_word' id='word_1_492' title='bbox 624 4826 876 4894; x_wconf 84' lang='lat' dir='ltr'><strong>perducta</strong></span> <span class='ocrx_word' id='word_1_493' title='bbox 906 4830 955 4882; x_wconf 91' lang='lat' dir='ltr'><strong>in</strong></span> <span class='ocrx_word' id='word_1_494' title='bbox 985 4831 1232 4886; x_wconf 87' lang='lat' dir='ltr'><strong>notitiam</strong></span> <span class='ocrx_word' id='word_1_495' title='bbox 1260 4835 1421 4889; x_wconf 88' lang='lat' dir='ltr'><strong>totius</strong></span> <span class='ocrx_word' id='word_1_496' title='bbox 1450 4837 1705 4893; x_wconf 78' lang='lat' dir='ltr'><strong>Ecclesia:</strong></span> <span class='ocrx_word' id='word_1_497' title='bbox 1733 4842 1938 4895; x_wconf 89' lang='lat' dir='ltr'><strong>nullum</strong></span> <span class='ocrx_word' id='word_1_498' title='bbox 1964 4843 2133 4900; x_wconf 85' lang='lat' dir='ltr'><strong>oern-</strong></span> 
     </span>
    </p>
   </div>
   <div class='ocr_carea' id='block_1_68' title="bbox 539 4917 2133 5006">
    <p class='ocr_par' dir='ltr' id='par_1_68' title="bbox 539 4917 2133 5006">
     <span class='ocr_line' id='line_1_68' title="bbox 539 4917 2133 5006; baseline 0.012 -33"><span class='ocrx_word' id='word_1_499' title='bbox 539 4917 773 4974; x_wconf 90' lang='lat' dir='ltr'><strong>diculum</strong></span> <span class='ocrx_word' id='word_1_500' title='bbox 809 4933 1076 4990; x_wconf 86' lang='lat' dir='ltr'><strong>moveant,</strong></span> <span class='ocrx_word' id='word_1_501' title='bbox 1112 4926 1197 4980; x_wconf 88' lang='lat' dir='ltr'><strong>vel</strong></span> <span class='ocrx_word' id='word_1_502' title='bbox 1231 4928 1543 4983; x_wconf 84' lang='lat' dir='ltr'><strong>scandalum</strong></span> <span class='ocrx_word' id='word_1_503' title='bbox 1578 4930 1855 5000; x_wconf 87' lang='lat' dir='ltr'><strong>fratribus,</strong></span> <span class='ocrx_word' id='word_1_504' title='bbox 1884 4937 1976 4991; x_wconf 89' lang='lat' dir='ltr'><strong>sed</strong></span> <span class='ocrx_word' id='word_1_505' title='bbox 2005 4952 2133 5006; x_wconf 88' lang='lat' dir='ltr'><strong>apo-</strong></span> 
     </span>
    </p>
   </div>
   <div class='ocr_carea' id='block_1_69' title="bbox 538 5011 2129 5094">
    <p class='ocr_par' dir='ltr' id='par_1_69' title="bbox 538 5011 2129 5094">
     <span class='ocr_line' id='line_1_69' title="bbox 538 5011 2129 5094; baseline 0.012 -28"><span class='ocrx_word' id='word_1_506' title='bbox 538 5011 744 5068; x_wconf 73' lang='lat' dir='ltr'><strong>stolicae</strong></span> <span class='ocrx_word' id='word_1_507' title='bbox 791 5012 911 5069; x_wconf 88' lang='lat' dir='ltr'><strong>fidei</strong></span> <span class='ocrx_word' id='word_1_508' title='bbox 950 5017 1239 5075; x_wconf 85' lang='lat' dir='ltr'><strong>convenire</strong></span> <span class='ocrx_word' id='word_1_509' title='bbox 1284 5019 1593 5089; x_wconf 89' lang='lat' dir='ltr'><strong>Iirntentur,</strong></span> <span class='ocrx_word' id='word_1_510' title='bbox 1627 5027 1935 5094; x_wconf 66' lang='lat' dir='ltr'><strong>apostolicae</strong></span> <span class='ocrx_word' id='word_1_511' title='bbox 1981 5029 2129 5085; x_wconf 88' lang='lat' dir='ltr'><strong>sedis</strong></span> 
     </span>
    </p>
   </div>
   <div class='ocr_carea' id='block_1_70' title="bbox 536 5101 1103 5159">
    <p class='ocr_par' dir='ltr' id='par_1_70' title="bbox 536 5101 1103 5159">
     <span class='ocr_line' id='line_1_70' title="bbox 536 5101 1103 5159; baseline 0.007 -4"><span class='ocrx_word' id='word_1_512' title='bbox 536 5101 785 5155; x_wconf 82' lang='lat' dir='ltr'><strong>roborata</strong></span> <span class='ocrx_word' id='word_1_513' title='bbox 816 5118 1103 5159; x_wconf 88' lang='lat' dir='ltr'><strong>consensu.</strong></span> 
     </span>
    </p>
   </div>
   <div class='ocr_carea' id='block_1_71' title="bbox 608 5194 2128 5267">
    <p class='ocr_par' dir='ltr' id='par_1_71' title="bbox 608 5194 2128 5267">
     <span class='ocr_line' id='line_1_71' title="bbox 608 5194 2128 5267; baseline 0.011 -19"><span class='ocrx_word' id='word_1_514' title='bbox 608 5194 698 5249; x_wconf 86' lang='grc'><strong>10.</strong></span> <span class='ocrx_word' id='word_1_515' title='bbox 741 5194 997 5263; x_wconf 84' lang='lat' dir='ltr'><strong>Dignetnr</strong></span> <span class='ocrx_word' id='word_1_516' title='bbox 1025 5196 1201 5267; x_wconf 88' lang='lat' dir='ltr'><strong>itaque</strong></span> <span class='ocrx_word' id='word_1_517' title='bbox 1232 5198 1503 5256; x_wconf 69' lang='lat' dir='ltr'><strong>beatitudo</strong></span> <span class='ocrx_word' id='word_1_518' title='bbox 1533 5215 1707 5260; x_wconf 87' lang='lat' dir='ltr'><strong>vestra</strong></span> <span class='ocrx_word' id='word_1_519' title='bbox 1733 5215 1842 5262; x_wconf 89' lang='lat' dir='ltr'><strong>tres</strong></span> <span class='ocrx_word' id='word_1_520' title='bbox 1882 5207 2012 5263; x_wconf 89' lang='lat' dir='ltr'><strong>istas</strong></span> <span class='ocrx_word' id='word_1_521' title='bbox 2042 5223 2128 5265; x_wconf 89' lang='lat' dir='ltr'><strong>re-</strong></span> 
     </span>
    </p>
   </div>
   <div class='ocr_carea' id='block_1_72' title="bbox 536 5286 2128 5363">
    <p class='ocr_par' dir='ltr' id='par_1_72' title="bbox 536 5286 2128 5363">
     <span class='ocr_line' id='line_1_72' title="bbox 536 5286 2128 5363; baseline 0.013 -29"><span class='ocrx_word' id='word_1_522' title='bbox 536 5286 685 5353; x_wconf 70' lang='lat' dir='ltr'><strong>gulas</strong></span> <span class='ocrx_word' id='word_1_523' title='bbox 712 5286 902 5340; x_wconf 70' lang='lat' dir='ltr'><strong>ordine</strong></span> <span class='ocrx_word' id='word_1_524' title='bbox 933 5294 990 5341; x_wconf 91' lang='lat' dir='ltr'><strong>et</strong></span> <span class='ocrx_word' id='word_1_525' title='bbox 1020 5302 1272 5346; x_wconf 86' lang='lat' dir='ltr'><strong>sermone</strong></span> <span class='ocrx_word' id='word_1_526' title='bbox 1302 5307 1406 5362; x_wconf 89' lang='lat' dir='ltr'><strong>quo</strong></span> <span class='ocrx_word' id='word_1_527' title='bbox 1436 5297 1702 5363; x_wconf 84' lang='lat' dir='ltr'><strong>potuimus</strong></span> <span class='ocrx_word' id='word_1_528' title='bbox 1735 5299 2006 5354; x_wconf 89' lang='lat' dir='ltr'><strong>intimatas</strong></span> <span class='ocrx_word' id='word_1_529' title='bbox 2045 5300 2128 5355; x_wconf 90' lang='lat' dir='ltr'><strong>di-</strong></span> 
     </span>
    </p>
   </div>
   <div class='ocr_carea' id='block_1_73' title="bbox 537 5375 2127 5461">
    <p class='ocr_par' dir='ltr' id='par_1_73' title="bbox 537 5375 2127 5461">
     <span class='ocr_line' id='line_1_73' title="bbox 537 5375 2127 5461; baseline 0.011 -33"><span class='ocrx_word' id='word_1_530' title='bbox 537 5375 765 5441; x_wconf 80' lang='lat' dir='ltr'><strong>ligenter</strong></span> <span class='ocrx_word' id='word_1_531' title='bbox 793 5378 1071 5432; x_wconf 77' lang='lat' dir='ltr'><strong>attendere</strong></span> <span class='ocrx_word' id='word_1_532' title='bbox 1094 5420 1108 5443; x_wconf 88' lang='lat'><strong>,</strong></span> <span class='ocrx_word' id='word_1_533' title='bbox 1134 5391 1185 5434; x_wconf 89' lang='lat' dir='ltr'><strong>et</strong></span> <span class='ocrx_word' id='word_1_534' title='bbox 1218 5379 1287 5451; x_wconf 70' lang='lat' dir='ltr'><strong>(si</strong></span> <span class='ocrx_word' id='word_1_535' title='bbox 1329 5394 1508 5438; x_wconf 88' lang='lat' dir='ltr'><strong>nostra</strong></span> <span class='ocrx_word' id='word_1_536' title='bbox 1546 5388 1716 5453; x_wconf 81' lang='lat' dir='ltr'><strong>placet</strong></span> <span class='ocrx_word' id='word_1_537' title='bbox 1758 5387 1977 5444; x_wconf 85' lang='lat' dir='ltr'><strong>humilis</strong></span> <span class='ocrx_word' id='word_1_538' title='bbox 2004 5406 2127 5461; x_wconf 89' lang='lat' dir='ltr'><strong>per-</strong></span> 
     </span>
    </p>
   </div>
   <div class='ocr_carea' id='block_1_74' title="bbox 537 5467 2127 5537">
    <p class='ocr_par' dir='ltr' id='par_1_74' title="bbox 537 5467 2127 5537">
     <span class='ocr_line' id='line_1_74' title="bbox 537 5467 2127 5537; baseline 0.013 -20"><span class='ocrx_word' id='word_1_539' title='bbox 537 5467 742 5536; x_wconf 77' lang='lat' dir='ltr'><strong>suasio)</strong></span> <span class='ocrx_word' id='word_1_540' title='bbox 768 5469 1059 5522; x_wconf 79' lang='lat' dir='ltr'><strong>cuswdire.</strong></span> <span class='ocrx_word' id='word_1_541' title='bbox 1094 5469 1161 5524; x_wconf 86' lang='lat' dir='ltr'><strong>Ut</strong></span> <span class='ocrx_word' id='word_1_542' title='bbox 1190 5475 1399 5529; x_wconf 59' lang='lat' dir='ltr'><strong>conc-itii</strong></span> <span class='ocrx_word' id='word_1_543' title='bbox 1430 5475 1885 5535; x_wconf 69' lang='lat' dir='ltr'><strong>Chalcedonensis</strong></span> <span class='ocrx_word' id='word_1_544' title='bbox 1938 5482 2021 5537; x_wconf 88' lang='lat' dir='ltr'><strong>vel</strong></span> <span class='ocrx_word' id='word_1_545' title='bbox 2052 5483 2127 5537; x_wconf 89' lang='lat' dir='ltr'><strong>si-</strong></span> 
     </span>
    </p>
   </div>
   <div class='ocr_carea' id='block_1_75' title="bbox 539 5558 2124 5641">
    <p class='ocr_par' dir='ltr' id='par_1_75' title="bbox 539 5558 2124 5641">
     <span class='ocr_line' id='line_1_75' title="bbox 539 5558 2124 5641; baseline 0.012 -29"><span class='ocrx_word' id='word_1_546' title='bbox 539 5558 740 5612; x_wconf 74' lang='lat' dir='ltr'><strong>milium</strong></span> <span class='ocrx_word' id='word_1_547' title='bbox 774 5561 914 5614; x_wconf 84' lang='lat' dir='ltr'><strong>nulla</strong></span> <span class='ocrx_word' id='word_1_548' title='bbox 944 5565 1251 5617; x_wconf 86' lang='lat' dir='ltr'><strong>retractatio</strong></span> <span class='ocrx_word' id='word_1_549' title='bbox 1274 5566 1513 5635; x_wconf 88' lang='lat' dir='ltr'><strong>placeat;</strong></span> <span class='ocrx_word' id='word_1_550' title='bbox 1541 5570 1636 5624; x_wconf 89' lang='lat' dir='ltr'><strong>sed</strong></span> <span class='ocrx_word' id='word_1_551' title='bbox 1676 5588 1797 5641; x_wconf 73' lang='lat' dir='ltr'><strong>quae</strong></span> <span class='ocrx_word' id='word_1_552' title='bbox 1823 5574 1989 5629; x_wconf 89' lang='lat' dir='ltr'><strong>semel</strong></span> <span class='ocrx_word' id='word_1_553' title='bbox 2012 5583 2124 5630; x_wconf 86' lang='lat' dir='ltr'><strong>sta-</strong></span> 
     </span>
    </p>
   </div>
   <div class='ocr_carea' id='block_1_76' title="bbox 540 5654 2121 5733">
    <p class='ocr_par' dir='ltr' id='par_1_76' title="bbox 540 5654 2121 5733">
     <span class='ocr_line' id='line_1_76' title="bbox 540 5654 2121 5733; baseline 0.013 -31"><span class='ocrx_word' id='word_1_554' title='bbox 540 5658 649 5703; x_wconf 88' lang='lat' dir='ltr'><strong>tuta</strong></span> <span class='ocrx_word' id='word_1_555' title='bbox 678 5661 822 5715; x_wconf 87' lang='lat' dir='ltr'><strong>sunt,</strong></span> <span class='ocrx_word' id='word_1_556' title='bbox 857 5654 1167 5710; x_wconf 85' lang='lat' dir='ltr'><strong>intemerata</strong></span> <span class='ocrx_word' id='word_1_557' title='bbox 1197 5670 1498 5715; x_wconf 89' lang='lat' dir='ltr'><strong>serventur.</strong></span> <span class='ocrx_word' id='word_1_558' title='bbox 1534 5660 1602 5717; x_wconf 89' lang='lat' dir='ltr'><strong>Ut</strong></span> <span class='ocrx_word' id='word_1_559' title='bbox 1626 5678 1720 5733; x_wconf 77' lang='lat' dir='ltr'><strong>pro</strong></span> <span class='ocrx_word' id='word_1_560' title='bbox 1750 5666 1978 5720; x_wconf 85' lang='lat' dir='ltr'><strong>mortuis</strong></span> <span class='ocrx_word' id='word_1_561' title='bbox 2007 5666 2121 5723; x_wconf 88' lang='lat' dir='ltr'><strong>fra-</strong></span> 
     </span>
    </p>
   </div>
   <div class='ocr_carea' id='block_1_77' title="bbox 540 5743 2113 5820">
    <p class='ocr_par' dir='ltr' id='par_1_77' title="bbox 540 5743 2113 5820">
     <span class='ocr_line' id='line_1_77' title="bbox 540 5743 2113 5820; baseline 0.013 -22"><span class='ocrx_word' id='word_1_562' title='bbox 540 5743 707 5800; x_wconf 70' lang='lat' dir='ltr'><strong>tribus</strong></span> <span class='ocrx_word' id='word_1_563' title='bbox 757 5745 897 5803; x_wconf 85' lang='lat' dir='ltr'><strong>nulla</strong></span> <span class='ocrx_word' id='word_1_564' title='bbox 953 5761 1275 5818; x_wconf 80' lang='lat' dir='ltr'><strong>generentur</strong></span> <span class='ocrx_word' id='word_1_565' title='bbox 1325 5752 1462 5810; x_wconf 81' lang='lat' dir='ltr'><strong>inter</strong></span> <span class='ocrx_word' id='word_1_566' title='bbox 1514 5755 1665 5813; x_wconf 76' lang='lat' dir='ltr'><strong>vivos</strong></span> <span class='ocrx_word' id='word_1_567' title='bbox 1714 5758 1984 5817; x_wconf 81' lang='lat' dir='ltr'><strong>scandala.</strong></span> <span class='ocrx_word' id='word_1_568' title='bbox 2050 5763 2113 5820; x_wconf 87' lang='lat' dir='ltr'><strong>Ut</strong></span> 
     </span>
    </p>
   </div>
   <div class='ocr_carea' id='block_1_78' title="bbox 2249 1864 3853 1943">
    <p class='ocr_par' dir='ltr' id='par_1_78' title="bbox 2249 1864 3853 1943">
     <span class='ocr_line' id='line_1_78' title="bbox 2249 1864 3853 1943; baseline 0.008 -27"><span class='ocrx_word' id='word_1_569' title='bbox 2249 1864 2487 1927; x_wconf 84' lang='lat' dir='ltr'><strong>ritatem,</strong></span> <span class='ocrx_word' id='word_1_570' title='bbox 2518 1866 2565 1919; x_wconf 87' lang='lat' dir='ltr'><strong>si</strong></span> <span class='ocrx_word' id='word_1_571' title='bbox 2599 1866 2771 1934; x_wconf 90' lang='lat' dir='ltr'><strong>potuit</strong></span> <span class='ocrx_word' id='word_1_572' title='bbox 2802 1867 2918 1922; x_wconf 67' lang='lat' dir='ltr'><strong>hare</strong></span> <span class='ocrx_word' id='word_1_573' title='bbox 2967 1884 3129 1938; x_wconf 84' lang='lat' dir='ltr'><strong>parva</strong></span> <span class='ocrx_word' id='word_1_574' title='bbox 3160 1874 3443 1939; x_wconf 90' lang='lat' dir='ltr'><strong>responsio</strong></span> <span class='ocrx_word' id='word_1_575' title='bbox 3489 1874 3853 1943; x_wconf 80' lang='lat' dir='ltr'><strong>cooiprehen-</strong></span> 
     </span>
    </p>
   </div>
   <div class='ocr_carea' id='block_1_79' title="bbox 2247 1955 3849 2031">
    <p class='ocr_par' dir='ltr' id='par_1_79' title="bbox 2247 1955 3849 2031">
     <span class='ocr_line' id='line_1_79' title="bbox 2247 1955 3849 2031; baseline 0.01 -23"><span class='ocrx_word' id='word_1_576' title='bbox 2247 1955 2376 2010; x_wconf 86' lang='lat' dir='ltr'><strong>dere</strong></span> <span class='ocrx_word' id='word_1_577' title='bbox 2420 1958 2739 2025; x_wconf 84' lang='lat' dir='ltr'><strong>veritatem;</strong></span> <span class='ocrx_word' id='word_1_578' title='bbox 2790 1969 2863 2025; x_wconf 92' lang='lat' dir='ltr'><strong>et,</strong></span> <span class='ocrx_word' id='word_1_579' title='bbox 2916 1962 2959 2015; x_wconf 88' lang='lat' dir='ltr'><strong>si</strong></span> <span class='ocrx_word' id='word_1_580' title='bbox 3010 1963 3225 2031; x_wconf 88' lang='lat' dir='ltr'><strong>quidem</strong></span> <span class='ocrx_word' id='word_1_581' title='bbox 3270 1964 3562 2031; x_wconf 81' lang='lat' dir='ltr'><strong>placuerit,</strong></span> <span class='ocrx_word' id='word_1_582' title='bbox 3597 1967 3849 2024; x_wconf 77' lang='lat' dir='ltr'><strong>discretio</strong></span> 
     </span>
    </p>
   </div>
   <div class='ocr_carea' id='block_1_80' title="bbox 2248 2052 3685 2124">
    <p class='ocr_par' dir='ltr' id='par_1_80' title="bbox 2248 2052 3685 2124">
     <span class='ocr_line' id='line_1_80' title="bbox 2248 2052 3685 2124; baseline 0.009 -24"><span class='ocrx_word' id='word_1_583' title='bbox 2248 2056 2423 2103; x_wconf 83' lang='lat' dir='ltr'><strong>vestra</strong></span> <span class='ocrx_word' id='word_1_584' title='bbox 2454 2052 2746 2120; x_wconf 84' lang='lat' dir='ltr'><strong>perpendat</strong></span> <span class='ocrx_word' id='word_1_585' title='bbox 2780 2060 2958 2107; x_wconf 89' lang='lat' dir='ltr'><strong>utrum</strong></span> <span class='ocrx_word' id='word_1_586' title='bbox 2990 2054 3145 2124; x_wconf 90' lang='lat' dir='ltr'><strong>prodi</strong></span> <span class='ocrx_word' id='word_1_587' title='bbox 3175 2054 3372 2111; x_wconf 86' lang='lat' dir='ltr'><strong>debeat</strong></span> <span class='ocrx_word' id='word_1_588' title='bbox 3402 2059 3685 2113; x_wconf 87' lang='lat' dir='ltr'><strong>fratribus.</strong></span> 
     </span>
    </p>
   </div>
   <div class='ocr_carea' id='block_1_81' title="bbox 2809 2184 3297 2242">
    <p class='ocr_par' dir='ltr' id='par_1_81' title="bbox 2809 2184 3297 2242">
     <span class='ocr_line' id='line_1_81' title="bbox 2809 2184 3297 2242; baseline 0.01 -5"><span class='ocrx_word' id='word_1_589' title='bbox 2809 2184 3143 2240; x_wconf 78' lang='lat' dir='ltr'><strong>EPISTOLA</strong></span> <span class='ocrx_word' id='word_1_590' title='bbox 3183 2185 3297 2242; x_wconf 74' lang='lat' dir='ltr'><strong>VII.</strong></span> 
     </span>
    </p>
   </div>
   <div class='ocr_carea' id='block_1_82' title="bbox 2516 2311 3568 2357">
    <p class='ocr_par' dir='ltr' id='par_1_82' title="bbox 2516 2311 3568 2357">
     <span class='ocr_line' id='line_1_82' title="bbox 2516 2311 3568 2357; baseline 0.008 -8"><span class='ocrx_word' id='word_1_591' title='bbox 2516 2312 2585 2349; x_wconf 71' lang='lat' dir='ltr'><strong>AD</strong></span> <span class='ocrx_word' id='word_1_592' title='bbox 2627 2311 2852 2350; x_wconf 67' lang='lat' dir='ltr'><strong>REGINUH</strong></span> <span class='ocrx_word' id='word_1_593' title='bbox 2892 2312 3127 2352; x_wconf 71' lang='lat' dir='ltr'><strong>COMITEM</strong></span> <span class='ocrx_word' id='word_1_594' title='bbox 3165 2316 3568 2357; x_wconf 62' lang='lat' dir='ltr'><strong>PABiﬁNETICUS.</strong></span> 
     </span>
    </p>
   </div>
   <div class='ocr_carea' id='block_1_83' title="bbox 2252 2387 3845 2466">
    <p class='ocr_par' dir='ltr' id='par_1_83' title="bbox 2252 2387 3845 2466">
     <span class='ocr_line' id='line_1_83' title="bbox 2252 2387 3845 2466; baseline 0.006 -25"><span class='ocrx_word' id='word_1_595' title='bbox 2252 2387 2431 2455; x_wconf 72' lang='lat' dir='ltr'><strong>Qualis</strong></span> <span class='ocrx_word' id='word_1_596' title='bbox 2455 2404 2564 2442; x_wconf 85' lang='lat' dir='ltr'><strong>esse</strong></span> <span class='ocrx_word' id='word_1_597' title='bbox 2589 2389 2769 2466; x_wconf 77' lang='lat' dir='ltr'><strong>debeat</strong></span> <span class='ocrx_word' id='word_1_598' title='bbox 2791 2391 2898 2443; x_wconf 75' lang='lat' dir='ltr'><strong>(tua:</strong></span> <span class='ocrx_word' id='word_1_599' title='bbox 2920 2392 3189 2466; x_wconf 77' lang='lat' dir='ltr'><strong>religiosus</strong></span> <span class='ocrx_word' id='word_1_600' title='bbox 3212 2394 3263 2445; x_wconf 87' lang='lat' dir='ltr'><strong>in</strong></span> <span class='ocrx_word' id='word_1_601' title='bbox 3304 2396 3497 2448; x_wconf 86' lang='lat' dir='ltr'><strong>actibus</strong></span> <span class='ocrx_word' id='word_1_602' title='bbox 3521 2397 3845 2466; x_wconf 68' lang='lat' dir='ltr'><strong>militaribus,</strong></span> 
     </span>
    </p>
   </div>
   <div class='ocr_carea' id='block_1_84' title="bbox 2562 2462 3535 2535">
    <p class='ocr_par' dir='ltr' id='par_1_84' title="bbox 2562 2462 3535 2535">
     <span class='ocr_line' id='line_1_84' title="bbox 2562 2462 3535 2535; baseline 0.007 -23"><span class='ocrx_word' id='word_1_603' title='bbox 2562 2475 2649 2512; x_wconf 86' lang='lat' dir='ltr'><strong>seu</strong></span> <span class='ocrx_word' id='word_1_604' title='bbox 2679 2462 2741 2511; x_wconf 84' lang='lat' dir='ltr'><strong>de</strong></span> <span class='ocrx_word' id='word_1_605' title='bbox 2770 2471 2959 2529; x_wconf 85' lang='lat' dir='ltr'><strong>septem</strong></span> <span class='ocrx_word' id='word_1_606' title='bbox 2995 2464 3185 2535; x_wconf 83' lang='lat' dir='ltr'><strong>regulis</strong></span> <span class='ocrx_word' id='word_1_607' title='bbox 3210 2468 3535 2519; x_wconf 60' lang='lat' dir='ltr'><strong>innocentia.</strong></span> 
     </span>
    </p>
   </div>
   <div class='ocr_carea' id='block_1_85' title="bbox 2322 2574 3843 2652">
    <p class='ocr_par' dir='ltr' id='par_1_85' title="bbox 2322 2574 3843 2652">
     <span class='ocr_line' id='line_1_85' title="bbox 2322 2574 3843 2652; baseline 0.007 -25"><span class='ocrx_word' id='word_1_608' title='bbox 2322 2574 2373 2627; x_wconf 88' lang='lat' dir='ltr'><strong>I.</strong></span> <span class='ocrx_word' id='word_1_609' title='bbox 2417 2574 2649 2628; x_wconf 88' lang='lat' dir='ltr'><strong>Socialis</strong></span> <span class='ocrx_word' id='word_1_610' title='bbox 2695 2575 2818 2628; x_wconf 79' lang='lat' dir='ltr'><strong>vitae</strong></span> <span class='ocrx_word' id='word_1_611' title='bbox 2861 2575 3136 2631; x_wconf 88' lang='lat' dir='ltr'><strong>laboribus</strong></span> <span class='ocrx_word' id='word_1_612' title='bbox 3162 2580 3513 2646; x_wconf 61' lang='lat' dir='ltr'><strong>exercendus,</strong></span> <span class='ocrx_word' id='word_1_613' title='bbox 3548 2581 3843 2652; x_wconf 72' lang='lat' dir='ltr'><strong>ignorantia</strong></span> 
     </span>
    </p>
   </div>
   <div class='ocr_carea' id='block_1_86' title="bbox 2248 2667 3842 2742">
    <p class='ocr_par' dir='ltr' id='par_1_86' title="bbox 2248 2667 3842 2742">
     <span class='ocr_line' id='line_1_86' title="bbox 2248 2667 3842 2742; baseline 0.009 -25"><span class='ocrx_word' id='word_1_614' title='bbox 2248 2667 2489 2734; x_wconf 73' lang='lat' dir='ltr'><strong>pueritia:</strong></span> <span class='ocrx_word' id='word_1_615' title='bbox 2524 2682 2646 2722; x_wconf 80' lang='lat' dir='ltr'><strong>mox</strong></span> <span class='ocrx_word' id='word_1_616' title='bbox 2698 2675 2755 2722; x_wconf 90' lang='lat' dir='ltr'><strong>ut</strong></span> <span class='ocrx_word' id='word_1_617' title='bbox 2804 2670 3086 2724; x_wconf 88' lang='lat' dir='ltr'><strong>rationalis</strong></span> <span class='ocrx_word' id='word_1_618' title='bbox 3120 2671 3279 2726; x_wconf 90' lang='lat' dir='ltr'><strong>homo</strong></span> <span class='ocrx_word' id='word_1_619' title='bbox 3308 2676 3583 2742; x_wconf 89' lang='lat' dir='ltr'><strong>caruerit,</strong></span> <span class='ocrx_word' id='word_1_620' title='bbox 3614 2688 3711 2731; x_wconf 89' lang='lat' dir='ltr'><strong>aut</strong></span> <span class='ocrx_word' id='word_1_621' title='bbox 3740 2678 3842 2732; x_wconf 85' lang='lat' dir='ltr'><strong>Dec</strong></span> 
     </span>
    </p>
   </div>
   <div class='ocr_carea' id='block_1_87' title="bbox 2248 2759 3842 2834">
    <p class='ocr_par' dir='ltr' id='par_1_87' title="bbox 2248 2759 3842 2834">
     <span class='ocr_line' id='line_1_87' title="bbox 2248 2759 3842 2834; baseline 0.009 -22"><span class='ocrx_word' id='word_1_622' title='bbox 2248 2759 2454 2828; x_wconf 81' lang='lat' dir='ltr'><strong>incipit,</strong></span> <span class='ocrx_word' id='word_1_623' title='bbox 2498 2760 2608 2815; x_wconf 78' lang='lat' dir='ltr'><strong>dux</strong></span> <span class='ocrx_word' id='word_1_624' title='bbox 2661 2761 2884 2816; x_wconf 88' lang='lat' dir='ltr'><strong>illustris</strong></span> <span class='ocrx_word' id='word_1_625' title='bbox 2912 2762 3139 2834; x_wconf 84' lang='lat' dir='ltr'><strong>Regine,</strong></span> <span class='ocrx_word' id='word_1_626' title='bbox 3191 2773 3285 2820; x_wconf 88' lang='lat' dir='ltr'><strong>aut</strong></span> <span class='ocrx_word' id='word_1_627' title='bbox 3334 2767 3532 2821; x_wconf 70' lang='lat' dir='ltr'><strong>suaequ</strong></span> <span class='ocrx_word' id='word_1_628' title='bbox 3589 2771 3842 2826; x_wconf 73' lang='lat' dir='ltr'><strong>militare.</strong></span> 
     </span>
    </p>
   </div>
   <div class='ocr_carea' id='block_1_88' title="bbox 2248 2850 3842 2925">
    <p class='ocr_par' dir='ltr' id='par_1_88' title="bbox 2248 2850 3842 2925">
     <span class='ocr_line' id='line_1_88' title="bbox 2248 2850 3842 2925; baseline 0.006 -20"><span class='ocrx_word' id='word_1_629' title='bbox 2248 2850 2476 2921; x_wconf 87' lang='lat' dir='ltr'><strong>Propter</strong></span> <span class='ocrx_word' id='word_1_630' title='bbox 2517 2853 2619 2908; x_wconf 87' lang='lat' dir='ltr'><strong>hoc</strong></span> <span class='ocrx_word' id='word_1_631' title='bbox 2663 2854 2937 2922; x_wconf 88' lang='lat' dir='ltr'><strong>apostolus</strong></span> <span class='ocrx_word' id='word_1_632' title='bbox 2986 2855 3216 2911; x_wconf 87' lang='lat' dir='ltr'><strong>Paulus:</strong></span> <span class='ocrx_word' id='word_1_633' title='bbox 3262 2857 3451 2924; x_wconf 84' lang='lat' dir='ltr'><strong>Nemo,</strong></span> <span class='ocrx_word' id='word_1_634' title='bbox 3485 2861 3583 2925; x_wconf 85' lang='lat' dir='ltr'><strong>ait,</strong></span> <span class='ocrx_word' id='word_1_635' title='bbox 3615 2863 3842 2915; x_wconf 79' lang='lat' dir='ltr'><strong>militans</strong></span> 
     </span>
    </p>
   </div>
   <div class='ocr_carea' id='block_1_89' title="bbox 2249 2941 3843 3023">
    <p class='ocr_par' dir='ltr' id='par_1_89' title="bbox 2249 2941 3843 3023">
     <span class='ocr_line' id='line_1_89' title="bbox 2249 2941 3843 3023; baseline 0.006 -28"><span class='ocrx_word' id='word_1_636' title='bbox 2249 2941 2357 2996; x_wconf 90' lang='lat' dir='ltr'><strong>Deo</strong></span> <span class='ocrx_word' id='word_1_637' title='bbox 2386 2943 2615 3011; x_wconf 86' lang='lat' dir='ltr'><strong>implicat</strong></span> <span class='ocrx_word' id='word_1_638' title='bbox 2650 2962 2705 2998; x_wconf 76' lang='lat' dir='ltr'><strong>se</strong></span> <span class='ocrx_word' id='word_1_639' title='bbox 2744 2946 2961 3015; x_wconf 86' lang='lat' dir='ltr'><strong>negotiis</strong></span> <span class='ocrx_word' id='word_1_640' title='bbox 2988 2943 3318 3003; x_wconf 69' lang='lat' dir='ltr'><strong>saecularibus</strong></span> <span class='ocrx_word' id='word_1_641' title='bbox 3362 2948 3457 3022; x_wconf 88' lang='grc' dir='ltr'><strong>(ΙΙ</strong></span> <span class='ocrx_word' id='word_1_642' title='bbox 3487 2950 3622 3008; x_wconf 84' lang='lat' dir='ltr'><strong>Tim.</strong></span> <span class='ocrx_word' id='word_1_643' title='bbox 3651 2968 3715 3017; x_wconf 82' lang='grc' dir='ltr'><strong>ιι,</strong></span> <span class='ocrx_word' id='word_1_644' title='bbox 3746 2952 3843 3023; x_wconf 72' lang='grc'><strong>1);</strong></span> 
     </span>
    </p>
   </div>
   <div class='ocr_carea' id='block_1_90' title="bbox 2248 3034 3842 3101">
    <p class='ocr_par' dir='ltr' id='par_1_90' title="bbox 2248 3034 3842 3101">
     <span class='ocr_line' id='line_1_90' title="bbox 2248 3034 3842 3101; baseline 0.008 -16"><span class='ocrx_word' id='word_1_645' title='bbox 2248 3034 2535 3088; x_wconf 88' lang='lat' dir='ltr'><strong>ostendens</strong></span> <span class='ocrx_word' id='word_1_646' title='bbox 2563 3048 2687 3089; x_wconf 87' lang='lat' dir='ltr'><strong>esse</strong></span> <span class='ocrx_word' id='word_1_647' title='bbox 2718 3035 2914 3090; x_wconf 90' lang='lat' dir='ltr'><strong>milites</strong></span> <span class='ocrx_word' id='word_1_648' title='bbox 2942 3037 3057 3101; x_wconf 85' lang='lat' dir='ltr'><strong>Dei,</strong></span> <span class='ocrx_word' id='word_1_649' title='bbox 3100 3039 3243 3092; x_wconf 88' lang='lat' dir='ltr'><strong>sicut</strong></span> <span class='ocrx_word' id='word_1_650' title='bbox 3282 3050 3409 3094; x_wconf 91' lang='lat' dir='ltr'><strong>sunt</strong></span> <span class='ocrx_word' id='word_1_651' title='bbox 3450 3041 3615 3095; x_wconf 85' lang='lat' dir='ltr'><strong>etiam</strong></span> <span class='ocrx_word' id='word_1_652' title='bbox 3646 3043 3842 3099; x_wconf 83' lang='lat' dir='ltr'><strong>milites</strong></span> 
     </span>
    </p>
   </div>
   <div class='ocr_carea' id='block_1_91' title="bbox 2170 3125 3841 3211">
    <p class='ocr_par' dir='ltr' id='par_1_91' title="bbox 2170 3125 3841 3211">
     <span class='ocr_line' id='line_1_91' title="bbox 2170 3125 3841 3211; baseline 0.007 -34"><span class='ocrx_word' id='word_1_653' title='bbox 2170 3148 2215 3211; x_wconf 65' lang='grc' dir='ltr'><strong>ρ</strong></span> <span class='ocrx_word' id='word_1_654' title='bbox 2250 3125 2451 3178; x_wconf 58' lang='lat' dir='ltr'><strong>saeculi.</strong></span> <span class='ocrx_word' id='word_1_655' title='bbox 2491 3126 2692 3195; x_wconf 80' lang='lat' dir='ltr'><strong>Duplex</strong></span> <span class='ocrx_word' id='word_1_656' title='bbox 2717 3140 2847 3196; x_wconf 88' lang='lat' dir='ltr'><strong>ergo</strong></span> <span class='ocrx_word' id='word_1_657' title='bbox 2878 3126 3067 3181; x_wconf 87' lang='lat' dir='ltr'><strong>militia</strong></span> <span class='ocrx_word' id='word_1_658' title='bbox 3110 3128 3218 3183; x_wconf 89' lang='lat' dir='ltr'><strong>duo</strong></span> <span class='ocrx_word' id='word_1_659' title='bbox 3254 3145 3450 3199; x_wconf 88' lang='lat' dir='ltr'><strong>genera</strong></span> <span class='ocrx_word' id='word_1_660' title='bbox 3494 3133 3728 3189; x_wconf 88' lang='lat' dir='ltr'><strong>militum</strong></span> <span class='ocrx_word' id='word_1_661' title='bbox 3769 3136 3841 3189; x_wconf 87' lang='lat' dir='ltr'><strong>si-</strong></span> 
     </span>
    </p>
   </div>
   <div class='ocr_carea' id='block_1_92' title="bbox 2247 3216 3837 3291">
    <p class='ocr_par' dir='ltr' id='par_1_92' title="bbox 2247 3216 3837 3291">
     <span class='ocr_line' id='line_1_92' title="bbox 2247 3216 3837 3291; baseline 0.009 -23"><span class='ocrx_word' id='word_1_662' title='bbox 2247 3223 2409 3284; x_wconf 74' lang='lat' dir='ltr'><strong>gnat:</strong></span> <span class='ocrx_word' id='word_1_663' title='bbox 2443 3216 2579 3273; x_wconf 90' lang='lat' dir='ltr'><strong>alios</strong></span> <span class='ocrx_word' id='word_1_664' title='bbox 2612 3216 2803 3273; x_wconf 86' lang='lat' dir='ltr'><strong>militia</strong></span> <span class='ocrx_word' id='word_1_665' title='bbox 2830 3221 3128 3287; x_wconf 88' lang='lat' dir='ltr'><strong>corporalis</strong></span> <span class='ocrx_word' id='word_1_666' title='bbox 3174 3222 3420 3278; x_wconf 89' lang='lat' dir='ltr'><strong>laborare</strong></span> <span class='ocrx_word' id='word_1_667' title='bbox 3449 3241 3572 3279; x_wconf 87' lang='lat' dir='ltr'><strong>cum</strong></span> <span class='ocrx_word' id='word_1_668' title='bbox 3609 3228 3837 3291; x_wconf 85' lang='lat' dir='ltr'><strong>mundo,</strong></span> 
     </span>
    </p>
   </div>
   <div class='ocr_carea' id='block_1_93' title="bbox 2243 3308 3838 3386">
    <p class='ocr_par' dir='ltr' id='par_1_93' title="bbox 2243 3308 3838 3386">
     <span class='ocr_line' id='line_1_93' title="bbox 2243 3308 3838 3386; baseline 0.008 -24"><span class='ocrx_word' id='word_1_669' title='bbox 2243 3308 2540 3363; x_wconf 89' lang='lat' dir='ltr'><strong>secundum</strong></span> <span class='ocrx_word' id='word_1_670' title='bbox 2583 3310 2914 3365; x_wconf 76' lang='lat' dir='ltr'><strong>vnluntatem</strong></span> <span class='ocrx_word' id='word_1_671' title='bbox 2958 3312 3158 3367; x_wconf 88' lang='lat' dir='ltr'><strong>terreni</strong></span> <span class='ocrx_word' id='word_1_672' title='bbox 3195 3315 3337 3384; x_wconf 90' lang='lat' dir='ltr'><strong>regis</strong></span> <span class='ocrx_word' id='word_1_673' title='bbox 3366 3318 3653 3386; x_wconf 89' lang='lat' dir='ltr'><strong>astringit;</strong></span> <span class='ocrx_word' id='word_1_674' title='bbox 3708 3320 3838 3374; x_wconf 74' lang='lat' dir='ltr'><strong>alios</strong></span> 
     </span>
    </p>
   </div>
   <div class='ocr_carea' id='block_1_94' title="bbox 2246 3401 3834 3480">
    <p class='ocr_par' dir='ltr' id='par_1_94' title="bbox 2246 3401 3834 3480">
     <span class='ocr_line' id='line_1_94' title="bbox 2246 3401 3834 3480; baseline 0.008 -26"><span class='ocrx_word' id='word_1_675' title='bbox 2246 3401 2437 3455; x_wconf 87' lang='lat' dir='ltr'><strong>militia</strong></span> <span class='ocrx_word' id='word_1_676' title='bbox 2487 3402 2747 3472; x_wconf 87' lang='lat' dir='ltr'><strong>spiritalis</strong></span> <span class='ocrx_word' id='word_1_677' title='bbox 2790 3403 2858 3457; x_wconf 88' lang='lat' dir='ltr'><strong>ad</strong></span> <span class='ocrx_word' id='word_1_678' title='bbox 2904 3406 3146 3459; x_wconf 61' lang='lat' dir='ltr'><strong>caelestia</strong></span> <span class='ocrx_word' id='word_1_679' title='bbox 3186 3419 3361 3461; x_wconf 87' lang='lat' dir='ltr'><strong>castra</strong></span> <span class='ocrx_word' id='word_1_680' title='bbox 3412 3424 3509 3478; x_wconf 90' lang='lat' dir='ltr'><strong>per</strong></span> <span class='ocrx_word' id='word_1_681' title='bbox 3552 3412 3834 3480; x_wconf 85' lang='lat' dir='ltr'><strong>gratuitam</strong></span> 
     </span>
    </p>
   </div>
   <div class='ocr_carea' id='block_1_95' title="bbox 2243 3494 3839 3564">
    <p class='ocr_par' dir='ltr' id='par_1_95' title="bbox 2243 3494 3839 3564">
     <span class='ocr_line' id='line_1_95' title="bbox 2243 3494 3839 3564; baseline 0.009 -19"><span class='ocrx_word' id='word_1_682' title='bbox 2243 3494 2470 3561; x_wconf 79' lang='lat' dir='ltr'><strong>gratiam</strong></span> <span class='ocrx_word' id='word_1_683' title='bbox 2497 3494 2732 3549; x_wconf 81' lang='lat' dir='ltr'><strong>caelestis</strong></span> <span class='ocrx_word' id='word_1_684' title='bbox 2761 3496 3098 3564; x_wconf 88' lang='lat' dir='ltr'><strong>imperatoris</strong></span> <span class='ocrx_word' id='word_1_685' title='bbox 3143 3497 3380 3553; x_wconf 86' lang='lat' dir='ltr'><strong>adducit.</strong></span> <span class='ocrx_word' id='word_1_686' title='bbox 3422 3500 3617 3556; x_wconf 80' lang='lat' dir='ltr'><strong>Milites</strong></span> <span class='ocrx_word' id='word_1_687' title='bbox 3655 3504 3839 3559; x_wconf 74' lang='lat' dir='ltr'><strong>steculi</strong></span> 
     </span>
    </p>
   </div>
   <div class='ocr_carea' id='block_1_96' title="bbox 2245 3586 3838 3664">
    <p class='ocr_par' dir='ltr' id='par_1_96' title="bbox 2245 3586 3838 3664">
     <span class='ocr_line' id='line_1_96' title="bbox 2245 3586 3838 3664; baseline 0.01 -28"><span class='ocrx_word' id='word_1_688' title='bbox 2245 3586 2584 3654; x_wconf 87' lang='lat' dir='ltr'><strong>passionibus</strong></span> <span class='ocrx_word' id='word_1_689' title='bbox 2632 3596 2689 3642; x_wconf 89' lang='lat' dir='ltr'><strong>et</strong></span> <span class='ocrx_word' id='word_1_690' title='bbox 2728 3587 3017 3644; x_wconf 86' lang='lat' dir='ltr'><strong>desideriis</strong></span> <span class='ocrx_word' id='word_1_691' title='bbox 3061 3592 3224 3645; x_wconf 89' lang='lat' dir='ltr'><strong>variis</strong></span> <span class='ocrx_word' id='word_1_692' title='bbox 3275 3601 3528 3648; x_wconf 88' lang='lat' dir='ltr'><strong>tenentur</strong></span> <span class='ocrx_word' id='word_1_693' title='bbox 3573 3595 3838 3664; x_wconf 77' lang='lat' dir='ltr'><strong>obnoxii;</strong></span> 
     </span>
    </p>
   </div>
   <div class='ocr_carea' id='block_1_97' title="bbox 2242 3677 3839 3754">
    <p class='ocr_par' dir='ltr' id='par_1_97' title="bbox 2242 3677 3839 3754">
     <span class='ocr_line' id='line_1_97' title="bbox 2242 3677 3839 3754; baseline 0.008 -23"><span class='ocrx_word' id='word_1_694' title='bbox 2242 3677 2440 3731; x_wconf 85' lang='lat' dir='ltr'><strong>milites</strong></span> <span class='ocrx_word' id='word_1_695' title='bbox 2494 3679 2583 3733; x_wconf 87' lang='lat' dir='ltr'><strong>Dei</strong></span> <span class='ocrx_word' id='word_1_696' title='bbox 2630 3693 2848 3734; x_wconf 91' lang='lat' dir='ltr'><strong>carnem</strong></span> <span class='ocrx_word' id='word_1_697' title='bbox 2895 3695 3047 3735; x_wconf 91' lang='lat' dir='ltr'><strong>suam</strong></span> <span class='ocrx_word' id='word_1_698' title='bbox 3096 3685 3412 3754; x_wconf 84' lang='lat' dir='ltr'><strong>crucifigunt</strong></span> <span class='ocrx_word' id='word_1_699' title='bbox 3452 3701 3575 3741; x_wconf 89' lang='lat' dir='ltr'><strong>cum</strong></span> <span class='ocrx_word' id='word_1_700' title='bbox 3614 3689 3759 3743; x_wconf 83' lang='lat' dir='ltr'><strong>vitiis</strong></span> <span class='ocrx_word' id='word_1_701' title='bbox 3786 3702 3839 3744; x_wconf 88' lang='lat' dir='ltr'><strong>et</strong></span> 
     </span>
    </p>
   </div>
   <div class='ocr_carea' id='block_1_98' title="bbox 2240 3767 3840 3843">
    <p class='ocr_par' dir='ltr' id='par_1_98' title="bbox 2240 3767 3840 3843">
     <span class='ocr_line' id='line_1_98' title="bbox 2240 3767 3840 3843; baseline 0.009 -23"><span class='ocrx_word' id='word_1_702' title='bbox 2240 3767 2714 3837; x_wconf 86' lang='lat' dir='ltr'><strong>concupiscentiis.</strong></span> <span class='ocrx_word' id='word_1_703' title='bbox 2749 3770 2829 3825; x_wconf 91' lang='lat' dir='ltr'><strong>Illi</strong></span> <span class='ocrx_word' id='word_1_704' title='bbox 2861 3771 3089 3841; x_wconf 85' lang='lat' dir='ltr'><strong>dapibus</strong></span> <span class='ocrx_word' id='word_1_705' title='bbox 3117 3776 3473 3843; x_wconf 88' lang='lat' dir='ltr'><strong>nutriuntur;</strong></span> <span class='ocrx_word' id='word_1_706' title='bbox 3511 3779 3597 3832; x_wconf 85' lang='lat' dir='ltr'><strong>isti</strong></span> <span class='ocrx_word' id='word_1_707' title='bbox 3629 3781 3840 3834; x_wconf 87' lang='lat' dir='ltr'><strong>virtuti-</strong></span> 
     </span>
    </p>
   </div>
   <div class='ocr_carea' id='block_1_99' title="bbox 2241 3857 3839 3939">
    <p class='ocr_par' dir='ltr' id='par_1_99' title="bbox 2241 3857 3839 3939">
     <span class='ocr_line' id='line_1_99' title="bbox 2241 3857 3839 3939; baseline 0.007 -26"><span class='ocrx_word' id='word_1_708' title='bbox 2241 3857 2362 3913; x_wconf 71' lang='lat' dir='ltr'><strong>bis.</strong></span> <span class='ocrx_word' id='word_1_709' title='bbox 2395 3859 2475 3914; x_wconf 90' lang='lat' dir='ltr'><strong>Illi</strong></span> <span class='ocrx_word' id='word_1_710' title='bbox 2503 3875 2698 3931; x_wconf 89' lang='lat' dir='ltr'><strong>rapere</strong></span> <span class='ocrx_word' id='word_1_711' title='bbox 2737 3861 2912 3917; x_wconf 87' lang='lat' dir='ltr'><strong>aliena</strong></span> <span class='ocrx_word' id='word_1_712' title='bbox 2961 3875 3263 3931; x_wconf 87' lang='lat' dir='ltr'><strong>conantur;</strong></span> <span class='ocrx_word' id='word_1_713' title='bbox 3309 3866 3397 3920; x_wconf 87' lang='lat' dir='ltr'><strong>isti</strong></span> <span class='ocrx_word' id='word_1_714' title='bbox 3424 3868 3588 3921; x_wconf 88' lang='lat' dir='ltr'><strong>etiam</strong></span> <span class='ocrx_word' id='word_1_715' title='bbox 3623 3872 3839 3939; x_wconf 79' lang='lat' dir='ltr'><strong>propria</strong></span> 
     </span>
    </p>
   </div>
   <div class='ocr_carea' id='block_1_100' title="bbox 2240 3948 3836 4021">
    <p class='ocr_par' dir='ltr' id='par_1_100' title="bbox 2240 3948 3836 4021">
     <span class='ocr_line' id='line_1_100' title="bbox 2240 3948 3836 4021; baseline 0.009 -18"><span class='ocrx_word' id='word_1_716' title='bbox 2240 3948 2325 4004; x_wconf 70' lang='lat' dir='ltr'><strong>vel</strong></span> <span class='ocrx_word' id='word_1_717' title='bbox 2358 3951 2620 4019; x_wconf 87' lang='lat' dir='ltr'><strong>patienter</strong></span> <span class='ocrx_word' id='word_1_718' title='bbox 2645 3952 2872 4021; x_wconf 89' lang='lat' dir='ltr'><strong>perdere</strong></span> <span class='ocrx_word' id='word_1_719' title='bbox 2892 3994 2907 4019; x_wconf 90' lang='lat'><strong>,</strong></span> <span class='ocrx_word' id='word_1_720' title='bbox 2936 3954 3022 4009; x_wconf 89' lang='lat' dir='ltr'><strong>vel</strong></span> <span class='ocrx_word' id='word_1_721' title='bbox 3052 3954 3476 4014; x_wconf 83' lang='lat' dir='ltr'><strong>misericorditer</strong></span> <span class='ocrx_word' id='word_1_722' title='bbox 3500 3964 3836 4017; x_wconf 85' lang='lat' dir='ltr'><strong>contendunt</strong></span> 
     </span>
    </p>
   </div>
   <div class='ocr_carea' id='block_1_101' title="bbox 2238 4041 3838 4116">
    <p class='ocr_par' dir='ltr' id='par_1_101' title="bbox 2238 4041 3838 4116">
     <span class='ocr_line' id='line_1_101' title="bbox 2238 4041 3838 4116; baseline 0.009 -22"><span class='ocrx_word' id='word_1_723' title='bbox 2238 4052 2488 4109; x_wconf 84' lang='lat' dir='ltr'><strong>erogare.</strong></span> <span class='ocrx_word' id='word_1_724' title='bbox 2522 4041 2597 4096; x_wconf 90' lang='lat' dir='ltr'><strong>Illi</strong></span> <span class='ocrx_word' id='word_1_725' title='bbox 2622 4041 2851 4113; x_wconf 88' lang='lat' dir='ltr'><strong>propriis</strong></span> <span class='ocrx_word' id='word_1_726' title='bbox 2878 4044 3203 4102; x_wconf 87' lang='lat' dir='ltr'><strong>utilitatibus</strong></span> <span class='ocrx_word' id='word_1_727' title='bbox 3232 4051 3551 4116; x_wconf 89' lang='lat' dir='ltr'><strong>consulunt;</strong></span> <span class='ocrx_word' id='word_1_728' title='bbox 3580 4052 3666 4107; x_wconf 88' lang='lat' dir='ltr'><strong>isti</strong></span> <span class='ocrx_word' id='word_1_729' title='bbox 3688 4069 3838 4109; x_wconf 87' lang='lat' dir='ltr'><strong>com-</strong></span> 
     </span>
    </p>
   </div>
   <div class='ocr_carea' id='block_1_102' title="bbox 2239 4132 3839 4217">
    <p class='ocr_par' dir='ltr' id='par_1_102' title="bbox 2239 4132 3839 4217">
     <span class='ocr_line' id='line_1_102' title="bbox 2239 4132 3839 4217; baseline 0.012 -33"><span class='ocrx_word' id='word_1_730' title='bbox 2239 4132 2509 4188; x_wconf 80' lang='lat' dir='ltr'><strong>munibus.</strong></span> <span class='ocrx_word' id='word_1_731' title='bbox 2543 4133 2623 4189; x_wconf 90' lang='grc'><strong>1111</strong></span> <span class='ocrx_word' id='word_1_732' title='bbox 2651 4146 2843 4205; x_wconf 81' lang='lat' dir='ltr'><strong>gerunt</strong></span> <span class='ocrx_word' id='word_1_733' title='bbox 2870 4139 3015 4194; x_wconf 88' lang='lat' dir='ltr'><strong>unde</strong></span> <span class='ocrx_word' id='word_1_734' title='bbox 3040 4138 3189 4195; x_wconf 87' lang='lat' dir='ltr'><strong>Ialsis</strong></span> <span class='ocrx_word' id='word_1_735' title='bbox 3214 4142 3461 4199; x_wconf 87' lang='lat' dir='ltr'><strong>laudibus</strong></span> <span class='ocrx_word' id='word_1_736' title='bbox 3481 4144 3839 4217; x_wconf 80' lang='lat' dir='ltr'><strong>extollantur;</strong></span> 
     </span>
    </p>
   </div>
   <div class='ocr_carea' id='block_1_103' title="bbox 2238 4220 3833 4303">
    <p class='ocr_par' dir='ltr' id='par_1_103' title="bbox 2238 4220 3833 4303">
     <span class='ocr_line' id='line_1_103' title="bbox 2238 4220 3833 4303; baseline 0.012 -28"><span class='ocrx_word' id='word_1_737' title='bbox 2238 4220 2324 4275; x_wconf 88' lang='lat' dir='ltr'><strong>isti</strong></span> <span class='ocrx_word' id='word_1_738' title='bbox 2352 4234 2604 4293; x_wconf 77' lang='lat' dir='ltr'><strong>quzerunt</strong></span> <span class='ocrx_word' id='word_1_739' title='bbox 2626 4228 2770 4283; x_wconf 89' lang='lat' dir='ltr'><strong>unde</strong></span> <span class='ocrx_word' id='word_1_740' title='bbox 2794 4231 3143 4300; x_wconf 87' lang='lat' dir='ltr'><strong>sempiternis</strong></span> <span class='ocrx_word' id='word_1_741' title='bbox 3192 4236 3429 4303; x_wconf 54' lang='lat' dir='ltr'><strong>praemiis</strong></span> <span class='ocrx_word' id='word_1_742' title='bbox 3473 4237 3833 4297; x_wconf 86' lang='lat' dir='ltr'><strong>honorensur.</strong></span> 
     </span>
    </p>
   </div>
   <div class='ocr_carea' id='block_1_104' title="bbox 2240 4311 3837 4392">
    <p class='ocr_par' dir='ltr' id='par_1_104' title="bbox 2240 4311 3837 4392">
     <span class='ocr_line' id='line_1_104' title="bbox 2240 4311 3837 4392; baseline 0.014 -27"><span class='ocrx_word' id='word_1_743' title='bbox 2240 4311 2349 4369; x_wconf 90' lang='lat' dir='ltr'><strong>Illis</strong></span> <span class='ocrx_word' id='word_1_744' title='bbox 2379 4314 2561 4370; x_wconf 88' lang='lat' dir='ltr'><strong>tribuit</strong></span> <span class='ocrx_word' id='word_1_745' title='bbox 2592 4315 2880 4389; x_wconf 86' lang='lat' dir='ltr'><strong>imaginem</strong></span> <span class='ocrx_word' id='word_1_746' title='bbox 2904 4320 3105 4377; x_wconf 69' lang='lat' dir='ltr'><strong>Imtitia:</strong></span> <span class='ocrx_word' id='word_1_747' title='bbox 3137 4325 3380 4392; x_wconf 85' lang='lat' dir='ltr'><strong>vanitas;</strong></span> <span class='ocrx_word' id='word_1_748' title='bbox 3412 4326 3528 4383; x_wconf 90' lang='lat' dir='ltr'><strong>istis</strong></span> <span class='ocrx_word' id='word_1_749' title='bbox 3555 4344 3679 4385; x_wconf 87' lang='lat' dir='ltr'><strong>vera</strong></span> <span class='ocrx_word' id='word_1_750' title='bbox 3708 4347 3837 4387; x_wconf 82' lang='lat' dir='ltr'><strong>con-</strong></span> 
     </span>
    </p>
   </div>
   <div class='ocr_carea' id='block_1_105' title="bbox 2234 4402 3835 4489">
    <p class='ocr_par' dir='ltr' id='par_1_105' title="bbox 2234 4402 3835 4489">
     <span class='ocr_line' id='line_1_105' title="bbox 2234 4402 3835 4489; baseline 0.014 -33"><span class='ocrx_word' id='word_1_751' title='bbox 2234 4402 2340 4458; x_wconf 88' lang='lat' dir='ltr'><strong>fert</strong></span> <span class='ocrx_word' id='word_1_752' title='bbox 2370 4406 2565 4473; x_wconf 85' lang='lat' dir='ltr'><strong>gaudia</strong></span> <span class='ocrx_word' id='word_1_753' title='bbox 2606 4409 2823 4464; x_wconf 86' lang='lat' dir='ltr'><strong>veritas.</strong></span> <span class='ocrx_word' id='word_1_754' title='bbox 2871 4409 2951 4465; x_wconf 91' lang='lat' dir='ltr'><strong>Illi</strong></span> <span class='ocrx_word' id='word_1_755' title='bbox 3005 4413 3297 4479; x_wconf 88' lang='lat' dir='ltr'><strong>perituram</strong></span> <span class='ocrx_word' id='word_1_756' title='bbox 3344 4418 3601 4486; x_wconf 87' lang='lat' dir='ltr'><strong>patriam,</strong></span> <span class='ocrx_word' id='word_1_757' title='bbox 3636 4423 3835 4489; x_wconf 81' lang='lat' dir='ltr'><strong>pariter</strong></span> 
     </span>
    </p>
   </div>
   <div class='ocr_carea' id='block_1_106' title="bbox 2161 4494 3824 4600">
    <p class='ocr_par' dir='ltr' id='par_1_106' title="bbox 2161 4494 3824 4600">
     <span class='ocr_line' id='line_1_106' title="bbox 2161 4494 3824 4600; baseline 0.013 -52"><span class='ocrx_word' id='word_1_758' title='bbox 2161 4494 2480 4600; x_wconf 84' lang='lat' dir='ltr'><strong>Dperituri,</strong></span> <span class='ocrx_word' id='word_1_759' title='bbox 2532 4496 2741 4553; x_wconf 87' lang='lat' dir='ltr'><strong>salvare</strong></span> <span class='ocrx_word' id='word_1_760' title='bbox 2788 4515 2851 4554; x_wconf 89' lang='lat' dir='ltr'><strong>ac</strong></span> <span class='ocrx_word' id='word_1_761' title='bbox 2902 4515 3116 4572; x_wconf 91' lang='lat' dir='ltr'><strong>semper</strong></span> <span class='ocrx_word' id='word_1_762' title='bbox 3164 4514 3349 4562; x_wconf 89' lang='lat' dir='ltr'><strong>tenere</strong></span> <span class='ocrx_word' id='word_1_763' title='bbox 3399 4510 3685 4578; x_wconf 80' lang='lat' dir='ltr'><strong>festinant;</strong></span> <span class='ocrx_word' id='word_1_764' title='bbox 3738 4514 3824 4569; x_wconf 89' lang='lat' dir='ltr'><strong>isti</strong></span> 
     </span>
    </p>
   </div>
   <div class='ocr_carea' id='block_1_107' title="bbox 2238 4594 3830 4677">
    <p class='ocr_par' dir='ltr' id='par_1_107' title="bbox 2238 4594 3830 4677">
     <span class='ocr_line' id='line_1_107' title="bbox 2238 4594 3830 4677; baseline 0.013 -35"><span class='ocrx_word' id='word_1_765' title='bbox 2238 4606 2505 4659; x_wconf 88' lang='lat' dir='ltr'><strong>nunquam</strong></span> <span class='ocrx_word' id='word_1_766' title='bbox 2534 4594 2847 4661; x_wconf 86' lang='lat' dir='ltr'><strong>perituram,</strong></span> <span class='ocrx_word' id='word_1_767' title='bbox 2877 4612 2943 4651; x_wconf 90' lang='lat' dir='ltr'><strong>ne</strong></span> <span class='ocrx_word' id='word_1_768' title='bbox 2971 4598 3025 4652; x_wconf 89' lang='lat' dir='ltr'><strong>in</strong></span> <span class='ocrx_word' id='word_1_769' title='bbox 3056 4610 3317 4656; x_wconf 67' lang='lat' dir='ltr'><strong>aeternum</strong></span> <span class='ocrx_word' id='word_1_770' title='bbox 3360 4615 3605 4672; x_wconf 90' lang='lat' dir='ltr'><strong>pereant,</strong></span> <span class='ocrx_word' id='word_1_771' title='bbox 3656 4610 3830 4677; x_wconf 87' lang='lat' dir='ltr'><strong>possi-</strong></span> 
     </span>
    </p>
   </div>
   <div class='ocr_carea' id='block_1_108' title="bbox 2236 4679 3831 4769">
    <p class='ocr_par' dir='ltr' id='par_1_108' title="bbox 2236 4679 3831 4769">
     <span class='ocr_line' id='line_1_108' title="bbox 2236 4679 3831 4769; baseline 0.013 -36"><span class='ocrx_word' id='word_1_772' title='bbox 2236 4679 2365 4734; x_wconf 87' lang='lat' dir='ltr'><strong>dere</strong></span> <span class='ocrx_word' id='word_1_773' title='bbox 2390 4681 2716 4737; x_wconf 88' lang='lat' dir='ltr'><strong>desiderant.</strong></span> <span class='ocrx_word' id='word_1_774' title='bbox 2751 4685 2860 4740; x_wconf 92' lang='lat' dir='ltr'><strong>Illis</strong></span> <span class='ocrx_word' id='word_1_775' title='bbox 2893 4688 3074 4745; x_wconf 86' lang='lat' dir='ltr'><strong>vivere</strong></span> <span class='ocrx_word' id='word_1_776' title='bbox 3124 4692 3274 4746; x_wconf 89' lang='lat' dir='ltr'><strong>labor</strong></span> <span class='ocrx_word' id='word_1_777' title='bbox 3298 4702 3399 4758; x_wconf 88' lang='lat' dir='ltr'><strong>est,</strong></span> <span class='ocrx_word' id='word_1_778' title='bbox 3433 4706 3486 4749; x_wconf 87' lang='lat' dir='ltr'><strong>et</strong></span> <span class='ocrx_word' id='word_1_779' title='bbox 3517 4699 3655 4751; x_wconf 91' lang='lat' dir='ltr'><strong>mori</strong></span> <span class='ocrx_word' id='word_1_780' title='bbox 3703 4715 3831 4769; x_wconf 88' lang='lat' dir='ltr'><strong>sup-</strong></span> 
     </span>
    </p>
   </div>
   <div class='ocr_carea' id='block_1_109' title="bbox 2237 4770 3828 4851">
    <p class='ocr_par' dir='ltr' id='par_1_109' title="bbox 2237 4770 3828 4851">
     <span class='ocr_line' id='line_1_109' title="bbox 2237 4770 3828 4851; baseline 0.013 -29"><span class='ocrx_word' id='word_1_781' title='bbox 2237 4770 2494 4839; x_wconf 88' lang='lat' dir='ltr'><strong>plicium;</strong></span> <span class='ocrx_word' id='word_1_782' title='bbox 2529 4773 2644 4827; x_wconf 86' lang='lat' dir='ltr'><strong>istis</strong></span> <span class='ocrx_word' id='word_1_783' title='bbox 2674 4776 2854 4831; x_wconf 88' lang='lat' dir='ltr'><strong>vivere</strong></span> <span class='ocrx_word' id='word_1_784' title='bbox 2876 4775 3120 4834; x_wconf 79' lang='lat' dir='ltr'><strong>Christus</strong></span> <span class='ocrx_word' id='word_1_785' title='bbox 3164 4791 3267 4851; x_wconf 88' lang='lat' dir='ltr'><strong>est,</strong></span> <span class='ocrx_word' id='word_1_786' title='bbox 3320 4793 3373 4837; x_wconf 93' lang='lat' dir='ltr'><strong>et</strong></span> <span class='ocrx_word' id='word_1_787' title='bbox 3413 4787 3551 4840; x_wconf 91' lang='lat' dir='ltr'><strong>mori</strong></span> <span class='ocrx_word' id='word_1_788' title='bbox 3603 4787 3828 4843; x_wconf 84' lang='lat' dir='ltr'><strong>lucrum.</strong></span> 
     </span>
    </p>
   </div>
   <div class='ocr_carea' id='block_1_110' title="bbox 2234 4860 3821 4943">
    <p class='ocr_par' dir='ltr' id='par_1_110' title="bbox 2234 4860 3821 4943">
     <span class='ocr_line' id='line_1_110' title="bbox 2234 4860 3821 4943; baseline 0.014 -29"><span class='ocrx_word' id='word_1_789' title='bbox 2234 4860 2316 4915; x_wconf 93' lang='lat' dir='ltr'><strong>Illi</strong></span> <span class='ocrx_word' id='word_1_790' title='bbox 2344 4863 2652 4929; x_wconf 74' lang='lat' dir='ltr'><strong>przeliantur</strong></span> <span class='ocrx_word' id='word_1_791' title='bbox 2682 4876 2866 4920; x_wconf 91' lang='lat' dir='ltr'><strong>contra</strong></span> <span class='ocrx_word' id='word_1_792' title='bbox 2899 4869 3147 4925; x_wconf 87' lang='lat' dir='ltr'><strong>inimicos</strong></span> <span class='ocrx_word' id='word_1_793' title='bbox 3182 4874 3421 4930; x_wconf 80' lang='lat' dir='ltr'><strong>visibiles</strong></span> <span class='ocrx_word' id='word_1_794' title='bbox 3452 4894 3466 4943; x_wconf 94' lang='lat'><strong>;</strong></span> <span class='ocrx_word' id='word_1_795' title='bbox 3519 4878 3608 4933; x_wconf 91' lang='lat' dir='ltr'><strong>isti</strong></span> <span class='ocrx_word' id='word_1_796' title='bbox 3636 4891 3821 4936; x_wconf 84' lang='lat' dir='ltr'><strong>contra</strong></span> 
     </span>
    </p>
   </div>
   <div class='ocr_carea' id='block_1_111' title="bbox 2239 4952 3830 5030">
    <p class='ocr_par' dir='ltr' id='par_1_111' title="bbox 2239 4952 3830 5030">
     <span class='ocr_line' id='line_1_111' title="bbox 2239 4952 3830 5030; baseline 0.015 -23"><span class='ocrx_word' id='word_1_797' title='bbox 2239 4952 2561 5009; x_wconf 90' lang='lat' dir='ltr'><strong>invisibiles.</strong></span> <span class='ocrx_word' id='word_1_798' title='bbox 2588 4956 2714 5012; x_wconf 89' lang='lat' dir='ltr'><strong>Illos</strong></span> <span class='ocrx_word' id='word_1_799' title='bbox 2739 4960 2957 5013; x_wconf 87' lang='lat' dir='ltr'><strong>avaritia</strong></span> <span class='ocrx_word' id='word_1_800' title='bbox 2987 4962 3263 5030; x_wconf 88' lang='lat' dir='ltr'><strong>crudeles;</strong></span> <span class='ocrx_word' id='word_1_801' title='bbox 3294 4968 3423 5021; x_wconf 79' lang='lat' dir='ltr'><strong>isros</strong></span> <span class='ocrx_word' id='word_1_802' title='bbox 3460 4970 3830 5030; x_wconf 73' lang='lat' dir='ltr'><strong>misericordia</strong></span> 
     </span>
    </p>
   </div>
   <div class='ocr_carea' id='block_1_112' title="bbox 2236 5042 3830 5125">
    <p class='ocr_par' dir='ltr' id='par_1_112' title="bbox 2236 5042 3830 5125">
     <span class='ocr_line' id='line_1_112' title="bbox 2236 5042 3830 5125; baseline 0.013 -29"><span class='ocrx_word' id='word_1_803' title='bbox 2236 5042 2366 5099; x_wconf 83' lang='lat' dir='ltr'><strong>facit</strong></span> <span class='ocrx_word' id='word_1_804' title='bbox 2392 5044 2669 5115; x_wconf 89' lang='lat' dir='ltr'><strong>benignos.</strong></span> <span class='ocrx_word' id='word_1_805' title='bbox 2701 5047 2826 5103; x_wconf 91' lang='lat' dir='ltr'><strong>Illos</strong></span> <span class='ocrx_word' id='word_1_806' title='bbox 2856 5050 3055 5106; x_wconf 90' lang='lat' dir='ltr'><strong>invidia</strong></span> <span class='ocrx_word' id='word_1_807' title='bbox 3085 5055 3486 5125; x_wconf 89' lang='lat' dir='ltr'><strong>contentiosus;</strong></span> <span class='ocrx_word' id='word_1_808' title='bbox 3516 5060 3649 5114; x_wconf 89' lang='lat' dir='ltr'><strong>istos</strong></span> <span class='ocrx_word' id='word_1_809' title='bbox 3680 5076 3830 5116; x_wconf 56' lang='lat' dir='ltr'><strong>mann</strong></span> 
     </span>
    </p>
   </div>
   <div class='ocr_carea' id='block_1_113' title="bbox 2236 5140 3831 5221">
    <p class='ocr_par' dir='ltr' id='par_1_113' title="bbox 2236 5140 3831 5221">
     <span class='ocr_line' id='line_1_113' title="bbox 2236 5140 3831 5221; baseline 0.011 -27"><span class='ocrx_word' id='word_1_810' title='bbox 2236 5140 2468 5195; x_wconf 84' lang='lat' dir='ltr'><strong>suettulo</strong></span> <span class='ocrx_word' id='word_1_811' title='bbox 2497 5143 2768 5211; x_wconf 84' lang='lat' dir='ltr'><strong>paciﬁcos.</strong></span> <span class='ocrx_word' id='word_1_812' title='bbox 2800 5144 2876 5199; x_wconf 92' lang='lat' dir='ltr'><strong>Illi</strong></span> <span class='ocrx_word' id='word_1_813' title='bbox 2911 5161 3006 5213; x_wconf 89' lang='lat' dir='ltr'><strong>per</strong></span> <span class='ocrx_word' id='word_1_814' title='bbox 3036 5148 3343 5215; x_wconf 81' lang='lat' dir='ltr'><strong>superbiam</strong></span> <span class='ocrx_word' id='word_1_815' title='bbox 3389 5167 3487 5221; x_wconf 90' lang='lat' dir='ltr'><strong>pro</strong></span> <span class='ocrx_word' id='word_1_816' title='bbox 3514 5154 3627 5209; x_wconf 88' lang='lat' dir='ltr'><strong>suis</strong></span> <span class='ocrx_word' id='word_1_817' title='bbox 3654 5155 3831 5210; x_wconf 84' lang='lat' dir='ltr'><strong>homi-</strong></span> 
     </span>
    </p>
   </div>
   <div class='ocr_carea' id='block_1_114' title="bbox 2236 5230 3829 5306">
    <p class='ocr_par' dir='ltr' id='par_1_114' title="bbox 2236 5230 3829 5306">
     <span class='ocr_line' id='line_1_114' title="bbox 2236 5230 3829 5306; baseline 0.011 -23"><span class='ocrx_word' id='word_1_818' title='bbox 2236 5230 2394 5285; x_wconf 89' lang='lat' dir='ltr'><strong>nibus</strong></span> <span class='ocrx_word' id='word_1_819' title='bbox 2441 5232 2689 5302; x_wconf 87' lang='lat' dir='ltr'><strong>Iitigant;</strong></span> <span class='ocrx_word' id='word_1_820' title='bbox 2746 5235 2831 5288; x_wconf 91' lang='lat' dir='ltr'><strong>isti</strong></span> <span class='ocrx_word' id='word_1_821' title='bbox 2883 5251 2978 5306; x_wconf 87' lang='lat' dir='ltr'><strong>per</strong></span> <span class='ocrx_word' id='word_1_822' title='bbox 3024 5237 3376 5294; x_wconf 86' lang='lat' dir='ltr'><strong>humilitatem</strong></span> <span class='ocrx_word' id='word_1_823' title='bbox 3418 5243 3557 5297; x_wconf 90' lang='lat' dir='ltr'><strong>alter</strong></span> <span class='ocrx_word' id='word_1_824' title='bbox 3600 5245 3829 5301; x_wconf 87' lang='lat' dir='ltr'><strong>alterum</strong></span> 
     </span>
    </p>
   </div>
   <div class='ocr_carea' id='block_1_115' title="bbox 2235 5324 3826 5406">
    <p class='ocr_par' dir='ltr' id='par_1_115' title="bbox 2235 5324 3826 5406">
     <span class='ocr_line' id='line_1_115' title="bbox 2235 5324 3826 5406; baseline 0.009 -27"><span class='ocrx_word' id='word_1_825' title='bbox 2235 5324 2545 5379; x_wconf 82' lang='lat' dir='ltr'><strong>existimant</strong></span> <span class='ocrx_word' id='word_1_826' title='bbox 2570 5327 2903 5394; x_wconf 83' lang='lat' dir='ltr'><strong>superiorem</strong></span> <span class='ocrx_word' id='word_1_827' title='bbox 2932 5330 3056 5385; x_wconf 89' lang='lat' dir='ltr'><strong>sibi.</strong></span> <span class='ocrx_word' id='word_1_828' title='bbox 3108 5331 3211 5387; x_wconf 89' lang='lat' dir='ltr'><strong>Per</strong></span> <span class='ocrx_word' id='word_1_829' title='bbox 3258 5333 3377 5389; x_wconf 90' lang='lat' dir='ltr'><strong>illos</strong></span> <span class='ocrx_word' id='word_1_830' title='bbox 3416 5335 3708 5406; x_wconf 83' lang='lat' dir='ltr'><strong>Babylonia</strong></span> <span class='ocrx_word' id='word_1_831' title='bbox 3739 5353 3826 5394; x_wconf 82' lang='lat' dir='ltr'><strong>re-</strong></span> 
     </span>
    </p>
   </div>
   <div class='ocr_carea' id='block_1_116' title="bbox 2232 5415 3827 5485">
    <p class='ocr_par' dir='ltr' id='par_1_116' title="bbox 2232 5415 3827 5485">
     <span class='ocr_line' id='line_1_116' title="bbox 2232 5415 3827 5485; baseline 0.012 -18"><span class='ocrx_word' id='word_1_832' title='bbox 2232 5415 2412 5483; x_wconf 87' lang='lat' dir='ltr'><strong>gitur;</strong></span> <span class='ocrx_word' id='word_1_833' title='bbox 2452 5431 2546 5485; x_wconf 84' lang='lat' dir='ltr'><strong>per</strong></span> <span class='ocrx_word' id='word_1_834' title='bbox 2576 5417 2709 5471; x_wconf 88' lang='lat' dir='ltr'><strong>istos</strong></span> <span class='ocrx_word' id='word_1_835' title='bbox 2732 5429 2788 5472; x_wconf 89' lang='lat' dir='ltr'><strong>et</strong></span> <span class='ocrx_word' id='word_1_836' title='bbox 2831 5420 2882 5474; x_wconf 93' lang='lat' dir='ltr'><strong>in</strong></span> <span class='ocrx_word' id='word_1_837' title='bbox 2922 5421 3037 5476; x_wconf 87' lang='lat' dir='ltr'><strong>istis</strong></span> <span class='ocrx_word' id='word_1_838' title='bbox 3065 5436 3095 5475; x_wconf 88' lang='lat' dir='ltr'><strong>a</strong></span> <span class='ocrx_word' id='word_1_839' title='bbox 3131 5424 3358 5478; x_wconf 90' lang='lat' dir='ltr'><strong>Domino</strong></span> <span class='ocrx_word' id='word_1_840' title='bbox 3388 5424 3683 5482; x_wconf 84' lang='lat' dir='ltr'><strong>Jerusalem</strong></span> <span class='ocrx_word' id='word_1_841' title='bbox 3715 5444 3827 5485; x_wconf 68' lang='lat' dir='ltr'><strong>ca)-</strong></span> 
     </span>
    </p>
   </div>
   <div class='ocr_carea' id='block_1_117' title="bbox 2233 5504 3827 5586">
    <p class='ocr_par' dir='ltr' id='par_1_117' title="bbox 2233 5504 3827 5586">
     <span class='ocr_line' id='line_1_117' title="bbox 2233 5504 3827 5586; baseline 0.011 -29"><span class='ocrx_word' id='word_1_842' title='bbox 2233 5504 2381 5561; x_wconf 84' lang='lat' dir='ltr'><strong>Iestis</strong></span> <span class='ocrx_word' id='word_1_843' title='bbox 2407 5508 2832 5566; x_wconf 87' lang='lat' dir='ltr'><strong>administratur.</strong></span> <span class='ocrx_word' id='word_1_844' title='bbox 2871 5512 2936 5565; x_wconf 84' lang='lat' dir='ltr'><strong>Et</strong></span> <span class='ocrx_word' id='word_1_845' title='bbox 2965 5512 3280 5583; x_wconf 88' lang='lat' dir='ltr'><strong>plerumque</strong></span> <span class='ocrx_word' id='word_1_846' title='bbox 3310 5518 3569 5586; x_wconf 88' lang='lat' dir='ltr'><strong>contingit</strong></span> <span class='ocrx_word' id='word_1_847' title='bbox 3594 5529 3655 5574; x_wconf 90' lang='lat' dir='ltr'><strong>ut</strong></span> <span class='ocrx_word' id='word_1_848' title='bbox 3702 5535 3827 5576; x_wconf 86' lang='lat' dir='ltr'><strong>cor-</strong></span> 
     </span>
    </p>
   </div>
   <div class='ocr_carea' id='block_1_118' title="bbox 2232 5597 3822 5681">
    <p class='ocr_par' dir='ltr' id='par_1_118' title="bbox 2232 5597 3822 5681">
     <span class='ocr_line' id='line_1_118' title="bbox 2232 5597 3822 5681; baseline 0.011 -32"><span class='ocrx_word' id='word_1_849' title='bbox 2232 5597 2449 5666; x_wconf 89' lang='lat' dir='ltr'><strong>poribus</strong></span> <span class='ocrx_word' id='word_1_850' title='bbox 2480 5598 2696 5653; x_wconf 87' lang='lat' dir='ltr'><strong>adunati</strong></span> <span class='ocrx_word' id='word_1_851' title='bbox 2747 5603 3015 5673; x_wconf 86' lang='lat' dir='ltr'><strong>(quamvis</strong></span> <span class='ocrx_word' id='word_1_852' title='bbox 3064 5605 3329 5661; x_wconf 89' lang='lat' dir='ltr'><strong>mentibus</strong></span> <span class='ocrx_word' id='word_1_853' title='bbox 3372 5609 3628 5681; x_wconf 85' lang='lat' dir='ltr'><strong>separati)</strong></span> <span class='ocrx_word' id='word_1_854' title='bbox 3658 5612 3822 5666; x_wconf 89' lang='lat' dir='ltr'><strong>simul</strong></span> 
     </span>
    </p>
   </div>
   <div class='ocr_carea' id='block_1_119' title="bbox 2228 5689 3817 5768">
    <p class='ocr_par' dir='ltr' id='par_1_119' title="bbox 2228 5689 3817 5768">
     <span class='ocr_line' id='line_1_119' title="bbox 2228 5689 3817 5768; baseline 0.009 -23"><span class='ocrx_word' id='word_1_855' title='bbox 2228 5689 2425 5745; x_wconf 90' lang='lat' dir='ltr'><strong>milites</strong></span> <span class='ocrx_word' id='word_1_856' title='bbox 2460 5691 2551 5747; x_wconf 90' lang='lat' dir='ltr'><strong>Dei</strong></span> <span class='ocrx_word' id='word_1_857' title='bbox 2582 5701 2638 5748; x_wconf 87' lang='lat' dir='ltr'><strong>et</strong></span> <span class='ocrx_word' id='word_1_858' title='bbox 2667 5693 2861 5750; x_wconf 88' lang='lat' dir='ltr'><strong>milites</strong></span> <span class='ocrx_word' id='word_1_859' title='bbox 2889 5696 3070 5751; x_wconf 80' lang='lat' dir='ltr'><strong>saeculi</strong></span> <span class='ocrx_word' id='word_1_860' title='bbox 3101 5700 3482 5768; x_wconf 85' lang='lat' dir='ltr'><strong>prosperitates</strong></span> <span class='ocrx_word' id='word_1_861' title='bbox 3527 5714 3583 5758; x_wconf 91' lang='lat' dir='ltr'><strong>et</strong></span> <span class='ocrx_word' id='word_1_862' title='bbox 3611 5705 3817 5759; x_wconf 85' lang='lat' dir='ltr'><strong>adver-</strong></span> 
     </span>
    </p>
   </div>
   <div class='ocr_carea' id='block_1_120' title="bbox 2225 5781 3814 5870">
    <p class='ocr_par' dir='ltr' id='par_1_120' title="bbox 2225 5781 3814 5870">
     <span class='ocr_line' id='line_1_120' title="bbox 2225 5781 3814 5870; baseline 0.012 -33"><span class='ocrx_word' id='word_1_863' title='bbox 2225 5781 2410 5841; x_wconf 84' lang='lat' dir='ltr'><strong>sitates</strong></span> <span class='ocrx_word' id='word_1_864' title='bbox 2441 5785 2674 5843; x_wconf 71' lang='lat' dir='ltr'><strong>sentiant</strong></span> <span class='ocrx_word' id='word_1_865' title='bbox 2705 5790 3044 5856; x_wconf 82' lang='lat' dir='ltr'><strong>temporales.</strong></span> <span class='ocrx_word' id='word_1_866' title='bbox 3095 5791 3200 5849; x_wconf 88' lang='lat' dir='ltr'><strong>Sed</strong></span> <span class='ocrx_word' id='word_1_867' title='bbox 3249 5794 3443 5853; x_wconf 77' lang='lat' dir='ltr'><strong>milites</strong></span> <span class='ocrx_word' id='word_1_868' title='bbox 3472 5800 3658 5854; x_wconf 59' lang='lat' dir='ltr'><strong>saeculi</strong></span> <span class='ocrx_word' id='word_1_869' title='bbox 3690 5814 3814 5870; x_wconf 89' lang='lat' dir='ltr'><strong>pro-</strong></span> 
     </span>
    </p>
   </div>
  </div>
