4104 6360
288 296 396 358 οιθ

1461 299 1821 359 81⁵18τοιῶ
1857 300 1946 357 ET
1981 299 2364 359 OPUSCULA.
2428 300 2437 309 ’

3461 311 3567 373 »ω

287 414 520 485 speritss
566 413 816 484 extollit,
863 415 1159 475 adversitas
1200 414 1426 488 dejicit;
1468 416 1670 472 milites
1696 424 1876 471 autem
1906 414 1956 474 Α
1982 412 2173 468 similis
2218 413 2345 468 data
2396 423 2481 470 est
2526 418 2821 474 auctoritas
2870 417 3195 491 dignitatis?
3223 430 3313 476 aut
3340 420 3425 478 vel
3455 422 3571 495 ipsa

291 507 409 574 Dei,
436 507 551 562 sive
579 505 632 561 in
661 510 1040 577 prosperitate,
1087 509 1205 566 sive
1246 509 1301 563 in
1329 508 1657 563 adversitate
1687 508 1880 562 immo-

290 597 431 651 biles
472 608 851 666 perseverant;
891 600 1013 669 quia
1051 599 1221 670 gloria
1271 614 1461 655 eorum
1508 598 1875 654 testimonium

291 697 375 743 est
417 687 762 744 conscientia:
808 689 1083 758 ipsorum;
1132 694 1219 746 ubi
1270 691 1617 761 requiescunt
1661 688 1878 759 quando

291 778 664 835 tribulatione‘s
679 781 878 849 patitur
903 783 1171 849 mundus;
1202 781 1291 836 ubi
1321 797 1427 836 non
1456 782 1645 836 timent
1666 779 1877 834 hostem

291 871 639 927 continentia:
664 874 898 941 perpeti,
921 873 1138 943 quando
1165 871 1403 942 suppetit
1427 869 1756 927 abundantia
1787 883 1883 924 vo-

294 961 590 1031 luptatum,
622 961 693 1018 de
719 963 904 1020 radice
931 964 1243 1035 temporalis
1271 963 1544 1020 felicitatis
1568 962 1880 1034 germinans

290 1057 480 1127 spinas
507 1055 835 1128 cupiditatis.
877 1058 1077 1115 Milites
1118 1058 1211 1114 Dei
1243 1057 1474 1114 libenter
1499 1056 1722 1112 audiunt
1750 1056 1881 1111 bea-

293 1160 408 1206 tum
433 1150 695 1208 Joannem
738 1149 1193 1206 commilitonibus
1233 1148 1464 1220 propriis
1507 1146 1633 1203 tuba
1660 1146 1885 1202 fortiore

294 1240 658 1298 clamantem:
701 1239 880 1296 Nolite
916 1240 1132 1314 diligere
1176 1241 1447 1313 mundum,
1487 1253 1655 1311 neque
1680 1254 1743 1293 ea
1771 1250 1888 1309 qua

296 1334 352 1388 in
378 1332 571 1389 mundo
593 1342 733 1388 sunt.
764 1332 828 1390 Si
855 1335 968 1403 quis
993 1332 1166 1406 diligit
1191 1333 1462 1399 mundum,
1506 1347 1612 1386 non
1650 1339 1724 1385 est
1757 1330 1887 1383 cha-

297 1424 424 1479 ritas
448 1422 625 1479 Patris
643 1424 699 1478 in
742 1440 840 1491 eo;
866 1425 1111 1493 quoniam
1137 1440 1288 1479 omne
1316 1425 1458 1498 quod
1485 1424 1541 1478 in
1569 1423 1761 1476 mundo
1786 1430 1886 1490 est,

298 1513 712 1584 concupiscentia
736 1514 909 1568 carnis
935 1524 1009 1569 est
1031 1554 1047 1579 ,
1085 1524 1134 1569 et
1158 1514 1572 1584 concupiscentia
1601 1513 1884 1577 oculorum,

300 1614 348 1660 et
369 1605 581 1659 ambitio
604 1605 799 1671 saeculi,
828 1621 945 1676 quae
971 1621 1073 1660 non
1101 1616 1176 1660 est
1204 1621 1269 1661 ea:
1288 1605 1468 1670 Patre,
1495 1607 1585 1660 sed
1610 1620 1675 1658 ea:
1698 1601 1892 1657 mundo

300 1704 398 1751 est.
428 1695 499 1749 Et
526 1694 746 1750 mundus
769 1697 954 1751 transit
988 1707 1037 1751 et
1064 1698 1476 1767 concupiscentia
1497 1698 1609 1769 ejus
1634 1710 1654 1750 :
1686 1696 1777 1764 qui
1799 1710 1895 1748 an-

1979 503 2167 558 saltem
2190 504 2618 563 conversationis
2642 508 2948 564 innocentia
2972 498 3092 564 talis
3114 520 3199 566 est
3225 510 3381 579 mibi,
3409 529 3570 583 quem

1979 594 2267 666 prteteritis
2321 612 2387 652 ac
2440 600 2797 668 praesentibus
2860 601 3177 658 excessibus
3237 602 3569 672 implicatum

1981 687 2176 744 mentis
2223 689 2428 758 pariter
2476 700 2533 745 et
2578 693 2824 760 corporis
2863 704 3053 763 gravat
3081 692 3406 751 infirmitas?
3432 697 3570 763 Quid

1981 779 2146 850 igitur
2171 780 2400 835 faciam?
2433 780 2569 836 Volo
2595 782 2906 840 satisfacere
2928 787 3195 841 desiderio
3224 796 3334 852 tuo,
3366 803 3464 843 nec
3486 803 3577 844 va-

1983 869 2108 925 leo:
2161 870 2396 926 maxime
2424 870 2641 942 quando
2679 873 2925 944 cogitans
2958 884 3016 931 et
3058 886 3354 933 retractans
3384 879 3574 934 merita

1985 959 2325 1033 iniquitatum
2355 976 2622 1029 mearum,
2650 965 2918 1034 superbia
2945 971 3249 1036 proximum
3275 968 3458 1038 judico
3482 971 3578 1026 du-

1984 1066 2112 1110 cere
2152 1053 2287 1110 alios
2328 1069 2424 1126 per
2464 1053 2693 1126 iustitia
2735 1057 2960 1113 semitas
3010 1073 3267 1131 per'quas
3307 1062 3423 1131 ipse
3469 1078 3576 1119 non

1984 1144 2221 1201 ambulo.

2059 1235 2115 1292 5.
2150 1234 2241 1292 Ve
2264 1234 2399 1292 mibi
2425 1234 2646 1303 misero,
2676 1235 2847 1294 donec
2881 1238 3205 1295 misereatur
3243 1240 3577 1302 Altissimus.

1993 1325 2136 1384 Ecce
2153 1341 2257 1398 ego
2277 1327 2483 1385 militiae
2504 1328 2882 1385 ecclesiastica:
2903 1330 3130 1388 vinculis
3148 1332 3416 1404 alligatus,
3438 1335 3582 1394 curis

1991 1418 2342 1475 saecularibus
2362 1419 2626 1491 dissipor;
2655 1430 2711 1477 et
2732 1422 3002 1492 quomodo
3031 1423 3085 1478 in
3104 1427 3304 1480 saeculo
3330 1426 3584 1483 militanti

1994 1509 2204 1566 militia:
2232 1511 2495 1582 spiritalis
2526 1512 2753 1568 audeam
2783 1513 2954 1583 legem
2982 1515 3309 1571 ostendere?
3359 1516 3585 1573 Ploran-

1994 1604 2197 1661 dumne
2223 1604 2357 1659 mibi
2397 1614 2500 1671 est,
2554 1619 2625 1659 an
2654 1605 3021 1674 loquendum?
3061 1605 3179 1660 Vita
3205 1604 3428 1662 alterius
3455 1621 3585 1663 eru-

1997 1694 2190 1751 dienda
2216 1695 2451 1761 videtur,
2500 1708 2570 1750 an
2608 1709 2729 1751 mea
2776 1695 2954 1766 potius
2999 1697 3353 1768 corrigenda!
3404 1697 3586 1754 Virtus

303 1801 404 1845 teni
441 1789 568 1860 facit
596 1791 907 1845 voluntatem
937 1789 1031 1843 Dei
1049 1831 1066 1854 ,
1104 1799 1271 1844 manet
1297 1791 1351 1843 in
1379 1798 1629 1844 telernum
1651 1786 1706 1859 (1
1732 1786 1892 1842 Joan.
1923 1791 1976 1855 Β
2001 1787 2172 1856 prima
2197 1795 2314 1855 est,
2345 1785 2482 1842 bene
2506 1786 2719 1853 vivere;
2764 1786 3000 1843 secunda
3031 1798 3132 1855 est,
3169 1799 3315 1845 recte
3342 1789 3539 1846 docere
3566 1807 3582 1845 :

241 1879 247 1884 “
298 1895 363 1945 il,
409 1881 617 1947 15-17).
652 1880 859 1947 Quibus
916 1879 1256 1936 audientibus
1304 1889 1465 1950 atque
1517 1879 1893 1935 obedientibus

292 1972 429 2029 huic
474 1972 844 2029 saluberrima:
870 1972 1224 2028 admonitioni
1249 2012 1265 2039 ,
1298 1973 1513 2043 quoties
1538 1972 1752 2028 occulta
1783 1971 1896 2026 dis-

304 2066 549 2136 pensatio
588 2065 814 2134 piissimi
840 2065 1116 2122 Creatoris
1164 2074 1484 2133 potestatem
1521 2062 1801 2136 iudicandi
1827 2075 1893 2119 ac

300 2156 625 2227 disponendi
666 2165 936 2214 terrenam
981 2158 1367 2229 rempublicam
1414 2158 1638 2225 tribuit,
1672 2166 1800 2213 tunc
1827 2171 1895 2212 es

302 2255 459 2320 parte
486 2247 678 2304 militia
700 2248 886 2305 saeculi
917 2263 1023 2304 non
1051 2259 1139 2305 est
1174 2249 1514 2320 gravioribus
1538 2249 1734 2304 referta
1757 2262 1897 2318 pec-

300 2340 474 2395 catis:
507 2348 635 2396 tunc
659 2339 818 2397 facile
849 2341 1217 2411 corripiuntur
1247 2341 1502 2412 inquieti,
1547 2342 1897 2397 consolantur

304 2434 700 2503 pusillanimes,
728 2436 1098 2507 suscipiuntur
1130 2434 1360 2503 inﬁrmi;
1389 2434 1605 2491 licentia
1633 2434 1896 2490 scelerum

306 2526 542 2582 demitur
569 2528 849 2599 improbis,
874 2538 929 2584 et
948 2528 1091 2585 bene
1116 2527 1310 2598 agendi
1334 2524 1561 2583 sortitur
1588 2525 1898 2582 innocentia

308 2614 635 2684 libertatem.

380 2707 437 2762 ἱ.
477 2707 748 2779 Rogemus
774 2723 905 2780 ergo
925 2709 1172 2780 precibus
1192 2707 1425 2765 assiduis
1451 2722 1577 2765 eum
1597 2708 1689 2778 qui
1715 2707 1902 2777 dispo-

311 2796 392 2853 nit
417 2797 605 2854 orbem
634 2808 791 2854 terras
808 2800 869 2854 in
893 2799 1165 2871 atquitate,
1198 2799 1401 2855 iaciens
1425 2798 1673 2855 universa
1707 2811 1904 2854 secun-

316 2890 448 2946 dum
502 2890 785 2946 consilium
839 2894 1126 2948 voluntatis
1168 2905 1315 2958 suae;
1368 2891 1620 2962 quoniam
1671 2891 1740 2946 de
1786 2892 1905 2960 ipso

318 2978 599 3035 Psalmista
626 2981 893 3037 veraciter
927 2985 1107 3037 canit:
1156 2982 1347 3038 Omnia
1381 2998 1694 3054 quacunque
1720 2982 1902 3051 voluit,

318 3070 437 3139 fecit
457 3073 509 3125 in
533 3070 658 3126 carlo
685 3080 729 3126 et
758 3073 811 3127 in
842 3082 1006 3138 terra,
1038 3073 1093 3127 in
1122 3073 1253 3127 mari
1283 3084 1329 3127 et
1359 3074 1411 3128 in
1438 3074 1673 3128 omnibus
1709 3073 1905 3143 abyssis

1996 1880 2196 1934 frustra
2221 1867 2398 1934 autem
2444 1884 2597 1934 recte
2630 1878 2814 1949 docet,
2844 1881 2934 1951 qui
2963 1880 3102 1936 bene
3141 1898 3248 1936 non
3279 1883 3403 1937 vivit
3432 1898 3447 1950 ;
3484 1897 3586 1954 ego

1997 1984 2128 2039 ergo
2157 1970 2385 2026 necdum
2416 1971 2554 2026 bene
2578 1973 2786 2038 vivens,
2816 1972 3088 2042 quomodo
3134 1983 3281 2029 recte
3317 1974 3540 2029 doceam
3560 1976 3587 2029 ΐ

1999 2061 2387 2119 Verumtamen
2433 2063 2556 2133 quia
2604 2078 2711 2120 non
2755 2063 2917 2120 homo
2954 2064 3114 2120 docet
3148 2065 3418 2121 hominem
3440 2105 3456 2132 ,
3491 2066 3588 2121 sed

2001 2150 2143 2211 Deus
2170 2155 2359 2211 doctor
2384 2163 2468 2211 est
2501 2155 2763 2222 omnium,
2797 2171 2899 2212 nec
2928 2157 3157 2212 humana
3187 2160 3458 2226 mandata,
3489 2160 3588 2214 sed

2002 2246 2183 2301 divina
2226 2245 2426 2316 quzeris
2469 2248 2657 2303 audire
2680 2285 2696 2314 ,
2746 2248 3063 2316 praeteriens
3099 2249 3278 2319 qualis
3316 2263 3418 2319 ego
3443 2264 3590 2317 sum,

2002 2352 2269 2410 cognosce
2313 2339 2486 2410 qualis
2511 2354 2634 2396 esse
2673 2341 2906 2407 debeas;
2956 2343 3065 2397 imo
3092 2351 3270 2413 potius
3299 2344 3510 2414 qualem
3539 2353 3591 2400 te

2003 2434 2127 2488 esse
2157 2431 2313 2487 nobis
2336 2432 2795 2502 congaudentibus
2821 2432 3078 2504 gaudeas.

2079 2523 2135 2578 1⁹
2182 2522 2380 2578 Gratia:
2425 2523 2521 2579 Dei
2567 2523 2895 2595 adjuturium
2942 2523 3038 2581 tibi
3083 2524 3449 2581 necessarium
3497 2540 3592 2595 per

2005 2623 2159 2670 actus
2200 2616 2436 2684 singulos
2475 2614 2655 2681 crede,
2695 2613 2880 2670 dicens
2917 2630 3040 2671 cum
3070 2615 3334 2685 Apostolo
3362 2632 3376 2669 :
3406 2613 3592 2671 Gratia

2005 2705 2105 2774 Ιρεὶ
2132 2722 2247 2761 sum
2272 2707 2327 2760 id
2352 2706 2489 2777 quod
2511 2722 2624 2761 sunt
2650 2705 2706 2780 (1
2727 2706 2844 2763 Cor.
2868 2722 2957 2777 xv,
2983 2707 3094 2779 10).
3117 2706 3323 2763 2°~Vita
3352 2716 3438 2763 tua
3466 2722 3593 2779 spe-
3668 2738 3669 2741 η

2006 2800 2188 2853 culum
2214 2800 2305 2864 sit,
2332 2798 2420 2853 ubi
2443 2798 2642 2854 milites
2668 2799 2743 2854 tui
2764 2798 2982 2855 videant
3005 2798 3130 2870 quid
3158 2813 3318 2870 agere
3341 2800 3593 2854 debeant.

2008 2888 2065 2942 5"
2113 2889 2230 2945 Non
2281 2904 2513 2960 praeesse
2561 2901 2821 2961 appetas,
2859 2890 2953 2946 sed
2998 2890 3273 2959 prodesse.
3327 2890 3384 2942 4⁵
3426 2889 3594 2960 Dilige

2009 2981 2392 3050 rempublicam
2425 2980 2565 3037 sicut
2591 2990 2643 3036 te
2670 2983 2866 3051 ip~um.
2895 2979 2951 3034 5⁸
2975 2981 3235 3036 Humanis
3255 2980 3433 3036 divina
3458 2995 3595 3051 prm-

2011 3089 2170 3144 pone.
2216 3073 2273 3128 6°
2308 3073 2426 3128 Noli
2476 3068 2599 3129 esse
2642 3074 2869 3129 multum
2914 3074 3113 3143 justus.
3161 3073 3220 3126 7’
3249 3074 3517 3129 Memento
3546 3081 3598 3130 te

320 3162 439 3233 (Ps.
462 3179 682 3230 cxxxtv,
713 3165 803 3235 6);
837 3174 893 3220 ut
935 3166 1186 3223 videlicet
1215 3165 1413 3223 milites
1437 3180 1566 3221 suos
1592 3166 1693 3220 sub
1722 3165 1906 3219 habitu
1933 3165 1984 3232 C
2014 3182 2135 3224 esse
2159 3166 2550 3221 Christianum.

319 3256 525 3312 militia:
576 3259 848 3313 saecularis
904 3258 1132 3315 latentes
1180 3274 1496 3330 promovere
1543 3259 1792 3327 dignetur
1838 3256 1907 3311 ad

321 3350 580 3404 maximas
610 3350 946 3421 dignitates:
995 3367 1189 3422 regens
1232 3367 1326 3408 eos
1374 3352 1537 3417 intus,
1584 3361 1640 3406 et
1686 3349 1906 3421 regendi

320 3442 457 3497 alios
497 3444 773 3499 scientiam
824 3446 1096 3511 tribuens;
1144 3446 1284 3501 sic::t
1312 3446 1403 3500 tibi
1432 3461 1664 3516 quoque,
1695 3446 1800 3499 dux
1846 3445 1911 3499 il-

320 3532 504 3589 lustris
537 3533 757 3603 llcgiue,
778 3536 889 3605 jam
920 3537 1148 3592 donasse
1172 3538 1530 3607 cognoscitur.
1559 3538 1624 3591 Et
1652 3537 1772 3592 ideo
1796 3537 1909 3591 lau-

321 3624 478 3680 dabili
528 3627 884 3684 sollicitudine
913 3630 1238 3684 venerabilis
1266 3630 1535 3686 iticttioric
1569 3630 1906 3701 Ftilgentium

322 3720 626 3787 pontiﬁcem
678 3719 976 3789 RIISpCllSlS
1035 3723 1290 3779 Ecclesia:
1345 3724 1685 3794 interrogasti
1737 3725 1911 3791 qualis

322 3810 413 3865 tibi
444 3812 764 3868 militaribus
795 3814 1000 3869 actibus
1032 3823 1293 3882 occupato
1330 3817 1513 3883 regula
1546 3815 1612 3869 sit
1653 3815 1911 3884 spiritalis

321 3905 578 3972 propositi
629 3905 928 3960 retinenda.
979 3905 1265 3976 Sapienter
1314 3907 1557 3975 profecto
1590 3922 1910 3975 responsum

321 3995 658 4064 sapientima
706 3997 950 4066 sapiente
1000 3998 1314 4066 qmesieras,
1364 4013 1465 4052 nec
1517 3999 1907 4070 interroganti,

323 4100 424 4139 nec
452 4086 782 4154 interrogato
825 4096 1011 4143 sancta
1055 4089 1338 4159 prudentia
1370 4089 1559 4145 defuit.
1592 4090 1655 4144 Et
1684 4100 1737 4145 tu
1766 4090 1912 4160 quod

324 4176 415 4231 ille
442 4178 640 4233 docens
671 4188 899 4248 poterat,
930 4179 1041 4249 jim
1068 4183 1293 4247 gerebas
1319 4200 1334 4248 ;
1376 4192 1429 4237 et
1458 4183 1546 4237 ille
1587 4182 1687 4237 hoc
1716 4184 1912 4241 docere

324 4278 534 4335 poterat
562 4270 702 4338 quod
731 4278 786 4324 tu
815 4272 1062 4339 gerebas,
1089 4283 1144 4326 ut
1177 4287 1355 4328 moros
1388 4283 1506 4328 tuus
1534 4283 1588 4328 tu
1617 4275 1669 4329 in
1703 4290 1913 4330 sermo—

324 4359 481 4414 nibus
509 4359 626 4430 ejus
653 4376 997 4432 agnosceres,
1027 4373 1384 4421 ctscrmones
1414 4381 1542 4420 suos
1581 4367 1671 4422 ille
1702 4383 1766 4420 ex
1806 4369 1911 4422 tuis

323 4451 564 4510 moribus
591 4453 935 4523 approbaret.
966 4455 1121 4511 Modo
1151 4466 1327 4519 autem
1369 4456 1491 4528 quia
1530 4457 1809 4527 semipleni
1844 4458 1910 4513 li-

2082 3260 2309 3316 Videtur
2334 3260 2479 3314 enim
2509 3257 2640 3313 mibi
2670 3274 2765 3327 per
2797 3260 2891 3313 bas
2922 3266 3124 3329 septem
3152 3257 3360 3328 regulas
3389 3258 3444 3313 in
3470 3257 3600 3312 acti-

2014 3354 2113 3409 bus
2143 3353 2463 3408 militaribus
2493 3368 2652 3422 posse
2688 3352 2932 3408 homines
2959 3368 3078 3408 csse
3107 3352 3377 3423 aspiritales
3406 3362 3461 3407 et
3492 3354 3600 3408 Deo

2014 3448 2256 3517 placere;
2305 3445 2620 3514 nullumque
2658 3444 2994 3515 diSpendium
3037 3444 3145 3514 pati
3183 3460 3394 3501 morum
3435 3438 3599 3501 bono-

2016 3555 2177 3604 rum,
2226 3537 2321 3593 sed
2385 3539 2645 3608 prolicere
2694 3538 2869 3606 potius
2921 3537 2986 3591 ad
3028 3537 3355 3592 incrementa
3396 3537 3598 3605 majora

1980 3652 1981 3655 η
2011 3633 2252 3701 justitiat.
2301 3632 2357 3688 Si
2406 3632 2487 3686 vis
2525 3645 2653 3700 ergo
2692 3631 2958 3700 perlectus
2988 3644 3109 3684 esse
3153 3631 3306 3683 miles
3338 3629 3431 3682 Dei
3462 3628 3601 3681 inter

2015 3727 2215 3781 milites
2241 3724 2421 3780 smculi
2448 3766 2463 3788 ,
2498 3732 2619 3777 tene
2646 3723 2870 3776 ﬁrmiter
2898 3724 3040 3792 quod
3079 3721 3312 3776 dixuuus
3342 3720 3596 3774 breviter.

2016 3817 2072 3871 Si
2101 3818 2241 3871 enim
2272 3816 2499 3885 gratiam
2528 3814 2706 3866 conliti
2728 3815 2856 3880 aris,
2884 3812 3189 3878 requiescet
3218 3824 3377 3877 super
3406 3819 3457 3863 te
3484 3810 3602 3876 Spi-

2017 3912 2152 3963 ritus
2177 3908 2386 3961 timoris
2414 3905 2645 3959 Domini.
2688 3906 2746 3958 Si
2778 3907 2882 3957 vita
2921 3912 3008 3957 tua
3048 3901 3323 3971 speculum
3369 3892 3475 3967 sit,
3511 3902 3598 3955 ubi

2018 4001 2217 4054 milites
2246 3998 2459 4052 videant
2485 3996 2613 4066 quid
2641 4010 2798 4063 agere
2824 3994 3078 4060 debeant,
3114 3986 3414 4062 requiescet
3442 4005 3603 4061 super

2020 4101 2071 4147 te
2092 4092 2321 4160 Spiritus
2350 4089 2582 4160 pietatis.
2615 4088 2673 4142 Si
2701 4102 2802 4139 non
2829 4100 3062 4154 prmesse
3084 4092 3337 4153 appetas,
3364 4085 3455 4136 sed
3481 4099 3602 4151 pro-

2019 4184 2198 4248 desse,
2226 4185 2525 4252 requiescet
2549 4195 2710 4247 super
2736 4193 2785 4232 te
2806 4178 3037 4246 Spiritus
3060 4177 3318 4231 εςιυιιιίίο.
3347 4176 3435 4229 ΙῙΙι·
3459 4178 3600 4229 enim

2017 4278 2118 4333 scit
2150 4290 2406 4347 pra-esse,
2431 4261 2531 4342 qui
2556 4275 2665 4326 vult
2702 4271 2978 4339 prodesse.
3008 4270 3064 4323 Si
3096 4269 3283 4336 diligas
3309 4268 3603 4334 rempubli-

2017 4387 2135 4426 cam
2167 4373 2302 4424 sicut
2332 4378 2381 4421 te
2414 4368 2609 4435 ipsum,
2642 4366 2939 4432 requiescet
2964 4376 3127 4429 super
3154 4372 3202 4415 te
3234 4360 3604 4429 Spirilus'for-

2016 4464 2282 4518 titudinis.
2337 4460 2393 4515 Si
2434 4459 2680 4512 humanis
2725 4458 2904 4511 ditina
2953 4470 3275 4525 prmpntlas,
3308 4454 3602 4521 requiescet

321 4543 447 4599 belli
496 4544 808 4615 imperfecta
851 4546 1092 4614 dictatio,
1135 4549 1265 4604 nihil
1295 4550 1420 4605 buic
1467 4561 1569 4605 tua:
1614 4551 1899 4622 interroga-

2016 4574 2178 4627 super
2218 4566 2268 4611 te
2296 4556 2528 4624 Spiritus
2565 4551 2795 4607 consilii.
2841 4550 2899 4606 Si
2945 4551 3175 4603 libenter
3215 4548 3441 4602 audias:
3477 4545 3602 4601 Noli

323 4637 456 4692 tioni
481 4641 824 4710 cognOscitur
850 4642 1193 4710 respondisse
1219 4643 1501 4714 (principia
1526 4645 1665 4699 enim
1689 4645 1909 4714 gloriosi

323 4730 524 4795 operis,
568 4731 790 4800 primam
821 4736 1173 4799 quaestionem
1208 4734 1505 4790 litterarum
1539 4744 1747 4790 tuarum
1787 4736 1910 4790 diu-

292 4818 431 4872 ’tius
456 4821 749 4874 ventilant:
802 4824 990 4877 Utrum
1024 4839 1153 4880 caro
1184 4826 1383 4880 Cbristi
1430 4829 1798 4895 corruptibilis
1842 4842 1909 4882 an

326 4908 745 4978 incorruptibilis
785 4912 981 4979 fuerit;
1023 4916 1167 4969 unde
1209 4918 1383 4971 adhuc
1410 4919 1690 4987 disputans
1722 4923 1911 4975 doctor

325 4999 417 5054 ille
446 4999 708 5069 egregius,
750 5013 1035 5072 antequam
1067 5006 1293 5061 fideliter
1321 5009 1527 5062 ratione
1554 5009 1671 5063 fidei
1700 4988 1905 5065 reddita

325 5092 393 5147 de
422 5092 630 5147 actibus
657 5093 976 5149 militaribus
1005 5110 1125 5149 cum
1161 5099 1353 5166 pietate
1385 5102 1673 5156 tractandis
1706 5102 1910 5170 incipe-

324 5191 409 5238 ret
438 5182 600 5253 loqui,
627 5184 870 5237 transivit
898 5187 963 5238 ad
993 5196 1211 5241 interna:
1242 5188 1589 5245 beatitudinis
1634 5192 1910 5247 immorta-

323 5275 389 5330 lii
431 5276 644 5346 gaudia,
684 5276 919 5332 Verbum
967 5279 1082 5343 Dei,
1115 5282 1256 5346 quod
1291 5283 1341 5335 iu
1375 5286 1538 5338 corde
1569 5296 1625 5340 et
1650 5303 1745 5341 ore
1768 5300 1911 5341 sem-

324 5382 417 5434 per
446 5368 631 5424 babuit
661 5368 793 5425 facie
821 5371 886 5425 ad
917 5370 1106 5426 faciem
1135 5377 1613 5448 contenqilaturus)
1641 5420 1656 5446 ,
1709 5379 1909 5450 impur-

323 5460 540 5514 tabilem
589 5463 854 5518 sarcinam
901 5479 1062 5533 super
1112 5466 1369 5523 humeros
1399 5469 1604 5526 debiles
1640 5475 1816 5542 ponis,
1850 5482 1912 5528 ut

325 5563 411 5605 me
452 5549 640 5620 iubeas
690 5556 817 5610 tanti
868 5557 965 5613 viri
1029 5558 1181 5629 quasi
1236 5561 1626 5618 bmreditarium
1674 5565 1910 5623 debitum

316 5641 555 5734 solvere.
584 5645 829 5719 Nunquid
852 5664 951 5721 ego
977 5651 1064 5721 sic.
1081 5652 1318 5723 repletus
1337 5671 1454 5711 sum
1480 5658 1746 5734 sapientia
1766 5659 1903 5715 sicut

323 5732 458 5790 ille?
482 5734 723 5809 Nunquid
753 5742 942 5799 eadem
973 5743 1103 5800 mibi
1128 5745 1352 5815 facultas
1379 5732 1579 5821 eloquii
1603 5750 1627 5804 ‘l
1656 5750 1902 5820 Nunquid

2016 4669 2125 4708 esse
2153 4650 2370 4705 multum
2403 4653 2608 4721 justus,
2643 4645 2943 4713 requiescet
2987 4658 3148 4710 super
3181 4650 3231 4697 te
3263 4643 3492 4709 Spiritus
3521 4641 3603 4695 in-

2017 4746 2284 4801 tellectus.
2317 4740 2374 4798 Si
2406 4741 2718 4795 memineris
2750 4746 2799 4792 te
2826 4751 2946 4792 esse
2975 4735 3357 4798 Christianum,
3393 4734 3603 4803 requie-

2016 4849 2127 4894 seet
2154 4852 2315 4906 super
2342 4844 2394 4888 te
2421 4834 2654 4898 Spiritus
2681 4829 2958 4898 sapientiae
2990 4845 3004 4895 ;
3057 4837 3109 4882 et
3150 4842 3245 4897 per
3276 4828 3602 4895 septiformis

2016 4930 2248 5000 Spiritus
2277 4927 2657 4980 abundantiam
2705 4923 3009 4976 misericors
3052 4922 3193 4974 Deus
3240 4921 3413 4985 (sicut
3448 4932 3600 4969 vera-

2017 5023 2233 5078 cis-sime
2262 5021 2417 5073 amici
2449 5019 2531 5072 sui
2564 5017 2881 5071 lidelissitno
2909 5015 3013 5071 Job
3053 5015 3332 5080 dixerunt)
3371 5028 3383 5062 :
3420 5007 3484 5061 In
3515 5024 3601 5061 sex

2013 5110 2430 5164 tribulationibus
2468 5109 2696 5162 liberabit
2739 5123 2825 5172 te;
2873 5108 2924 5159 in
2966 5105 3181 5183 septima
3219 5117 3318 5154 non
3357 5109 3526 5169 largxt
3557 5111 3601 5151 te

2015 5206 2228 5258 malum.
2262 5200 2329 5256 In
2355 5203 2489 5273 fame
2514 5212 2652 5257 eruet
2678 5211 2724 5255 te
2741 5203 2803 5255 de
2826 5207 3002 5264 morte,
3027 5205 3072 5251 et
3100 5197 3152 5249 in
3178 5194 3329 5257 bello,
3356 5194 3420 5247 de
3442 5214 3510 5247 rm
3531 5210 3600 5246 nn

2015 5295 2201 5367 gladii.
2252 5296 2298 5348 Α
2328 5294 2539 5363 ﬂagello
2567 5296 2757 5363 lingua:
2802 5289 3128 5343 absconderis
3150 5329 3165 5355 ,
3196 5297 3245 5340 et
3275 5302 3373 5338 non
3406 5285 3601 5341 timebis

2020 5386 2361 5440 calamitatem
2388 5401 2503 5440 cum
2532 5386 2744 5438 venerit.
2786 5379 2851 5434 In
2881 5381 3111 5433 vastitate
3142 5387 3190 5431 et
3221 5378 3356 5446 {ante
3390 5378 3598 5441 ridebis,

2018 5489 2066 5534 et
2094 5479 2276 5533 bestias
2305 5488 2451 5531 terra
2476 5492 2574 5530 non
2602 5472 2923 5545 formidabis,
2954 5473 3041 5526 sed
3075 5487 3192 5525 cum
3229 5470 3487 5539 lapidibus
3515 5487 3599 5527 re-

2020 5571 2228 5641 gionum
2261 5577 2466 5641 pactum
2496 5578 2671 5632 tuum,
2711 5574 2758 5620 et
2803 5564 2974 5621 bestia:
3011 5574 3158 5620 terra:
3186 5564 3415 5635 paciﬁca:
3449 5572 3600 5619 erunt

2020 5663 2130 5716 tibi.
2173 5660 2238 5714 Et
2270 5662 2400 5715 scies
2424 5658 2561 5730 quod
2588 5673 2763 5728 pacem
2793 5657 2973 5712 habeat
3003 5657 3388 5712 tabernaculum
3402 5669 3599 5719 ,tuurn:

2019 5766 2064 5809 et
2096 5755 2308 5809 risimus
2331 5752 2547 5820 speciem
2575 5759 2741 5821 luant,
2766 5768 2865 5807 non
2892 5751 3120 5819 peccabis
3149 5750 3289 5820 (Job.
3318 5765 3368 5816 ν,
3396 5747 3596 5817 ιωι).
