4104 6360
552 313 647 368 9'51

1466 290 1828 363 FIILGENTII
1869 302 2221 362 FEBRANDI
2264 301 2538 360 DIACONI
2575 298 2929 357 caa'rnsc.

3742 290 3851 348 $59

553 450 921 507 Necessarium
947 447 1106 519 plane
1128 454 1210 503 est
1235 455 1289 501 ut
1313 448 1616 516 partitionis
1642 446 1832 501 ordine
1853 446 2142 511 custodito,
2178 424 2231 486 Α
2255 426 2385 519 σεῖε
2406 428 2661 500 disponas
2687 428 2962 494 excvbias.
2988 423 3229 519 νεεξιφυε
3247 413 3502 519 εοειξεηιί
3526 409 3854 519 τεεβθῐξάξιξ

553 543 861 611 singillatim
893 540 961 595 de
995 541 1075 593 his
1102 547 1306 617 septem
1341 540 1628 610 generibus
1655 540 2016 608 disputantem
2052 540 2144 593 be-

554 634 776 689 nevolus
824 639 878 686 et
928 630 1166 685 intentus
1229 631 1515 696 advertas;
1586 630 1713 684 illud
1778 630 2147 698 principaliter

553 724 769 787 sciens,
819 722 1088 776 netnincm
1138 723 1253 776 sine
1297 723 1467 792 gratia
1519 721 1611 776 Dei
1643 731 1788 777 recte
1828 723 2142 791 intelligere,

555 812 826 867 neminem
848 812 991 879 juste
1016 813 1214 866 vivere.
1238 812 1492 865 Dominus
1516 814 1656 865 enim
1679 813 1770 866 dat
1792 812 2143 877 intellecutm,

555 903 813 957 Dominus
852 918 1012 972 quem
1050 902 1283 957 voluerit
1311 902 1615 973 religiosum
1649 904 1796 958 facit.
1845 904 1984 959 Nihil
2019 905 2143 959 boni

553 1010 614 1050 ex
647 997 803 1051 nobis
848 996 1104 1049 habemus
1137 1014 1147 1047 :
1188 996 1349 1049 Omne
1381 997 1561 1049 datum
1593 999 1841 1063 Optimum
1865 1039 1880 1063 ,
1915 1008 1963 1052 et
2000 1014 2147 1051 omne

553 1089 743 1142 donum
764 1093 1045 1159 perfectum
1075 1074 1307 1159 (lacuboy
1326 1090 1569 1157 apostolo
1590 1090 1948 1161 contestante)
1971 1091 2146 1144 desur—

555 1197 663 1233 sum
693 1190 787 1243 est,
820 1181 1125 1234 descendens
1157 1198 1187 1253 tt
1219 1180 1377 1235 Patre
1400 1181 1672 1243 luminunt,
1698 1182 1837 1250 apud
1870 1198 2016 1250 quem
2044 1198 2144 1234 non

556 1280 629 1325 est
662 1272 1023 1325 transmutatio
1048 1288 1138 1325 nec
1167 1272 1406 1324 momenti
1437 1270 1754 1324 obuntbratio
1784 1269 1923 1339 (Jac.
1958 1287 1997 1337 t,
2031 1271 2144 1341 17).

772 1380 929 1431 Pium
951 1396 1157 1432 sensu.
1182 1383 1383 1433 Omnem
1404 1381 1611 1446 gloriam
1632 1382 1731 1432 Deo
1747 1378 1919 1432 tribue.

623 1482 678 1537 4.
725 1482 899 1538 Prima
950 1485 1173 1553 proinde
1212 1496 1295 1540 est
1338 1485 1521 1554 regula
1547 1527 1560 1549 ,
1605 1500 1762 1553 quam
1795 1494 1979 1541 tenere
2006 1494 2151 1541 inter

558 1585 709 1628 actus
731 1574 927 1630 debeas
955 1576 1236 1641 militares,
1262 1586 1319 1630 ut
1350 1576 1479 1630 nihil
1513 1576 1712 1630 viribus
1738 1575 1841 1630 tuis
1867 1576 2153 1646 superbius

556 1666 798 1735 sssignes
818 1708 833 1732 ,
864 1666 960 1721 sed
995 1668 1172 1723 omnia
1202 1685 1319 1735 quae
1363 1669 1654 1738 sapienter,
1686 1682 1776 1723 aut
1802 1669 2032 1737 fortiter,
2062 1678 2155 1725 aut

558 1754 784 1812 feliciter
821 1759 987 1827 geris,
1020 1760 1087 1813 ad
1119 1761 1327 1815 laudem
1357 1760 1558 1816 releras
1588 1761 1943 1829 potentissimi
1987 1760 2153 1815 Crea-

561 1853 692 1903 toris
724 1866 737 1902 :
771 1865 978 1905 memor
1011 1866 1225 1920 semper
1258 1852 1382 1921 quid
1418 1853 1612 1920 p0pulo
1649 1852 1941 1907 Israelitico
1971 1854 2152 1923 ingre-

558 1939 725 1994 dienti
759 1949 953 1995 terram
996 1944 1367 2011 promissionis
1397 1943 1604 2013 Moyses
1636 1944 1909 2010 loquatur,
1945 1943 2157 1998 humili-

562 2028 689 2083 tatis
726 2038 929 2084 sanctae
963 2032 1154 2086 volens
1200 2049 1386 2089 omnes
1437 2033 1637 2090 habere
1686 2033 1960 2087 virtutem.
2016 2033 2156 2088 Dicit

564 2123 711 2176 enim
747 2137 761 2175 :
796 2120 881 2175 Ne
908 2122 1051 2176 dicas
1080 2124 1129 2174 in
1157 2124 1310 2177 corde
1337 2134 1422 2177 tuo
1451 2140 1470 2179 .'
1506 2124 1683 2178 Virtus
1710 2140 1825 2178 mea
1853 2134 1899 2177 et
1930 2124 2158 2194 potentia

561 2226 670 2265 mea
698 2212 817 2280 fecit
839 2213 963 2265 mihi
990 2213 1225 2267 virtutem
1253 2214 1385 2269 hanc
1415 2232 1689 2287 magnam;
1720 2216 1807 2269 sed
1832 2231 2025 2269 memor
2054 2217 2155 2271 eris

568 2302 778 2357 Domini
809 2301 907 2358 Dei
938 2305 1035 2371 tui,
1067 2306 1185 2373 quia
1214 2304 1303 2360 ille
1329 2306 1419 2359 tibi
1444 2308 1534 2359 dat
1566 2306 1842 2376 potentiam
1871 2306 1939 2359 ad
1960 2306 2157 2377 facien-

564 2397 684 2449 dam
716 2398 949 2469 virtutem
975 2397 1154 2467 (Deut.
1181 2413 1295 2464 vnl,
1321 2399 1409 2468 17,
1438 2398 1550 2469 18).
1581 2400 1730 2454 Sicut
1760 2398 1967 2469 plenius
1997 2400 2155 2455 etiam

560 2489 819 2557 pr0plteta
876 2488 1135 2555 Jeretnias
1179 2491 1431 2546 admonet
1466 2510 1481 2547 :
1516 2491 1636 2547 Non
1664 2494 1913 2566 glorietur
1954 2497 2157 2565 sapiens

561 2581 613 2633 in
660 2582 912 2647 sapientia
965 2598 1079 2645 sua,
1110 2592 1156 2636 et
1210 2600 1315 2636 non
1365 2583 1613 2656 glorietur
1664 2586 1806 2641 tortis
1852 2588 1905 2641 in
1955 2588 2154 2657 fortitu-

566 2671 684 2725 dine
724 2687 838 2737 sua,
889 2680 938 2726 et
991 2688 1095 2727 non
1148 2675 1397 2744 glorietur
1452 2675 1588 2728 dives
1634 2693 1689 2730 tn
1749 2677 1936 2732 divitiis
2004 2678 2156 2743 suis;

558 2765 650 2819 sed
681 2767 734 2818 in
775 2766 871 2820 Itoc
916 2767 1166 2837 glorietur
1192 2771 1280 2837 qui
1320 2770 1572 2840 gloriatur
1600 2785 1619 2825 :
1645 2771 1929 2844 intelligere
1954 2781 2000 2828 et
2029 2753 2158 2828 scire

559 2857 800 2927 quoniam
821 2874 913 2930 ego
937 2874 1051 2913 sum
1073 2858 1346 2929 Dominus,
1374 2863 1461 2932 qui
1485 2862 1620 2933 facio
1648 2864 2076 2931 misericordiam,
2110 2874 2154 2919 ct

558 2950 848 3022 judicium,
882 2961 927 3006 et
947 2953 1208 3025 justitiam
1236 2972 1388 3023 super
1410 2964 1600 3010 terram
1647 2955 1779 3027 (Jer.
1804 2973 1879 3025 ts,
1908 2956 2001 3026 25,
2032 2958 2151 3031 24).

560 3038 889 3112 Frequenter
919 3044 1103 3112 igitur,
1143 3056 1197 3101 et
1246 3047 1332 3114 (si
1363 3046 1478 3102 ﬁeri
1513 3046 1732 3121 potest)
1765 3049 2151 3115 indesinenter,

562 3148 691 3188 voce
721 3136 897 3190 cordis
927 3145 979 3191 et
1008 3138 1250 3207 corporis
1289 3139 1546 3194 clamabis
1578 3158 1590 3193 :
1628 3140 1865 3207 Domine,
1902 3145 2151 3213 fortitudo

557 3243 700 3292 mea,
726 3237 774 3283 et
803 3227 1122 3299 adjutorium
1152 3246 1318 3283 meum
1354 3231 1409 3284 in
1439 3233 1521 3285 die
1558 3233 1813 3288 malorum
1860 3232 1993 3306 (Jer.
2030 3252 2141 3303 xvr,

558 3317 670 3387 l9).
718 3319 785 3372 Et
814 3319 1003 3374 iterum
1038 3338 1051 3373 :
1084 3321 1227 3376 Sana
1260 3338 1373 3387 me,
1407 3322 1656 3390 Domine,
1687 3336 1733 3378 et
1759 3327 2011 3392 sonabor;
2042 3330 2148 3382 sal-

558 3427 671 3463 ttum
695 3427 772 3464 me
793 3412 894 3481 fac,
920 3423 964 3466 ct
993 3414 1087 3467 salt
1104 3432 1162 3467 us
1192 3431 1297 3480 ero,
1324 3417 1444 3479 quia
1468 3418 1633 3486 gloria
1655 3435 1765 3472 mea
1796 3428 1849 3472 tu
1871 3437 1922 3473 es
1954 3416 2142 3490 (Ibid,

564 3501 652 3568 t7,
681 3500 790 3572 ll).
825 3502 925 3556 Ista
968 3504 1110 3558 enim
1142 3505 1404 3571 dicendo,
1437 3508 1603 3562 sancti
1652 3510 1798 3565 Pauli
1846 3511 2144 3568 doctrinam

558 3591 705 3660 sequi
735 3592 1034 3663 videberis,
1079 3594 1304 3651 dicentis
1336 3613 1350 3652 :
1385 3599 1485 3663 Qui
1522 3599 1798 3669 gloriatur,
1828 3604 1881 3657 in
1923 3603 2146 3660 Domino

553 3683 798 3756 glorietur
826 3685 911 3758 (ll
936 3685 1057 3742 Cor.
1087 3704 1141 3756 ι,
1168 3688 1278 3759 l7).
1314 3690 1379 3746 Et
1404 3698 1532 3749 tunc
1559 3707 1721 3765 super
1748 3702 1800 3749 te
1829 3696 2145 3765 prophetica

553 3783 816 3839 sententia
847 3785 1239 3853 complebitur:
1268 3786 1571 3844 Benedictus
1610 3789 1765 3846 homo
1800 3793 1891 3863 qui
1929 3795 2145 3865 conﬁdit

551 3874 607 3929 in
646 3874 883 3944 Domino,
926 3886 974 3933 et
1015 3880 1109 3932 erit
1149 3874 1403 3934 Dominus
1441 3898 1553 3953 spes
1594 3882 1741 3953 ejus;
1782 3886 1978 3955 eritque
2013 3888 2143 3941 sicut

553 3966 751 4037 lignum
776 3967 1101 4037 fructiferum
1131 3986 1274 4025 secus
1300 3987 1506 4039 aquam,
1532 3983 1577 4026 et
1614 3974 1667 4027 in
1696 3974 1957 4029 humorem
1980 3977 2145 4030 mittet

555 4058 749 4111 radices
770 4075 922 4124 suas;
953 4077 1054 4114 non
1078 4062 1271 4116 timebit
1294 4080 1407 4115 cum
1436 4066 1621 4117 venerit
1646 4076 1822 4131 cestus,
1851 4075 1897 4119 et
1919 4078 2065 4120 erunt
2089 4068 2140 4120 in

552 4167 610 4206 eo
637 4154 845 4223 frutices
869 4157 1128 4211 numerosi
1152 4174 1170 4222 ;
1211 4168 1257 4211 et
1285 4160 1336 4211 in
1362 4174 1498 4211 anno
1522 4158 1763 4213 siccitatis
1786 4177 1886 4213 non
1927 4161 2140 4225 timebit,

549 4255 596 4296 et
636 4260 738 4297 non
782 4246 979 4314 deficiet
1021 4264 1051 4300 α
1096 4249 1331 4317 faciendo
1372 4249 1597 4316 fructum
1640 4248 1772 4321 (Jer.
1815 4266 1940 4316 snt,
1976 4253 2028 4313 7,
2063 4252 2140 4319 8).

558 4336 778 4391 Deﬁciet
820 4348 996 4393 autem
1045 4340 1087 4392 si
1128 4340 1482 4396 obliviscatur
1512 4342 1653 4396 illius
1678 4385 1693 4411 ,
1742 4344 1807 4397 de
1840 4359 1944 4410 quo
1975 4343 2143 4398 ﬁdelis

556 4425 721 4481 Isaias
750 4427 996 4484 ﬁdelibus
1036 4440 1214 4485 narrat
1248 4449 1261 4485 :
1299 4432 1431 4487 Deus
1470 4436 1845 4500 sempiternus,
1893 4433 2144 4489 Dominus

545 4517 633 4583 qui
656 4519 843 4571 creavit
873 4520 1112 4572 terminos
1139 4531 1322 4587 terra;
1364 4539 1468 4576 non
1490 4525 1715 4592 deﬁciet,
1748 4541 1909 4593 neque
1935 4525 2140 4578 labora-

545 4607 635 4670 bit,
669 4624 760 4660 nec
798 4618 871 4661 est
912 4611 1224 4681 inrestigatio
1265 4614 1529 4684 sapientiw
1568 4617 1698 4683 ejus.
1727 4614 1828 4679 Qui
1867 4621 1954 4668 dat
1996 4616 2136 4671 lasso

545 4700 800 4767 virtutem,
826 4710 872 4754 et
895 4701 971 4756 Itis
994 4704 1081 4773 qui
1103 4721 1202 4758 non
1230 4715 1349 4759 sunt
1382 4707 1733 4775 fortitudinent
1757 4716 1805 4759 et
1827 4708 1979 4760 robur
2004 4710 2137 4762 mul-

545 4789 763 4858 tiplicat.
814 4792 1061 4860 Deﬁcieut
1096 4797 1275 4862 pueri,
1302 4809 1349 4850 et
1377 4797 1710 4865 laborabunt,
1739 4808 1785 4851 et
1812 4800 2026 4867 juvenes
2052 4802 2136 4855 in-

544 4885 786 4951 firmitate
816 4889 1018 4943 cadent.
1065 4891 1164 4954 Qui
1192 4900 1360 4943 autem
1390 4901 1596 4958 sperant
1618 4892 1672 4945 in
1697 4890 1938 4959 Domino,
1966 4907 2135 4948 muta-

543 4977 665 5033 bunt
723 4981 1117 5049 fortitudinem,
1166 4994 1426 5038 assument
1471 5002 1659 5055 pennas
1718 4988 1850 5041 sicut
1907 4989 2133 5055 aquilis;

541 5080 745 5125 current
784 5082 831 5126 et
873 5089 975 5126 non
1016 5073 1358 5139 laborabunt,
1396 5076 1637 5130 volabunt
1674 5088 1719 5131 et
1760 5095 1861 5132 non
1901 5079 2139 5147 deﬁcient

542 5160 675 5231 (Isa.
708 5179 802 5229 xc,
833 5163 924 5227 98,
958 5162 1071 5233 5i).
1112 5165 1309 5232 Curre,
1352 5165 1509 5221 miles
1539 5167 1666 5231 Dei,
1704 5167 2038 5231 fesﬁnanter,
2082 5178 2139 5221 ut

543 5271 765 5311 numero
804 5256 986 5311 talium
1028 5258 1301 5322 sociatus,
1350 5260 1563 5327 negotia
1612 5259 1864 5313 militaria
1914 5275 2136 5313 securus

542 5363 717 5415 geras.
768 5348 821 5403 Si
855 5350 994 5403 enim
1025 5350 1251 5404 consilio
1280 5350 1358 5403 uti
1399 5338 1759 5406 necessarium
1804 5350 1960 5406 fuerit
1990 5396 2004 5419 ,
2049 5366 2136 5405 re-

542 5438 771 5504 spondet
793 5438 885 5493 tibi
908 5442 1165 5495 continuo
1192 5440 1460 5511 Sapientia
1488 5460 1501 5496 :
1530 5442 1707 5496 Meum
1737 5453 1813 5496 est
1836 5443 2125 5507 consilium,

539 5537 587 5583 et
618 5546 726 5583 mea
754 5534 910 5585 tutela
941 5532 1124 5601 (Prov.
1156 5548 1268 5600 vut,
1303 5534 1418 5603 14).
1467 5536 1522 5591 Si
1565 5538 1614 5591 in
1659 5538 1841 5606 prmlio
1872 5537 2132 5591 dimican-

539 5622 689 5689 dum,
722 5623 994 5679 fortissimi
1026 5626 1238 5683 Davidis
1280 5631 1468 5686 audies
1496 5647 1683 5688 vocem
1716 5650 1729 5685 :
1765 5632 1890 5686 Non
1930 5634 1983 5686 in
2015 5632 2126 5700 gla-

538 5714 644 5781 dio,
670 5730 827 5784 neque
856 5716 907 5769 in
934 5718 1079 5773 Itasta
1108 5723 1270 5775 salvat
1303 5723 1556 5779 Dominus
1588 5742 1607 5780 :
1638 5726 1801 5794 ipsius
1836 5736 1907 5778 est
1941 5726 2131 5777 bellum

542 5806 596 5875 (Ι
625 5806 750 5877 Iteg.
781 5821 912 5877 xvn,
942 5810 1056 5879 4⁵7).
1091 5814 1146 5869 Si
1172 5825 1358 5868 contra
1392 5815 1610 5871 hostiles
1641 5817 1872 5882 impetus
1902 5826 2133 5881 prtctcn-

2252 518 2372 574 Nisi
2406 520 2656 576 Dominus
2692 520 2991 576 custodierit
3036 514 3286 571 civitatem
3308 550 3323 574 ,
3365 509 3422 561 in
3459 520 3646 559 ranam
3666 503 3851 571 vigilat

2250 613 2336 676 qui
2364 613 2587 667 custodit
2611 630 2720 667 eam
2760 612 2877 683 (Ps.
2908 624 3090 667 cxxvr.
3126 605 3204 675 l).
3251 603 3310 658 Si
3352 612 3552 670 parvus
3575 596 3853 651 exercitus

2249 714 2435 757 contra
2457 704 2685 758 hostium
2708 701 3072 757 multitudines
3095 690 3519 752 innumerabiles
3532 684 3854 743 educendos

2250 795 2358 858 sit,
2397 805 2584 848 orante
2624 794 2808 849 Jttdith
2854 790 3097 861 protinus
3134 781 3561 845 conlortaberis,
3611 788 3851 831 consona

2250 886 2493 939 oratione
2543 885 2671 939 dum
2720 880 3090 952 gemebundus
3133 874 3519 933 esclamaveris
3561 886 3577 922 :
3623 867 3753 921 Non
3798 866 3852 918 in

2251 976 2584 1030 multitudine
2605 985 2675 1030 est
2697 974 2942 1045 fortitudo
2966 981 3077 1036 tua,
3106 985 3266 1037 neque
3288 968 3445 1021 virtus
3469 972 3558 1017 tua
3586 962 3643 1015 in
3666 966 3849 1029 potat-

2251 1069 2475 1133 tatibus;
2504 1070 2596 1123 sed
2624 1068 2899 1121 humilium
2930 1065 3158 1137 (Iudith.
3191 1077 3268 1126 lx,
3300 1058 3388 1123 16)
3418 1071 3479 1112 es
3509 1055 3676 1116 Deus,
3710 1050 3851 1106 indi-

2251 1162 2486 1231 gentium
2527 1160 2827 1225 auxiliator,
2871 1159 3204 1213 inﬁrmorum
3245 1151 3562 1221 opitulator.
3619 1144 3678 1200 Si
3716 1156 3822 1199 con

2258 1252 2440 1307 cordia
2487 1252 2718 1306 militum
2766 1250 3062 1319 quaeritur,
3112 1242 3480 1301 recordaberis
3521 1237 3791 1305 scriptum
3834 1250 3845 1283 :

2253 1342 2466 1397 Domini
2498 1351 2567 1397 est
2608 1357 2712 1411 pax
2759 1339 2958 1413 (ludio.
2986 1355 3061 1403 ut,
3094 1337 3215 1405 24).
3264 1334 3322 1391 Si
3351 1328 3683 1391 obedientia,
3719 1338 3852 1380 voce

2253 1434 2445 1505 psalmi
2474 1433 2697 1488 Domino
2728 1432 2837 1487 Deo
2866 1444 2955 1487 tuo
2978 1429 3225 1485 cantabis
3258 1444 3271 1480 :
3308 1424 3506 1495 Eripies
3529 1437 3611 1475 me
3635 1420 3701 1471 de
3731 1432 3851 1469 con-

2256 1524 2645 1579 tradictionibus
2673 1524 2850 1592 pepuli
2889 1520 3009 1591 (Ps.
3039 1536 3176 1586 xvn,
3202 1516 3331 1588 44);
3372 1514 3473 1570 sub
3499 1510 3725 1567 nomine
3752 1520 3849 1558 au-

2256 1627 2365 1673 tent
2418 1616 2601 1686 papuli
2647 1618 2809 1670 etiam
2860 1610 3143 1668 multitudo
3181 1608 3407 1665 militum
3455 1618 3563 1659 non
3618 1595 3851 1653 absurde

2258 1709 2616 1778 intelligitur:
2644 1708 2874 1763 maxime
2905 1705 3026 1775 quia
3055 1705 3108 1759 in
3143 1697 3444 1770 huiusmodi
3474 1694 3679 1765 populo
3705 1702 3851 1755 saepe

2183 1801 2230 1860 B
2258 1801 2493 1857 abundat
2538 1800 2894 1857 contradictio
2917 1839 2933 1864 ,
2973 1797 3263 1853 severitate
3306 1789 3537 1847 naturali
3566 1785 3849 1844 materiam

2261 1880 2616 1950 seditionibus
2651 1895 3011 1949 ministrante.
3055 1890 3359 1946 Periculosa
3389 1893 3470 1941 est
3496 1893 3685 1937 autem
3713 1878 3850 1933 milia

2258 1995 2369 2041 tum
2409 1986 2795 2051 contradictio;
2841 1984 3083 2041 caedibus
3125 1982 3269 2037 enim
3317 1977 3631 2048 rapinisque
3678 1973 3847 2026 vicina

2258 2086 2342 2132 est
2372 2094 2387 2133 :
2419 2086 2475 2133 et
2510 2076 2681 2132 dulcis
2724 2076 3026 2131 obedientia
3058 2115 3073 2141 ,
3104 2074 3239 2128 dum
3264 2070 3482 2125 monitis
3521 2062 3849 2122 salutaribus

2257 2167 2638 2238 sapientissimi
2665 2166 2815 2223 ducis
2841 2166 3071 2221 libenter
3094 2165 3453 2230 obtemperat.
3479 2158 3595 2215 Nec
3617 2152 3849 2212 dubitari

2259 2258 2473 2329 penitus
2499 2268 2715 2330 oportet
2744 2258 2797 2313 in
2821 2258 3029 2312 actibus
3053 2251 3374 2310 militaribus
3402 2262 3657 2317 supernae
3687 2244 3851 2299 siru-

2261 2352 2328 2408 tis
2358 2351 2557 2407 auxilio
2586 2349 2749 2406 duces
2788 2348 3106 2404 fortissimos
3141 2343 3382 2413 indigere
3400 2380 3417 2407 ,
3447 2341 3721 2395 clamante
3750 2333 3851 2389 Da~

2259 2445 2368 2510 vid,
2390 2454 2445 2499 et
2465 2443 2616 2513 quasi
2646 2428 2701 2497 in
2727 2441 2989 2497 concione
3013 2436 3227 2509 generis
3249 2433 3466 2490 humani
3490 2427 3850 2500 respondente

2259 2539 2339 2591 eis
2361 2536 2449 2605 qui
2480 2533 2762 2590 conﬁdunt
2794 2534 2846 2587 in
2879 2532 3075 2586 virtute
3100 2543 3192 2584 sua
3221 2545 3235 2581 :
3265 2526 3569 2581 Benedictus
3600 2521 3850 2577 Dominus

2262 2626 2397 2681 Deus
2436 2643 2577 2680 meus
2603 2666 2618 2690 ,
2658 2625 2748 2695 qui
2789 2624 2931 2678 docet
2977 2636 3161 2675 manus
3199 2635 3336 2673 meas
3374 2619 3441 2671 ad
3481 2614 3721 2685 pretium
3746 2656 3762 2680 ,
3804 2620 3849 2665 et

2260 2718 2451 2789 digitos
2477 2732 2616 2771 meos
2645 2715 2714 2770 ad
2745 2715 2954 2769 bellum.
2986 2709 3342 2766 Misericordia
3364 2723 3494 2771 mea,
3517 2717 3566 2762 et
3594 2706 3849 2775 refugium

2259 2825 2449 2871 meum,
2466 2818 2731 2876 susceptor
2745 2822 2905 2870 meus,
2924 2814 2971 2859 et
2986 2804 3233 2857 liberator
3255 2798 3517 2865 meus,qui
3538 2798 3726 2853 subdes
3755 2812 3849 2864 po-

2259 2901 2409 2972 pulos
2432 2900 2525 2954 sub
2546 2915 2625 2953 me
2643 2898 2759 2969 (Ps.
2774 2911 2955 2959 csun,
2973 2894 3112 2964 1,2).
3136 2894 3246 2950 lloc
3259 2893 3456 2962 quippe
3472 2890 3798 2957 intelligens,
3822 2902 3849 2939 a

2224 3042 2227 3047 λ
2265 2994 2493 3048 Domino
2519 2992 2612 3047 tibi
2643 2990 2871 3062 populos
2894 2987 3106 3058 subjici,
3131 2987 3455 3041 voluntatem
3486 2980 3701 3036 Domini
3730 2993 3849 3050 pm

2259 3087 2345 3142 cul
2385 3084 2548 3140 dubio
2593 3084 2768 3139 facere
2809 3079 3122 3151 pr0perabis
3146 3121 3162 3145 ,
3200 3087 3257 3133 et
3293 3092 3398 3131 non
3430 3081 3711 3145 potestate.
3736 3071 3847 3126 sola

2178 3192 2224 3253 ε
2269 3177 2497 3232 terrebis
2537 3174 2807 3238 subditos;
2856 3171 2951 3227 sed
3001 3168 3283 3240 tranquilla
3323 3166 3547 3224 consilia
3586 3163 3847 3235 ιιι-τεὴρδίε

2253 3270 2649 3337 obedientibus,
2674 3268 2810 3323 dans
2839 3280 3058 3336 operam
3090 3262 3213 3318 talis
3237 3276 3377 3325 esse,
3398 3260 3588 3331 quales
3611 3257 3692 3312 vis
3716 3256 3846 3311 alios

2257 3378 2519 3418 Illvcnll'e.

2394 3487 2616 3537 Saeuam
2641 3496 2848 3533 necum.
2881 3480 2993 3533 Vita
3017 3486 3100 3531 tua
3121 3475 3183 3529 sit
3204 3476 3413 3527 militum
3432 3468 3705 3535 speculum

2322 3596 2376 3650 5.
2419 3591 2662 3650 Secunda
2692 3590 2890 3661 quippe
2920 3586 3100 3657 regula
3134 3593 3220 3641 est
3249 3581 3570 3639 innocentia.-
3602 3577 3846 3633 militari-

2253 3689 2352 3743 bus
2382 3685 2590 3742 actibus
2618 3661 2903 3754 occupato,
2936 3692 2993 3735 ut
3020 3680 3170 3751 quasi
3201 3679 3253 3733 itt
3283 3675 3527 3746 speculo,
3558 3672 3640 3729 sic
3669 3672 3725 3727 in
3752 3671 3844 3725 illo

2251 3782 2446 3839 milites
2490 3780 2707 3835 videant
2754 3775 2879 3847 quid
2924 3788 3082 3844 agere
3121 3771 3387 3834 debeant;
3435 3777 3489 3824 et
3534 3766 3707 3835 magis
3752 3777 3846 3818 eos

2250 3874 2478 3932 imitatio
2499 3872 2563 3927 ad
2589 3872 2785 3926 bonum
2812 3876 3085 3939 provocet,
3102 3879 3259 3935 quam
3284 3871 3541 3931 potestas.
3563 3858 3677 3913 Dux
3700 3856 3843 3911 enim

2249 3970 2464 4037 sapiens
2494 3966 2623 4021 illuc
2650 3964 2811 4020 debet
2839 3961 2946 4024 ire,
2989 3973 3095 4028 quo
3125 3957 3277 4026 cupit
3316 3955 3521 4009 ducere
3550 3948 3803 4005 subditos
3830 3964 3843 4009 ;

2248 4064 2371 4118 ideo
2393 4061 2537 4117 enim
2566 4058 2762 4112 dicitur
2792 4053 2922 4121 dux,
2949 4052 3071 4122 quia
3105 4050 3287 4111 ducit;
3316 4056 3371 4101 et
3393 4046 3633 4115 seipsum
3660 4042 3845 4111 utique

2248 4153 2493 4213 seducit,
2532 4149 2575 4203 si
2607 4162 2701 4218 per
2727 4147 2865 4201 viam
2908 4143 3107 4213 regiam
3157 4148 3310 4209 putat
3356 4151 3513 4205 posse
3542 4132 3843 4193 ambulare,

2248 4259 2386 4315 quos
2417 4242 2482 4297 ad
2524 4241 2731 4296 foveam
2775 4236 2931 4291 mala:
2965 4235 3111 4298 vitae,
3146 4231 3344 4285 malum
3372 4225 3675 4294 exemplum
3709 4237 3847 4293 pra:-

2250 4337 2424 4393 bendo
2449 4333 2716 4403 perducit.
2746 4331 2825 4385 Tu
2854 4338 2970 4385 esto
2995 4342 3122 4397 ergo
3148 4322 3370 4394 signifer
3397 4319 3698 4387 disciplinae
3724 4333 3846 4371 sano

2248 4428 2538 4491 etissimte;
2577 4435 2630 4478 tu
2659 4422 2805 4491 erige
2850 4430 3107 4489 trapmum
3138 4414 3349 4470 virtutis
3369 4452 3384 4478 ,
3413 4408 3731 4465 intuendum
3758 4406 3845 4477 jn-

2249 4522 2384 4590 giter
2415 4515 2657 4582 caeteris;
2706 4523 2762 4569 tu
2795 4510 3082 4567 imitandus
3106 4521 3305 4577 apparo
3331 4545 3347 4569 ,
3388 4504 3585 4574 quique
3613 4512 3665 4555 te
3692 4499 3841 4553 audit

2171 4581 2222 4640 D
2250 4581 2689 4679 praecipientem,
2738 4620 2843 4660 non
2888 4613 2940 4658 te
2978 4600 3265 4669 redarguat
3304 4596 3458 4651 aliter
3500 4602 3838 4663 operantem.

2247 4703 2396 4758 Pone
2427 4716 2639 4769 semper
2666 4700 2716 4753 in
2747 4696 2909 4752 corde
2940 4704 3029 4748 ttto
3071 4703 3353 4746 sermones
3383 4686 3625 4755 Apostoli
3657 4684 3839 4738 dicen-

2248 4795 2313 4849 tis
2356 4811 2370 4851 :
2404 4791 2777 4846 Inexcusabilis
2811 4805 2861 4841 es
2887 4829 2901 4853 ,
2934 4803 2962 4839 θ
2994 4786 3144 4839 homo
3187 4781 3351 4835 omnis
3384 4780 3471 4848 qui
3490 4777 3744 4848 judicas;
3788 4776 3836 4827 in

2246 4904 2344 4958 quo
2375 4887 2511 4941 enim
2540 4884 2699 4937 alium
2724 4882 2934 4953 judicas
2958 4919 2973 4944 ,
3008 4887 3055 4930 te
3081 4879 3246 4946 ipsum
3273 4871 3626 4932 condemnas;
3665 4870 3837 4921 eadem

2245 4984 2381 5036 enim
2404 4982 2514 5052 agis
2539 4978 2877 5051 qucejudicas
2922 4974 3101 5045 (Rom.
3128 4987 3187 5035 tt,
3216 4968 3289 5040 1).
3327 4969 3393 5023 Et
3412 4982 3532 5036 quas
3553 4962 3835 5034 culpabilia

2245 5073 2585 5143 pronuntias,
2610 5070 2781 5123 vitare
2812 5067 2959 5135 prius
2985 5062 3251 5121 studebis,
3283 5068 3467 5126 postea
3503 5055 3859 5145 condemnas.

2244 5182 2301 5222 re
2334 5183 2349 5221 ε
2379 5179 2711 5235 (ιιιωευηψιθ
2749 5159 3051 5216 laudabilia.
3083 5154 3295 5224 operari
3340 5152 3506 5222 prius,
3538 5159 3724 5220 postea
3752 5148 3834 5217 ju-

2244 5264 2392 5314 bere.
2434 5256 2554 5310 Vita
2600 5256 2794 5325 quippe
2825 5252 3010 5321 optimi
3044 5248 3216 5310 ducis,
3246 5244 3470 5313 speculo
3498 5248 3832 5310 comparata,

2240 5351 2377 5405 bene
2409 5346 2708 5416 inspicitur,
2735 5347 2776 5400 si
2812 5345 2986 5397 luceat
3016 5342 3067 5394 in
3097 5355 3181 5403 ea,
3209 5354 3317 5392 non
3351 5335 3602 5389 simulato
3629 5331 3833 5394 colore,

2239 5441 2333 5497 sed
2368 5440 2647 5495 verissima
2675 5448 2894 5507 prorsus
2923 5432 3252 5496 ostensione,
3287 5428 3442 5492 ﬁdes,
3472 5424 3699 5496 justitia.
3730 5422 3832 5475 mi-

2236 5532 2555 5597 sericordia,
2583 5528 2834 5599 patientia
2857 5568 2873 5593 ,
2912 5523 3263 5585 continentia,
3294 5529 3347 5574 et
3376 5534 3484 5572 non
3515 5515 3831 5587 imprudens

2237 5628 2522 5683 astimatio
2565 5624 2884 5678 futurorum.
2950 5616 3149 5672 Fidelis
3205 5614 3308 5667 dux
3351 5611 3500 5673 eris,
3545 5609 3588 5662 si
3622 5606 3828 5676 jmliciu

2237 5718 2580 5789 sapientium,
2613 5731 2718 5770 non
2748 5710 3088 5769 sermonibus
3118 5706 3476 5769 adulatorum,
3506 5700 3749 5770 probaris
3776 5707 3827 5751 ct

2241 5827 2431 5877 cogito.-
2446 5811 2586 5865 caris
2612 5816 2757 5864 recte
2783 5805 3028 5861 credere.
3050 5799 3313 5855 neminem
3338 5795 3541 5859 fallere,
3564 5792 3821 5860 promissa
