4104 6360
290 272 295 278 ’
350 306 457 366 933

1542 299 1900 356 EPISTOLIE
1939 300 2026 355 ΕΤ
2065 298 2444 356 Ol'USCULA.

3521 296 3627 354 954

351 421 627 493 perficere.
675 418 860 476 Justus
886 426 1063 474 autem
1101 417 1208 474 dux
1236 417 1346 474 eris
1365 458 1380 484 ,
1412 417 1457 472 si
1487 416 1692 487 judicio
1722 418 1936 486 sapien-
1964 418 2016 475 A
2044 413 2279 477 Contenti
2311 424 2466 469 estate
2498 414 2765 484 stipendiis
2794 414 2991 470 vestris.
3038 388 3191 471 Beati.
3217 424 3374 471 erunt
3408 415 3627 484 milites,

353 516 484 572 tium
515 557 530 578 ,
563 530 670 568 non
702 514 1041 568 sermonibus
1076 512 1414 566 adulatorum
1439 552 1456 577 ,
1487 511 1737 581 proberis
1769 520 1823 564 et
1849 525 1942 564 co-

352 605 630 677 gnoscaris
662 612 1066 673 perseverantes
1107 603 1158 657 iu
1198 603 1395 657 malitia
1429 602 1643 671 punire,
1674 602 1830 658 bonis
1860 602 1938 655 fa-

353 710 500 761 vere,
523 694 856 762 singulorum
880 693 1070 747 merita
1091 691 1425 757 discernere,
1448 692 1672 745 reddere
1692 692 1942 747 omnibus

354 788 555 844 debita.
606 787 907 842 Misericors
942 787 1049 841 dux
1089 790 1232 852 cris,
1276 788 1320 840 si
1355 786 1558 855 judicio
1597 786 1937 856 sapientium,

356 898 464 937 non
494 881 833 938 sermonibus
860 881 1217 949 adulatorum,
1248 880 1489 951 proberis
1518 891 1573 935 et
1601 881 1943 949 cognosceris

354 978 576 1048 diligere
603 990 886 1047 pauperes,
918 974 1223 1046 gubernare
1251 975 1544 1042 subjectos,
1581 972 1942 1042 indigentibus

353 1071 700 1135 ministrare,
752 1068 1149 1139 postulantibus
1186 1083 1398 1123 veniam
1450 1069 1745 1123 clementer
1791 1066 1944 1136 igno—

354 1177 508 1218 scere
534 1205 550 1230 ,
603 1162 799 1217 docere
847 1161 1163 1231 insipientes
1208 1161 1550 1229 sapientiam,
1596 1174 1851 1215 revocare
1890 1159 1942 1211 in

356 1256 573 1327 flagitiis
616 1255 952 1311 ambulantes
986 1270 1013 1308 a
1054 1255 1137 1309 via
1176 1270 1272 1309 sua
1311 1255 1448 1309 mala
1473 1294 1489 1319 ,
1542 1254 1708 1308 Deum
1754 1267 1944 1322 rogare

356 1361 453 1415 pro
481 1344 737 1408 inimicis,
776 1344 1062 1414 pacificare
1090 1344 1388 1399 discordes.
1425 1343 1642 1398 Patiens
1669 1343 1779 1397 dux
1811 1343 1941 1406 eris,

353 1438 398 1492 si
417 1435 621 1505 judicio
652 1437 990 1505 sapientium,
1025 1452 1131 1491 non
1156 1436 1403 1491 laudibus
1428 1436 1791 1504 adulatorum,
1821 1451 1946 1504 pro-

353 1528 499 1585 beris
527 1537 580 1584 et
609 1528 950 1599 cognoscat-is
976 1529 1223 1583 laborare
1254 1542 1353 1597 pro
1376 1526 1691 1583 utilitatibus
1717 1527 1943 1581 aliorum

353 1619 472 1675 sine
496 1618 862 1675 emolumento
886 1619 1213 1688 cupiditatis,
1240 1617 1460 1688 injurias
1483 1618 1590 1688 pati
1619 1632 1719 1672 nec
1741 1617 1943 1684 facere,

354 1728 460 1768 non
494 1712 690 1768 habere
724 1712 1015 1768 ulciscendi
1056 1711 1375 1778 libidinem,
1416 1720 1561 1767 metu
1605 1711 1945 1767 adversitatis

2047 510 2092 563 si
2123 508 2238 562 lucc
2268 517 2528 576 praecepta
2561 509 2899 576 custodiant;
2933 510 3086 564 beata
3117 510 3441 581 respublica,
3473 513 3517 566 si
3547 521 3625 566 ta-

2048 600 2127 654 les
2166 601 2424 653 merueril.
2464 598 2660 654 habere
2700 602 2937 669 milites;
2988 603 3177 657 beatus
3214 603 3344 667 dux,
3394 604 3445 657 in
3477 602 3629 674 cujus

2046 692 2287 744 exercitu
2312 690 2441 744 tales
2468 704 2589 743 esse
2614 692 2894 760 contigerit
2925 693 3182 761 plurimos
3213 710 3226 746 :
3260 705 3624 747 verumtamen

2051 784 2168 852 plus
2196 783 2407 837 beatior
2434 783 2710 851 apparebd
2747 783 2792 837 si
2833 786 2945 851 ipse
2987 786 3144 839 fuerit
3188 788 3327 850 talis,
3362 786 3629 840 nemimm

2046 876 2252 933 scilicet
2281 877 2619 939 concutiens,
2647 876 2779 930 nulli
2807 877 3125 931 calumniam
3160 878 3378 940 faciens,
3410 888 3633 933 conten-

2048 975 2132 1020 tus
2162 965 2445 1035 stipendiis
2482 968 2616 1021 suis.
2664 966 2797 1019 Nam
2845 968 3088 1036 profecto
3134 981 3331 1035 quanto
3379 971 3633 1039 dignitate

2046 1060 2222 1130 major
2249 1060 2455 1125 existit,
2487 1069 2632 1114 tanto
2661 1061 2906 1131 magis'et
2932 1072 3240 1127 concutere,
3266 1072 3319 1117 et
3339 1065 3647 1117 calumnias.

2048 1151 2223 1206 facere
2252 1161 2463 1221 potest,
2495 1159 2547 1205 et
2592 1167 2695 1205 non
2726 1166 2847 1205 esse
2876 1161 3161 1206 contentus
3192 1154 3469 1219 stipendiis
3500 1155 3632 1210 suis.

2049 1241 2184 1297 llinc
2224 1253 2401 1297 autem
2434 1244 2753 1313 plerumque
2800 1242 3032 1296 maxime
3070 1242 3377 1297 civitatibus
3415 1243 3634 1299 afflictio

2047 1335 2304 1401 nascitur,
2346 1334 2473 1389 hinc
2518 1334 2850 1403 gravissimae
2895 1334 3242 1389 crudelitates
3268 1375 3284 1401 ,
3328 1335 3452 1389 hinc
3490 1336 3635 1391 mille

2047 1425 2253 1480 artibus
2285 1424 2418 1479 lucri
2448 1424 2716 1495 exquisita
2745 1425 3063 1494 compendia
3084 1466 3099 1490 ,
3138 1425 3263 1480 hinc
3290 1426 3549 1481 venalitas
3580 1426 3634 1480 in

2046 1518 2287 1587 judieiis,
2320 1518 2446 1572 hinc
2473 1517 2719 1573 remissio
2750 1517 2801 1571 in
2830 1517 3047 1586 pra:liis,
3082 1518 3206 1573 hinc
3248 1518 3409 1574 totius
3454 1519 3635 1589 reipu-

2049 1611 2205 1665 blicae
2234 1610 2550 1677 diminutio,
2594 1609 2641 1664 si
2667 1610 2774 1665 dux
2800 1614 3025 1680 coeperit
3055 1626 3158 1665 non
3190 1625 3314 1667 esse
3350 1621 3636 1667 contentus

2047 1702 2332 1772 stipendiis
2357 1706 2490 1767 suis,
2515 1711 2565 1757 et
2585 1716 2747 1772 super
2768 1703 3130 1758 emolumenta
3156 1704 3386 1773 publica,
3412 1705 3637 1774 privatis
3688 1746 3697 1749 -

354 1808 663 1863 nullatenus
711 1804 885 1876 frangi
912 1845 929 1871 ,
980 1804 1255 1861 desiderio
1302 1803 1675 1874 prosperitatis
1723 1802 1944 1857 minime
1976 1809 2022 1868 Β
2049 1790 2369 1862 ampliticari
2396 1791 2693 1847 commodis
2719 1791 2974 1861 cupiens,
3009 1793 3255 1847 utilitatis
3287 1801 3492 1847 tantum
3523 1809 3636 1849 sum

354 1901 499 1969 rapi,
554 1912 901 1968 perseverare
948 1898 1001 1951 in
1052 1896 1135 1950 Itis
1183 1910 1303 1966 qua:
1352 1894 1491 1950 bene
1540 1891 1939 1962 assumpseris;

352 2004 575 2060 sperare
606 1989 1028 2044 miscricordiam
1070 1988 1161 2041 Dei
1187 2031 1202 2056 ,
1244 1986 1455 2042 etiamsi
1513 1984 1784 2040 distulerit
1818 1986 1945 2038 sub-

353 2082 564 2145 venire;
596 2081 728 2135 nihil
757 2081 865 2136 cito
890 2080 1009 2136 sine
1046 2078 1274 2134 consilio
1309 2077 1518 2142 facere;
1548 2075 1817 2146 quidquid
1845 2076 1946 2129 im-

354 2182 507 2243 perat
540 2175 808 2242 superior,
841 2172 1163 2228 obedienter
1200 2172 1484 2241 excipere;
1517 2168 1776 2240 quidquid
1807 2184 1946 2237 prac-

353 2265 485 2334 cipis
513 2262 784 2331 inferiori,
814 2265 930 2319 sine
963 2263 1365 2333 perturbatione
1401 2263 1715 2333 disponere.
1757 2258 1945 2315 Conti-

356 2369 491 2412 nens
517 2356 623 2411 dux
652 2355 761 2411 eris
787 2397 804 2423 ,
847 2355 892 2409 si
932 2356 1133 2424 judicio
1171 2355 1519 2425 sapientium,
1563 2369 1669 2410 non
1699 2354 1943 2410 laudibus

354 2448 717 2512 adulatorum,
750 2447 996 2517 proberis
1026 2456 1082 2503 et
1114 2449 1465 2519 cognomris
1495 2460 1583 2502 res
1612 2447 1816 2502 alienas
1843 2460 1944 2500 nec

312 2532 324 2542 ’
353 2537 778 2608 concupiscere,
815 2552 915 2593 nec
950 2538 1166 2593 auferte
1201 2539 1327 2594 dum
1367 2540 1581 2607 possis;
1622 2538 1755 2594 nihil
1784 2552 1944 2607 agere

358 2632 641 2701 violenter,
672 2632 808 2686 nihil
854 2631 1241 2699 fraudulenter,
1272 2631 1403 2685 nihil
1445 2631 1562 2685 sine
1596 2630 1777 2699 modo,
1810 2629 1943 2684 nihil

356 2735 576 2792 promer
603 2724 931 2791 voluptatem
958 2763 974 2786 ,
1006 2722 1140 2777 nihil
1181 2730 1418 2792 propter.
1444 2722 1724 2776 avaritiam
1748 2764 1762 2784 ,
1810 2721 1944 2777 nihil

357 2815 585 2868 vetitum
614 2813 821 2884 legibus
848 2820 941 2867 aut
965 2811 1339 2867 consuetudini
1362 2811 1690 2867 contrarium
1712 2812 1944 2867 civitatis

351 2905 437 2960 vel
477 2906 652 2976 gentis
678 2946 693 2970 ,
733 2904 777 2960 si
811 2914 989 2960 tamen
1018 2904 1132 2974 ipsa
1169 2904 1505 2960 consuetudo
1549 2919 1651 2960 nec
1694 2904 1943 2975 religioni

353 3006 534 3058 nocet,
563 3013 666 3053 nec
694 2997 853 3052 bonis
881 2996 1120 3051 moribus
1148 2996 1488 3052 adversatur.
1536 2995 1786 3066 Alioquin
1812 3010 1945 3068 cog

353 3088 582 3146 suetudo
606 3090 748 3144 mala
772 3089 914 3145 sicut
942 3088 1165 3155 morbus,
1189 3089 1459 3158 antiquus,
1491 3088 1593 3143 nisi
1619 3088 1935 3158 expellatur,

2048 1902 2230 1943 curam
2253 1893 2446 1957 gerat,
2488 1886 2716 1941 salutem
2749 1901 2876 1941 vero
2916 1886 2999 1941 vel
3030 1887 3371 1942 securitatem
3404 1885 3636 1957 negligat

2048 1978 2406 2034 subditorum.
2452 1976 2598 2032 Talis
2629 1976 2735 2030 dux
2766 1992 2873 2031 non
2906 1988 2990 2033 est
3018 1967 3160 2033 circa
3191 1978 3636 2047 arquales-mode-

2046 2088 2164 2133 stus
2193 2076 2392 2146 pariter
2420 2086 2474 2130 et
2503 2077 2713 2141 suavis,
2744 2076 2840 2131 sed
2873 2076 3140 2148 litigiosus
3168 2088 3225 2134 et
3261 2094 3484 2143 avarus;
3529 2096 3636 2135 non

2046 2179 2128 2226 est
2157 2171 2299 2225 circa
2330 2169 2614 2224 inferiores
2655 2180 2987 2234 mansuetus,
3017 2171 3318 2229 communis
3357 2182 3412 2227 et
3442 2171 3632 2237 facilis,

2046 2261 2142 2315 sed
2171 2259 2405 2317 crudelis
2432 2302 2447 2327 ,
2488 2276 2839 2331 personarum
2866 2273 3116 2333 acceptor
3144 2274 3197 2319 et
3224 2263 3482 2321 difficilis.
3526 2264 3636 2322 Sub

2046 2356 2156 2413 isto
2187 2354 2472 2425 disciplina
2501 2354 2729 2410 militum
2774 2354 2885 2410 cito
2934 2354 3327 2423 deterioratur;
3377 2358 3463 2412 cui
3491 2357 3635 2412 enim

2048 2445 2455 2513 provincialium
2497 2447 2665 2501 velint
2715 2446 2916 2501 milites
2948 2462 3168 2515 parcere
3191 2488 3207 2512 ,
3245 2463 3378 2518 quos
3423 2449 3490 2503 ab
3521 2450 3635 2517 ipso

2046 2536 2183 2591 duce
2213 2547 2320 2605 pati
2349 2535 2731 2606 conspexerint
2761 2534 3043 2590 fraudem?
3080 2537 3363 2604 Quomodo
3394 2542 3630 2595 contenti

2045 2638 2205 2685 erunt
2226 2629 2506 2697 stipendiis
2543 2630 2679 2696 suis,
2704 2631 2789 2699 qui
2816 2629 3007 2684 ducem
3032 2645 3189 2685 suum
3217 2630 3486 2685 nobilitari
3511 2646 3632 2685 seu.

2046 2723 2185 2776 tiunt
2209 2727 2275 2777 de
2313 2721 2655 2776 facultatibus
2683 2722 2917 2777 alienis?
2942 2722 3131 2779 Nonne
3157 2724 3369 2794 quando
3393 2723 3498 2780 dux
3530 2725 3632 2780 ali-

2044 2828 2204 2884 quem
2241 2811 2505 2877 concutit,
2540 2808 2670 2882 ipsis
2695 2814 2863 2867 utitur
2895 2814 3153 2869 ministris
3187 2816 3253 2868 ad
3289 2816 3633 2870 violentiam?

2044 2905 2260 2974 quando
2295 2903 2454 2958 alicui
2485 2903 2825 2958 calumniam-
2855 2903 3004 2970 facit,
3046 2920 3141 2973 per
3178 2906 3323 2975 ipsos
3359 2906 3631 2976 negotium

2045 2998 2248 3053 fraudis
2298 2999 2552 3054 exercet?
2616 2997 2932 3065 lmperando
3007 3013 3137 3069 ergo
3181 2999 3262 3055 eis
3318 2999 3632 3070 frequenter

2044 3088 2400 3158 iniquitatem.
2432 3087 2913 3144 contemnere’eos
2943 3088 3113 3144 efficit
3142 3089 3473 3160 aequitatem.
3508 3090 3632 3147 Vult

354 3182 570 3238 occidit.
603 3181 743 3237 Nihil
770 3196 903 3253 ergo
928 3183 1190 3238 adversus
1218 3181 1680 3245 consuetudinem,
1708 3180 1805 3237 sed
1835 3181 1936 3235 bn-
1964 3178 2010 3238 C
2045 3182 2223 3249 itaque
2251 3180 2357 3236 dux
2379 3180 2597 3251 sapiens
2624 3190 2681 3235 ut
2729 3182 2799 3236 sit
2826 3180 2981 3236 miles
3004 3183 3240 3252 quietus,
3267 3183 3525 3253 pacificus
3574 3194 3632 3241 et

353 3288 500 3341 nam,
523 3288 730 3345 gerere,
756 3275 928 3330 virtus
953 3282 1040 3331 est
1072 3272 1442 3329 centinentim.
1480 3270 1730 3329 Profecto
1757 3281 1935 3329 autem

352 3365 399 3419 si
428 3366 713 3420 continens
740 3365 849 3420 dux
886 3365 996 3421 eris
1020 3406 1036 3430 ,
1077 3364 1244 3420 etiam
1276 3363 1344 3419 de
1371 3364 1566 3420 futuris
1596 3380 1701 3419 non
1728 3364 1937 3435 impru-

352 3460 488 3513 dens
526 3457 814 3514 invenieris
864 3458 1225 3525 existimator,
1275 3457 1389 3513 sive
1439 3457 1706 3528 vigilando
1754 3465 1938 3511 contra

353 3548 573 3605 insidias
627 3550 1099 3617 adversariorum,
1147 3550 1263 3605 sive
1311 3548 1530 3604 sciendo
1586 3549 1678 3618 qui
1731 3549 1939 3605 soleant

350 3653 581 3699 eventus
611 3644 774 3698 rebus
800 3642 1024 3712 singulis
1051 3642 1320 3712 deputari,
1355 3642 1496 3698 unde
1525 3640 1769 3697 oriantur
1792 3641 1939 3696 sedi-

266 3776 274 3781 .
351 3736 558 3803 tiones,
587 3738 731 3793 unde
772 3753 911 3792 nova
941 3738 1081 3792 bella
1130 3747 1442 3803 nascantur,
1474 3738 1616 3791 unde
1653 3735 1940 3792 dissolutio

350 3829 683 3895 severitatis,
706 3830 849 3884 unde
870 3829 1181 3899 rapinarum
1204 3829 1461 3884 damnosa
1484 3827 1721 3892 licentia,
1747 3838 1805 3882 ut
1826 3826 1941 3883 haec

352 3920 532 3975 omnia
563 3920 616 3974 in
644 3920 758 3974 suis
794 3928 1065 3989 amputata
1111 3918 1383 3974 radicibus
1410 3917 1513 3972 iter
1539 3918 1941 3988 sapientissimo

352 4014 474 4072 duci
502 4012 849 4084 quietissimus
877 4010 1247 4083 dispositionis
1279 4010 1539 4081 aperiant.

425 4124 479 4181 6.
528 4125 807 4183 Audienda
846 4133 974 4180 sunt
999 4125 1161 4180 etiam
1192 4124 1416 4179 Joannis
1448 4123 1703 4193 Baptista:
1736 4124 1942 4180 fidelis-

355 4215 490 4271 sima
534 4217 737 4271 monita
764 4260 779 4284 ,
822 4229 943 4285 quas
983 4213 1181 4269 milites
1221 4213 1544 4277 audierunt,
1595 4212 1812 4282 quando
1862 4214 1943 4268 eis

353 4307 803 4379 interrogantibus
831 4325 843 4360 :
872 4305 1009 4375 Quid
1037 4305 1294 4360 faciemus
1324 4313 1379 4360 et
1403 4304 1537 4359 nos?
1565 4318 1669 4359 non
1697 4304 1771 4358 ait
1796 4319 1812 4359 :
1840 4303 1939 4368 lte,

351 4415 499 4455 arma
527 4400 800 4469 deponite,
830 4398 1097 4454 bellorum
1128 4398 1295 4467 fugite
1321 4397 1634 4463 certamina,
1665 4395 1795 4450 solis
1821 4410 1942 4450 ora-

352 4495 584 4550 tionibus
614 4503 886 4560 vacantes,
914 4492 1257 4562 imperatoris
1283 4497 1547 4560 praecepta
1573 4488 1901 4544 contemnite
1918 4531 1933 4554 ,

350 4589 447 4644 sed
493 4589 596 4644 alia
646 4590 889 4659 quaedam
943 4586 1223 4658 proposuit
1271 4583 1607 4642 observanda
1636 4624 1651 4649 ,
1698 4582 1934 4638 dicens:

354 4683 626 4738 Neminem
654 4686 953 4740 concutiatis
977 4729 992 4754 ,
1034 4684 1167 4739 nulli
1196 4684 1503 4738 calumniam
1534 4682 1737 4753 faciatis
1762 4722 1776 4746 ,
1808 4696 1936 4735 con-

356 4774 475 4825 tenti
504 4782 659 4827 estote
688 4777 957 4843 stipendiis
986 4777 1161 4830 vestris
1194 4776 1346 4844 (Luc.
1378 4791 1455 4839 ut,
1484 4773 1598 4844 14).
1639 4774 1940 4828 Concutcre

357 4879 482 4918 vero
509 4874 594 4919 est
623 4879 806 4933 aperte
835 4867 1011 4922 facere
1038 4869 1371 4932 violentiam,
1403 4866 1746 4933 calumniari,
1778 4880 1939 4920 occa-

356 4954 561 5009 sionem
595 4956 822 5009 nocendi
871 4959 1166 5026 requirere.
1213 4958 1491 5026 Quoniam
1524 4960 1612 5026 qui
1660 4958 1941 5025 stipendiis

354 5046 467 5101 suis
514 5046 745 5101 noluerit
791 5061 912 5103 esse
959 5059 1277 5113 contentus,
1321 5059 1412 5104 aut
1454 5048 1601 5104 frena
1644 5049 1939 5118 disciplina:

356 5139 516 5194 simul
567 5138 878 5210 disrumpit,
919 5150 1011 5195 aut
1056 5142 1362 5198 temerariis
1407 5142 1718 5197 excessibus
1765 5142 1939 5197 aliena

352 5231 537 5302 diripit
594 5232 689 5303 (et
734 5233 837 5288 hoc
886 5232 1179 5303 prohibens
1225 5242 1443 5288 sanctus
1480 5234 1717 5289 lenones
1754 5234 1937 5289 dixit:

355 5322 627 5380 Neminem
658 5323 1061 5395 concusseritis),
1103 5334 1194 5380 aut
1220 5326 1438 5395 requirit
1464 5340 1653 5380 causas
1682 5326 1939 5381 offensio-

355 5417 439 5470 nis
465 5426 525 5471 ut
552 5415 655 5473 sub
680 5417 862 5489 aliquo
890 5418 1110 5489 justitite
1153 5418 1335 5473 colore
1375 5426 1574 5474 terreat
1601 5417 1936 5485 innocentes,

354 5515 514 5575 atque
539 5509 777 5564 avaritite
808 5525 919 5565 sua:
941 5550 957 5574 ,
989 5509 1075 5565 vel
1108 5510 1284 5580 potius
1322 5510 1602 5580 rapacitati
1635 5510 1945 5564 satisfacere

354 5606 511 5668 cogat
529 5598 760 5667 invitos;
790 5602 931 5672 quod
957 5604 1251 5673 prohibens
1274 5612 1489 5658 sanctus
1512 5603 1746 5658 Joannes
1769 5602 1902 5656 dixit
1928 5620 1939 5656 τ

358 5685 511 5743 Nulli
541 5693 853 5749 calumniam
890 5697 1137 5767 feceritis.
1183 5696 1253 5751 Et
1294 5705 1499 5751 remota
1533 5696 1689 5764 hujus
1718 5695 1945 5763 duplicis

357 5780 574 5837 malitia
598 5786 965 5857 perversitate,
989 5788 1113 5859 quid
1138 5788 1468 5859 sequendum
1499 5787 1687 5843 fuisset
1709 5786 1902 5858 adjecit
1927 5807 1937 5841 :

2040 3271 2328 3327 subditus?
2363 3272 2433 3327 sit
2459 3272 2574 3341 ipse
2596 3271 2795 3342 justus,
2828 3273 3157 3339 misericors,
3189 3283 3540 3346 temperatus,
3575 3284 3632 3332 et

2043 3368 2096 3418 in
2128 3377 2224 3418 sua
2247 3362 2714 3419 administratione
2742 3379 2848 3419 non
2880 3378 3119 3434 prazesse
3145 3366 3351 3437 diligat,
3381 3367 3476 3422 sed
3508 3382 3633 3437 pro-

2042 3458 2219 3513 desse.
2263 3458 2507 3514 Imitetur
2548 3459 2703 3512 bonis
2751 3460 2962 3514 actibus
3016 3459 3363 3528 Samuelem;
3413 3476 3634 3533 compa-

2042 3560 2125 3606 ret
2153 3550 2254 3606 sibi
2282 3552 2504 3606 liberam
2548 3549 2798 3606 fiduciam
2840 3554 3157 3608 verccundze
3203 3564 3256 3609 et
3293 3554 3535 3611 honesta:
3566 3557 3631 3610 li-

2043 3644 2287 3709 bertatis,
2333 3653 2392 3698 ut
2440 3644 2673 3711 ingenua
2726 3642 2902 3699 fronte
2952 3644 3133 3700 dicere
3162 3643 3339 3701 valeat
3377 3647 3633 3717 subjectis

2042 3738 2170 3805 sibi,
2201 3738 2339 3793 sicut
2367 3736 2505 3791 dixit
2534 3736 2786 3803 Samuel:
2821 3736 2955 3792 Ecce
2977 3738 3159 3792 adsum
3179 3753 3303 3810 ego;
3329 3739 3633 3807 respondete

2044 3845 2225 3893 contra
2250 3853 2332 3891 me
2359 3838 2414 3890 in
2436 3843 2713 3904 conspectu
2748 3834 2976 3902 Domini,
3004 3846 3052 3892 et
3080 3836 3133 3890 in
3157 3845 3427 3905 conspectu
3456 3835 3635 3892 Christi

2042 3934 2186 4003 ejus;
2244 3932 2289 3987 si
2334 3930 2553 3984 vitulum
2606 3930 2827 3999 alicujus
2877 3928 2993 3995 tuli,
3043 3936 3133 3981 aut
3168 3928 3370 3981 asinum
3411 3926 3635 3999 alicujus

2045 4026 2162 4091 tuli,
2191 4032 2282 4078 aut
2310 4022 2468 4077 alicui
2506 4032 2723 4076 vestrum
2764 4037 2855 4091 per
2896 4019 3175 4091 potentiam
3216 4020 3390 4087 nocui,
3424 4029 3511 4074 aut
3538 4021 3635 4075 ali-

2043 4134 2192 4187 quem
2219 4117 2474 4188 oppressi,
2505 4131 2593 4170 aut
2615 4117 2678 4168 de
2708 4131 2866 4168 manu
2888 4113 3110 4185 alicujus
3134 4112 3310 4181 accepi
3337 4129 3431 4180 pro
3458 4130 3636 4169 exora-

2046 4215 2182 4267 tione
2210 4215 2288 4266 vel
2334 4211 2748 4265 calciamentum.
2791 4205 3114 4276 Respondete
3154 4206 3421 4258 adversum
3448 4222 3546 4269 me,
3588 4217 3635 4260 et

2045 4308 2262 4362 reddam
2310 4306 2449 4359 vobis
2486 4303 2539 4377 (I
2590 4303 2718 4372 Reg.
2766 4316 2865 4366 xu,
2902 4300 2959 4367 Ξ,
2990 4299 3068 4370 5).
3125 4299 3189 4354 Et
3246 4298 3633 4368 reSpoudeatur

2044 4400 2204 4456 etiam
2235 4399 2284 4454 ei
2305 4398 2447 4468 quod
2480 4398 2733 4452 dixerunt
2761 4396 2827 4450 ad
2858 4393 3080 4450 Samuel
3112 4411 3124 4446 :
3159 4391 3369 4447 Nemini
3400 4400 3633 4446 nostrum

2050 4500 2291 4563 nocuisti,
2347 4514 2437 4551 nec
2476 4512 2567 4567 per
2604 4497 2881 4568 potentiam
2927 4494 3148 4560 aliquem
3188 4492 3505 4563 oppressisti,
3543 4506 3635 4545 nec

2044 4590 2339 4662 confregisti
2369 4606 2483 4652 nos,
2516 4604 2675 4657 neque
2702 4587 2945 4655 accepisti
2973 4584 3168 4651 aliquid
3200 4585 3263 4637 tle
3286 4586 3521 4637 manibus
3542 4600 3634 4637 no-
3674 4614 3685 4623 ε

2044 4689 2164 4742 stris
2199 4685 2389 4755 (1bid.,
2418 4684 2500 4753 lt).
2529 4685 2573 4739 0
2619 4698 2776 4754 quam
2816 4684 3086 4753 gloriosus
3129 4681 3234 4735 dux
3264 4681 3367 4735 erit
3405 4688 3529 4734 astte
3560 4678 3634 4733 fa«

2045 4782 2180 4834 ciem
2214 4778 2490 4850 principis,
2520 4778 2608 4847 qui
2642 4778 2740 4831 ista
2778 4777 2965 4832 audire
2996 4775 3289 4830 meruerit!
3326 4775 3632 4844 magnifica--

2046 4874 2178 4928 bunt
2226 4888 2346 4928 cum
2389 4887 2664 4940 proceres,
2706 4871 3029 4927 benedicent
3083 4868 3333 4933 humiles,
3381 4878 3632 4936 sequetur

2047 4968 2193 5021 illum
2224 4965 2359 5019 fama
2391 4964 2593 5018 divitiis
2614 4964 2867 5019 omnibus
2901 4962 3113 5018 melior.
3152 4959 3373 5012 Dabitur
3400 4959 3468 5020 ei,
3496 4958 3631 5012 sicut

2049 5059 2305 5126 scriptum
2348 5066 2451 5121 est,
2485 5058 2604 5124 fidei
2644 5058 2832 5110 donum
2859 5058 3093 5121 electum,
3125 5065 3173 5107 et
3199 5070 3307 5106 sors
3350 5051 3403 5105 in
3442 5052 3630 5120 templo

2049 5147 2147 5202 Dei
2194 5140 2467 5217 placidior,
2500 5148 2744 5202 bonorum
2786 5150 3019 5202 laborum
3060 5146 3254 5213 fructus
3298 5144 3440 5197 bona:
3478 5146 3630 5214 fanus

2053 5240 2206 5310 (Sap.
2249 5256 2326 5307 tu,
2365 5240 2475 5311 Η).
2511 5242 2576 5295 Ει
2606 5242 2649 5294 si
2702 5242 2923 5294 forsitan
2955 5246 3318 5300 removeatur,
3352 5244 3444 5289 aut
3483 5248 3626 5289 rem-

2048 5333 2312 5402 publicam
2364 5349 2469 5387 non
2526 5333 2906 5387 administrare
2961 5330 3236 5399 jubeatur,
3288 5327 3528 5382 manebit
3575 5338 3630 5380 ct

2050 5425 2382 5493 permanebit
2438 5427 2491 5478 in
2534 5424 2776 5477 omnium
2827 5424 3119 5476 dilectione
3168 5420 3319 5490 quasi
3370 5434 3629 5489 prmseus.

2045 5518 2295 5588 Quisquis
2325 5528 2503 5573 autem
2549 5519 2872 5573 successerit
2901 5518 2974 5582 ei,
3010 5532 3114 5569 non
3158 5517 3297 5584 quod
3339 5516 3628 5584 reprelien-

2043 5610 2156 5675 dat,
2185 5610 2279 5664 sed
2303 5610 2444 5679 quod
2480 5610 2706 5663 miretur
2732 5609 2992 5664 inveniet.
3027 5610 3081 5665 Si
3108 5620 3282 5663 tamen
3316 5608 3480 5678 magis
3506 5622 3627 5676 pro-

2043 5703 2205 5756 desse
2252 5702 2461 5774 diligat,
2502 5717 2660 5770 quam
2698 5717 2954 5772 prmesse.
2989 5703 3138 5758 Multi
3184 5704 3324 5756 enim
3367 5709 3622 5771 prtesunt,

2044 5794 2137 5850 sed
2176 5795 2395 5850 omnino
2426 5794 2579 5862 pauci
2634 5806 2856 5864 prosunt
2902 5796 2980 5851 eis
3014 5794 3221 5863 p0pulis
3252 5793 3444 5859 quibus
3488 5805 3623 5855 pra;—
