4078 6440
502 295 608 355 Θδίὲὶ

1432 305 1801 365 FULGENTII
1842 308 2193 366 FERRANDI
2235 309 2507 368 DMCONI
2544 311 2895 369 CAltTllAG.

3675 316 3792 372 9'56

501 418 650 464 sunt.
699 408 949 479 Quisquis
995 411 1213 481 privatis
1257 412 1550 472 honoribus
1598 419 1787 486 inhiat,
1837 421 2089 490 despecta
2120 427 2168 483 Α
2197 437 2256 478 se
2284 439 2457 494 neque
2499 424 2567 479 ab
2595 425 2701 479 alio
2728 426 2857 480 sinit
2883 425 3186 497 quempiam
3225 425 3368 483 lzedi.
3401 428 3588 485 Potest
3624 429 3791 500 plane

502 502 729 558 utilitate
766 502 1149 572 subjectorum,
1194 508 1361 576 magis
1394 523 1627 576 prmesse
1674 514 1880 581 appetit
1927 529 2086 580 quam

504 595 779 662 prodesse.
804 595 950 649 Talis
994 606 1169 651 autem
1206 601 1309 653 dux
1344 602 1547 655 inutilis
1575 613 1679 669 est,
1713 616 1765 659 et
1809 605 2036 673 injustus
2070 623 2082 657 :

500 700 600 740 nec
628 700 813 755 regere
853 696 1029 755 potest
1068 699 1296 747 stantem
1340 696 1745 765 rempublicam,
1780 712 1879 752 nec
1921 713 2088 768 repa-

500 790 623 830 rare
650 778 968 846 collapsam.

590 887 771 939 Tum
793 904 995 941 luctu.
1022 894 1132 944 Non
1156 906 1364 956 privasse
1387 904 1601 960 appetas,
1629 900 1715 949 sed
1740 900 1987 963 prodesse.

572 990 622 1046 7.
668 992 847 1048 Tertia
884 1010 1014 1066 ergo
1054 1005 1138 1052 est
1168 999 1350 1085 regula
1391 1001 1708 1059 innocentia
1748 1006 1954 1060 actibus
1983 1008 2084 1061 mi-

450 1098 453 1103 '
494 1075 743 1139 litaribus
779 1094 1064 1154 occupato,
1111 1090 1156 1144 si
1204 1075 1326 1146 ideo
1371 1094 1578 1161 praxis,
1620 1102 1679 1149 ut
1704 1095 1899 1165 prosis.
1948 1097 2081 1153 Pro-

495 1170 655 1228 desse
682 1184 859 1230 autetn
892 1174 1183 1250 videberis,
1225 1181 1270 1235 si
1314 1188 1524 1252 tempus
1564 1196 1620 1239 et
1646 1185 1824 1242 locum
1858 1198 1960 1244 tum
1983 1191 2083 1246 ad-

494 1264 905 1322 ministrationis
934 1268 1222 1341 intelligas.
1256 1272 1320 1326 Et
1348 1281 1559 1342 tempus
1586 1278 1801 1347 quidem
1834 1280 2080 1337 conside-

494 1353 677 1418 rabis,
737 1356 863 1411 dum
909 1359 1137 1427 sapienti
1191 1361 1516 1420 discretione
1556 1369 1852 1437 perpendes
1898 1381 2077 1426 utrum

496 1446 773 1514 pacificum
802 1449 891 1516 sit,
916 1463 981 1505 an
1012 1453 1326 1507 tumultibus
1352 1455 1553 1510 bellicis
1574 1459 1893 1527 inquietum.
1921 1462 2079 1531 Saape

495 1539 637 1593 enim
661 1540 802 1608 quod
834 1543 885 1596 in
934 1545 1080 1611 pacis
1110 1547 1222 1599 otio
1252 1547 1450 1603 vindex
1479 1549 1762 1619 disciplina
1806 1558 2079 1625 persequi-

497 1638 602 1697 tur,
646 1632 784 1688 inter
814 1634 995 1690 turbas
1040 1648 1092 1691 et
1119 1639 1325 1707 gladios
1366 1652 1518 1696 cauta
1568 1645 1761 1701 tolerat
1803 1650 2075 1715 patientia.

494 1720 693 1776 Locum
735 1741 860 1780 vero
906 1736 1051 1782 recte
1094 1732 1481 1799 considerabis,
1525 1745 1700 1790 utrum
1754 1741 1950 1795 sterilis
2002 1758 2068 1797 an

2192 530 2287 585 per
2311 516 2449 572 hanc
2475 518 2807 588 diligentiam
2838 520 2918 574 sic
2943 521 3225 588 acquirere
3249 521 3445 577 famam
3476 523 3700 590 bonam,
3727 536 3790 579 ut

2187 610 2348 663 etiam
2382 611 2426 665 si
2454 626 2685 679 persona
2713 612 2958 680 superior
2998 613 3195 668 laedere
3225 614 3457 669 voluerit
3504 616 3785 681 subditos,

2187 700 2353 755 libera
2384 703 2770 759 intercessione
2813 703 3133 769 subveniat;
3173 713 3229 758 et
3255 706 3583 775 parcendum
3623 707 3789 763 facile

2188 793 2528 862 persuadeat,
2556 795 2751 865 quibus
2787 798 2899 865 ipse
2930 796 3104 867 primo
3133 800 3459 868 pepercerit.

2256 885 2309 940 8.
2352 885 2580 942 Pulchre
2613 896 2791 943 autem
2835 902 2935 944 nos
2976 889 3059 943 via
3104 889 3483 959 disputationis
3520 890 3591 946 ad
3629 890 3783 948 hunc

2184 973 2361 1031 locum
2386 976 2631 1045 deduxit,
2672 977 2762 1034 ubi
2784 978 3151 1036 necessarium
3188 981 3343 1037 bonis
3371 982 3602 1038 ducibus
3622 983 3779 1040 diee-

2182 1079 2386 1133 remus,
2418 1069 2584 1123 etiam
2612 1070 2948 1139 suggerendo
2972 1071 3327 1141 principibus,
3361 1076 3621 1144 prodesse
3652 1076 3779 1132 sub.

2178 1155 2358 1226 jectis.
2406 1157 2671 1215 Novimus
2689 1161 2836 1216 enim
2866 1161 3149 1232 plurimos,
3179 1173 3237 1219 ut
3273 1165 3521 1236 placeant
3545 1167 3772 1241 potiori.

2182 1248 2305 1316 bus,
2342 1250 2522 1305 minus
2578 1254 2864 1309 consulere
2912 1253 3275 1313 inferioribus.
3325 1257 3406 1312 Ex
3441 1275 3631 1315 eorum
3672 1278 3775 1317 nu-

2182 1354 2333 1393 mero
2362 1354 2483 1395 esse
2510 1342 2743 1398 arbitror
2771 1344 2860 1413 qui
2903 1346 3196 1414 provincia:
3234 1348 3325 1404 ubi
3369 1350 3775 1417 administrant,

2183 1429 2530 1501 indigentiam
2563 1432 2684 1488 sive
2710 1434 3088 1491 tribulationes
3116 1431 3366 1505 celando,
3394 1440 3607 1496 salvum
3638 1461 3778 1500 nuu-

2184 1523 2320 1575 tiant
2352 1536 2669 1591 permanere
2698 1526 2957 1595 quidquid
2989 1528 3257 1599 aspiciunt
3283 1531 3511 1600 lapsum,
3537 1533 3767 1603 gloriam

2179 1629 2333 1668 suam
2376 1624 2625 1683 putantes
2653 1621 2697 1673 si
2739 1621 3065 1676 mentiantur
3091 1632 3235 1678 stare
3262 1624 3404 1692 quod
3441 1636 3642 1682 norunt
3671 1644 3766 1697 pe-

2188 1709 2363 1762 riisse.
2393 1707 2666 1779 Coguntur
2696 1727 2825 1767 vero
2855 1724 2913 1767 ut
2957 1715 3135 1770 verbis
3182 1716 3440 1785 improbis
3488 1720 3777 1774 credulita-

496 1812 720 1878 fertilis;
754 1827 929 1871 utrum
961 1822 1245 1876 nutriendo
1275 1826 1531 1880 exercitui
1555 1828 1851 1896 sufficiens,
1882 1848 1948 1885 an
1979 1836 2075 1888 mi-
2109 1806 2156 1866 Β
2185 1808 2289 1896 iam
2331 1811 2669 1896 °°_"“"'"’""
2721 1805 3077 1873 mumphcme
3113 1822 3430 1863 mise'omm
3477 1825 3775 1879 provmc'a.

493 1918 593 1959 nus
618 1906 873 1973 idoneus;
905 1919 1085 1963 utrum
1116 1913 1387 1968 desolatus
1416 1926 1469 1969 et
1514 1918 1765 1987 incultus,
1791 1936 1858 1974 an
1891 1923 2077 1977 incon-

492 2010 682 2051 cussus
719 2009 773 2053 et
792 2000 1079 2071 diligenter
1103 2016 1357 2075 appareat
1396 2019 1666 2068 exaratos.
1690 2014 1908 2081 Quoties
1933 2020 2075 2073 enim

492 2089 830 2153 reparatione
884 2093 1084 2162 indiget
1137 2098 1320 2158 locus,
1375 2099 1465 2155 ubi
1518 2100 1822 2169 gubernare
1880 2108 2077 2164 videris

492 2179 807 2247 exercitum,
846 2188 1249 2246 contemnenda
1277 2200 1403 2244 sunt
1441 2193 1620 2247 omnia
1662 2197 1807 2250 lucra
1850 2200 2074 2269 privata,

492 2270 650 2325 etiam
679 2289 797 2341 quae
820 2276 917 2330 sibi
942 2280 1271 2335 consuetudo
1292 2280 1403 2351 jam
1427 2284 1596 2341 libere
1623 2288 1882 2354 vindicat;
1910 2300 1964 2346 et
1988 2307 2077 2348 se-

494 2364 733 2420 veritatis
763 2371 921 2437 paulo
948 2370 1172 2441 rigidior
1202 2380 1545 2445 temperanda
1578 2396 1829 2439 censura.
1871 2386 2076 2442 Praeter

492 2454 612 2512 haec
636 2473 848 2529 quoque
869 2462 1077 2520 duobus
1106 2467 1278 2523 modis
1305 2472 1559 2538 prodesse
1590 2475 1875 2544 videberis,
1906 2479 1950 2534 si
1983 2495 2077 2535 ne-

494 2550 695 2607 minem
727 2553 915 2622 lacdas,
951 2566 1007 2613 et
1032 2559 1153 2615 illos
1180 2563 1272 2631 qui
1316 2565 1493 2621 solent
1547 2578 1638 2622 aut
1669 2570 1854 2626 volunt
1884 2573 2079 2632 hedere

496 2642 783 2709 prohibeas
805 2657 1061 2714 quantum
1097 2662 1269 2718 potes,
1302 2653 1410 2709 imo
1437 2668 1690 2726 quantum
1720 2675 1876 2730 posse
1906 2663 2077 2718 dona-

492 2736 629 2790 verit
668 2736 931 2794 Christus.
974 2742 1125 2799 Tunc
1156 2756 1334 2801 autem
1367 2748 1473 2804 dux
1523 2754 1759 2821 Optimus
1808 2758 2076 2813 neminem

492 2828 670 2895 Iredet,
703 2830 745 2884 si
775 2832 826 2885 in
868 2834 1014 2888 omni
1047 2840 1299 2903 praetorio
1347 2842 1486 2896 illius
1515 2860 1619 2898 non
1651 2847 1846 2903 audeat
1885 2850 2078 2920 aliquis

494 2918 719 2984 amicus,
750 2919 937 2984 cliens,
968 2925 1229 2991 medicus,
1259 2931 1514 2999 armiger,
1548 2946 1636 2987 aut
1663 2942 1881 3006 propter
1913 2918 2077 2995 officii

490 3008 684 3076 publici
728 3012 1073 3071 devorionem
1115 3020 1266 3073 lateri
1324 3022 1480 3077 ducis
1526 3040 1741 3095 semper
1771 3028 2069 3100 adjunctus,

491 3112 743 3154 concessa
785 3101 1041 3160 beneficia
1077 3110 1333 3166 vendere.
1368 3114 1505 3180 Quid
1538 3118 1678 3172 enim
1733 3121 1958 3177 miseros
1988 3125 2070 3193 ju-

490 3198 592 3258 vat,
647 3193 690 3245 si
736 3194 843 3249 dux
883 3196 1132 3254 exhibeat
1190 3205 1574 3259 continentiam
1622 3208 1742 3262 boni
1792 3211 1968 3277 ducis,
2019 3224 2073 3268 et

489 3284 623 3337 alius
649 3285 753 3339 sibi
783 3288 849 3340 de
876 3300 1140 3357 potestate
1170 3294 1316 3349 illius
1345 3298 1680 3352 occasionem
1714 3302 1871 3355 faciat
1900 3306 2077 3359 avari-

491 3375 578 3428 titn
623 3377 922 3434 satiandm?
975 3383 1133 3436 Tales
1188 3385 1380 3440 habeat
1428 3390 1600 3443 socios
1630 3401 1725 3444 aut
1774 3396 2071 3465 ministros,

492 3469 701 3535 qualem
734 3484 792 3523 se
812 3486 931 3525 esse
962 3474 1160 3529 debere
1187 3479 1476 3545 ci-guoscit.
1512 3481 1763 3551 Quisquis
1785 3486 1927 3540 enim
1952 3490 2072 3544 duci

495 3559 829 3615 familiariter
858 3564 1100 3630 inhaeret,
1134 3570 1218 3621 eui
1252 3572 1411 3625 multa
1457 3578 1795 3642 exsequenda
1829 3582 2075 3635 commit-

493 3651 576 3718 tit,
611 3668 797 3705 tuanus
840 3663 920 3708 est
971 3657 1160 3724 ducis;
1205 3670 1260 3714 et
1300 3664 1491 3717 nn-rito
1522 3667 1780 3736 Quidquid
1816 3671 1911 3723 ilti'
1937 3675 2076 3727 acci-

497 3742 667 3810 pfuut,
701 3745 765 3795 ad
799 3746 946 3799 illunt
979 3750 1095 3803 sine
1126 3752 1283 3805 dubio
1316 3756 1551 3808 creditur
1584 3764 1910 3827 pertransire
1940 3784 1949 3815 :
1976 3782 2075 3820 nec

494 3842 673 3899 potest
711 3850 830 3891 esse
856 3839 1007 3894 duCls
1055 3845 1241 3911 optimi
1275 3845 1409 3898 larua
1444 3848 1605 3914 bona,
1637 3854 1850 3919 quando
1879 3856 2077 3913 fuerint

403 3951 405 3955 ε
489 3925 789 3981 ministeria
822 3932 978 3985 mala.
1022 3933 1244 4003 Deinde,
1279 3940 1546 4005 quomodo
1592 3946 1849 4013 corripiet
1894 3959 2073 4003 extra-

490 4031 641 4084 neos,
676 4020 777 4073 nisi
812 4023 1055 4087 primitus
1087 4034 1378 4083 correxerit
1428 4037 1593 4088 sons?
1621 4036 1750 4101 Quis
1788 4038 1987 4093 dubitet
2022 4044 2071 4095 in

491 4114 727 4165 exisrcitu
769 4118 1089 4172 coetstitutos
1121 4122 1326 4177 facilius
1378 4127 1441 4178 ad
1488 4132 1869 4184 eotntnittenda
1907 4136 2075 4201 prosi-

492 4202 590 4254 iire
626 4204 879 4269 honoro,
924 4209 966 4260 si
1009 4210 1231 4265 viderint
1268 4218 1578 4271 assistentes
1614 4221 1735 4274 duci
1768 4238 2075 4291 perpetrare

488 4291 734 4348 licentius
782 4297 1090 4355 deteriora?
1139 4304 1292 4360 facile
1349 4320 1523 4364 autem
1593 4318 1864 4371 custodiet
1914 4334 2075 4375 omne

488 4386 691 4451 Vulgus,
737 4390 981 4453 quamvis
1031 4394 1269 4448 indotniti
1319 4404 1605 4469 exercitus,
1649 4408 1787 4474 quod
1830 4409 2075 4465 homines

488 4476 609 4527 duci
640 4478 791 4531 valde
815 4480 1103 4537 familiares
1126 4493 1471 4546 servaverint.
1498 4496 1692 4550 Caveat
1721 4516 1848 4565 ergo
1876 4513 1927 4553 et
1954 4503 2073 4555 dili-

488 4577 676 4633 genter
705 4583 909 4635 caveat,
942 4590 1007 4626 ne
1038 4577 1155 4643 quis
1180 4579 1449 4635 hominum
1480 4601 1694 4639 suorum
1728 4591 1939 4651 miseris
1969 4610 2067 4646 no-
2102 4556 2152 4615 υ

491 4665 639 4717 cent;
672 4665 727 4710 et
753 4660 877 4713 dum
910 4678 970 4716 se
1000 4665 1196 4720 bonum
1224 4681 1406 4747 .putat,
1436 4684 1611 4734 malus
1658 4693 1875 4749 propter
1905 4687 2069 4739 rualos

493 4756 743 4813 potetur;
779 4752 968 4818 quibus
999 4766 1089 4809 aut
1123 4758 1305 4814 favere
1327 4762 1583 4821 dicendus
1612 4781 1693 4823 est
1724 4783 1813 4825 aut
1843 4789 2068 4829 consen—

488 4847 610 4901 tire,
662 4841 875 4905 quando
908 4848 1021 4912 ipso
1072 4863 1338 4916 prmseute
1385 4858 1504 4908 talia
1553 4863 1836 4927 gesserint,
1890 4870 2065 4935 qualia

482 4933 641 4984 etiam
688 4937 729 4985 si
781 4936 892 5005 ipse
937 4955 1040 4992 non
1072 4953 1240 5011 geret,
1289 4963 1392 5001 non
1445 4952 1640 5008 habere
1672 4960 1935 5023 credetur,
1970 4963 2064 5018 sed

483 5024 684 5091 fingere
716 5028 1033 5086 bonitatem.
1066 5036 1177 5088 Non
1214 5050 1387 5105 potest
1427 5046 1640 5112 Sapiens
1668 5048 1769 5101 dux
1813 5057 2063 5109 excusari

483 5132 550 5171 re
580 5117 901 5189 ignorantia,
936 5131 1147 5194 quoties
1180 5130 1401 5187 forsitan
1450 5138 1686 5193 dixerit:
1714 5141 1825 5210 Ego
1862 5147 2064 5212 nescio,

482 5224 513 5261 n
556 5227 587 5263 n
635 5215 835 5281 audivi,
889 5219 1086 5276 nullius
1141 5223 1205 5277 ad
1262 5241 1347 5281 me
1394 5236 1611 5297 querela
1663 5239 1927 5302 pervenit.
1969 5241 2069 5293 Per

487 5301 658 5368 ipsum
689 5321 920 5377 namque
953 5314 1076 5379 quid
1111 5328 1299 5384 agatur
1345 5334 1373 5371 a
1402 5322 1537 5383 suis,
1587 5332 1800 5389 oportet
1831 5327 2021 5395 inquiri
2049 5346 2065 5393 ;

485 5394 607 5458 quia
640 5412 796 5451 nemo
831 5418 923 5455 eos
960 5407 1120 5460 audet
1162 5412 1388 5471 publicis
1433 5415 1949 5482 interpellationibus
1975 5440 2064 5477 ac-

478 5499 689 5553 cusare,
716 5508 943 5558 quorum
979 5499 1256 5555 \ioletttias
1279 5507 1368 5558 alii
1408 5508 1613 5573 timent,
1642 5512 1729 5564 alii
1765 5516 2059 5580 patiuntur.

484 5573 599 5627 Dux
626 5592 753 5647 ergo
782 5598 1140 5648 perscrutator
1162 5596 1458 5653 acerrimus
1480 5600 1616 5655 effici
1647 5604 1947 5663 nullatenus
1969 5610 2066 5665 du—

479 5665 633 5734 bitet,
674 5674 758 5727 cui
800 5690 862 5729 ex
904 5677 1001 5734 hac
1038 5683 1310 5756 diligentia
1360 5694 1585 5761 publica:
1623 5702 1927 5759 severitatis
1965 5722 2061 5760 ητις

483 5769 661 5818 scatur
691 5769 983 5826 auctoritas
1002 5790 1021 5841 ;
1056 5785 1112 5830 ιιι
1142 5782 1357 5839 omnino
1389 5791 1575 5853 prosit,
1602 5794 1815 5857 quando
1840 5811 2009 5858 neque
2032 5816 2060 5853 a

2183 1892 2313 1946 lium
2365 1892 2594 1959 damna;
2646 1910 2740 1965 per
2786 1913 2905 1966 qum
2942 1898 3219 1953 videantur
3264 1902 3414 1968 quasi
3459 1902 3633 1969 lucra,
3674 1906 3772 1959 sed

2182 1981 2397 2036 inimica
2437 2000 2656 2054 prorsus
2711 1987 3060 2056 reipublicze,
3124 1991 3380 2060 piissimis
3432 1995 3773 2064 principibus

2184 2073 2496 2142 providere,
2540 2078 2936 2146 reparationem
2981 2082 3161 2150 potius
3190 2084 3423 2153 regionis
3467 2086 3772 2154 itnpettien.

2183 2172 2285 2217 tes.
2308 2163 2375 2218 Et
2405 2164 2492 2219 ubi
2514 2181 2779 2235 apparere
2809 2168 3047 2238 gestiunt
3069 2172 3256 2242 utiles,
3290 2174 3362 2228 ibi
3394 2185 3520 2230 sunt
3550 2191 3778 2245 prorsus

2189 2254 2431 2311 inutiles.
2462 2257 2794 2329 lmponendo
2822 2263 2964 2317 enim
3002 2265 3246 2335 graviora
3289 2281 3478 2332 onera,
3527 2281 3775 2323 succum-

2180 2347 2311 2403 bere
2334 2348 2539 2404 faciunt
2582 2353 2811 2422 populos
2846 2354 3125 2424 fatigatos;
3171 2371 3272 2412 nec
3319 2360 3633 2429 relinquunt
3658 2377 3775 2417 sue-

2181 2442 2489 2497 cessoribus
2539 2445 2650 2499 suis
2694 2454 2889 2516 praeter
2916 2449 3091 2504 luctus
3136 2459 3193 2504 et
3236 2450 3523 2521 tacryuras.
3554 2455 3691 2508 Nolo
3722 2464 3775 2509 te

2181 2533 2300 2590 istis
2354 2535 2587 2592 similem
2639 2540 2886 2610 reperiri.
2948 2541 3005 2597 Si
3070 2544 3331 2612 prodesse
3390 2544 3608 2614 diligis,
3663 2564 3773 2602 non

2181 2642 2443 2696 praeesse,
2479 2641 2674 2697 praesta
2700 2633 2902 2703 aliquid
2929 2633 3147 2704 dignum
3190 2638 3472 2706 memoria,
3514 2639 3661 2708 quod
3690 2655 3774 2695 re-

2180 2720 2431 2777 cordetur
2460 2724 2767 2792 posteritas,
2813 2735 2864 2781 et
2896 2736 3198 2797 temporum
3240 2740 3453 2786 tuorum
3495 2734 3641 2788 nulla
3673 2750 3772 2788 na-

2178 2824 2361 2869 scatur
2402 2814 2621 2871 oblivio.
2668 2818 2742 2871 Da
2774 2833 2994 2889 operam
3038 2820 3234 2876 divites
3282 2823 3591 2891 relinquere
3634 2841 3772 2894 quos

2180 2908 2454 2963 inveneris
2478 2924 2760 2980 pauperes,
2790 2913 3167 2968 abundantiam
3194 2916 3476 2983 providere
3494 2919 3582 2972 ubi
3605 2920 3769 2975 etiam

2174 3012 2234 3059 tu
2266 3004 2542 3073 penuriam
2590 3005 2889 3073 pertulisti;
2934 3017 2985 3061 et
3029 3008 3073 3061 si
3106 3007 3321 3077 quidem
3368 3010 3568 3066 sufficit
3599 3013 3769 3067 virtus

2181 3103 2291 3157 tua,
2328 3097 2653 3163 provinciam
2682 3099 2801 3153 sine
2826 3099 3073 3154 tarditate
3103 3110 3380 3166 restaura;
3414 3101 3462 3156 si
3490 3117 3622 3157 vero
3648 3103 3770 3171 piis-

2102 3177 2146 3239 C
2178 3186 2303 3241 simi
2328 3188 2508 3257 operis
2536 3190 2678 3244 inest
2702 3189 2969 3257 voluntas,
2996 3191 3147 3247 deest
3195 3192 3445 3259 facultas,
3484 3195 3637 3250 defer
3667 3194 3769 3249 hoc

2178 3278 2243 3333 ad
2267 3283 2649 3337 conscientiam
2696 3287 2974 3353 potestatis
2998 3286 3314 3355 superioris.
3354 3288 3484 3342 Esto
3518 3288 3679 3344 testis
3708 3291 3769 3342 li-

2179 3372 2316 3425 dclis
2342 3374 2638 3429 alienarum
2683 3377 3043 3431 miseriarum.
3088 3378 3363 3447 Snppliea,
3395 3382 3647 3450 obsecra,
3672 3382 3768 3436 dv-

2180 3478 2280 3516 nee
2303 3464 2558 3531 impetres
2585 3467 2933 3535 adjutorium.
2958 3469 3166 3525 Labora
3189 3473 3277 3525 diu
3304 3476 3555 3542 petendo,
3589 3491 3656 3530 ne
3678 3477 3768 3530 alii

2180 3551 2466 3607 diuturnas
2516 3559 2789 3625 angustias
2835 3560 3108 3628 perferant
3152 3562 3476 3629 laborando,
3523 3574 3575 3618 tu
3626 3572 3767 3620 enim

2176 3643 2504 3711 judicaberis
2543 3650 2858 3717 praestitisse
2901 3654 3154 3720 quidquid
3198 3658 3539 3710 universitati
3591 3669 3767 3724 posui.

2181 3734 2325 3789 laute
2349 3746 2397 3789 te
2432 3740 2794 3806 praestabitur.
2829 3742 2947 3794 Noli
2973 3759 3236 3811 apparere
3262 3746 3455 3800 similis
3482 3748 3547 3800 ad
3580 3748 3765 3803 horatt:

2182 3824 2395 3893 placere
2430 3830 2730 3884 volentibus
2760 3848 2773 3896 ;
2805 3834 2892 3901 qui
2920 3833 3183 3897 videntes,
3217 3847 3309 3888 aut
3335 3839 3652 3903 sentientes,
3676 3851 3765 3893 aut

2180 3919 2449 3973 interdum
2479 3923 2640 3976 etiam
2681 3923 3014 3991 perferentes
3063 3929 3113 3980 in
3156 3929 3447 3996 provinciis
3494 3931 3580 3985 ubi
3627 3933 3765 3986 mili-

2181 4020 2291 4063 tant
2322 4012 2481 4075 mala,
2517 4029 2611 4082 per
2654 4015 2945 4070 relationes
2988 4018 3148 4072 falsas
3190 4021 3436 4074 nuntiant
3484 4022 3645 4077 bona.
3680 4024 3765 4076 la:-

2181 4105 2386 4155 tissimo
2429 4110 2619 4158 nuntio
2652 4119 2901 4175 putantes
2939 4111 3041 4163 sibi
3089 4116 3353 4178 priestari,
3385 4124 3442 4168 ut
3480 4118 3563 4169 vel
3606 4116 3765 4169 utiles

2177 4195 2627 4251 administrationi
2656 4216 2810 4267 quam
2840 4211 3053 4268 gerunt,
3090 4204 3169 4256 vel
3223 4208 3514 4259 necessarii
3542 4208 3763 4260 videati-

2181 4296 2285 4338 tur.
2312 4286 2355 4339 Ο
2379 4289 2837 4355 iugi-miscendum
2867 4292 3047 4345 nefas!
3075 4293 3200 4346 dum
3232 4306 3481 4362 quaerunt
3506 4312 3761 4373 prccesse,

2182 4394 2286 4432 non
2315 4384 2554 4449 cogitant
2583 4383 2875 4450 prodesse;
2908 4385 3001 4438 secl
3035 4386 3223 4453 privati
3255 4388 3477 4442 honoris
3510 4390 3761 4458 injustam

2180 4472 2467 4536 potentiam
2504 4486 2595 4538 per
2623 4473 2796 4526 aliena
2840 4489 3059 4528 servare
3093 4488 3353 4530 conantur
3398 4478 3761 4535 incommoda.

2177 4560 2320 4625 Quos
2378 4572 2555 4614 tamen
2593 4562 2877 4631 aliquando
2930 4567 3174 4635 malignte
3216 4569 3524 4623 ambitionis
3568 4576 3760 4625 astutia

2177 4653 2400 4722 decipit,
2436 4653 2562 4707 dum
2613 4658 2839 4724 cmperit
2890 4656 3030 4710 fama
3082 4659 3293 4726 [aulica
3337 4661 3475 4728 loqui
3502 4663 3643 4729 qurd
3688 4676 3761 4715 ta-

2175 4755 2325 4809 cent,
2362 4748 2668 4815 tepcrlique
2699 4748 2902 4803 fuerint
2944 4751 2995 4804 in
3028 4766 3122 4805 sua
3168 4753 3504 4821 professione
3542 4757 3761 4809 menda-

2176 4854 2286 4891 ces.
2332 4843 2556 4893 Avertat
2589 4841 2728 4896 Deus
2775 4844 2911 4897 banc
2941 4843 3265 4897 dementiam
3313 4861 3527 4913 semper
3574 4859 3629 4901 et
3668 4849 3759 4903 bos

2176 4942 2353 4984 mores
2381 4947 2408 4982 a
2439 4932 2666 4988 ducibus
2698 4936 2937 5004 optimis,
2968 4936 3054 5006 qui
3091 4938 3346 5009 prodesse
3378 4939 3628 5008 diligunt,
3655 4957 3760 4995 nou

2171 5027 2433 5092 put-esse!

2284 5138 2480 5194 Quum
2505 5151 2705 5188 neaera.
2732 5137 2892 5204 Dilige
2914 5142 3257 5203 rempublicam
3276 5120 3395 5194 sicut
3419 5149 3466 5195 te
3488 5148 3665 5207 ipsum.

2244 5241 2297 5296 9.
2340 5242 2492 5297 Tunc
2521 5244 2660 5298 enim
2706 5246 3010 5314 respublica
3040 5247 3177 5302 bene
3220 5250 3573 5319 gubernatur,
3613 5262 3667 5307 et
3694 5250 3760 5306 de

2175 5336 2384 5403 magnis
2421 5345 2601 5402 potest
2630 5339 2845 5392 liberari
2889 5341 3166 5409 periculis,
3200 5341 3243 5395 si
3275 5341 3384 5396 dux
3412 5345 3528 5411 ejus
3554 5354 3757 5398 tantum

2173 5441 2291 5480 eam
2340 5428 2545 5499 diligat,
2577 5441 2832 5500 quantum
2881 5446 2941 5486 se
2994 5433 3194 5500 ipsum.
3244 5433 3520 5490 ManifeSIa
3564 5438 3758 5505 quippe

2173 5525 2439 5575 sententia
2488 5535 2569 5577 est
2614 5526 2812 5578 veteris
2842 5525 3236 5596 legiszbiliges
3276 5528 3571 5597 prostituam
3617 5539 3756 5583 tum

2172 5616 2301 5668 sicut
2330 5625 2379 5667 te
2408 5617 2572 5681 ipsum
2602 5616 2745 5683 (Leu.
2773 5633 2882 5682 κως,
2914 5619 3034 5688 18);
3067 5636 3225 5689 quam
3258 5620 3389 5676 Novi
3420 5622 3752 5677 'l‘eStamenti

2174 5708 2492 5777 praedicator
2517 5710 2740 5764 idoneus
2772 5710 2844 5764 ita
2878 5711 3172 5781 repetendo
3211 5718 3496 5768 confirmat
3517 5723 3571 5767 et
3598 5715 3753 5767 inno-

2176 5810 2261 5854 rat
2318 5801 2511 5856 Paulus
2538 5819 2549 5853 :
2579 5800 2777 5867 Omnis,
2812 5804 3086 5871 inquiens,
3150 5804 3232 5859 lea:
3280 5806 3331 5858 in
3382 5822 3485 5859 uno
3525 5819 3751 5860 serutari:
