  <div class='ocr_page' id='page_1' title='image "/cluster/home/n/w/nwhite01/storage/ocr_20150623/67/hvd.32044015547185/476.png"; bbox 0 0 4078 6440; ppageno 0'>
   <div class='ocr_carea' id='block_1_1' title="bbox 366 138 471 200">
    <p class='ocr_par' dir='ltr' id='par_1_1' title="bbox 366 138 471 200">
     <span class='ocr_line' id='line_1_1' title="bbox 366 138 471 200; baseline -0.048 0"><span class='ocrx_word' id='word_1_1' title='bbox 366 138 471 200; x_wconf 74' lang='lat'><strong>957</strong></span> 
     </span>
    </p>
   </div>
   <div class='ocr_carea' id='block_1_2' title="bbox 1574 136 2489 200">
    <p class='ocr_par' dir='ltr' id='par_1_2' title="bbox 1574 136 2489 200">
     <span class='ocr_line' id='line_1_2' title="bbox 1574 136 2489 200; baseline 0.001 -2"><span class='ocrx_word' id='word_1_2' title='bbox 1574 139 1937 200; x_wconf 68' lang='lat' dir='ltr'><strong>EPISTOLE</strong></span> <span class='ocrx_word' id='word_1_3' title='bbox 1973 137 2065 198; x_wconf 81' lang='grc' dir='ltr'><strong>ΕΤ</strong></span> <span class='ocrx_word' id='word_1_4' title='bbox 2103 136 2489 200; x_wconf 78' lang='lat' dir='ltr'><strong>OPUSCULA.</strong></span> 
     </span>
    </p>
   </div>
   <div class='ocr_carea' id='block_1_3' title="bbox 3548 140 3656 200">
    <p class='ocr_par' dir='ltr' id='par_1_3' title="bbox 3548 140 3656 200">
     <span class='ocr_line' id='line_1_3' title="bbox 3548 140 3656 200; baseline 0.037 -4"><span class='ocrx_word' id='word_1_5' title='bbox 3548 140 3656 200; x_wconf 73' lang='lat'><strong>938</strong></span> 
     </span>
    </p>
   </div>
   <div class='ocr_carea' id='block_1_4' title="bbox 366 254 3659 335">
    <p class='ocr_par' dir='ltr' id='par_1_4' title="bbox 366 254 3659 335">
     <span class='ocr_line' id='line_1_4' title="bbox 366 254 3659 335; baseline -0.001 -17"><span class='ocrx_word' id='word_1_6' title='bbox 366 254 684 333; x_wconf 52' lang='lat' dir='ltr'><strong>compitis};</strong></span> <span class='ocrx_word' id='word_1_7' title='bbox 710 259 765 317; x_wconf 81' lang='lat' dir='ltr'><strong>in</strong></span> <span class='ocrx_word' id='word_1_8' title='bbox 781 256 843 316; x_wconf 74' lang='lat' dir='ltr'><strong>eo</strong></span> <span class='ocrx_word' id='word_1_9' title='bbox 876 259 1015 331; x_wconf 79' lang='lat' dir='ltr'><strong>quod</strong></span> <span class='ocrx_word' id='word_1_10' title='bbox 1064 257 1242 333; x_wconf 76' lang='lat' dir='ltr'><strong>diligis</strong></span> <span class='ocrx_word' id='word_1_11' title='bbox 1265 260 1560 334; x_wconf 69' lang='lat' dir='ltr'><strong>proximum</strong></span> <span class='ocrx_word' id='word_1_12' title='bbox 1585 271 1730 318; x_wconf 85' lang='lat' dir='ltr'><strong>tuum</strong></span> <span class='ocrx_word' id='word_1_13' title='bbox 1754 263 1887 318; x_wconf 83' lang='lat' dir='ltr'><strong>sicut</strong></span> <span class='ocrx_word' id='word_1_14' title='bbox 1913 271 1960 318; x_wconf 75' lang='lat' dir='ltr'><strong>te</strong></span> <span class='ocrx_word' id='word_1_15' title='bbox 1987 274 2040 335; x_wconf 76' lang='grc' dir='ltr'><strong>Α</strong></span> <span class='ocrx_word' id='word_1_16' title='bbox 2064 274 2187 315; x_wconf 87' lang='lat' dir='ltr'><strong>men</strong></span> <span class='ocrx_word' id='word_1_17' title='bbox 2212 259 2481 329; x_wconf 86' lang='lat' dir='ltr'><strong>aliquanta</strong></span> <span class='ocrx_word' id='word_1_18' title='bbox 2514 258 2629 315; x_wconf 89' lang='lat' dir='ltr'><strong>loca</strong></span> <span class='ocrx_word' id='word_1_19' title='bbox 2655 256 2787 313; x_wconf 89' lang='lat' dir='ltr'><strong>satis</strong></span> <span class='ocrx_word' id='word_1_20' title='bbox 2815 269 2967 324; x_wconf 78' lang='lat' dir='ltr'><strong>rara,</strong></span> <span class='ocrx_word' id='word_1_21' title='bbox 2985 264 3128 328; x_wconf 81' lang='lat' dir='ltr'><strong>quae,</strong></span> <span class='ocrx_word' id='word_1_22' title='bbox 3152 254 3522 314; x_wconf 80' lang='lat' dir='ltr'><strong>misericordia</strong></span> <span class='ocrx_word' id='word_1_23' title='bbox 3552 258 3659 314; x_wconf 83' lang='lat' dir='ltr'><strong>Do-</strong></span> 
     </span>
    </p>
   </div>
   <div class='ocr_carea' id='block_1_5' title="bbox 366 351 1955 425">
    <p class='ocr_par' dir='ltr' id='par_1_5' title="bbox 366 351 1955 425">
     <span class='ocr_line' id='line_1_5' title="bbox 366 351 1955 425; baseline 0 -17"><span class='ocrx_word' id='word_1_24' title='bbox 366 356 539 425; x_wconf 81' lang='lat' dir='ltr'><strong>ipsum</strong></span> <span class='ocrx_word' id='word_1_25' title='bbox 572 351 718 424; x_wconf 86' lang='lat' dir='ltr'><strong>(Gal.</strong></span> <span class='ocrx_word' id='word_1_26' title='bbox 749 370 807 420; x_wconf 91' lang='lat' dir='ltr'><strong>v,</strong></span> <span class='ocrx_word' id='word_1_27' title='bbox 856 353 966 423; x_wconf 78' lang='grc'><strong>14).</strong></span> <span class='ocrx_word' id='word_1_28' title='bbox 1023 353 1155 422; x_wconf 85' lang='lat' dir='ltr'><strong>Quis</strong></span> <span class='ocrx_word' id='word_1_29' title='bbox 1200 363 1378 409; x_wconf 89' lang='lat' dir='ltr'><strong>autem</strong></span> <span class='ocrx_word' id='word_1_30' title='bbox 1424 353 1619 409; x_wconf 81' lang='lat' dir='ltr'><strong>melior</strong></span> <span class='ocrx_word' id='word_1_31' title='bbox 1677 355 1955 423; x_wconf 85' lang='lat' dir='ltr'><strong>proximus</strong></span> 
     </span>
    </p>
   </div>
   <div class='ocr_carea' id='block_1_6' title="bbox 365 444 1954 516">
    <p class='ocr_par' dir='ltr' id='par_1_6' title="bbox 365 444 1954 516">
     <span class='ocr_line' id='line_1_6' title="bbox 365 444 1954 516; baseline -0.003 -13"><span class='ocrx_word' id='word_1_32' title='bbox 365 446 720 503; x_wconf 67' lang='lat' dir='ltr'><strong>aestimandus</strong></span> <span class='ocrx_word' id='word_1_33' title='bbox 747 454 830 502; x_wconf 90' lang='lat' dir='ltr'><strong>est</strong></span> <span class='ocrx_word' id='word_1_34' title='bbox 857 444 981 502; x_wconf 88' lang='lat' dir='ltr'><strong>duci</strong></span> <span class='ocrx_word' id='word_1_35' title='bbox 1008 445 1409 516; x_wconf 74' lang='lat' dir='ltr'><strong>sapientissimo</strong></span> <span class='ocrx_word' id='word_1_36' title='bbox 1430 462 1589 516; x_wconf 88' lang='lat' dir='ltr'><strong>quam</strong></span> <span class='ocrx_word' id='word_1_37' title='bbox 1618 445 1954 515; x_wconf 83' lang='lat' dir='ltr'><strong>respublica,</strong></span> 
     </span>
    </p>
   </div>
   <div class='ocr_carea' id='block_1_7' title="bbox 365 536 1958 611">
    <p class='ocr_par' dir='ltr' id='par_1_7' title="bbox 365 536 1958 611">
     <span class='ocr_line' id='line_1_7' title="bbox 365 536 1958 611; baseline -0.002 -16"><span class='ocrx_word' id='word_1_38' title='bbox 365 538 523 611; x_wconf 84' lang='lat' dir='ltr'><strong>cujus</strong></span> <span class='ocrx_word' id='word_1_39' title='bbox 554 539 605 596; x_wconf 92' lang='lat' dir='ltr'><strong>ei</strong></span> <span class='ocrx_word' id='word_1_40' title='bbox 634 549 688 594; x_wconf 87' lang='lat' dir='ltr'><strong>et</strong></span> <span class='ocrx_word' id='word_1_41' title='bbox 713 539 946 609; x_wconf 88' lang='lat' dir='ltr'><strong>negotia,</strong></span> <span class='ocrx_word' id='word_1_42' title='bbox 980 546 1037 593; x_wconf 91' lang='lat' dir='ltr'><strong>et</strong></span> <span class='ocrx_word' id='word_1_43' title='bbox 1061 545 1256 604; x_wconf 88' lang='lat' dir='ltr'><strong>status,</strong></span> <span class='ocrx_word' id='word_1_44' title='bbox 1291 539 1543 608; x_wconf 83' lang='lat' dir='ltr'><strong>salusque</strong></span> <span class='ocrx_word' id='word_1_45' title='bbox 1566 536 1958 593; x_wconf 75' lang='lat' dir='ltr'><strong>committitur?</strong></span> 
     </span>
    </p>
   </div>
   <div class='ocr_carea' id='block_1_8' title="bbox 363 628 1955 703">
    <p class='ocr_par' dir='ltr' id='par_1_8' title="bbox 363 628 1955 703">
     <span class='ocr_line' id='line_1_8' title="bbox 363 628 1955 703; baseline -0.002 -17"><span class='ocrx_word' id='word_1_46' title='bbox 363 628 560 703; x_wconf 76' lang='lat' dir='ltr'><strong>Diligat</strong></span> <span class='ocrx_word' id='word_1_47' title='bbox 588 645 719 703; x_wconf 89' lang='lat' dir='ltr'><strong>ergo</strong></span> <span class='ocrx_word' id='word_1_48' title='bbox 746 645 867 686; x_wconf 89' lang='lat' dir='ltr'><strong>eam</strong></span> <span class='ocrx_word' id='word_1_49' title='bbox 898 629 1121 686; x_wconf 87' lang='lat' dir='ltr'><strong>sicutse</strong></span> <span class='ocrx_word' id='word_1_50' title='bbox 1142 634 1338 700; x_wconf 83' lang='lat' dir='ltr'><strong>ipsum,</strong></span> <span class='ocrx_word' id='word_1_51' title='bbox 1371 632 1499 701; x_wconf 92' lang='lat' dir='ltr'><strong>quia</strong></span> <span class='ocrx_word' id='word_1_52' title='bbox 1524 628 1800 701; x_wconf 88' lang='lat' dir='ltr'><strong>diligendo</strong></span> <span class='ocrx_word' id='word_1_53' title='bbox 1836 642 1955 683; x_wconf 91' lang='lat' dir='ltr'><strong>eam</strong></span> 
     </span>
    </p>
   </div>
   <div class='ocr_carea' id='block_1_9' title="bbox 361 724 1953 798">
    <p class='ocr_par' dir='ltr' id='par_1_9' title="bbox 361 724 1953 798">
     <span class='ocr_line' id='line_1_9' title="bbox 361 724 1953 798; baseline 0 -17"><span class='ocrx_word' id='word_1_54' title='bbox 361 725 507 781; x_wconf 90' lang='lat' dir='ltr'><strong>sicut</strong></span> <span class='ocrx_word' id='word_1_55' title='bbox 542 740 604 782; x_wconf 91' lang='lat' dir='ltr'><strong>se</strong></span> <span class='ocrx_word' id='word_1_56' title='bbox 646 726 849 798; x_wconf 88' lang='lat' dir='ltr'><strong>ipsum,</strong></span> <span class='ocrx_word' id='word_1_57' title='bbox 884 724 1215 783; x_wconf 71' lang='lat' dir='ltr'><strong>desiderabit</strong></span> <span class='ocrx_word' id='word_1_58' title='bbox 1256 741 1377 782; x_wconf 89' lang='lat' dir='ltr'><strong>eam</strong></span> <span class='ocrx_word' id='word_1_59' title='bbox 1421 726 1607 782; x_wconf 87' lang='lat' dir='ltr'><strong>videre</strong></span> <span class='ocrx_word' id='word_1_60' title='bbox 1651 724 1953 797; x_wconf 82' lang='lat' dir='ltr'><strong>paciﬁcam,</strong></span> 
     </span>
    </p>
   </div>
   <div class='ocr_carea' id='block_1_10' title="bbox 361 818 1958 891">
    <p class='ocr_par' dir='ltr' id='par_1_10' title="bbox 361 818 1958 891">
     <span class='ocr_line' id='line_1_10' title="bbox 361 818 1958 891; baseline -0.001 -15"><span class='ocrx_word' id='word_1_61' title='bbox 361 821 643 891; x_wconf 76' lang='lat' dir='ltr'><strong>quietam,</strong></span> <span class='ocrx_word' id='word_1_62' title='bbox 699 818 1075 888; x_wconf 86' lang='lat' dir='ltr'><strong>fructiferam,</strong></span> <span class='ocrx_word' id='word_1_63' title='bbox 1142 821 1262 876; x_wconf 86' lang='lat' dir='ltr'><strong>sine</strong></span> <span class='ocrx_word' id='word_1_64' title='bbox 1320 819 1500 891; x_wconf 87' lang='lat' dir='ltr'><strong>aliqua</strong></span> <span class='ocrx_word' id='word_1_65' title='bbox 1556 819 1958 890; x_wconf 85' lang='lat' dir='ltr'><strong>perturbatione</strong></span> 
     </span>
    </p>
   </div>
   <div class='ocr_carea' id='block_1_11' title="bbox 362 910 1957 983">
    <p class='ocr_par' dir='ltr' id='par_1_11' title="bbox 362 910 1957 983">
     <span class='ocr_line' id='line_1_11' title="bbox 362 910 1957 983; baseline -0.001 -16"><span class='ocrx_word' id='word_1_66' title='bbox 362 911 733 981; x_wconf 82' lang='lat' dir='ltr'><strong>tranquillam,</strong></span> <span class='ocrx_word' id='word_1_67' title='bbox 766 910 907 967; x_wconf 82' lang='lat' dir='ltr'><strong>sicut</strong></span> <span class='ocrx_word' id='word_1_68' title='bbox 939 910 1059 981; x_wconf 90' lang='lat' dir='ltr'><strong>ipse</strong></span> <span class='ocrx_word' id='word_1_69' title='bbox 1104 911 1288 983; x_wconf 88' lang='lat' dir='ltr'><strong>utique</strong></span> <span class='ocrx_word' id='word_1_70' title='bbox 1332 920 1594 982; x_wconf 80' lang='lat' dir='ltr'><strong>quantum</strong></span> <span class='ocrx_word' id='word_1_71' title='bbox 1625 920 1801 980; x_wconf 85' lang='lat' dir='ltr'><strong>potest</strong></span> <span class='ocrx_word' id='word_1_72' title='bbox 1831 910 1957 966; x_wconf 88' lang='lat' dir='ltr'><strong>niti-</strong></span> 
     </span>
    </p>
   </div>
   <div class='ocr_carea' id='block_1_12' title="bbox 363 1004 1957 1079">
    <p class='ocr_par' dir='ltr' id='par_1_12' title="bbox 363 1004 1957 1079">
     <span class='ocr_line' id='line_1_12' title="bbox 363 1004 1957 1079; baseline 0.001 -20"><span class='ocrx_word' id='word_1_73' title='bbox 363 1013 472 1072; x_wconf 89' lang='lat' dir='ltr'><strong>tur,</strong></span> <span class='ocrx_word' id='word_1_74' title='bbox 510 1015 567 1061; x_wconf 91' lang='lat' dir='ltr'><strong>ut</strong></span> <span class='ocrx_word' id='word_1_75' title='bbox 609 1004 886 1079; x_wconf 83' lang='lat' dir='ltr'><strong>paciﬁcus,</strong></span> <span class='ocrx_word' id='word_1_76' title='bbox 916 1005 1153 1077; x_wconf 85' lang='lat' dir='ltr'><strong>quietus,</strong></span> <span class='ocrx_word' id='word_1_77' title='bbox 1182 1006 1489 1076; x_wconf 87' lang='lat' dir='ltr'><strong>opulentus,</strong></span> <span class='ocrx_word' id='word_1_78' title='bbox 1521 1015 1578 1062; x_wconf 92' lang='lat' dir='ltr'><strong>et</strong></span> <span class='ocrx_word' id='word_1_79' title='bbox 1618 1005 1735 1061; x_wconf 85' lang='lat' dir='ltr'><strong>sine</strong></span> <span class='ocrx_word' id='word_1_80' title='bbox 1777 1006 1957 1076; x_wconf 88' lang='lat' dir='ltr'><strong>aliqua</strong></span> 
     </span>
    </p>
   </div>
   <div class='ocr_carea' id='block_1_13' title="bbox 360 1096 1955 1171">
    <p class='ocr_par' dir='ltr' id='par_1_13' title="bbox 360 1096 1955 1171">
     <span class='ocr_line' id='line_1_13' title="bbox 360 1096 1955 1171; baseline 0.001 -19"><span class='ocrx_word' id='word_1_81' title='bbox 360 1096 431 1153; x_wconf 89' lang='lat' dir='ltr'><strong>sit</strong></span> <span class='ocrx_word' id='word_1_82' title='bbox 480 1098 895 1168; x_wconf 79' lang='lat' dir='ltr'><strong>perturbatione</strong></span> <span class='ocrx_word' id='word_1_83' title='bbox 940 1099 1283 1170; x_wconf 90' lang='lat' dir='ltr'><strong>tranquillus.</strong></span> <span class='ocrx_word' id='word_1_84' title='bbox 1324 1099 1619 1171; x_wconf 86' lang='lat' dir='ltr'><strong>Ingredere</strong></span> <span class='ocrx_word' id='word_1_85' title='bbox 1658 1100 1822 1171; x_wconf 77' lang='lat' dir='ltr'><strong>igitur</strong></span> <span class='ocrx_word' id='word_1_86' title='bbox 1873 1108 1955 1166; x_wconf 90' lang='lat' dir='ltr'><strong>tu,</strong></span> 
     </span>
    </p>
   </div>
   <div class='ocr_carea' id='block_1_14' title="bbox 361 1189 1958 1264">
    <p class='ocr_par' dir='ltr' id='par_1_14' title="bbox 361 1189 1958 1264">
     <span class='ocr_line' id='line_1_14' title="bbox 361 1189 1958 1264; baseline 0.001 -20"><span class='ocrx_word' id='word_1_87' title='bbox 361 1189 600 1247; x_wconf 87' lang='lat' dir='ltr'><strong>virorum</strong></span> <span class='ocrx_word' id='word_1_88' title='bbox 630 1194 860 1260; x_wconf 90' lang='lat' dir='ltr'><strong>optime,</strong></span> <span class='ocrx_word' id='word_1_89' title='bbox 891 1191 1105 1263; x_wconf 89' lang='lat' dir='ltr'><strong>quoties</strong></span> <span class='ocrx_word' id='word_1_90' title='bbox 1138 1195 1346 1264; x_wconf 79' lang='lat' dir='ltr'><strong>cogitas</strong></span> <span class='ocrx_word' id='word_1_91' title='bbox 1374 1192 1549 1261; x_wconf 84' lang='lat' dir='ltr'><strong>qualis</strong></span> <span class='ocrx_word' id='word_1_92' title='bbox 1575 1206 1696 1248; x_wconf 88' lang='lat' dir='ltr'><strong>esse</strong></span> <span class='ocrx_word' id='word_1_93' title='bbox 1724 1192 1778 1245; x_wconf 91' lang='lat' dir='ltr'><strong>in</strong></span> <span class='ocrx_word' id='word_1_94' title='bbox 1820 1190 1958 1246; x_wconf 89' lang='lat' dir='ltr'><strong>acti-</strong></span> 
     </span>
    </p>
   </div>
   <div class='ocr_carea' id='block_1_15' title="bbox 361 1281 1956 1355">
    <p class='ocr_par' dir='ltr' id='par_1_15' title="bbox 361 1281 1956 1355">
     <span class='ocr_line' id='line_1_15' title="bbox 361 1281 1956 1355; baseline 0.001 -18"><span class='ocrx_word' id='word_1_95' title='bbox 361 1282 461 1337; x_wconf 88' lang='lat' dir='ltr'><strong>bus</strong></span> <span class='ocrx_word' id='word_1_96' title='bbox 496 1281 828 1339; x_wconf 76' lang='lat' dir='ltr'><strong>militaribus</strong></span> <span class='ocrx_word' id='word_1_97' title='bbox 873 1283 1096 1347; x_wconf 85' lang='lat' dir='ltr'><strong>debeas,</strong></span> <span class='ocrx_word' id='word_1_98' title='bbox 1144 1284 1432 1355; x_wconf 74' lang='lat' dir='ltr'><strong>ingredere</strong></span> <span class='ocrx_word' id='word_1_99' title='bbox 1474 1283 1824 1340; x_wconf 74' lang='lat' dir='ltr'><strong>conscientiae</strong></span> <span class='ocrx_word' id='word_1_100' title='bbox 1851 1292 1956 1339; x_wconf 72' lang='lat' dir='ltr'><strong>tua:</strong></span> 
     </span>
    </p>
   </div>
   <div class='ocr_carea' id='block_1_16' title="bbox 364 1373 1960 1449">
    <p class='ocr_par' dir='ltr' id='par_1_16' title="bbox 364 1373 1960 1449">
     <span class='ocr_line' id='line_1_16' title="bbox 364 1373 1960 1449; baseline -0.001 -18"><span class='ocrx_word' id='word_1_101' title='bbox 364 1373 629 1431; x_wconf 89' lang='lat' dir='ltr'><strong>latissima</strong></span> <span class='ocrx_word' id='word_1_102' title='bbox 676 1377 997 1446; x_wconf 87' lang='lat' dir='ltr'><strong>penetralia.</strong></span> <span class='ocrx_word' id='word_1_103' title='bbox 1033 1376 1165 1433; x_wconf 87' lang='lat' dir='ltr'><strong>Vide</strong></span> <span class='ocrx_word' id='word_1_104' title='bbox 1206 1376 1283 1434; x_wconf 91' lang='lat' dir='ltr'><strong>ibi</strong></span> <span class='ocrx_word' id='word_1_105' title='bbox 1330 1377 1605 1449; x_wconf 85' lang='lat' dir='ltr'><strong>quomodo</strong></span> <span class='ocrx_word' id='word_1_106' title='bbox 1642 1375 1829 1446; x_wconf 89' lang='lat' dir='ltr'><strong>cupias</strong></span> <span class='ocrx_word' id='word_1_107' title='bbox 1870 1375 1960 1430; x_wconf 83' lang='lat' dir='ltr'><strong>ha-</strong></span> 
     </span>
    </p>
   </div>
   <div class='ocr_carea' id='block_1_17' title="bbox 360 1464 1956 1538">
    <p class='ocr_par' dir='ltr' id='par_1_17' title="bbox 360 1464 1956 1538">
     <span class='ocr_line' id='line_1_17' title="bbox 360 1464 1956 1538; baseline 0 -13"><span class='ocrx_word' id='word_1_108' title='bbox 360 1464 492 1525; x_wconf 89' lang='lat' dir='ltr'><strong>bere</strong></span> <span class='ocrx_word' id='word_1_109' title='bbox 540 1467 819 1534; x_wconf 79' lang='lat' dir='ltr'><strong>lretitiam;</strong></span> <span class='ocrx_word' id='word_1_110' title='bbox 868 1478 924 1526; x_wconf 88' lang='lat' dir='ltr'><strong>et</strong></span> <span class='ocrx_word' id='word_1_111' title='bbox 975 1469 1261 1535; x_wconf 74' lang='lat' dir='ltr'><strong>diligenter</strong></span> <span class='ocrx_word' id='word_1_112' title='bbox 1299 1485 1452 1536; x_wconf 84' lang='lat' dir='ltr'><strong>cave,</strong></span> <span class='ocrx_word' id='word_1_113' title='bbox 1509 1478 1570 1526; x_wconf 88' lang='lat' dir='ltr'><strong>ut</strong></span> <span class='ocrx_word' id='word_1_114' title='bbox 1626 1468 1956 1538; x_wconf 76' lang='lat' dir='ltr'><strong>reapublica,</strong></span> 
     </span>
    </p>
   </div>
   <div class='ocr_carea' id='block_1_18' title="bbox 362 1561 1957 1636">
    <p class='ocr_par' dir='ltr' id='par_1_18' title="bbox 362 1561 1957 1636">
     <span class='ocr_line' id='line_1_18' title="bbox 362 1561 1957 1636; baseline 0.004 -21"><span class='ocrx_word' id='word_1_115' title='bbox 362 1574 520 1632; x_wconf 88' lang='lat' dir='ltr'><strong>quam</strong></span> <span class='ocrx_word' id='word_1_116' title='bbox 542 1561 724 1634; x_wconf 69' lang='lat' dir='ltr'><strong>diligis</strong></span> <span class='ocrx_word' id='word_1_117' title='bbox 763 1564 905 1620; x_wconf 85' lang='lat' dir='ltr'><strong>sicut</strong></span> <span class='ocrx_word' id='word_1_118' title='bbox 950 1573 1003 1621; x_wconf 90' lang='lat' dir='ltr'><strong>te</strong></span> <span class='ocrx_word' id='word_1_119' title='bbox 1034 1564 1233 1635; x_wconf 89' lang='lat' dir='ltr'><strong>ipsum,</strong></span> <span class='ocrx_word' id='word_1_120' title='bbox 1277 1565 1477 1621; x_wconf 88' lang='lat' dir='ltr'><strong>nullam</strong></span> <span class='ocrx_word' id='word_1_121' title='bbox 1512 1565 1682 1636; x_wconf 86' lang='lat' dir='ltr'><strong>possit</strong></span> <span class='ocrx_word' id='word_1_122' title='bbox 1718 1566 1827 1636; x_wconf 88' lang='lat' dir='ltr'><strong>pati</strong></span> <span class='ocrx_word' id='word_1_123' title='bbox 1862 1567 1957 1621; x_wconf 86' lang='lat' dir='ltr'><strong>tri-</strong></span> 
     </span>
    </p>
   </div>
   <div class='ocr_carea' id='block_1_19' title="bbox 362 1654 2033 1733">
    <p class='ocr_par' dir='ltr' id='par_1_19' title="bbox 362 1654 2033 1733">
     <span class='ocr_line' id='line_1_19' title="bbox 362 1654 2033 1733; baseline 0.001 -22"><span class='ocrx_word' id='word_1_124' title='bbox 362 1654 588 1711; x_wconf 88' lang='lat' dir='ltr'><strong>stitiam.</strong></span> <span class='ocrx_word' id='word_1_125' title='bbox 612 1656 905 1714; x_wconf 63' lang='lat' dir='ltr'><strong>Considera</strong></span> <span class='ocrx_word' id='word_1_126' title='bbox 929 1659 1054 1729; x_wconf 86' lang='lat' dir='ltr'><strong>quia</strong></span> <span class='ocrx_word' id='word_1_127' title='bbox 1078 1673 1177 1714; x_wconf 86' lang='lat' dir='ltr'><strong>nec</strong></span> <span class='ocrx_word' id='word_1_128' title='bbox 1198 1659 1451 1713; x_wconf 85' lang='lat' dir='ltr'><strong>damnum</strong></span> <span class='ocrx_word' id='word_1_129' title='bbox 1482 1658 1575 1713; x_wconf 91' lang='lat' dir='ltr'><strong>tibi</strong></span> <span class='ocrx_word' id='word_1_130' title='bbox 1604 1658 1686 1714; x_wconf 87' lang='lat' dir='ltr'><strong>vis</strong></span> <span class='ocrx_word' id='word_1_131' title='bbox 1710 1656 1954 1725; x_wconf 85' lang='lat' dir='ltr'><strong>evenire,</strong></span> <span class='ocrx_word' id='word_1_132' title='bbox 1984 1670 2033 1733; x_wconf 70' lang='grc' dir='ltr'><strong>Β</strong></span> 
     </span>
    </p>
   </div>
   <div class='ocr_carea' id='block_1_20' title="bbox 363 1750 1955 1823">
    <p class='ocr_par' dir='ltr' id='par_1_20' title="bbox 363 1750 1955 1823">
     <span class='ocr_line' id='line_1_20' title="bbox 363 1750 1955 1823; baseline 0.001 -18"><span class='ocrx_word' id='word_1_133' title='bbox 363 1763 467 1805; x_wconf 89' lang='lat' dir='ltr'><strong>nec</strong></span> <span class='ocrx_word' id='word_1_134' title='bbox 494 1751 747 1823; x_wconf 64' lang='lat' dir='ltr'><strong>dolorem~</strong></span> <span class='ocrx_word' id='word_1_135' title='bbox 833 1766 880 1807; x_wconf 55' lang='lat' dir='ltr'><strong>ac</strong></span> <span class='ocrx_word' id='word_1_136' title='bbox 915 1751 1186 1808; x_wconf 88' lang='lat' dir='ltr'><strong>dedecus:</strong></span> <span class='ocrx_word' id='word_1_137' title='bbox 1217 1761 1274 1807; x_wconf 87' lang='lat' dir='ltr'><strong>et</strong></span> <span class='ocrx_word' id='word_1_138' title='bbox 1311 1753 1379 1807; x_wconf 90' lang='lat' dir='ltr'><strong>ab</strong></span> <span class='ocrx_word' id='word_1_139' title='bbox 1406 1752 1525 1807; x_wconf 88' lang='lat' dir='ltr'><strong>istis</strong></span> <span class='ocrx_word' id='word_1_140' title='bbox 1563 1751 1718 1806; x_wconf 89' lang='lat' dir='ltr'><strong>malis</strong></span> <span class='ocrx_word' id='word_1_141' title='bbox 1743 1750 1955 1821; x_wconf 87' lang='lat' dir='ltr'><strong>eripere</strong></span> 
     </span>
    </p>
   </div>
   <div class='ocr_carea' id='block_1_21' title="bbox 363 1834 1957 1910">
    <p class='ocr_par' dir='ltr' id='par_1_21' title="bbox 363 1834 1957 1910">
     <span class='ocr_line' id='line_1_21' title="bbox 363 1834 1957 1910; baseline 0.001 -18"><span class='ocrx_word' id='word_1_142' title='bbox 363 1834 556 1893; x_wconf 85' lang='lat' dir='ltr'><strong>festina</strong></span> <span class='ocrx_word' id='word_1_143' title='bbox 600 1840 1004 1908; x_wconf 59' lang='lat' dir='ltr'><strong>rempunticain.</strong></span> <span class='ocrx_word' id='word_1_144' title='bbox 1056 1838 1114 1895; x_wconf 90' lang='lat' dir='ltr'><strong>Si</strong></span> <span class='ocrx_word' id='word_1_145' title='bbox 1158 1839 1403 1910; x_wconf 86' lang='lat' dir='ltr'><strong>displicet</strong></span> <span class='ocrx_word' id='word_1_146' title='bbox 1452 1838 1547 1894; x_wconf 89' lang='lat' dir='ltr'><strong>tibi</strong></span> <span class='ocrx_word' id='word_1_147' title='bbox 1586 1838 1803 1909; x_wconf 90' lang='lat' dir='ltr'><strong>quando</strong></span> <span class='ocrx_word' id='word_1_148' title='bbox 1840 1839 1957 1908; x_wconf 90' lang='lat' dir='ltr'><strong>ipse</strong></span> 
     </span>
    </p>
   </div>
   <div class='ocr_carea' id='block_1_22' title="bbox 362 1933 1955 2004">
    <p class='ocr_par' dir='ltr' id='par_1_22' title="bbox 362 1933 1955 2004">
     <span class='ocr_line' id='line_1_22' title="bbox 362 1933 1955 2004; baseline 0 -17"><span class='ocrx_word' id='word_1_149' title='bbox 362 1933 608 2003; x_wconf 84' lang='lat' dir='ltr'><strong>privatim</strong></span> <span class='ocrx_word' id='word_1_150' title='bbox 633 1934 941 1989; x_wconf 82' lang='lat' dir='ltr'><strong>violentiam</strong></span> <span class='ocrx_word' id='word_1_151' title='bbox 965 1934 1186 2004; x_wconf 90' lang='lat' dir='ltr'><strong>pateris,</strong></span> <span class='ocrx_word' id='word_1_152' title='bbox 1215 1934 1366 1989; x_wconf 89' lang='lat' dir='ltr'><strong>odire</strong></span> <span class='ocrx_word' id='word_1_153' title='bbox 1388 1933 1554 1990; x_wconf 89' lang='lat' dir='ltr'><strong>debes</strong></span> <span class='ocrx_word' id='word_1_154' title='bbox 1587 1947 1817 2004; x_wconf 88' lang='lat' dir='ltr'><strong>quorum</strong></span> <span class='ocrx_word' id='word_1_155' title='bbox 1839 1933 1955 1987; x_wconf 88' lang='lat' dir='ltr'><strong>vio-</strong></span> 
     </span>
    </p>
   </div>
   <div class='ocr_carea' id='block_1_23' title="bbox 364 2022 1955 2097">
    <p class='ocr_par' dir='ltr' id='par_1_23' title="bbox 364 2022 1955 2097">
     <span class='ocr_line' id='line_1_23' title="bbox 364 2022 1955 2097; baseline 0.001 -17"><span class='ocrx_word' id='word_1_156' title='bbox 364 2022 544 2080; x_wconf 88' lang='lat' dir='ltr'><strong>lentiis</strong></span> <span class='ocrx_word' id='word_1_157' title='bbox 599 2026 899 2096; x_wconf 85' lang='lat' dir='ltr'><strong>respublica</strong></span> <span class='ocrx_word' id='word_1_158' title='bbox 951 2026 1257 2082; x_wconf 87' lang='lat' dir='ltr'><strong>tribulatur.</strong></span> <span class='ocrx_word' id='word_1_159' title='bbox 1311 2026 1367 2082; x_wconf 90' lang='lat' dir='ltr'><strong>Si</strong></span> <span class='ocrx_word' id='word_1_160' title='bbox 1418 2027 1638 2097; x_wconf 89' lang='lat' dir='ltr'><strong>rapinas</strong></span> <span class='ocrx_word' id='word_1_161' title='bbox 1688 2026 1955 2082; x_wconf 89' lang='lat' dir='ltr'><strong>bonorum</strong></span> 
     </span>
    </p>
   </div>
   <div class='ocr_carea' id='block_1_24' title="bbox 364 2116 1958 2188">
    <p class='ocr_par' dir='ltr' id='par_1_24' title="bbox 364 2116 1958 2188">
     <span class='ocr_line' id='line_1_24' title="bbox 364 2116 1958 2188; baseline 0.001 -17"><span class='ocrx_word' id='word_1_162' title='bbox 364 2123 578 2173; x_wconf 92' lang='lat' dir='ltr'><strong>tuorum</strong></span> <span class='ocrx_word' id='word_1_163' title='bbox 623 2118 857 2176; x_wconf 88' lang='lat' dir='ltr'><strong>tolerare</strong></span> <span class='ocrx_word' id='word_1_164' title='bbox 906 2118 1182 2185; x_wconf 89' lang='lat' dir='ltr'><strong>formidas,</strong></span> <span class='ocrx_word' id='word_1_165' title='bbox 1227 2120 1674 2175; x_wconf 88' lang='lat' dir='ltr'><strong>consuetudinem</strong></span> <span class='ocrx_word' id='word_1_166' title='bbox 1712 2116 1958 2188; x_wconf 83' lang='lat' dir='ltr'><strong>rapiendi</strong></span> 
     </span>
    </p>
   </div>
   <div class='ocr_carea' id='block_1_25' title="bbox 365 2210 1958 2282">
    <p class='ocr_par' dir='ltr' id='par_1_25' title="bbox 365 2210 1958 2282">
     <span class='ocr_line' id='line_1_25' title="bbox 365 2210 1958 2282; baseline 0.002 -17"><span class='ocrx_word' id='word_1_167' title='bbox 365 2210 495 2267; x_wconf 87' lang='lat' dir='ltr'><strong>tolle</strong></span> <span class='ocrx_word' id='word_1_168' title='bbox 519 2213 843 2282; x_wconf 86' lang='lat' dir='ltr'><strong>raptoribus.</strong></span> <span class='ocrx_word' id='word_1_169' title='bbox 874 2213 932 2269; x_wconf 89' lang='lat' dir='ltr'><strong>Si</strong></span> <span class='ocrx_word' id='word_1_170' title='bbox 961 2213 1268 2282; x_wconf 89' lang='lat' dir='ltr'><strong>detestaris,</strong></span> <span class='ocrx_word' id='word_1_171' title='bbox 1304 2224 1357 2270; x_wconf 91' lang='lat' dir='ltr'><strong>et</strong></span> <span class='ocrx_word' id='word_1_172' title='bbox 1388 2214 1665 2269; x_wconf 89' lang='lat' dir='ltr'><strong>inimicum</strong></span> <span class='ocrx_word' id='word_1_173' title='bbox 1693 2214 1958 2269; x_wconf 79' lang='lat' dir='ltr'><strong>veraciter</strong></span> 
     </span>
    </p>
   </div>
   <div class='ocr_carea' id='block_1_26' title="bbox 365 2306 1959 2377">
    <p class='ocr_par' dir='ltr' id='par_1_26' title="bbox 365 2306 1959 2377">
     <span class='ocr_line' id='line_1_26' title="bbox 365 2306 1959 2377; baseline 0.003 -19"><span class='ocrx_word' id='word_1_174' title='bbox 365 2312 542 2374; x_wconf 84' lang='lat' dir='ltr'><strong>putas,</strong></span> <span class='ocrx_word' id='word_1_175' title='bbox 580 2306 885 2376; x_wconf 85' lang='lat' dir='ltr'><strong>quicunque</strong></span> <span class='ocrx_word' id='word_1_176' title='bbox 917 2315 968 2362; x_wconf 93' lang='lat' dir='ltr'><strong>te</strong></span> <span class='ocrx_word' id='word_1_177' title='bbox 1017 2307 1168 2364; x_wconf 83' lang='lat' dir='ltr'><strong>falsis</strong></span> <span class='ocrx_word' id='word_1_178' title='bbox 1207 2307 1641 2363; x_wconf 82' lang='lat' dir='ltr'><strong>accusationibus</strong></span> <span class='ocrx_word' id='word_1_179' title='bbox 1684 2306 1959 2377; x_wconf 87' lang='lat' dir='ltr'><strong>appetive-</strong></span> 
     </span>
    </p>
   </div>
   <div class='ocr_carea' id='block_1_27' title="bbox 364 2395 1961 2467">
    <p class='ocr_par' dir='ltr' id='par_1_27' title="bbox 364 2395 1961 2467">
     <span class='ocr_line' id='line_1_27' title="bbox 364 2395 1961 2467; baseline 0 -16"><span class='ocrx_word' id='word_1_180' title='bbox 364 2395 454 2460; x_wconf 90' lang='lat' dir='ltr'><strong>rit,</strong></span> <span class='ocrx_word' id='word_1_181' title='bbox 501 2398 862 2452; x_wconf 74' lang='lat' dir='ltr'><strong>exsecrabiles</strong></span> <span class='ocrx_word' id='word_1_182' title='bbox 906 2395 1088 2467; x_wconf 86' lang='lat' dir='ltr'><strong>judica</strong></span> <span class='ocrx_word' id='word_1_183' title='bbox 1135 2398 1427 2467; x_wconf 59' lang='lat' dir='ltr'><strong>provincia</strong></span> <span class='ocrx_word' id='word_1_184' title='bbox 1468 2400 1631 2453; x_wconf 84' lang='lat' dir='ltr'><strong>totius</strong></span> <span class='ocrx_word' id='word_1_185' title='bbox 1677 2406 1961 2453; x_wconf 86' lang='lat' dir='ltr'><strong>accusato-</strong></span> 
     </span>
    </p>
   </div>
   <div class='ocr_carea' id='block_1_28' title="bbox 364 2488 1961 2560">
    <p class='ocr_par' dir='ltr' id='par_1_28' title="bbox 364 2488 1961 2560">
     <span class='ocr_line' id='line_1_28' title="bbox 364 2488 1961 2560; baseline 0.002 -16"><span class='ocrx_word' id='word_1_186' title='bbox 364 2499 477 2544; x_wconf 85' lang='lat' dir='ltr'><strong>res.</strong></span> <span class='ocrx_word' id='word_1_187' title='bbox 518 2492 600 2545; x_wconf 84' lang='lat' dir='ltr'><strong>An</strong></span> <span class='ocrx_word' id='word_1_188' title='bbox 632 2488 856 2545; x_wconf 72' lang='lat' dir='ltr'><strong>forsitan</strong></span> <span class='ocrx_word' id='word_1_189' title='bbox 888 2491 1103 2545; x_wconf 77' lang='lat' dir='ltr'><strong>difﬁcile</strong></span> <span class='ocrx_word' id='word_1_190' title='bbox 1141 2491 1414 2559; x_wconf 89' lang='lat' dir='ltr'><strong>arbitrari,</strong></span> <span class='ocrx_word' id='word_1_191' title='bbox 1442 2502 1503 2547; x_wconf 88' lang='lat' dir='ltr'><strong>ut</strong></span> <span class='ocrx_word' id='word_1_192' title='bbox 1538 2491 1773 2560; x_wconf 89' lang='lat' dir='ltr'><strong>patiatur</strong></span> <span class='ocrx_word' id='word_1_193' title='bbox 1802 2504 1961 2547; x_wconf 83' lang='lat' dir='ltr'><strong>accu-</strong></span> 
     </span>
    </p>
   </div>
   <div class='ocr_carea' id='block_1_29' title="bbox 371 2582 1955 2654">
    <p class='ocr_par' dir='ltr' id='par_1_29' title="bbox 371 2582 1955 2654">
     <span class='ocr_line' id='line_1_29' title="bbox 371 2582 1955 2654; baseline 0.002 -20"><span class='ocrx_word' id='word_1_194' title='bbox 371 2589 582 2636; x_wconf 88' lang='lat' dir='ltr'><strong>satores</strong></span> <span class='ocrx_word' id='word_1_195' title='bbox 614 2591 719 2637; x_wconf 86' lang='lat' dir='ltr'><strong>tota</strong></span> <span class='ocrx_word' id='word_1_196' title='bbox 750 2582 1057 2652; x_wconf 85' lang='lat' dir='ltr'><strong>provincia?</strong></span> <span class='ocrx_word' id='word_1_197' title='bbox 1096 2582 1224 2638; x_wconf 81' lang='lat' dir='ltr'><strong>Mibi</strong></span> <span class='ocrx_word' id='word_1_198' title='bbox 1266 2584 1449 2651; x_wconf 89' lang='lat' dir='ltr'><strong>crede,</strong></span> <span class='ocrx_word' id='word_1_199' title='bbox 1500 2582 1698 2653; x_wconf 68' lang='lat' dir='ltr'><strong>srepius</strong></span> <span class='ocrx_word' id='word_1_200' title='bbox 1735 2585 1955 2654; x_wconf 87' lang='lat' dir='ltr'><strong>patitur.</strong></span> 
     </span>
    </p>
   </div>
   <div class='ocr_carea' id='block_1_30' title="bbox 367 2670 1961 2745">
    <p class='ocr_par' dir='ltr' id='par_1_30' title="bbox 367 2670 1961 2745">
     <span class='ocr_line' id='line_1_30' title="bbox 367 2670 1961 2745; baseline 0.001 -16"><span class='ocrx_word' id='word_1_201' title='bbox 367 2670 729 2729; x_wconf 83' lang='lat' dir='ltr'><strong>Accusatores</strong></span> <span class='ocrx_word' id='word_1_202' title='bbox 757 2674 874 2744; x_wconf 87' lang='lat' dir='ltr'><strong>ejus</strong></span> <span class='ocrx_word' id='word_1_203' title='bbox 902 2684 1029 2729; x_wconf 91' lang='lat' dir='ltr'><strong>sunt</strong></span> <span class='ocrx_word' id='word_1_204' title='bbox 1065 2674 1381 2739; x_wconf 88' lang='lat' dir='ltr'><strong>ambitores,</strong></span> <span class='ocrx_word' id='word_1_205' title='bbox 1413 2674 1606 2744; x_wconf 84' lang='lat' dir='ltr'><strong>quibus</strong></span> <span class='ocrx_word' id='word_1_206' title='bbox 1634 2683 1692 2729; x_wconf 92' lang='lat' dir='ltr'><strong>ut</strong></span> <span class='ocrx_word' id='word_1_207' title='bbox 1722 2682 1961 2745; x_wconf 89' lang='lat' dir='ltr'><strong>potestas</strong></span> 
     </span>
    </p>
   </div>
   <div class='ocr_carea' id='block_1_31' title="bbox 367 2766 1957 2839">
    <p class='ocr_par' dir='ltr' id='par_1_31' title="bbox 367 2766 1957 2839">
     <span class='ocr_line' id='line_1_31' title="bbox 367 2766 1957 2839; baseline 0.003 -18"><span class='ocrx_word' id='word_1_208' title='bbox 367 2766 525 2822; x_wconf 86' lang='lat' dir='ltr'><strong>detur</strong></span> <span class='ocrx_word' id='word_1_209' title='bbox 552 2768 852 2838; x_wconf 84' lang='lat' dir='ltr'><strong>opprimere</strong></span> <span class='ocrx_word' id='word_1_210' title='bbox 886 2783 1169 2839; x_wconf 85' lang='lat' dir='ltr'><strong>pauperes,</strong></span> <span class='ocrx_word' id='word_1_211' title='bbox 1205 2768 1557 2838; x_wconf 86' lang='lat' dir='ltr'><strong>impossibilia</strong></span> <span class='ocrx_word' id='word_1_212' title='bbox 1594 2770 1957 2839; x_wconf 87' lang='lat' dir='ltr'><strong>pollicentur;</strong></span> 
     </span>
    </p>
   </div>
   <div class='ocr_carea' id='block_1_32' title="bbox 367 2859 2018 2934">
    <p class='ocr_par' dir='ltr' id='par_1_32' title="bbox 367 2859 2018 2934">
     <span class='ocr_line' id='line_1_32' title="bbox 367 2859 2018 2934; baseline 0.001 -19"><span class='ocrx_word' id='word_1_213' title='bbox 367 2866 423 2915; x_wconf 86' lang='lat' dir='ltr'><strong>et</strong></span> <span class='ocrx_word' id='word_1_214' title='bbox 445 2859 722 2924; x_wconf 88' lang='lat' dir='ltr'><strong>desolatis,</strong></span> <span class='ocrx_word' id='word_1_215' title='bbox 756 2860 885 2915; x_wconf 90' lang='lat' dir='ltr'><strong>belli</strong></span> <span class='ocrx_word' id='word_1_216' title='bbox 911 2875 1125 2932; x_wconf 90' lang='lat' dir='ltr'><strong>quoque</strong></span> <span class='ocrx_word' id='word_1_217' title='bbox 1154 2862 1373 2917; x_wconf 84' lang='lat' dir='ltr'><strong>incursu</strong></span> <span class='ocrx_word' id='word_1_218' title='bbox 1400 2862 1510 2932; x_wconf 88' lang='lat' dir='ltr'><strong>jam</strong></span> <span class='ocrx_word' id='word_1_219' title='bbox 1534 2862 1757 2933; x_wconf 88' lang='lat' dir='ltr'><strong>perditis</strong></span> <span class='ocrx_word' id='word_1_220' title='bbox 1784 2862 1964 2934; x_wconf 87' lang='lat' dir='ltr'><strong>regio-</strong></span> <span class='ocrx_word' id='word_1_221' title='bbox 2005 2885 2018 2908; x_wconf 78' lang='grc' dir='ltr'><strong>ι</strong></span> 
     </span>
    </p>
   </div>
   <div class='ocr_carea' id='block_1_33' title="bbox 369 2953 1963 3024">
    <p class='ocr_par' dir='ltr' id='par_1_33' title="bbox 369 2953 1963 3024">
     <span class='ocr_line' id='line_1_33' title="bbox 369 2953 1963 3024; baseline 0.002 -16"><span class='ocrx_word' id='word_1_222' title='bbox 369 2953 550 3021; x_wconf 90' lang='lat' dir='ltr'><strong>nibus,</strong></span> <span class='ocrx_word' id='word_1_223' title='bbox 583 2962 780 3010; x_wconf 88' lang='lat' dir='ltr'><strong>statum</strong></span> <span class='ocrx_word' id='word_1_224' title='bbox 811 2955 1050 3024; x_wconf 70' lang='lat' dir='ltr'><strong>pristinze</strong></span> <span class='ocrx_word' id='word_1_225' title='bbox 1096 2956 1404 3011; x_wconf 85' lang='lat' dir='ltr'><strong>stabilitatis</strong></span> <span class='ocrx_word' id='word_1_226' title='bbox 1432 2956 1739 3021; x_wconf 86' lang='lat' dir='ltr'><strong>ascribunt;</strong></span> <span class='ocrx_word' id='word_1_227' title='bbox 1787 2957 1963 3012; x_wconf 89' lang='lat' dir='ltr'><strong>adhuc</strong></span> 
     </span>
    </p>
   </div>
   <div class='ocr_carea' id='block_1_34' title="bbox 2069 350 3659 422">
    <p class='ocr_par' dir='ltr' id='par_1_34' title="bbox 2069 350 3659 422">
     <span class='ocr_line' id='line_1_34' title="bbox 2069 350 3659 422; baseline 0.002 -16"><span class='ocrx_word' id='word_1_228' title='bbox 2069 351 2202 407; x_wconf 90' lang='lat' dir='ltr'><strong>mini</strong></span> <span class='ocrx_word' id='word_1_229' title='bbox 2234 360 2568 422; x_wconf 84' lang='lat' dir='ltr'><strong>protegente,</strong></span> <span class='ocrx_word' id='word_1_230' title='bbox 2618 358 2930 408; x_wconf 89' lang='lat' dir='ltr'><strong>meruerunt</strong></span> <span class='ocrx_word' id='word_1_231' title='bbox 2971 350 3057 407; x_wconf 90' lang='lat' dir='ltr'><strong>vel</strong></span> <span class='ocrx_word' id='word_1_232' title='bbox 3105 351 3267 407; x_wconf 66' lang='lat' dir='ltr'><strong>illaesa</strong></span> <span class='ocrx_word' id='word_1_233' title='bbox 3311 352 3537 419; x_wconf 83' lang='lat' dir='ltr'><strong>servari,</strong></span> <span class='ocrx_word' id='word_1_234' title='bbox 3569 350 3659 409; x_wconf 89' lang='lat' dir='ltr'><strong>vel</strong></span> 
     </span>
    </p>
   </div>
   <div class='ocr_carea' id='block_1_35' title="bbox 2068 444 3655 515">
    <p class='ocr_par' dir='ltr' id='par_1_35' title="bbox 2068 444 3655 515">
     <span class='ocr_line' id='line_1_35' title="bbox 2068 444 3655 515; baseline 0.001 -15"><span class='ocrx_word' id='word_1_235' title='bbox 2068 444 2293 500; x_wconf 86' lang='lat' dir='ltr'><strong>forsitan</strong></span> <span class='ocrx_word' id='word_1_236' title='bbox 2338 460 2524 515; x_wconf 86' lang='lat' dir='ltr'><strong>parum</strong></span> <span class='ocrx_word' id='word_1_237' title='bbox 2555 445 2697 500; x_wconf 73' lang='lat' dir='ltr'><strong>laedi.</strong></span> <span class='ocrx_word' id='word_1_238' title='bbox 2738 446 2978 514; x_wconf 80' lang='lat' dir='ltr'><strong>Quorum</strong></span> <span class='ocrx_word' id='word_1_239' title='bbox 3022 447 3237 500; x_wconf 86' lang='lat' dir='ltr'><strong>nomina</strong></span> <span class='ocrx_word' id='word_1_240' title='bbox 3281 449 3655 501; x_wconf 82' lang='lat' dir='ltr'><strong>commendata</strong></span> 
     </span>
    </p>
   </div>
   <div class='ocr_carea' id='block_1_36' title="bbox 2065 537 3628 607">
    <p class='ocr_par' dir='ltr' id='par_1_36' title="bbox 2065 537 3628 607">
     <span class='ocr_line' id='line_1_36' title="bbox 2065 537 3628 607; baseline 0.001 -14"><span class='ocrx_word' id='word_1_241' title='bbox 2065 537 2341 595; x_wconf 65' lang='lat' dir='ltr'><strong>memoria</strong></span> <span class='ocrx_word' id='word_1_242' title='bbox 2393 538 2730 607; x_wconf 87' lang='lat' dir='ltr'><strong>frequentius</strong></span> <span class='ocrx_word' id='word_1_243' title='bbox 2781 540 3093 604; x_wconf 89' lang='lat' dir='ltr'><strong>recitantes,</strong></span> <span class='ocrx_word' id='word_1_244' title='bbox 3125 550 3530 607; x_wconf 85' lang='lat' dir='ltr'><strong>comparatione</strong></span> <span class='ocrx_word' id='word_1_245' title='bbox 3562 555 3628 595; x_wconf 90' lang='lat' dir='ltr'><strong>eo</strong></span> 
     </span>
    </p>
   </div>
   <div class='ocr_carea' id='block_1_37' title="bbox 2064 631 3659 704">
    <p class='ocr_par' dir='ltr' id='par_1_37' title="bbox 2064 631 3659 704">
     <span class='ocr_line' id='line_1_37' title="bbox 2064 631 3659 704; baseline -0.001 -16"><span class='ocrx_word' id='word_1_246' title='bbox 2064 647 2187 688; x_wconf 88' lang='lat' dir='ltr'><strong>rum</strong></span> <span class='ocrx_word' id='word_1_247' title='bbox 2229 631 2652 703; x_wconf 87' lang='lat' dir='ltr'><strong>magnitudinem</strong></span> <span class='ocrx_word' id='word_1_248' title='bbox 2683 633 2948 700; x_wconf 86' lang='lat' dir='ltr'><strong>generalis</strong></span> <span class='ocrx_word' id='word_1_249' title='bbox 2980 632 3306 688; x_wconf 87' lang='lat' dir='ltr'><strong>calamitatis</strong></span> <span class='ocrx_word' id='word_1_250' title='bbox 3343 640 3659 704; x_wconf 82' lang='lat' dir='ltr'><strong>extenuant,</strong></span> 
     </span>
    </p>
   </div>
   <div class='ocr_carea' id='block_1_38' title="bbox 2066 724 3659 796">
    <p class='ocr_par' dir='ltr' id='par_1_38' title="bbox 2066 724 3659 796">
     <span class='ocr_line' id='line_1_38' title="bbox 2066 724 3659 796; baseline 0.002 -18"><span class='ocrx_word' id='word_1_251' title='bbox 2066 733 2121 778; x_wconf 90' lang='lat' dir='ltr'><strong>et</strong></span> <span class='ocrx_word' id='word_1_252' title='bbox 2162 725 2349 778; x_wconf 90' lang='lat' dir='ltr'><strong>dicunt</strong></span> <span class='ocrx_word' id='word_1_253' title='bbox 2394 724 2561 794; x_wconf 89' lang='lat' dir='ltr'><strong>(sicut</strong></span> <span class='ocrx_word' id='word_1_254' title='bbox 2609 724 2834 793; x_wconf 87' lang='lat' dir='ltr'><strong>probare</strong></span> <span class='ocrx_word' id='word_1_255' title='bbox 2882 725 3001 780; x_wconf 84' lang='lat' dir='ltr'><strong>sine</strong></span> <span class='ocrx_word' id='word_1_256' title='bbox 3043 724 3205 780; x_wconf 85' lang='lat' dir='ltr'><strong>dubio</strong></span> <span class='ocrx_word' id='word_1_257' title='bbox 3255 725 3496 796; x_wconf 85' lang='lat' dir='ltr'><strong>potuisti)</strong></span> <span class='ocrx_word' id='word_1_258' title='bbox 3523 744 3535 778; x_wconf 89' lang='lat'><strong>:</strong></span> <span class='ocrx_word' id='word_1_259' title='bbox 3562 726 3659 781; x_wconf 83' lang='lat' dir='ltr'><strong>llis</strong></span> 
     </span>
    </p>
   </div>
   <div class='ocr_carea' id='block_1_39' title="bbox 2063 818 3661 890">
    <p class='ocr_par' dir='ltr' id='par_1_39' title="bbox 2063 818 3661 890">
     <span class='ocr_line' id='line_1_39' title="bbox 2063 818 3661 890; baseline -0.001 -16"><span class='ocrx_word' id='word_1_260' title='bbox 2063 818 2432 874; x_wconf 91' lang='lat' dir='ltr'><strong>functionibus</strong></span> <span class='ocrx_word' id='word_1_261' title='bbox 2473 818 2747 890; x_wconf 82' lang='lat' dir='ltr'><strong>provincia</strong></span> <span class='ocrx_word' id='word_1_262' title='bbox 2778 818 3007 885; x_wconf 74' lang='lat' dir='ltr'><strong>sufficit;</strong></span> <span class='ocrx_word' id='word_1_263' title='bbox 3041 819 3131 874; x_wconf 89' lang='lat' dir='ltr'><strong>ille</strong></span> <span class='ocrx_word' id='word_1_264' title='bbox 3177 820 3512 875; x_wconf 74' lang='lat' dir='ltr'><strong>enim-locus</strong></span> <span class='ocrx_word' id='word_1_265' title='bbox 3542 828 3661 874; x_wconf 84' lang='lat' dir='ltr'><strong>tan-</strong></span> 
     </span>
    </p>
   </div>
   <div class='ocr_carea' id='block_1_40' title="bbox 2066 910 3663 981">
    <p class='ocr_par' dir='ltr' id='par_1_40' title="bbox 2066 910 3663 981">
     <span class='ocr_line' id='line_1_40' title="bbox 2066 910 3663 981; baseline -0.001 -16"><span class='ocrx_word' id='word_1_266' title='bbox 2066 921 2177 966; x_wconf 92' lang='lat' dir='ltr'><strong>tum</strong></span> <span class='ocrx_word' id='word_1_267' title='bbox 2211 910 2375 965; x_wconf 90' lang='lat' dir='ltr'><strong>habet</strong></span> <span class='ocrx_word' id='word_1_268' title='bbox 2405 911 2674 967; x_wconf 88' lang='lat' dir='ltr'><strong>utilitatis.</strong></span> <span class='ocrx_word' id='word_1_269' title='bbox 2707 910 2752 966; x_wconf 89' lang='grc' dir='ltr'><strong>Ο</strong></span> <span class='ocrx_word' id='word_1_270' title='bbox 2785 910 2967 965; x_wconf 85' lang='lat' dir='ltr'><strong>miseri</strong></span> <span class='ocrx_word' id='word_1_271' title='bbox 2999 927 3219 981; x_wconf 84' lang='lat' dir='ltr'><strong>quorum</strong></span> <span class='ocrx_word' id='word_1_272' title='bbox 3248 928 3304 964; x_wconf 79' lang='lat' dir='ltr'><strong>os</strong></span> <span class='ocrx_word' id='word_1_273' title='bbox 3334 912 3559 965; x_wconf 85' lang='lat' dir='ltr'><strong>locutum</strong></span> <span class='ocrx_word' id='word_1_274' title='bbox 3587 917 3663 964; x_wconf 76' lang='lat' dir='ltr'><strong>est</strong></span> 
     </span>
    </p>
   </div>
   <div class='ocr_carea' id='block_1_41' title="bbox 2064 1004 3659 1075">
    <p class='ocr_par' dir='ltr' id='par_1_41' title="bbox 2064 1004 3659 1075">
     <span class='ocr_line' id='line_1_41' title="bbox 2064 1004 3659 1075; baseline 0.001 -18"><span class='ocrx_word' id='word_1_275' title='bbox 2064 1005 2367 1070; x_wconf 81' lang='lat' dir='ltr'><strong>vanitatem,</strong></span> <span class='ocrx_word' id='word_1_276' title='bbox 2401 1013 2449 1059; x_wconf 86' lang='lat' dir='ltr'><strong>et</strong></span> <span class='ocrx_word' id='word_1_277' title='bbox 2480 1005 2692 1059; x_wconf 69' lang='lat' dir='ltr'><strong>dextera</strong></span> <span class='ocrx_word' id='word_1_278' title='bbox 2732 1020 2933 1071; x_wconf 86' lang='lat' dir='ltr'><strong>eorum,</strong></span> <span class='ocrx_word' id='word_1_279' title='bbox 2982 1005 3190 1059; x_wconf 70' lang='lat' dir='ltr'><strong>dextera</strong></span> <span class='ocrx_word' id='word_1_280' title='bbox 3221 1006 3505 1075; x_wconf 82' lang='lat' dir='ltr'><strong>iniquitatis</strong></span> <span class='ocrx_word' id='word_1_281' title='bbox 3537 1004 3659 1071; x_wconf 85' lang='lat' dir='ltr'><strong>(Ps.</strong></span> 
     </span>
    </p>
   </div>
   <div class='ocr_carea' id='block_1_42' title="bbox 2065 1094 3662 1173">
    <p class='ocr_par' dir='ltr' id='par_1_42' title="bbox 2065 1094 3662 1173">
     <span class='ocr_line' id='line_1_42' title="bbox 2065 1094 3662 1173; baseline 0.001 -23"><span class='ocrx_word' id='word_1_282' title='bbox 2065 1110 2250 1162; x_wconf 83' lang='lat' dir='ltr'><strong>cxun,</strong></span> <span class='ocrx_word' id='word_1_283' title='bbox 2283 1094 2340 1166; x_wconf 82' lang='lat'><strong>8)</strong></span> <span class='ocrx_word' id='word_1_284' title='bbox 2368 1097 2381 1150; x_wconf 72' lang='grc' dir='ltr'>ἰ</span> <span class='ocrx_word' id='word_1_285' title='bbox 2415 1096 2471 1151; x_wconf 86' lang='lat' dir='ltr'><strong>Si</strong></span> <span class='ocrx_word' id='word_1_286' title='bbox 2497 1096 2641 1153; x_wconf 91' lang='lat' dir='ltr'><strong>bono</strong></span> <span class='ocrx_word' id='word_1_287' title='bbox 2673 1111 2773 1152; x_wconf 89' lang='lat' dir='ltr'><strong>suo</strong></span> <span class='ocrx_word' id='word_1_288' title='bbox 2808 1105 3028 1173; x_wconf 88' lang='lat' dir='ltr'><strong>apertos</strong></span> <span class='ocrx_word' id='word_1_289' title='bbox 3058 1097 3254 1151; x_wconf 68' lang='lat' dir='ltr'><strong>habent</strong></span> <span class='ocrx_word' id='word_1_290' title='bbox 3281 1098 3487 1166; x_wconf 78' lang='lat' dir='ltr'><strong>omilos,</strong></span> <span class='ocrx_word' id='word_1_291' title='bbox 3521 1098 3662 1151; x_wconf 85' lang='lat' dir='ltr'><strong>unde</strong></span> 
     </span>
    </p>
   </div>
   <div class='ocr_carea' id='block_1_43' title="bbox 2065 1188 3664 1260">
    <p class='ocr_par' dir='ltr' id='par_1_43' title="bbox 2065 1188 3664 1260">
     <span class='ocr_line' id='line_1_43' title="bbox 2065 1188 3664 1260; baseline 0.001 -18"><span class='ocrx_word' id='word_1_292' title='bbox 2065 1188 2298 1258; x_wconf 90' lang='lat' dir='ltr'><strong>populus</strong></span> <span class='ocrx_word' id='word_1_293' title='bbox 2318 1189 2525 1260; x_wconf 80' lang='lat' dir='ltr'><strong>gemit?</strong></span> <span class='ocrx_word' id='word_1_294' title='bbox 2562 1189 2840 1259; x_wconf 86' lang='lat' dir='ltr'><strong>Aspiciant</strong></span> <span class='ocrx_word' id='word_1_295' title='bbox 2863 1190 2906 1244; x_wconf 89' lang='lat' dir='ltr'><strong>si</strong></span> <span class='ocrx_word' id='word_1_296' title='bbox 2934 1198 3134 1245; x_wconf 85' lang='lat' dir='ltr'><strong>statera</strong></span> <span class='ocrx_word' id='word_1_297' title='bbox 3159 1188 3304 1260; x_wconf 82' lang='lat' dir='ltr'><strong>justa</strong></span> <span class='ocrx_word' id='word_1_298' title='bbox 3331 1189 3401 1244; x_wconf 89' lang='lat' dir='ltr'><strong>sit</strong></span> <span class='ocrx_word' id='word_1_299' title='bbox 3425 1190 3479 1244; x_wconf 92' lang='lat' dir='ltr'><strong>in</strong></span> <span class='ocrx_word' id='word_1_300' title='bbox 3504 1189 3664 1243; x_wconf 86' lang='lat' dir='ltr'><strong>labiis</strong></span> 
     </span>
    </p>
   </div>
   <div class='ocr_carea' id='block_1_44' title="bbox 2064 1279 3665 1351">
    <p class='ocr_par' dir='ltr' id='par_1_44' title="bbox 2064 1279 3665 1351">
     <span class='ocr_line' id='line_1_44' title="bbox 2064 1279 3665 1351; baseline 0 -17"><span class='ocrx_word' id='word_1_301' title='bbox 2064 1292 2275 1334; x_wconf 86' lang='lat' dir='ltr'><strong>eorum.</strong></span> <span class='ocrx_word' id='word_1_302' title='bbox 2340 1279 2497 1334; x_wconf 90' lang='lat' dir='ltr'><strong>Prius</strong></span> <span class='ocrx_word' id='word_1_303' title='bbox 2559 1289 2846 1335; x_wconf 87' lang='lat' dir='ltr'><strong>numerent</strong></span> <span class='ocrx_word' id='word_1_304' title='bbox 2892 1291 3088 1350; x_wconf 80' lang='lat' dir='ltr'><strong>quanta</strong></span> <span class='ocrx_word' id='word_1_305' title='bbox 3153 1282 3445 1351; x_wconf 85' lang='lat' dir='ltr'><strong>perierint,</strong></span> <span class='ocrx_word' id='word_1_306' title='bbox 3518 1289 3665 1349; x_wconf 82' lang='lat' dir='ltr'><strong>post-</strong></span> 
     </span>
    </p>
   </div>
   <div class='ocr_carea' id='block_1_45' title="bbox 2065 1370 3657 1441">
    <p class='ocr_par' dir='ltr' id='par_1_45' title="bbox 2065 1370 3657 1441">
     <span class='ocr_line' id='line_1_45' title="bbox 2065 1370 3657 1441; baseline 0.001 -16"><span class='ocrx_word' id='word_1_307' title='bbox 2065 1370 2290 1426; x_wconf 89' lang='lat' dir='ltr'><strong>modum</strong></span> <span class='ocrx_word' id='word_1_308' title='bbox 2343 1378 2538 1441; x_wconf 84' lang='lat' dir='ltr'><strong>quanta</strong></span> <span class='ocrx_word' id='word_1_309' title='bbox 2589 1372 2970 1428; x_wconf 83' lang='lat' dir='ltr'><strong>remanserint.</strong></span> <span class='ocrx_word' id='word_1_310' title='bbox 3022 1374 3103 1427; x_wconf 85' lang='lat' dir='ltr'><strong>An</strong></span> <span class='ocrx_word' id='word_1_311' title='bbox 3156 1371 3228 1425; x_wconf 86' lang='lat' dir='ltr'><strong>ibi</strong></span> <span class='ocrx_word' id='word_1_312' title='bbox 3274 1371 3411 1425; x_wconf 86' lang='lat' dir='ltr'><strong>nihil</strong></span> <span class='ocrx_word' id='word_1_313' title='bbox 3453 1370 3657 1441; x_wconf 88' lang='lat' dir='ltr'><strong>vident,</strong></span> 
     </span>
    </p>
   </div>
   <div class='ocr_carea' id='block_1_46' title="bbox 2064 1464 3664 1536">
    <p class='ocr_par' dir='ltr' id='par_1_46' title="bbox 2064 1464 3664 1536">
     <span class='ocr_line' id='line_1_46' title="bbox 2064 1464 3664 1536; baseline 0.002 -17"><span class='ocrx_word' id='word_1_314' title='bbox 2064 1464 2156 1519; x_wconf 91' lang='lat' dir='ltr'><strong>ubi</strong></span> <span class='ocrx_word' id='word_1_315' title='bbox 2192 1465 2366 1536; x_wconf 90' lang='lat' dir='ltr'><strong>pietas</strong></span> <span class='ocrx_word' id='word_1_316' title='bbox 2394 1465 2695 1536; x_wconf 88' lang='lat' dir='ltr'><strong>indigetur;</strong></span> <span class='ocrx_word' id='word_1_317' title='bbox 2728 1474 2784 1523; x_wconf 89' lang='lat' dir='ltr'><strong>et</strong></span> <span class='ocrx_word' id='word_1_318' title='bbox 2819 1466 2922 1522; x_wconf 88' lang='lat' dir='ltr'><strong>hoc</strong></span> <span class='ocrx_word' id='word_1_319' title='bbox 2952 1466 3245 1522; x_wconf 89' lang='lat' dir='ltr'><strong>luminibus</strong></span> <span class='ocrx_word' id='word_1_320' title='bbox 3288 1465 3531 1523; x_wconf 82' lang='lat' dir='ltr'><strong>sollicitis</strong></span> <span class='ocrx_word' id='word_1_321' title='bbox 3562 1480 3664 1522; x_wconf 84' lang='lat' dir='ltr'><strong>no-</strong></span> 
     </span>
    </p>
   </div>
   <div class='ocr_carea' id='block_1_47' title="bbox 2065 1559 2961 1630">
    <p class='ocr_par' dir='ltr' id='par_1_47' title="bbox 2065 1559 2961 1630">
     <span class='ocr_line' id='line_1_47' title="bbox 2065 1559 2961 1630; baseline 0.003 -17"><span class='ocrx_word' id='word_1_322' title='bbox 2065 1565 2203 1626; x_wconf 90' lang='lat' dir='ltr'><strong>tant,</strong></span> <span class='ocrx_word' id='word_1_323' title='bbox 2236 1559 2379 1615; x_wconf 92' lang='lat' dir='ltr'><strong>unde</strong></span> <span class='ocrx_word' id='word_1_324' title='bbox 2404 1559 2605 1616; x_wconf 90' lang='lat' dir='ltr'><strong>invidia</strong></span> <span class='ocrx_word' id='word_1_325' title='bbox 2636 1564 2961 1630; x_wconf 78' lang='lat' dir='ltr'><strong>generetur?</strong></span> 
     </span>
    </p>
   </div>
   <div class='ocr_carea' id='block_1_48' title="bbox 2137 1650 3661 1723">
    <p class='ocr_par' dir='ltr' id='par_1_48' title="bbox 2137 1650 3661 1723">
     <span class='ocr_line' id='line_1_48' title="bbox 2137 1650 3661 1723; baseline 0.002 -16"><span class='ocrx_word' id='word_1_326' title='bbox 2137 1651 2227 1707; x_wconf 79' lang='grc'><strong>10.</strong></span> <span class='ocrx_word' id='word_1_327' title='bbox 2271 1650 2457 1722; x_wconf 88' lang='lat' dir='ltr'><strong>Longe</strong></span> <span class='ocrx_word' id='word_1_328' title='bbox 2506 1654 2589 1709; x_wconf 87' lang='lat' dir='ltr'><strong>fac</strong></span> <span class='ocrx_word' id='word_1_329' title='bbox 2616 1654 2761 1708; x_wconf 89' lang='lat' dir='ltr'><strong>viam</strong></span> <span class='ocrx_word' id='word_1_330' title='bbox 2805 1662 2952 1709; x_wconf 89' lang='lat' dir='ltr'><strong>tuam</strong></span> <span class='ocrx_word' id='word_1_331' title='bbox 2996 1653 3064 1710; x_wconf 90' lang='lat' dir='ltr'><strong>ab</strong></span> <span class='ocrx_word' id='word_1_332' title='bbox 3093 1652 3218 1723; x_wconf 89' lang='lat' dir='ltr'><strong>illis,</strong></span> <span class='ocrx_word' id='word_1_333' title='bbox 3261 1653 3481 1710; x_wconf 90' lang='lat' dir='ltr'><strong>domum</strong></span> <span class='ocrx_word' id='word_1_334' title='bbox 3515 1664 3661 1711; x_wconf 88' lang='lat' dir='ltr'><strong>tuam</strong></span> 
     </span>
    </p>
   </div>
   <div class='ocr_carea' id='block_1_49' title="bbox 2063 1744 3665 1816">
    <p class='ocr_par' dir='ltr' id='par_1_49' title="bbox 2063 1744 3665 1816">
     <span class='ocr_line' id='line_1_49' title="bbox 2063 1744 3665 1816; baseline 0.002 -16"><span class='ocrx_word' id='word_1_335' title='bbox 2063 1756 2279 1813; x_wconf 84' lang='lat' dir='ltr'><strong>semper</strong></span> <span class='ocrx_word' id='word_1_336' title='bbox 2327 1744 2605 1801; x_wconf 86' lang='lat' dir='ltr'><strong>inveniant</strong></span> <span class='ocrx_word' id='word_1_337' title='bbox 2646 1746 2910 1801; x_wconf 90' lang='lat' dir='ltr'><strong>clausam.</strong></span> <span class='ocrx_word' id='word_1_338' title='bbox 2974 1746 3305 1816; x_wconf 79' lang='lat' dir='ltr'><strong>DiSpliceant</strong></span> <span class='ocrx_word' id='word_1_339' title='bbox 3360 1747 3453 1801; x_wconf 90' lang='lat' dir='ltr'><strong>tibi</strong></span> <span class='ocrx_word' id='word_1_340' title='bbox 3505 1748 3665 1805; x_wconf 79' lang='lat' dir='ltr'><strong>noxia</strong></span> 
     </span>
    </p>
   </div>
   <div class='ocr_carea' id='block_1_50' title="bbox 2061 1836 3729 1909">
    <p class='ocr_par' dir='ltr' id='par_1_50' title="bbox 2061 1836 3729 1909">
     <span class='ocr_line' id='line_1_50' title="bbox 2061 1836 3729 1909; baseline 0.004 -19"><span class='ocrx_word' id='word_1_341' title='bbox 2061 1844 2437 1905; x_wconf 87' lang='lat' dir='ltr'><strong>suggerentes,</strong></span> <span class='ocrx_word' id='word_1_342' title='bbox 2499 1845 2553 1890; x_wconf 91' lang='lat' dir='ltr'><strong>et</strong></span> <span class='ocrx_word' id='word_1_343' title='bbox 2610 1850 2670 1891; x_wconf 91' lang='lat' dir='ltr'><strong>se</strong></span> <span class='ocrx_word' id='word_1_344' title='bbox 2724 1836 3068 1905; x_wconf 88' lang='lat' dir='ltr'><strong>displicuisse</strong></span> <span class='ocrx_word' id='word_1_345' title='bbox 3114 1848 3461 1908; x_wconf 85' lang='lat' dir='ltr'><strong>cognoscant.</strong></span> <span class='ocrx_word' id='word_1_346' title='bbox 3529 1838 3663 1909; x_wconf 87' lang='lat' dir='ltr'><strong>Ipsis</strong></span> <span class='ocrx_word' id='word_1_347' title='bbox 3724 1896 3729 1901; x_wconf 75' lang='grc'>,</span> 
     </span>
    </p>
   </div>
   <div class='ocr_carea' id='block_1_51' title="bbox 2062 1926 3665 2001">
    <p class='ocr_par' dir='ltr' id='par_1_51' title="bbox 2062 1926 3665 2001">
     <span class='ocr_line' id='line_1_51' title="bbox 2062 1926 3665 2001; baseline 0.004 -21"><span class='ocrx_word' id='word_1_348' title='bbox 2062 1927 2261 1996; x_wconf 88' lang='lat' dir='ltr'><strong>quippe</strong></span> <span class='ocrx_word' id='word_1_349' title='bbox 2284 1927 2528 1984; x_wconf 75' lang='lat' dir='ltr'><strong>adhaeret</strong></span> <span class='ocrx_word' id='word_1_350' title='bbox 2559 1926 2896 1983; x_wconf 79' lang='lat' dir='ltr'><strong>familiariter</strong></span> <span class='ocrx_word' id='word_1_351' title='bbox 2922 1929 3085 1985; x_wconf 88' lang='lat' dir='ltr'><strong>etiam</strong></span> <span class='ocrx_word' id='word_1_352' title='bbox 3120 1932 3275 1985; x_wconf 90' lang='lat' dir='ltr'><strong>turba</strong></span> <span class='ocrx_word' id='word_1_353' title='bbox 3299 1932 3531 2001; x_wconf 77' lang='lat' dir='ltr'><strong>pessima</strong></span> <span class='ocrx_word' id='word_1_354' title='bbox 3565 1933 3665 1986; x_wconf 87' lang='lat' dir='ltr'><strong>de-</strong></span> 
     </span>
    </p>
   </div>
   <div class='ocr_carea' id='block_1_52' title="bbox 2062 2017 3662 2092">
    <p class='ocr_par' dir='ltr' id='par_1_52' title="bbox 2062 2017 3662 2092">
     <span class='ocr_line' id='line_1_52' title="bbox 2062 2017 3662 2092; baseline 0.003 -20"><span class='ocrx_word' id='word_1_355' title='bbox 2062 2017 2319 2085; x_wconf 88' lang='lat' dir='ltr'><strong>latorum,</strong></span> <span class='ocrx_word' id='word_1_356' title='bbox 2362 2020 2452 2088; x_wconf 87' lang='lat' dir='ltr'><strong>qui</strong></span> <span class='ocrx_word' id='word_1_357' title='bbox 2501 2019 2687 2074; x_wconf 87' lang='lat' dir='ltr'><strong>latenti</strong></span> <span class='ocrx_word' id='word_1_358' title='bbox 2738 2035 3014 2076; x_wconf 90' lang='lat' dir='ltr'><strong>murmure</strong></span> <span class='ocrx_word' id='word_1_359' title='bbox 3056 2020 3282 2077; x_wconf 90' lang='lat' dir='ltr'><strong>ducibus</strong></span> <span class='ocrx_word' id='word_1_360' title='bbox 3330 2025 3550 2092; x_wconf 88' lang='lat' dir='ltr'><strong>cptimis</strong></span> <span class='ocrx_word' id='word_1_361' title='bbox 3578 2022 3662 2077; x_wconf 79' lang='lat' dir='ltr'><strong>fa-</strong></span> 
     </span>
    </p>
   </div>
   <div class='ocr_carea' id='block_1_53' title="bbox 2064 2111 3664 2189">
    <p class='ocr_par' dir='ltr' id='par_1_53' title="bbox 2064 2111 3664 2189">
     <span class='ocr_line' id='line_1_53' title="bbox 2064 2111 3664 2189; baseline 0.005 -23"><span class='ocrx_word' id='word_1_362' title='bbox 2064 2111 2304 2168; x_wconf 90' lang='lat' dir='ltr'><strong>cultates</strong></span> <span class='ocrx_word' id='word_1_363' title='bbox 2325 2112 2605 2167; x_wconf 88' lang='lat' dir='ltr'><strong>insinuant</strong></span> <span class='ocrx_word' id='word_1_364' title='bbox 2628 2113 2861 2181; x_wconf 88' lang='lat' dir='ltr'><strong>alienas;</strong></span> <span class='ocrx_word' id='word_1_365' title='bbox 2905 2124 2962 2170; x_wconf 92' lang='lat' dir='ltr'><strong>ut</strong></span> <span class='ocrx_word' id='word_1_366' title='bbox 2992 2116 3195 2187; x_wconf 88' lang='lat' dir='ltr'><strong>laqueis</strong></span> <span class='ocrx_word' id='word_1_367' title='bbox 3222 2119 3462 2173; x_wconf 64' lang='lat' dir='ltr'><strong>avaritia:</strong></span> <span class='ocrx_word' id='word_1_368' title='bbox 3489 2119 3664 2189; x_wconf 86' lang='lat' dir='ltr'><strong>capti-</strong></span> 
     </span>
    </p>
   </div>
   <div class='ocr_carea' id='block_1_54' title="bbox 2064 2204 3664 2281">
    <p class='ocr_par' dir='ltr' id='par_1_54' title="bbox 2064 2204 3664 2281">
     <span class='ocr_line' id='line_1_54' title="bbox 2064 2204 3664 2281; baseline 0.006 -21"><span class='ocrx_word' id='word_1_369' title='bbox 2064 2204 2197 2275; x_wconf 86' lang='lat' dir='ltr'><strong>vati,</strong></span> <span class='ocrx_word' id='word_1_370' title='bbox 2230 2206 2331 2275; x_wconf 64' lang='lat' dir='ltr'><strong>piat</strong></span> <span class='ocrx_word' id='word_1_371' title='bbox 2355 2206 2836 2263; x_wconf 88' lang='lat' dir='ltr'><strong>administrationis</strong></span> <span class='ocrx_word' id='word_1_372' title='bbox 2876 2210 3105 2279; x_wconf 87' lang='lat' dir='ltr'><strong>perdant</strong></span> <span class='ocrx_word' id='word_1_373' title='bbox 3130 2211 3460 2281; x_wconf 81' lang='lat' dir='ltr'><strong>Opinionem,</strong></span> <span class='ocrx_word' id='word_1_374' title='bbox 3495 2213 3542 2267; x_wconf 90' lang='lat' dir='ltr'><strong>si</strong></span> <span class='ocrx_word' id='word_1_375' title='bbox 3571 2228 3664 2270; x_wconf 78' lang='lat' dir='ltr'><strong>ac-</strong></span> 
     </span>
    </p>
   </div>
   <div class='ocr_carea' id='block_1_55' title="bbox 2063 2299 3663 2381">
    <p class='ocr_par' dir='ltr' id='par_1_55' title="bbox 2063 2299 3663 2381">
     <span class='ocr_line' id='line_1_55' title="bbox 2063 2299 3663 2381; baseline 0.006 -26"><span class='ocrx_word' id='word_1_376' title='bbox 2063 2299 2347 2371; x_wconf 88' lang='lat' dir='ltr'><strong>quiescant</strong></span> <span class='ocrx_word' id='word_1_377' title='bbox 2372 2301 2633 2372; x_wconf 88' lang='lat' dir='ltr'><strong>improbis</strong></span> <span class='ocrx_word' id='word_1_378' title='bbox 2662 2306 3024 2374; x_wconf 87' lang='lat' dir='ltr'><strong>suasionibus,</strong></span> <span class='ocrx_word' id='word_1_379' title='bbox 3054 2317 3110 2363; x_wconf 92' lang='lat' dir='ltr'><strong>et</strong></span> <span class='ocrx_word' id='word_1_380' title='bbox 3130 2312 3370 2380; x_wconf 87' lang='lat' dir='ltr'><strong>cogitent</strong></span> <span class='ocrx_word' id='word_1_381' title='bbox 3407 2327 3528 2381; x_wconf 81' lang='lat' dir='ltr'><strong>quae</strong></span> <span class='ocrx_word' id='word_1_382' title='bbox 3557 2310 3663 2366; x_wconf 92' lang='lat' dir='ltr'><strong>sibi</strong></span> 
     </span>
    </p>
   </div>
   <div class='ocr_carea' id='block_1_56' title="bbox 2064 2395 3664 2466">
    <p class='ocr_par' dir='ltr' id='par_1_56' title="bbox 2064 2395 3664 2466">
     <span class='ocr_line' id='line_1_56' title="bbox 2064 2395 3664 2466; baseline 0.008 -19"><span class='ocrx_word' id='word_1_383' title='bbox 2064 2396 2383 2450; x_wconf 84' lang='lat' dir='ltr'><strong>nuntiantur</strong></span> <span class='ocrx_word' id='word_1_384' title='bbox 2411 2395 2642 2453; x_wconf 81' lang='lat' dir='ltr'><strong>auferre.</strong></span> <span class='ocrx_word' id='word_1_385' title='bbox 2676 2398 2815 2466; x_wconf 86' lang='lat' dir='ltr'><strong>Quid</strong></span> <span class='ocrx_word' id='word_1_386' title='bbox 2851 2399 2997 2456; x_wconf 90' lang='lat' dir='ltr'><strong>aliud</strong></span> <span class='ocrx_word' id='word_1_387' title='bbox 3049 2403 3152 2459; x_wconf 90' lang='lat' dir='ltr'><strong>nisi</strong></span> <span class='ocrx_word' id='word_1_388' title='bbox 3197 2403 3466 2458; x_wconf 82' lang='lat' dir='ltr'><strong>calumnia</strong></span> <span class='ocrx_word' id='word_1_389' title='bbox 3505 2404 3664 2459; x_wconf 90' lang='lat' dir='ltr'><strong>inno-</strong></span> 
     </span>
    </p>
   </div>
   <div class='ocr_carea' id='block_1_57' title="bbox 2065 2489 3748 2567">
    <p class='ocr_par' dir='ltr' id='par_1_57' title="bbox 2065 2489 3748 2567">
     <span class='ocr_line' id='line_1_57' title="bbox 2065 2489 3748 2567; baseline 0.007 -22"><span class='ocrx_word' id='word_1_390' title='bbox 2065 2489 2313 2545; x_wconf 87' lang='lat' dir='ltr'><strong>centibus</strong></span> <span class='ocrx_word' id='word_1_391' title='bbox 2347 2489 2654 2546; x_wconf 89' lang='lat' dir='ltr'><strong>hominibus</strong></span> <span class='ocrx_word' id='word_1_392' title='bbox 2700 2493 3005 2549; x_wconf 85' lang='lat' dir='ltr'><strong>excitatur?</strong></span> <span class='ocrx_word' id='word_1_393' title='bbox 3052 2495 3380 2552; x_wconf 87' lang='lat' dir='ltr'><strong>Detestabile</strong></span> <span class='ocrx_word' id='word_1_394' title='bbox 3420 2498 3662 2567; x_wconf 79' lang='lat' dir='ltr'><strong>proiecto</strong></span> <span class='ocrx_word' id='word_1_395' title='bbox 3745 2552 3748 2557; x_wconf 84' lang='lat'><strong>.</strong></span> 
     </span>
    </p>
   </div>
   <div class='ocr_carea' id='block_1_58' title="bbox 2064 2581 3663 2656">
    <p class='ocr_par' dir='ltr' id='par_1_58' title="bbox 2064 2581 3663 2656">
     <span class='ocr_line' id='line_1_58' title="bbox 2064 2581 3663 2656; baseline 0.005 -20"><span class='ocrx_word' id='word_1_396' title='bbox 2064 2595 2237 2652; x_wconf 87' lang='lat' dir='ltr'><strong>genus</strong></span> <span class='ocrx_word' id='word_1_397' title='bbox 2267 2581 2560 2638; x_wconf 90' lang='lat' dir='ltr'><strong>humanum</strong></span> <span class='ocrx_word' id='word_1_398' title='bbox 2589 2592 2616 2620; x_wconf 69' lang='grc' dir='ltr'><strong>α</strong></span> <span class='ocrx_word' id='word_1_399' title='bbox 2644 2584 2914 2656; x_wconf 89' lang='lat' dir='ltr'><strong>nimisque</strong></span> <span class='ocrx_word' id='word_1_400' title='bbox 2959 2586 3341 2655; x_wconf 84' lang='lat' dir='ltr'><strong>abominabile,</strong></span> <span class='ocrx_word' id='word_1_401' title='bbox 3371 2587 3663 2644; x_wconf 89' lang='lat' dir='ltr'><strong>delatores.</strong></span> 
     </span>
    </p>
   </div>
   <div class='ocr_carea' id='block_1_59' title="bbox 2066 2670 3666 2753">
    <p class='ocr_par' dir='ltr' id='par_1_59' title="bbox 2066 2670 3666 2753">
     <span class='ocr_line' id='line_1_59' title="bbox 2066 2670 3666 2753; baseline 0.007 -27"><span class='ocrx_word' id='word_1_402' title='bbox 2066 2670 2127 2726; x_wconf 82' lang='lat' dir='ltr'><strong>In</strong></span> <span class='ocrx_word' id='word_1_403' title='bbox 2172 2673 2328 2742; x_wconf 87' lang='lat' dir='ltr'><strong>cujus</strong></span> <span class='ocrx_word' id='word_1_404' title='bbox 2377 2675 2635 2744; x_wconf 66' lang='lat' dir='ltr'><strong>praetorio</strong></span> <span class='ocrx_word' id='word_1_405' title='bbox 2675 2675 2897 2731; x_wconf 90' lang='lat' dir='ltr'><strong>minime</strong></span> <span class='ocrx_word' id='word_1_406' title='bbox 2946 2678 3288 2747; x_wconf 86' lang='lat' dir='ltr'><strong>emerserint,</strong></span> <span class='ocrx_word' id='word_1_407' title='bbox 3342 2680 3457 2751; x_wconf 87' lang='lat' dir='ltr'><strong>ipse</strong></span> <span class='ocrx_word' id='word_1_408' title='bbox 3488 2681 3666 2753; x_wconf 86' lang='lat' dir='ltr'><strong>diligit</strong></span> 
     </span>
    </p>
   </div>
   <div class='ocr_carea' id='block_1_60' title="bbox 2065 2769 3665 2841">
    <p class='ocr_par' dir='ltr' id='par_1_60' title="bbox 2065 2769 3665 2841">
     <span class='ocr_line' id='line_1_60' title="bbox 2065 2769 3665 2841; baseline 0.006 -19"><span class='ocrx_word' id='word_1_409' title='bbox 2065 2770 2454 2837; x_wconf 87' lang='lat' dir='ltr'><strong>rempublicam</strong></span> <span class='ocrx_word' id='word_1_410' title='bbox 2500 2769 2645 2824; x_wconf 89' lang='lat' dir='ltr'><strong>sicut</strong></span> <span class='ocrx_word' id='word_1_411' title='bbox 2696 2786 2757 2826; x_wconf 89' lang='lat' dir='ltr'><strong>se</strong></span> <span class='ocrx_word' id='word_1_412' title='bbox 2808 2771 3018 2841; x_wconf 91' lang='lat' dir='ltr'><strong>ipsum;</strong></span> <span class='ocrx_word' id='word_1_413' title='bbox 3076 2773 3266 2830; x_wconf 88' lang='lat' dir='ltr'><strong>nolens</strong></span> <span class='ocrx_word' id='word_1_414' title='bbox 3312 2774 3433 2829; x_wconf 88' lang='lat' dir='ltr'><strong>aliis</strong></span> <span class='ocrx_word' id='word_1_415' title='bbox 3485 2774 3665 2832; x_wconf 84' lang='lat' dir='ltr'><strong>facere</strong></span> 
     </span>
    </p>
   </div>
   <div class='ocr_carea' id='block_1_61' title="bbox 2068 2858 3664 2935">
    <p class='ocr_par' dir='ltr' id='par_1_61' title="bbox 2068 2858 3664 2935">
     <span class='ocr_line' id='line_1_61' title="bbox 2068 2858 3664 2935; baseline 0.006 -23"><span class='ocrx_word' id='word_1_416' title='bbox 2068 2858 2211 2929; x_wconf 86' lang='lat' dir='ltr'><strong>quod</strong></span> <span class='ocrx_word' id='word_1_417' title='bbox 2241 2859 2357 2929; x_wconf 91' lang='lat' dir='ltr'><strong>ipse</strong></span> <span class='ocrx_word' id='word_1_418' title='bbox 2390 2859 2500 2930; x_wconf 87' lang='lat' dir='ltr'><strong>pati</strong></span> <span class='ocrx_word' id='word_1_419' title='bbox 2532 2863 2785 2917; x_wconf 86' lang='lat' dir='ltr'><strong>noluerit.</strong></span> <span class='ocrx_word' id='word_1_420' title='bbox 2818 2862 2944 2918; x_wconf 63' lang='lat' dir='ltr'><strong>Haec</strong></span> <span class='ocrx_word' id='word_1_421' title='bbox 2990 2864 3132 2919; x_wconf 92' lang='lat' dir='ltr'><strong>enim</strong></span> <span class='ocrx_word' id='word_1_422' title='bbox 3163 2874 3351 2935; x_wconf 88' lang='lat' dir='ltr'><strong>quarta</strong></span> <span class='ocrx_word' id='word_1_423' title='bbox 3382 2877 3465 2921; x_wconf 91' lang='lat' dir='ltr'><strong>est</strong></span> <span class='ocrx_word' id='word_1_424' title='bbox 3503 2867 3664 2923; x_wconf 91' lang='lat' dir='ltr'><strong>inno-</strong></span> 
     </span>
    </p>
   </div>
   <div class='ocr_carea' id='block_1_62' title="bbox 2068 2950 3666 3028">
    <p class='ocr_par' dir='ltr' id='par_1_62' title="bbox 2068 2950 3666 3028">
     <span class='ocr_line' id='line_1_62' title="bbox 2068 2950 3666 3028; baseline 0.007 -24"><span class='ocrx_word' id='word_1_425' title='bbox 2068 2950 2259 3006; x_wconf 71' lang='lat' dir='ltr'><strong>centia:</strong></span> <span class='ocrx_word' id='word_1_426' title='bbox 2289 2955 2470 3022; x_wconf 87' lang='lat' dir='ltr'><strong>regula</strong></span> <span class='ocrx_word' id='word_1_427' title='bbox 2493 2954 2823 3010; x_wconf 78' lang='lat' dir='ltr'><strong>militaribus</strong></span> <span class='ocrx_word' id='word_1_428' title='bbox 2852 2955 3058 3011; x_wconf 89' lang='lat' dir='ltr'><strong>actibus</strong></span> <span class='ocrx_word' id='word_1_429' title='bbox 3088 2968 3365 3026; x_wconf 85' lang='lat' dir='ltr'><strong>occupato,</strong></span> <span class='ocrx_word' id='word_1_430' title='bbox 3398 2974 3556 3028; x_wconf 86' lang='lat' dir='ltr'><strong>quam</strong></span> <span class='ocrx_word' id='word_1_431' title='bbox 3581 2969 3666 3015; x_wconf 86' lang='lat' dir='ltr'><strong>te-</strong></span> 
     </span>
    </p>
   </div>
   <div class='ocr_carea' id='block_1_63' title="bbox 373 3047 3661 3124">
    <p class='ocr_par' dir='ltr' id='par_1_63' title="bbox 373 3047 3661 3124">
     <span class='ocr_line' id='line_1_63' title="bbox 373 3047 3661 3124; baseline 0.002 -23"><span class='ocrx_word' id='word_1_432' title='bbox 373 3048 561 3119; x_wconf 90' lang='lat' dir='ltr'><strong>vigere</strong></span> <span class='ocrx_word' id='word_1_433' title='bbox 585 3056 779 3102; x_wconf 88' lang='lat' dir='ltr'><strong>cuncta</strong></span> <span class='ocrx_word' id='word_1_434' title='bbox 809 3048 1161 3115; x_wconf 90' lang='lat' dir='ltr'><strong>mentientes,</strong></span> <span class='ocrx_word' id='word_1_435' title='bbox 1200 3049 1375 3105; x_wconf 81' lang='lat' dir='ltr'><strong>adhuc</strong></span> <span class='ocrx_word' id='word_1_436' title='bbox 1400 3064 1561 3120; x_wconf 90' lang='lat' dir='ltr'><strong>posse</strong></span> <span class='ocrx_word' id='word_1_437' title='bbox 1591 3064 1699 3106; x_wconf 82' lang='lat' dir='ltr'><strong>non</strong></span> <span class='ocrx_word' id='word_1_438' title='bbox 1728 3049 1960 3105; x_wconf 90' lang='lat' dir='ltr'><strong>functio-</strong></span> <span class='ocrx_word' id='word_1_439' title='bbox 1985 3059 2033 3124; x_wconf 75' lang='grc' dir='ltr'>ο</span> <span class='ocrx_word' id='word_1_440' title='bbox 2067 3057 2162 3098; x_wconf 77' lang='lat' dir='ltr'><strong>nes</strong></span> <span class='ocrx_word' id='word_1_441' title='bbox 2184 3053 2239 3099; x_wconf 73' lang='lat' dir='ltr'><strong>et</strong></span> <span class='ocrx_word' id='word_1_442' title='bbox 2268 3052 2451 3100; x_wconf 72' lang='lat' dir='ltr'><strong>tenere</strong></span> <span class='ocrx_word' id='word_1_443' title='bbox 2480 3047 2706 3103; x_wconf 74' lang='lat' dir='ltr'><strong>firmiter</strong></span> <span class='ocrx_word' id='word_1_444' title='bbox 2742 3048 2928 3115; x_wconf 83' lang='lat' dir='ltr'><strong>debes,</strong></span> <span class='ocrx_word' id='word_1_445' title='bbox 2963 3058 3019 3104; x_wconf 86' lang='lat' dir='ltr'><strong>ut</strong></span> <span class='ocrx_word' id='word_1_446' title='bbox 3052 3049 3242 3120; x_wconf 83' lang='lat' dir='ltr'><strong>diligas</strong></span> <span class='ocrx_word' id='word_1_447' title='bbox 3272 3052 3661 3120; x_wconf 85' lang='lat' dir='ltr'><strong>rempublicam</strong></span> 
     </span>
    </p>
   </div>
   <div class='ocr_carea' id='block_1_64' title="bbox 368 3138 1960 3211">
    <p class='ocr_par' dir='ltr' id='par_1_64' title="bbox 368 3138 1960 3211">
     <span class='ocr_line' id='line_1_64' title="bbox 368 3138 1960 3211; baseline 0 -16"><span class='ocrx_word' id='word_1_448' title='bbox 368 3154 465 3195; x_wconf 88' lang='lat' dir='ltr'><strong>nes</strong></span> <span class='ocrx_word' id='word_1_449' title='bbox 495 3138 703 3206; x_wconf 85' lang='lat' dir='ltr'><strong>solitas,</strong></span> <span class='ocrx_word' id='word_1_450' title='bbox 733 3140 828 3196; x_wconf 84' lang='lat' dir='ltr'><strong>sed</strong></span> <span class='ocrx_word' id='word_1_451' title='bbox 859 3154 996 3195; x_wconf 85' lang='lat' dir='ltr'><strong>nova</strong></span> <span class='ocrx_word' id='word_1_452' title='bbox 1022 3155 1259 3211; x_wconf 90' lang='lat' dir='ltr'><strong>quoque,</strong></span> <span class='ocrx_word' id='word_1_453' title='bbox 1286 3141 1332 3196; x_wconf 86' lang='lat' dir='ltr'><strong>si</strong></span> <span class='ocrx_word' id='word_1_454' title='bbox 1361 3140 1700 3210; x_wconf 86' lang='lat' dir='ltr'><strong>adjiciantur,</strong></span> <span class='ocrx_word' id='word_1_455' title='bbox 1732 3139 1960 3195; x_wconf 86' lang='lat' dir='ltr'><strong>tributo-</strong></span> 
     </span>
    </p>
   </div>
   <div class='ocr_carea' id='block_1_65' title="bbox 369 3229 1962 3301">
    <p class='ocr_par' dir='ltr' id='par_1_65' title="bbox 369 3229 1962 3301">
     <span class='ocr_line' id='line_1_65' title="bbox 369 3229 1962 3301; baseline -0.001 -16"><span class='ocrx_word' id='word_1_456' title='bbox 369 3245 491 3285; x_wconf 85' lang='lat' dir='ltr'><strong>rum</strong></span> <span class='ocrx_word' id='word_1_457' title='bbox 524 3229 764 3300; x_wconf 89' lang='lat' dir='ltr'><strong>pondera</strong></span> <span class='ocrx_word' id='word_1_458' title='bbox 794 3231 1081 3287; x_wconf 87' lang='lat' dir='ltr'><strong>sustinere.</strong></span> <span class='ocrx_word' id='word_1_459' title='bbox 1113 3231 1344 3301; x_wconf 89' lang='lat' dir='ltr'><strong>Culpant</strong></span> <span class='ocrx_word' id='word_1_460' title='bbox 1362 3242 1542 3287; x_wconf 88' lang='lat' dir='ltr'><strong>autem</strong></span> <span class='ocrx_word' id='word_1_461' title='bbox 1562 3230 1808 3286; x_wconf 79' lang='lat' dir='ltr'><strong>susurris</strong></span> <span class='ocrx_word' id='word_1_462' title='bbox 1837 3231 1962 3285; x_wconf 81' lang='lat' dir='ltr'><strong>abs-</strong></span> 
     </span>
    </p>
   </div>
   <div class='ocr_carea' id='block_1_66' title="bbox 369 3325 1964 3399">
    <p class='ocr_par' dir='ltr' id='par_1_66' title="bbox 369 3325 1964 3399">
     <span class='ocr_line' id='line_1_66' title="bbox 369 3325 1964 3399; baseline 0.003 -18"><span class='ocrx_word' id='word_1_463' title='bbox 369 3325 597 3382; x_wconf 84' lang='lat' dir='ltr'><strong>conditis</strong></span> <span class='ocrx_word' id='word_1_464' title='bbox 650 3326 925 3384; x_wconf 90' lang='lat' dir='ltr'><strong>ministros</strong></span> <span class='ocrx_word' id='word_1_465' title='bbox 985 3328 1186 3384; x_wconf 78' lang='lat' dir='ltr'><strong>ﬁscalis</strong></span> <span class='ocrx_word' id='word_1_466' title='bbox 1238 3328 1576 3399; x_wconf 81' lang='lat' dir='ltr'><strong>exactionis,</strong></span> <span class='ocrx_word' id='word_1_467' title='bbox 1642 3327 1964 3399; x_wconf 87' lang='lat' dir='ltr'><strong>desidesque</strong></span> 
     </span>
    </p>
   </div>
   <div class='ocr_carea' id='block_1_67' title="bbox 368 3420 1963 3493">
    <p class='ocr_par' dir='ltr' id='par_1_67' title="bbox 368 3420 1963 3493">
     <span class='ocr_line' id='line_1_67' title="bbox 368 3420 1963 3493; baseline 0.003 -20"><span class='ocrx_word' id='word_1_468' title='bbox 368 3430 485 3488; x_wconf 75' lang='lat' dir='ltr'><strong>eos,</strong></span> <span class='ocrx_word' id='word_1_469' title='bbox 533 3429 626 3473; x_wconf 90' lang='lat' dir='ltr'><strong>aut</strong></span> <span class='ocrx_word' id='word_1_470' title='bbox 668 3420 889 3475; x_wconf 89' lang='lat' dir='ltr'><strong>nimium</strong></span> <span class='ocrx_word' id='word_1_471' title='bbox 928 3422 1208 3492; x_wconf 89' lang='lat' dir='ltr'><strong>remissos,</strong></span> <span class='ocrx_word' id='word_1_472' title='bbox 1252 3421 1551 3478; x_wconf 85' lang='lat' dir='ltr'><strong>voluntarie</strong></span> <span class='ocrx_word' id='word_1_473' title='bbox 1600 3420 1745 3477; x_wconf 86' lang='lat' dir='ltr'><strong>nulla</strong></span> <span class='ocrx_word' id='word_1_474' title='bbox 1783 3421 1963 3493; x_wconf 85' lang='lat' dir='ltr'><strong>provi-</strong></span> 
     </span>
    </p>
   </div>
   <div class='ocr_carea' id='block_1_68' title="bbox 370 3509 1962 3585">
    <p class='ocr_par' dir='ltr' id='par_1_68' title="bbox 370 3509 1962 3585">
     <span class='ocr_line' id='line_1_68' title="bbox 370 3509 1962 3585; baseline 0.004 -20"><span class='ocrx_word' id='word_1_475' title='bbox 370 3509 502 3567; x_wconf 90' lang='lat' dir='ltr'><strong>dere</strong></span> <span class='ocrx_word' id='word_1_476' title='bbox 551 3510 698 3568; x_wconf 89' lang='lat' dir='ltr'><strong>lucra</strong></span> <span class='ocrx_word' id='word_1_477' title='bbox 752 3513 1065 3585; x_wconf 75' lang='lat' dir='ltr'><strong>reipublicre</strong></span> <span class='ocrx_word' id='word_1_478' title='bbox 1112 3514 1611 3572; x_wconf 88' lang='lat' dir='ltr'><strong>mentiuntur:sibi</strong></span> <span class='ocrx_word' id='word_1_479' title='bbox 1658 3530 1788 3572; x_wconf 90' lang='lat' dir='ltr'><strong>vero</strong></span> <span class='ocrx_word' id='word_1_480' title='bbox 1834 3516 1962 3573; x_wconf 91' lang='lat' dir='ltr'><strong>dum</strong></span> 
     </span>
    </p>
   </div>
   <div class='ocr_carea' id='block_1_69' title="bbox 369 3605 1967 3683">
    <p class='ocr_par' dir='ltr' id='par_1_69' title="bbox 369 3605 1967 3683">
     <span class='ocr_line' id='line_1_69' title="bbox 369 3605 1967 3683; baseline 0.006 -25"><span class='ocrx_word' id='word_1_481' title='bbox 369 3605 654 3661; x_wconf 80' lang='lat' dir='ltr'><strong>commissa</strong></span> <span class='ocrx_word' id='word_1_482' title='bbox 692 3606 850 3664; x_wconf 84' lang='lat' dir='ltr'><strong>luerit</strong></span> <span class='ocrx_word' id='word_1_483' title='bbox 889 3610 1049 3675; x_wconf 89' lang='lat' dir='ltr'><strong>actio,</strong></span> <span class='ocrx_word' id='word_1_484' title='bbox 1101 3625 1198 3679; x_wconf 88' lang='lat' dir='ltr'><strong>per</strong></span> <span class='ocrx_word' id='word_1_485' title='bbox 1226 3610 1445 3667; x_wconf 90' lang='lat' dir='ltr'><strong>nimiam</strong></span> <span class='ocrx_word' id='word_1_486' title='bbox 1494 3610 1813 3683; x_wconf 85' lang='lat' dir='ltr'><strong>fidelemque</strong></span> <span class='ocrx_word' id='word_1_487' title='bbox 1842 3610 1967 3668; x_wconf 80' lang='lat' dir='ltr'><strong>dili-</strong></span> 
     </span>
    </p>
   </div>
   <div class='ocr_carea' id='block_1_70' title="bbox 370 3699 1968 3777">
    <p class='ocr_par' dir='ltr' id='par_1_70' title="bbox 370 3699 1968 3777">
     <span class='ocr_line' id='line_1_70' title="bbox 370 3699 1968 3777; baseline 0.005 -24"><span class='ocrx_word' id='word_1_488' title='bbox 370 3699 603 3766; x_wconf 79' lang='lat' dir='ltr'><strong>gentiam</strong></span> <span class='ocrx_word' id='word_1_489' title='bbox 632 3710 827 3755; x_wconf 88' lang='lat' dir='ltr'><strong>cuncta</strong></span> <span class='ocrx_word' id='word_1_490' title='bbox 869 3701 1013 3757; x_wconf 89' lang='lat' dir='ltr'><strong>effici</strong></span> <span class='ocrx_word' id='word_1_491' title='bbox 1046 3718 1326 3773; x_wconf 87' lang='lat' dir='ltr'><strong>prospera.</strong></span> <span class='ocrx_word' id='word_1_492' title='bbox 1370 3704 1475 3759; x_wconf 83' lang='lat' dir='ltr'><strong>Sed</strong></span> <span class='ocrx_word' id='word_1_493' title='bbox 1502 3704 1558 3777; x_wconf 91' lang='grc' dir='ltr'><strong>(ο</strong></span> <span class='ocrx_word' id='word_1_494' title='bbox 1597 3708 1844 3776; x_wconf 79' lang='lat' dir='ltr'><strong>pertinax</strong></span> <span class='ocrx_word' id='word_1_495' title='bbox 1874 3719 1968 3760; x_wconf 89' lang='lat' dir='ltr'><strong>cu-</strong></span> 
     </span>
    </p>
   </div>
   <div class='ocr_carea' id='block_1_71' title="bbox 370 3789 1969 3867">
    <p class='ocr_par' dir='ltr' id='par_1_71' title="bbox 370 3789 1969 3867">
     <span class='ocr_line' id='line_1_71' title="bbox 370 3789 1969 3867; baseline 0.008 -25"><span class='ocrx_word' id='word_1_496' title='bbox 370 3789 570 3859; x_wconf 85' lang='lat' dir='ltr'><strong>piditas</strong></span> <span class='ocrx_word' id='word_1_497' title='bbox 591 3790 632 3861; x_wconf 76' lang='grc' dir='ltr'><strong>ε)</strong></span> <span class='ocrx_word' id='word_1_498' title='bbox 663 3791 943 3862; x_wconf 85' lang='lat' dir='ltr'><strong>diligentia</strong></span> <span class='ocrx_word' id='word_1_499' title='bbox 972 3808 1181 3862; x_wconf 89' lang='lat' dir='ltr'><strong>eorum,</strong></span> <span class='ocrx_word' id='word_1_500' title='bbox 1223 3796 1542 3862; x_wconf 88' lang='lat' dir='ltr'><strong>crudelitas;</strong></span> <span class='ocrx_word' id='word_1_501' title='bbox 1570 3799 1725 3862; x_wconf 88' lang='lat' dir='ltr'><strong>ratio,</strong></span> <span class='ocrx_word' id='word_1_502' title='bbox 1760 3797 1969 3867; x_wconf 63' lang='lat' dir='ltr'><strong>deprae-</strong></span> 
     </span>
    </p>
   </div>
   <div class='ocr_carea' id='block_1_72' title="bbox 371 3879 1968 3959">
    <p class='ocr_par' dir='ltr' id='par_1_72' title="bbox 371 3879 1968 3959">
     <span class='ocr_line' id='line_1_72' title="bbox 371 3879 1968 3959; baseline 0.004 -22"><span class='ocrx_word' id='word_1_503' title='bbox 371 3879 519 3937; x_wconf 88' lang='lat' dir='ltr'><strong>datio</strong></span> <span class='ocrx_word' id='word_1_504' title='bbox 562 3881 759 3938; x_wconf 91' lang='lat' dir='ltr'><strong>melius</strong></span> <span class='ocrx_word' id='word_1_505' title='bbox 788 3884 1109 3953; x_wconf 89' lang='lat' dir='ltr'><strong>appellatur.</strong></span> <span class='ocrx_word' id='word_1_506' title='bbox 1137 3884 1262 3942; x_wconf 91' lang='lat' dir='ltr'><strong>ldeo</strong></span> <span class='ocrx_word' id='word_1_507' title='bbox 1293 3888 1517 3957; x_wconf 86' lang='lat' dir='ltr'><strong>cupiunt</strong></span> <span class='ocrx_word' id='word_1_508' title='bbox 1545 3902 1727 3943; x_wconf 88' lang='lat' dir='ltr'><strong>emere</strong></span> <span class='ocrx_word' id='word_1_509' title='bbox 1760 3887 1968 3959; x_wconf 86' lang='lat' dir='ltr'><strong>gravis-</strong></span> 
     </span>
    </p>
   </div>
   <div class='ocr_carea' id='block_1_73' title="bbox 370 3976 1969 4051">
    <p class='ocr_par' dir='ltr' id='par_1_73' title="bbox 370 3976 1969 4051">
     <span class='ocr_line' id='line_1_73' title="bbox 370 3976 1969 4051; baseline 0 -20"><span class='ocrx_word' id='word_1_510' title='bbox 370 3976 539 4033; x_wconf 84' lang='lat' dir='ltr'><strong>simas</strong></span> <span class='ocrx_word' id='word_1_511' title='bbox 584 3979 849 4047; x_wconf 90' lang='lat' dir='ltr'><strong>actiones,</strong></span> <span class='ocrx_word' id='word_1_512' title='bbox 901 3979 1024 4050; x_wconf 90' lang='lat' dir='ltr'><strong>quia</strong></span> <span class='ocrx_word' id='word_1_513' title='bbox 1071 3980 1313 4051; x_wconf 90' lang='lat' dir='ltr'><strong>cogitant</strong></span> <span class='ocrx_word' id='word_1_514' title='bbox 1340 3980 1607 4047; x_wconf 86' lang='lat' dir='ltr'><strong>vendere;</strong></span> <span class='ocrx_word' id='word_1_515' title='bbox 1650 3979 1969 4050; x_wconf 87' lang='lat' dir='ltr'><strong>promittunt</strong></span> 
     </span>
    </p>
   </div>
   <div class='ocr_carea' id='block_1_74' title="bbox 373 4067 1965 4142">
    <p class='ocr_par' dir='ltr' id='par_1_74' title="bbox 373 4067 1965 4142">
     <span class='ocr_line' id='line_1_74' title="bbox 373 4067 1965 4142; baseline 0.004 -20"><span class='ocrx_word' id='word_1_516' title='bbox 373 4067 530 4139; x_wconf 89' lang='lat' dir='ltr'><strong>falsa,</strong></span> <span class='ocrx_word' id='word_1_517' title='bbox 564 4080 625 4127; x_wconf 89' lang='lat' dir='ltr'><strong>ut</strong></span> <span class='ocrx_word' id='word_1_518' title='bbox 670 4085 796 4127; x_wconf 88' lang='lat' dir='ltr'><strong>vera</strong></span> <span class='ocrx_word' id='word_1_519' title='bbox 841 4071 1179 4142; x_wconf 80' lang='lat' dir='ltr'><strong>subripiam;</strong></span> <span class='ocrx_word' id='word_1_520' title='bbox 1227 4073 1573 4129; x_wconf 90' lang='lat' dir='ltr'><strong>blandiuntur</strong></span> <span class='ocrx_word' id='word_1_521' title='bbox 1616 4080 1674 4127; x_wconf 88' lang='lat' dir='ltr'><strong>ut</strong></span> <span class='ocrx_word' id='word_1_522' title='bbox 1709 4082 1965 4137; x_wconf 85' lang='lat' dir='ltr'><strong>noceant;</strong></span> 
     </span>
    </p>
   </div>
   <div class='ocr_carea' id='block_1_75' title="bbox 374 4159 1970 4237">
    <p class='ocr_par' dir='ltr' id='par_1_75' title="bbox 374 4159 1970 4237">
     <span class='ocr_line' id='line_1_75' title="bbox 374 4159 1970 4237; baseline 0.004 -22"><span class='ocrx_word' id='word_1_523' title='bbox 374 4159 520 4229; x_wconf 87' lang='lat' dir='ltr'><strong>piam</strong></span> <span class='ocrx_word' id='word_1_524' title='bbox 566 4163 721 4233; x_wconf 87' lang='lat' dir='ltr'><strong>quasi</strong></span> <span class='ocrx_word' id='word_1_525' title='bbox 767 4163 1189 4221; x_wconf 86' lang='lat' dir='ltr'><strong>sollicitudinem</strong></span> <span class='ocrx_word' id='word_1_526' title='bbox 1241 4179 1340 4237; x_wconf 91' lang='lat' dir='ltr'><strong>pro</strong></span> <span class='ocrx_word' id='word_1_527' title='bbox 1378 4165 1702 4221; x_wconf 80' lang='lat' dir='ltr'><strong>utilitatibus</strong></span> <span class='ocrx_word' id='word_1_528' title='bbox 1744 4166 1970 4236; x_wconf 87' lang='lat' dir='ltr'><strong>publicis</strong></span> 
     </span>
    </p>
   </div>
   <div class='ocr_carea' id='block_1_76' title="bbox 371 4255 1970 4328">
    <p class='ocr_par' dir='ltr' id='par_1_76' title="bbox 371 4255 1970 4328">
     <span class='ocr_line' id='line_1_76' title="bbox 371 4255 1970 4328; baseline 0.005 -20"><span class='ocrx_word' id='word_1_529' title='bbox 371 4263 586 4323; x_wconf 90' lang='lat' dir='ltr'><strong>gerunt,</strong></span> <span class='ocrx_word' id='word_1_530' title='bbox 615 4255 709 4312; x_wconf 87' lang='lat' dir='ltr'><strong>sed</strong></span> <span class='ocrx_word' id='word_1_531' title='bbox 737 4256 977 4328; x_wconf 83' lang='lat' dir='ltr'><strong>afﬂigere</strong></span> <span class='ocrx_word' id='word_1_532' title='bbox 1005 4258 1165 4314; x_wconf 85' lang='lat' dir='ltr'><strong>simul</strong></span> <span class='ocrx_word' id='word_1_533' title='bbox 1197 4259 1374 4314; x_wconf 90' lang='lat' dir='ltr'><strong>omnia</strong></span> <span class='ocrx_word' id='word_1_534' title='bbox 1412 4268 1466 4314; x_wconf 92' lang='lat' dir='ltr'><strong>et</strong></span> <span class='ocrx_word' id='word_1_535' title='bbox 1495 4258 1826 4315; x_wconf 84' lang='lat' dir='ltr'><strong>deteriorare</strong></span> <span class='ocrx_word' id='word_1_536' title='bbox 1856 4274 1970 4316; x_wconf 88' lang='lat' dir='ltr'><strong>nio-</strong></span> 
     </span>
    </p>
   </div>
   <div class='ocr_carea' id='block_1_77' title="bbox 371 4344 1965 4425">
    <p class='ocr_par' dir='ltr' id='par_1_77' title="bbox 371 4344 1965 4425">
     <span class='ocr_line' id='line_1_77' title="bbox 371 4344 1965 4425; baseline 0.005 -24"><span class='ocrx_word' id='word_1_537' title='bbox 371 4344 596 4403; x_wconf 88' lang='lat' dir='ltr'><strong>liuntur.</strong></span> <span class='ocrx_word' id='word_1_538' title='bbox 626 4348 887 4407; x_wconf 87' lang='lat' dir='ltr'><strong>Evertere</strong></span> <span class='ocrx_word' id='word_1_539' title='bbox 914 4354 1160 4422; x_wconf 88' lang='lat' dir='ltr'><strong>cupiunt,</strong></span> <span class='ocrx_word' id='word_1_540' title='bbox 1188 4367 1291 4407; x_wconf 89' lang='lat' dir='ltr'><strong>non</strong></span> <span class='ocrx_word' id='word_1_541' title='bbox 1315 4353 1647 4422; x_wconf 87' lang='lat' dir='ltr'><strong>gubernare;</strong></span> <span class='ocrx_word' id='word_1_542' title='bbox 1681 4353 1965 4425; x_wconf 87' lang='lat' dir='ltr'><strong>dissipare,</strong></span> 
     </span>
    </p>
   </div>
   <div class='ocr_carea' id='block_1_78' title="bbox 372 4431 1961 4515">
    <p class='ocr_par' dir='ltr' id='par_1_78' title="bbox 372 4431 1961 4515">
     <span class='ocr_line' id='line_1_78' title="bbox 372 4431 1961 4515; baseline 0.008 -23"><span class='ocrx_word' id='word_1_543' title='bbox 372 4452 480 4494; x_wconf 88' lang='lat' dir='ltr'><strong>non</strong></span> <span class='ocrx_word' id='word_1_544' title='bbox 511 4441 816 4510; x_wconf 85' lang='lat' dir='ltr'><strong>custodire;</strong></span> <span class='ocrx_word' id='word_1_545' title='bbox 848 4431 1130 4511; x_wconf 62' lang='lat' dir='ltr'><strong>d&#39;evorare,</strong></span> <span class='ocrx_word' id='word_1_546' title='bbox 1160 4458 1266 4500; x_wconf 91' lang='lat' dir='ltr'><strong>non</strong></span> <span class='ocrx_word' id='word_1_547' title='bbox 1299 4459 1541 4515; x_wconf 86' lang='lat' dir='ltr'><strong>pascere.</strong></span> <span class='ocrx_word' id='word_1_548' title='bbox 1569 4445 1843 4502; x_wconf 82' lang='lat' dir='ltr'><strong>Materiam</strong></span> <span class='ocrx_word' id='word_1_549' title='bbox 1871 4461 1961 4504; x_wconf 87' lang='lat' dir='ltr'><strong>se-</strong></span> 
     </span>
    </p>
   </div>
   <div class='ocr_carea' id='block_1_79' title="bbox 371 4532 1963 4610">
    <p class='ocr_par' dir='ltr' id='par_1_79' title="bbox 371 4532 1963 4610">
     <span class='ocr_line' id='line_1_79' title="bbox 371 4532 1963 4610; baseline 0.007 -23"><span class='ocrx_word' id='word_1_550' title='bbox 371 4532 682 4603; x_wconf 84' lang='lat' dir='ltr'><strong>ditionibus,</strong></span> <span class='ocrx_word' id='word_1_551' title='bbox 715 4537 1047 4596; x_wconf 88' lang='lat' dir='ltr'><strong>incrementa</strong></span> <span class='ocrx_word' id='word_1_552' title='bbox 1071 4540 1330 4610; x_wconf 89' lang='lat' dir='ltr'><strong>miseriis,</strong></span> <span class='ocrx_word' id='word_1_553' title='bbox 1352 4555 1568 4597; x_wconf 86' lang='lat' dir='ltr'><strong>causam</strong></span> <span class='ocrx_word' id='word_1_554' title='bbox 1600 4541 1813 4599; x_wconf 84' lang='lat' dir='ltr'><strong>ﬂetibus</strong></span> <span class='ocrx_word' id='word_1_555' title='bbox 1834 4544 1963 4598; x_wconf 89' lang='lat' dir='ltr'><strong>sub-</strong></span> 
     </span>
    </p>
   </div>
   <div class='ocr_carea' id='block_1_80' title="bbox 372 4625 1970 4705">
    <p class='ocr_par' dir='ltr' id='par_1_80' title="bbox 372 4625 1970 4705">
     <span class='ocr_line' id='line_1_80' title="bbox 372 4625 1970 4705; baseline 0.009 -27"><span class='ocrx_word' id='word_1_556' title='bbox 372 4625 719 4682; x_wconf 89' lang='lat' dir='ltr'><strong>ministrant:</strong></span> <span class='ocrx_word' id='word_1_557' title='bbox 746 4629 849 4684; x_wconf 88' lang='lat' dir='ltr'><strong>hoc</strong></span> <span class='ocrx_word' id='word_1_558' title='bbox 880 4642 1123 4701; x_wconf 85' lang='lat' dir='ltr'><strong>agentes,</strong></span> <span class='ocrx_word' id='word_1_559' title='bbox 1155 4648 1275 4688; x_wconf 87' lang='lat' dir='ltr'><strong>cum</strong></span> <span class='ocrx_word' id='word_1_560' title='bbox 1316 4635 1587 4701; x_wconf 89' lang='lat' dir='ltr'><strong>provincia</strong></span> <span class='ocrx_word' id='word_1_561' title='bbox 1630 4650 1797 4705; x_wconf 87' lang='lat' dir='ltr'><strong>prope</strong></span> <span class='ocrx_word' id='word_1_562' title='bbox 1822 4651 1970 4691; x_wconf 85' lang='lat' dir='ltr'><strong>mor-</strong></span> 
     </span>
    </p>
   </div>
   <div class='ocr_carea' id='block_1_81' title="bbox 375 4719 1968 4799">
    <p class='ocr_par' dir='ltr' id='par_1_81' title="bbox 375 4719 1968 4799">
     <span class='ocr_line' id='line_1_81' title="bbox 375 4719 1968 4799; baseline 0.009 -30"><span class='ocrx_word' id='word_1_563' title='bbox 375 4722 485 4780; x_wconf 91' lang='lat' dir='ltr'><strong>tua,</strong></span> <span class='ocrx_word' id='word_1_564' title='bbox 515 4731 583 4773; x_wconf 91' lang='lat' dir='ltr'><strong>ne</strong></span> <span class='ocrx_word' id='word_1_565' title='bbox 616 4719 819 4775; x_wconf 85' lang='lat' dir='ltr'><strong>tardius</strong></span> <span class='ocrx_word' id='word_1_566' title='bbox 852 4724 1133 4780; x_wconf 89' lang='lat' dir='ltr'><strong>moriatur.</strong></span> <span class='ocrx_word' id='word_1_567' title='bbox 1172 4725 1300 4793; x_wconf 83' lang='lat' dir='ltr'><strong>Sepi</strong></span> <span class='ocrx_word' id='word_1_568' title='bbox 1330 4742 1481 4781; x_wconf 79' lang='lat' dir='ltr'><strong>aures</strong></span> <span class='ocrx_word' id='word_1_569' title='bbox 1503 4737 1617 4783; x_wconf 75' lang='lat' dir='ltr'><strong>tuus</strong></span> <span class='ocrx_word' id='word_1_570' title='bbox 1640 4730 1801 4798; x_wconf 81' lang='lat' dir='ltr'><strong>spinis</strong></span> <span class='ocrx_word' id='word_1_571' title='bbox 1833 4729 1968 4799; x_wconf 81' lang='lat' dir='ltr'><strong>(Ec-</strong></span> 
     </span>
    </p>
   </div>
   <div class='ocr_carea' id='block_1_82' title="bbox 374 4810 1969 4895">
    <p class='ocr_par' dir='ltr' id='par_1_82' title="bbox 374 4810 1969 4895">
     <span class='ocr_line' id='line_1_82' title="bbox 374 4810 1969 4895; baseline 0.011 -32"><span class='ocrx_word' id='word_1_572' title='bbox 374 4810 459 4864; x_wconf 79' lang='lat' dir='ltr'><strong>rli.</strong></span> <span class='ocrx_word' id='word_1_573' title='bbox 496 4826 692 4879; x_wconf 81' lang='lat' dir='ltr'><strong>xxviii,</strong></span> <span class='ocrx_word' id='word_1_574' title='bbox 720 4812 837 4883; x_wconf 70' lang='lat'><strong>28);</strong></span> <span class='ocrx_word' id='word_1_575' title='bbox 895 4831 963 4871; x_wconf 91' lang='lat' dir='ltr'><strong>ne</strong></span> <span class='ocrx_word' id='word_1_576' title='bbox 1010 4818 1196 4874; x_wconf 86' lang='lat' dir='ltr'><strong>audias</strong></span> <span class='ocrx_word' id='word_1_577' title='bbox 1240 4834 1426 4876; x_wconf 89' lang='lat' dir='ltr'><strong>vocem</strong></span> <span class='ocrx_word' id='word_1_578' title='bbox 1472 4824 1702 4892; x_wconf 86' lang='lat' dir='ltr'><strong>maligne</strong></span> <span class='ocrx_word' id='word_1_579' title='bbox 1741 4825 1969 4895; x_wconf 81' lang='lat' dir='ltr'><strong>loquen-</strong></span> 
     </span>
    </p>
   </div>
   <div class='ocr_carea' id='block_1_83' title="bbox 375 4899 1971 4983">
    <p class='ocr_par' dir='ltr' id='par_1_83' title="bbox 375 4899 1971 4983">
     <span class='ocr_line' id='line_1_83' title="bbox 375 4899 1971 4983; baseline 0.009 -27"><span class='ocrx_word' id='word_1_580' title='bbox 375 4899 530 4957; x_wconf 89' lang='lat' dir='ltr'><strong>tium.</strong></span> <span class='ocrx_word' id='word_1_581' title='bbox 601 4905 829 4972; x_wconf 86' lang='lat' dir='ltr'><strong>Quando</strong></span> <span class='ocrx_word' id='word_1_582' title='bbox 897 4922 990 4964; x_wconf 87' lang='lat' dir='ltr'><strong>eos</strong></span> <span class='ocrx_word' id='word_1_583' title='bbox 1073 4912 1344 4979; x_wconf 89' lang='lat' dir='ltr'><strong>conspicis</strong></span> <span class='ocrx_word' id='word_1_584' title='bbox 1417 4927 1668 4983; x_wconf 82' lang='lat' dir='ltr'><strong>agrorum</strong></span> <span class='ocrx_word' id='word_1_585' title='bbox 1744 4914 1971 4971; x_wconf 88' lang='lat' dir='ltr'><strong>laudare</strong></span> 
     </span>
    </p>
   </div>
   <div class='ocr_carea' id='block_1_84' title="bbox 374 4993 1972 5076">
    <p class='ocr_par' dir='ltr' id='par_1_84' title="bbox 374 4993 1972 5076">
     <span class='ocr_line' id='line_1_84' title="bbox 374 4993 1972 5076; baseline 0.009 -28"><span class='ocrx_word' id='word_1_586' title='bbox 374 4993 738 5061; x_wconf 87' lang='lat' dir='ltr'><strong>fertilitatem,</strong></span> <span class='ocrx_word' id='word_1_587' title='bbox 787 4998 1038 5056; x_wconf 86' lang='lat' dir='ltr'><strong>nuntiare</strong></span> <span class='ocrx_word' id='word_1_588' title='bbox 1067 5001 1450 5061; x_wconf 88' lang='lat' dir='ltr'><strong>abundantiam</strong></span> <span class='ocrx_word' id='word_1_589' title='bbox 1499 5006 1822 5076; x_wconf 89' lang='lat' dir='ltr'><strong>pluviarum,</strong></span> <span class='ocrx_word' id='word_1_590' title='bbox 1856 5007 1972 5063; x_wconf 85' lang='lat' dir='ltr'><strong>loca</strong></span> 
     </span>
    </p>
   </div>
   <div class='ocr_carea' id='block_1_85' title="bbox 334 5088 1969 5166">
    <p class='ocr_par' dir='ltr' id='par_1_85' title="bbox 334 5088 1969 5166">
     <span class='ocr_line' id='line_1_85' title="bbox 334 5088 1969 5166; baseline 0.008 -22"><span class='ocrx_word' id='word_1_591' title='bbox 334 5132 335 5135; x_wconf 56' lang='grc' dir='ltr'><strong>η</strong></span> <span class='ocrx_word' id='word_1_592' title='bbox 374 5088 688 5162; x_wconf 87' lang='lat' dir='ltr'><strong>frequenter</strong></span> <span class='ocrx_word' id='word_1_593' title='bbox 726 5106 936 5149; x_wconf 75' lang='lat' dir='ltr'><strong>ammna</strong></span> <span class='ocrx_word' id='word_1_594' title='bbox 996 5094 1305 5166; x_wconf 87' lang='lat' dir='ltr'><strong>depingere,</strong></span> <span class='ocrx_word' id='word_1_595' title='bbox 1355 5103 1487 5159; x_wconf 90' lang='lat' dir='ltr'><strong>time</strong></span> <span class='ocrx_word' id='word_1_596' title='bbox 1530 5101 1759 5158; x_wconf 81' lang='lat' dir='ltr'><strong>tabulam</strong></span> <span class='ocrx_word' id='word_1_597' title='bbox 1814 5102 1969 5159; x_wconf 90' lang='lat' dir='ltr'><strong>blan-</strong></span> 
     </span>
    </p>
   </div>
   <div class='ocr_carea' id='block_1_86' title="bbox 374 5176 1968 5265">
    <p class='ocr_par' dir='ltr' id='par_1_86' title="bbox 374 5176 1968 5265">
     <span class='ocr_line' id='line_1_86' title="bbox 374 5176 1968 5265; baseline 0.003 -27"><span class='ocrx_word' id='word_1_598' title='bbox 374 5180 521 5240; x_wconf 89' lang='lat' dir='ltr'><strong>dam.</strong></span> <span class='ocrx_word' id='word_1_599' title='bbox 546 5183 740 5241; x_wconf 84' lang='lat' dir='ltr'><strong>Set&#39;mo</strong></span> <span class='ocrx_word' id='word_1_600' title='bbox 773 5185 1078 5255; x_wconf 88' lang='lat' dir='ltr'><strong>bujusmodi</strong></span> <span class='ocrx_word' id='word_1_601' title='bbox 1109 5190 1283 5247; x_wconf 89' lang='lat' dir='ltr'><strong>viscus</strong></span> <span class='ocrx_word' id='word_1_602' title='bbox 1303 5212 1388 5265; x_wconf 65' lang='grc' dir='ltr'><strong>εει</strong></span> <span class='ocrx_word' id='word_1_603' title='bbox 1416 5217 1429 5256; x_wconf 72' lang='grc' dir='ltr'>ς</span> <span class='ocrx_word' id='word_1_604' title='bbox 1456 5176 1665 5254; x_wconf 46' lang='lat' dir='ltr'><strong>merere</strong></span> <span class='ocrx_word' id='word_1_605' title='bbox 1690 5196 1761 5252; x_wconf 84' lang='lat' dir='ltr'><strong>ibi</strong></span> <span class='ocrx_word' id='word_1_606' title='bbox 1794 5198 1968 5254; x_wconf 75' lang='lat' dir='ltr'><strong>nulla.</strong></span> 
     </span>
    </p>
   </div>
   <div class='ocr_carea' id='block_1_87' title="bbox 374 5279 1968 5372">
    <p class='ocr_par' dir='ltr' id='par_1_87' title="bbox 374 5279 1968 5372">
     <span class='ocr_line' id='line_1_87' title="bbox 374 5279 1968 5372; baseline 0.01 -40"><span class='ocrx_word' id='word_1_607' title='bbox 374 5282 532 5335; x_wconf 85' lang='lat' dir='ltr'><strong>tenus</strong></span> <span class='ocrx_word' id='word_1_608' title='bbox 561 5279 727 5337; x_wconf 90' lang='lat' dir='ltr'><strong>debet</strong></span> <span class='ocrx_word' id='word_1_609' title='bbox 768 5281 896 5339; x_wconf 89' lang='lat' dir='ltr'><strong>boni</strong></span> <span class='ocrx_word' id='word_1_610' title='bbox 939 5283 1089 5339; x_wconf 88' lang='lat' dir='ltr'><strong>ducis</strong></span> <span class='ocrx_word' id='word_1_611' title='bbox 1123 5283 1395 5372; x_wconf 49' lang='lat' dir='ltr'><strong>voluntas.</strong></span> <span class='ocrx_word' id='word_1_612' title='bbox 1442 5295 1555 5355; x_wconf 81' lang='lat' dir='ltr'><strong>Nec</strong></span> <span class='ocrx_word' id='word_1_613' title='bbox 1585 5293 1968 5363; x_wconf 78' lang='lat' dir='ltr'><strong>requirendum</strong></span> 
     </span>
    </p>
   </div>
   <div class='ocr_carea' id='block_1_88' title="bbox 375 5376 1968 5479">
    <p class='ocr_par' dir='ltr' id='par_1_88' title="bbox 375 5376 1968 5479">
     <span class='ocr_line' id='line_1_88' title="bbox 375 5376 1968 5479; baseline 0.012 -52"><span class='ocrx_word' id='word_1_614' title='bbox 375 5384 597 5475; x_wconf 80' lang='lat' dir='ltr'><strong>censeas</strong></span> <span class='ocrx_word' id='word_1_615' title='bbox 648 5376 1068 5479; x_wconf 48' lang='lat' dir='ltr'><strong>utrumnaliquid</strong></span> <span class='ocrx_word' id='word_1_616' title='bbox 1131 5392 1399 5479; x_wconf 50' lang='lat' dir='ltr'><strong>veraci,“</strong></span> <span class='ocrx_word' id='word_1_617' title='bbox 1446 5394 1735 5479; x_wconf 59' lang='lat' dir='ltr'><strong>narrent;</strong></span> <span class='ocrx_word' id='word_1_618' title='bbox 1775 5386 1968 5479; x_wconf 84' lang='lat' dir='ltr'><strong>artifici</strong></span> 
     </span>
    </p>
   </div>
   <div class='ocr_carea' id='block_1_89' title="bbox 378 5435 1971 5561">
    <p class='ocr_par' dir='ltr' id='par_1_89' title="bbox 378 5435 1971 5561">
     <span class='ocr_line' id='line_1_89' title="bbox 378 5435 1971 5561; baseline 0.003 -42"><span class='ocrx_word' id='word_1_619' title='bbox 378 5465 518 5561; x_wconf 80' lang='lat' dir='ltr'><strong>enim</strong></span> <span class='ocrx_word' id='word_1_620' title='bbox 548 5469 930 5525; x_wconf 87' lang='lat' dir='ltr'><strong>consuetudine</strong></span> <span class='ocrx_word' id='word_1_621' title='bbox 956 5471 1175 5525; x_wconf 87' lang='lat' dir='ltr'><strong>vitiorum</strong></span> <span class='ocrx_word' id='word_1_622' title='bbox 1201 5435 1559 5561; x_wconf 48' lang='grc' dir='ltr'><strong>’,ξιιθὶὶίὲυε</strong></span> <span class='ocrx_word' id='word_1_623' title='bbox 1592 5435 1738 5534; x_wconf 67' lang='grc' dir='ltr'><strong>οειυίί</strong></span> <span class='ocrx_word' id='word_1_624' title='bbox 1770 5478 1838 5531; x_wconf 90' lang='lat' dir='ltr'><strong>ad</strong></span> <span class='ocrx_word' id='word_1_625' title='bbox 1868 5493 1971 5536; x_wconf 88' lang='lat' dir='ltr'><strong>no-</strong></span> 
     </span>
    </p>
   </div>
   <div class='ocr_carea' id='block_1_90' title="bbox 375 5521 1971 5701">
    <p class='ocr_par' dir='ltr' id='par_1_90' title="bbox 375 5521 1971 5701">
     <span class='ocr_line' id='line_1_90' title="bbox 375 5521 1971 5701; baseline 0.013 -91"><span class='ocrx_word' id='word_1_626' title='bbox 375 5554 627 5627; x_wconf 91' lang='lat' dir='ltr'><strong>cendum,</strong></span> <span class='ocrx_word' id='word_1_627' title='bbox 660 5558 779 5615; x_wconf 88' lang='lat' dir='ltr'><strong>licet</strong></span> <span class='ocrx_word' id='word_1_628' title='bbox 804 5561 965 5617; x_wconf 85' lang='lat' dir='ltr'><strong>sciant</strong></span> <span class='ocrx_word' id='word_1_629' title='bbox 990 5560 1139 5617; x_wconf 80' lang='lat' dir='ltr'><strong>omnia</strong></span> <span class='ocrx_word' id='word_1_630' title='bbox 1178 5521 1559 5701; x_wconf 43' lang='lat'><strong>6:)&quot;</strong></span> <span class='ocrx_word' id='word_1_631' title='bbox 1600 5578 1857 5643; x_wconf 64' lang='lat' dir='ltr'><strong>quaerunt</strong></span> <span class='ocrx_word' id='word_1_632' title='bbox 1884 5521 1971 5632; x_wconf 66' lang='lat' dir='ltr'><strong>ta-</strong></span> 
     </span>
     <span class='ocr_line' id='line_1_91' title="bbox 1254 5661 1332 5701; baseline 0 0"><span class='ocrx_word' id='word_1_633' title='bbox 1254 5661 1332 5701; x_wconf 63' lang='grc' dir='ltr'><strong>..Α</strong></span> 
     </span>
    </p>
   </div>
   <div class='ocr_carea' id='block_1_91' title="bbox 453 5646 1332 5787">
    <p class='ocr_par' dir='ltr' id='par_1_91' title="bbox 453 5646 1332 5787">
     <span class='ocr_line' id='line_1_92' title="bbox 453 5646 1332 5787; baseline 0.008 -16"><span class='ocrx_word' id='word_1_634' title='bbox 453 5720 484 5753; x_wconf 77' lang='grc' dir='ltr'>ι</span> <span class='ocrx_word' id='word_1_635' title='bbox 499 5712 656 5773; x_wconf 76' lang='lat' dir='ltr'><strong>Forte</strong></span> <span class='ocrx_word' id='word_1_636' title='bbox 683 5713 779 5787; x_wconf 87' lang='lat' dir='ltr'><strong>leg.</strong></span> <span class='ocrx_word' id='word_1_637' title='bbox 805 5731 950 5787; x_wconf 75' lang='lat' dir='ltr'><strong>genus</strong></span> <span class='ocrx_word' id='word_1_638' title='bbox 967 5728 1148 5787; x_wconf 66' lang='lat' dir='ltr'><strong>nou/ip,</strong></span> 
     </span>
    </p>
   </div>
   <div class='ocr_carea' id='block_1_92' title="bbox 850 5762 1157 6061">
    <p class='ocr_par' dir='ltr' id='par_1_92' title="bbox 850 5762 1157 6061">
     <span class='ocr_line' id='line_1_93' title="bbox 850 5762 1157 6061; baseline 0.003 -186"><span class='ocrx_word' id='word_1_639' title='bbox 850 5762 1157 6061; x_wconf 43' lang='grc' dir='ltr'><strong>ἱὲιῖἇὶξγ</strong></span> 
     </span>
    </p>
   </div>
   <div class='ocr_carea' id='block_1_93' title="bbox 2064 3133 3660 3212">
    <p class='ocr_par' dir='ltr' id='par_1_93' title="bbox 2064 3133 3660 3212">
     <span class='ocr_line' id='line_1_94' title="bbox 2064 3133 3660 3212; baseline 0.006 -21"><span class='ocrx_word' id='word_1_640' title='bbox 2064 3133 2205 3191; x_wconf 88' lang='lat' dir='ltr'><strong>sicut</strong></span> <span class='ocrx_word' id='word_1_641' title='bbox 2232 3146 2283 3191; x_wconf 91' lang='lat' dir='ltr'><strong>te</strong></span> <span class='ocrx_word' id='word_1_642' title='bbox 2312 3137 2504 3206; x_wconf 89' lang='lat' dir='ltr'><strong>ipsum,</strong></span> <span class='ocrx_word' id='word_1_643' title='bbox 2530 3138 2794 3195; x_wconf 90' lang='lat' dir='ltr'><strong>cbaritate</strong></span> <span class='ocrx_word' id='word_1_644' title='bbox 2821 3140 3012 3198; x_wconf 88' lang='lat' dir='ltr'><strong>libera.</strong></span> <span class='ocrx_word' id='word_1_645' title='bbox 3043 3140 3209 3212; x_wconf 86' lang='lat' dir='ltr'><strong>Cujus</strong></span> <span class='ocrx_word' id='word_1_646' title='bbox 3239 3143 3535 3199; x_wconf 86' lang='lat' dir='ltr'><strong>abundanti</strong></span> <span class='ocrx_word' id='word_1_647' title='bbox 3562 3161 3660 3201; x_wconf 87' lang='lat' dir='ltr'><strong>re-</strong></span> 
     </span>
    </p>
   </div>
   <div class='ocr_carea' id='block_1_94' title="bbox 2069 3227 3664 3308">
    <p class='ocr_par' dir='ltr' id='par_1_94' title="bbox 2069 3227 3664 3308">
     <span class='ocr_line' id='line_1_95' title="bbox 2069 3227 3664 3308; baseline 0.008 -26"><span class='ocrx_word' id='word_1_648' title='bbox 2069 3227 2244 3298; x_wconf 87' lang='lat' dir='ltr'><strong>pletus</strong></span> <span class='ocrx_word' id='word_1_649' title='bbox 2301 3229 2585 3287; x_wconf 88' lang='lat' dir='ltr'><strong>dulcedine</strong></span> <span class='ocrx_word' id='word_1_650' title='bbox 2649 3232 2896 3304; x_wconf 84' lang='lat' dir='ltr'><strong>Moyses,</strong></span> <span class='ocrx_word' id='word_1_651' title='bbox 2969 3233 3093 3288; x_wconf 87' lang='lat' dir='ltr'><strong>dum</strong></span> <span class='ocrx_word' id='word_1_652' title='bbox 3152 3234 3361 3291; x_wconf 87' lang='lat' dir='ltr'><strong>videret</strong></span> <span class='ocrx_word' id='word_1_653' title='bbox 3408 3243 3664 3308; x_wconf 89' lang='lat' dir='ltr'><strong>populum</strong></span> 
     </span>
    </p>
   </div>
   <div class='ocr_carea' id='block_1_95' title="bbox 2067 3319 3668 3401">
    <p class='ocr_par' dir='ltr' id='par_1_95' title="bbox 2067 3319 3668 3401">
     <span class='ocr_line' id='line_1_96' title="bbox 2067 3319 3668 3401; baseline 0.007 -24"><span class='ocrx_word' id='word_1_654' title='bbox 2067 3319 2255 3389; x_wconf 82' lang='lat' dir='ltr'><strong>Israel,</strong></span> <span class='ocrx_word' id='word_1_655' title='bbox 2289 3324 2677 3393; x_wconf 89' lang='lat' dir='ltr'><strong>rempublicam</strong></span> <span class='ocrx_word' id='word_1_656' title='bbox 2710 3326 2917 3383; x_wconf 88' lang='lat' dir='ltr'><strong>scilicet</strong></span> <span class='ocrx_word' id='word_1_657' title='bbox 2938 3342 3115 3394; x_wconf 86' lang='lat' dir='ltr'><strong>suam,</strong></span> <span class='ocrx_word' id='word_1_658' title='bbox 3152 3344 3402 3396; x_wconf 85' lang='lat' dir='ltr'><strong>peccasse</strong></span> <span class='ocrx_word' id='word_1_659' title='bbox 3426 3334 3668 3401; x_wconf 86' lang='lat' dir='ltr'><strong>omnipo-</strong></span> 
     </span>
    </p>
   </div>
   <div class='ocr_carea' id='block_1_96' title="bbox 2070 3415 3669 3489">
    <p class='ocr_par' dir='ltr' id='par_1_96' title="bbox 2070 3415 3669 3489">
     <span class='ocr_line' id='line_1_97' title="bbox 2070 3415 3669 3489; baseline 0.009 -21"><span class='ocrx_word' id='word_1_660' title='bbox 2070 3416 2202 3469; x_wconf 86' lang='lat' dir='ltr'><strong>tenti</strong></span> <span class='ocrx_word' id='word_1_661' title='bbox 2237 3415 2368 3483; x_wconf 84' lang='lat' dir='ltr'><strong>Deo,</strong></span> <span class='ocrx_word' id='word_1_662' title='bbox 2402 3417 2724 3489; x_wconf 90' lang='lat' dir='ltr'><strong>timeretque</strong></span> <span class='ocrx_word' id='word_1_663' title='bbox 2755 3418 3043 3489; x_wconf 71' lang='lat' dir='ltr'><strong>jusdssiini</strong></span> <span class='ocrx_word' id='word_1_664' title='bbox 3069 3420 3267 3489; x_wconf 89' lang='lat' dir='ltr'><strong>judicis</strong></span> <span class='ocrx_word' id='word_1_665' title='bbox 3299 3422 3532 3479; x_wconf 85' lang='lat' dir='ltr'><strong>futuram</strong></span> <span class='ocrx_word' id='word_1_666' title='bbox 3581 3441 3669 3482; x_wconf 85' lang='lat' dir='ltr'><strong>se-</strong></span> 
     </span>
    </p>
   </div>
   <div class='ocr_carea' id='block_1_97' title="bbox 2071 3511 3665 3586">
    <p class='ocr_par' dir='ltr' id='par_1_97' title="bbox 2071 3511 3665 3586">
     <span class='ocr_line' id='line_1_98' title="bbox 2071 3511 3665 3586; baseline 0.004 -21"><span class='ocrx_word' id='word_1_667' title='bbox 2071 3511 2378 3577; x_wconf 89' lang='lat' dir='ltr'><strong>veritatem,</strong></span> <span class='ocrx_word' id='word_1_668' title='bbox 2410 3512 2487 3567; x_wconf 89' lang='lat' dir='ltr'><strong>sic</strong></span> <span class='ocrx_word' id='word_1_669' title='bbox 2522 3514 2734 3582; x_wconf 90' lang='lat' dir='ltr'><strong>placare</strong></span> <span class='ocrx_word' id='word_1_670' title='bbox 2763 3515 2991 3582; x_wconf 88' lang='lat' dir='ltr'><strong>arripuit</strong></span> <span class='ocrx_word' id='word_1_671' title='bbox 3027 3516 3384 3573; x_wconf 86' lang='lat' dir='ltr'><strong>irascentem:</strong></span> <span class='ocrx_word' id='word_1_672' title='bbox 3423 3518 3665 3586; x_wconf 80' lang='lat' dir='ltr'><strong>Obsecro,</strong></span> 
     </span>
    </p>
   </div>
   <div class='ocr_carea' id='block_1_98' title="bbox 2073 3601 3668 3677">
    <p class='ocr_par' dir='ltr' id='par_1_98' title="bbox 2073 3601 3668 3677">
     <span class='ocr_line' id='line_1_99' title="bbox 2073 3601 3668 3677; baseline 0.005 -20"><span class='ocrx_word' id='word_1_673' title='bbox 2073 3601 2269 3672; x_wconf 89' lang='lat' dir='ltr'><strong>inquit,</strong></span> <span class='ocrx_word' id='word_1_674' title='bbox 2299 3602 2539 3674; x_wconf 85' lang='lat' dir='ltr'><strong>Domine,</strong></span> <span class='ocrx_word' id='word_1_675' title='bbox 2575 3606 2617 3660; x_wconf 82' lang='lat' dir='ltr'><strong>si</strong></span> <span class='ocrx_word' id='word_1_676' title='bbox 2645 3606 2863 3661; x_wconf 78' lang='lat' dir='ltr'><strong>dimittis</strong></span> <span class='ocrx_word' id='word_1_677' title='bbox 2898 3608 2970 3661; x_wconf 79' lang='lat' dir='ltr'><strong>eis</strong></span> <span class='ocrx_word' id='word_1_678' title='bbox 3000 3618 3286 3677; x_wconf 84' lang='lat' dir='ltr'><strong>peccatum,</strong></span> <span class='ocrx_word' id='word_1_679' title='bbox 3328 3610 3562 3674; x_wconf 78' lang='lat' dir='ltr'><strong>dimitte;</strong></span> <span class='ocrx_word' id='word_1_680' title='bbox 3586 3611 3668 3665; x_wconf 83' lang='lat' dir='ltr'><strong>sin</strong></span> 
     </span>
    </p>
   </div>
   <div class='ocr_carea' id='block_1_99' title="bbox 2072 3695 3669 3768">
    <p class='ocr_par' dir='ltr' id='par_1_99' title="bbox 2072 3695 3669 3768">
     <span class='ocr_line' id='line_1_100' title="bbox 2072 3695 3669 3768; baseline 0.004 -21"><span class='ocrx_word' id='word_1_681' title='bbox 2072 3703 2266 3760; x_wconf 83' lang='lat' dir='ltr'><strong>autem,</strong></span> <span class='ocrx_word' id='word_1_682' title='bbox 2302 3695 2417 3750; x_wconf 85' lang='lat' dir='ltr'><strong>dele</strong></span> <span class='ocrx_word' id='word_1_683' title='bbox 2445 3712 2525 3751; x_wconf 82' lang='lat' dir='ltr'><strong>me</strong></span> <span class='ocrx_word' id='word_1_684' title='bbox 2554 3696 2617 3748; x_wconf 85' lang='lat' dir='ltr'><strong>de</strong></span> <span class='ocrx_word' id='word_1_685' title='bbox 2662 3697 2789 3751; x_wconf 86' lang='lat' dir='ltr'><strong>libro</strong></span> <span class='ocrx_word' id='word_1_686' title='bbox 2814 3709 2900 3751; x_wconf 84' lang='lat' dir='ltr'><strong>tuo</strong></span> <span class='ocrx_word' id='word_1_687' title='bbox 2928 3709 3077 3766; x_wconf 81' lang='lat' dir='ltr'><strong>quem</strong></span> <span class='ocrx_word' id='word_1_688' title='bbox 3123 3698 3438 3768; x_wconf 77' lang='lat' dir='ltr'><strong>scripserunt</strong></span> <span class='ocrx_word' id='word_1_689' title='bbox 3485 3716 3669 3754; x_wconf 81' lang='lat' dir='ltr'><strong>manus</strong></span> 
     </span>
    </p>
   </div>
   <div class='ocr_carea' id='block_1_100' title="bbox 2075 3787 3667 3865">
    <p class='ocr_par' dir='ltr' id='par_1_100' title="bbox 2075 3787 3667 3865">
     <span class='ocr_line' id='line_1_101' title="bbox 2075 3787 3667 3865; baseline 0.004 -22"><span class='ocrx_word' id='word_1_690' title='bbox 2075 3797 2178 3845; x_wconf 75' lang='grc' dir='ltr'><strong>ωω</strong></span> <span class='ocrx_word' id='word_1_691' title='bbox 2212 3787 2411 3861; x_wconf 76' lang='lat' dir='ltr'><strong>(Exod.</strong></span> <span class='ocrx_word' id='word_1_692' title='bbox 2438 3806 2611 3856; x_wconf 67' lang='grc' dir='ltr'>χχχιι,</span> <span class='ocrx_word' id='word_1_693' title='bbox 2640 3790 2756 3861; x_wconf 81' lang='grc'><strong>51).</strong></span> <span class='ocrx_word' id='word_1_694' title='bbox 2788 3791 3211 3849; x_wconf 89' lang='lat' dir='ltr'><strong>Consideremus</strong></span> <span class='ocrx_word' id='word_1_695' title='bbox 3239 3795 3369 3865; x_wconf 90' lang='lat' dir='ltr'><strong>quid</strong></span> <span class='ocrx_word' id='word_1_696' title='bbox 3410 3797 3667 3865; x_wconf 89' lang='lat' dir='ltr'><strong>proderat</strong></span> 
     </span>
    </p>
   </div>
   <div class='ocr_carea' id='block_1_101' title="bbox 2076 3879 3668 3970">
    <p class='ocr_par' dir='ltr' id='par_1_101' title="bbox 2076 3879 3668 3970">
     <span class='ocr_line' id='line_1_102' title="bbox 2076 3879 3668 3970; baseline 0.006 -35"><span class='ocrx_word' id='word_1_697' title='bbox 2076 3879 2246 3952; x_wconf 83' lang='lat' dir='ltr'><strong>Moysi</strong></span> <span class='ocrx_word' id='word_1_698' title='bbox 2277 3881 2410 3937; x_wconf 86' lang='lat' dir='ltr'><strong>alios</strong></span> <span class='ocrx_word' id='word_1_699' title='bbox 2453 3883 2655 3970; x_wconf 47' lang='lat' dir='ltr'><strong>salvos.</strong></span> <span class='ocrx_word' id='word_1_700' title='bbox 2674 3884 2869 3948; x_wconf 85' lang='lat' dir='ltr'><strong>facere,</strong></span> <span class='ocrx_word' id='word_1_701' title='bbox 2904 3886 2949 3940; x_wconf 89' lang='lat' dir='ltr'><strong>si</strong></span> <span class='ocrx_word' id='word_1_702' title='bbox 2979 3888 3201 3956; x_wconf 87' lang='lat' dir='ltr'><strong>periret.</strong></span> <span class='ocrx_word' id='word_1_703' title='bbox 3232 3888 3336 3942; x_wconf 83' lang='lat' dir='ltr'><strong>Sed</strong></span> <span class='ocrx_word' id='word_1_704' title='bbox 3367 3890 3489 3958; x_wconf 88' lang='lat' dir='ltr'><strong>quia</strong></span> <span class='ocrx_word' id='word_1_705' title='bbox 3522 3906 3668 3943; x_wconf 83' lang='lat' dir='ltr'><strong>rem-</strong></span> 
     </span>
    </p>
   </div>
   <div class='ocr_carea' id='block_1_102' title="bbox 2077 3974 3669 4053">
    <p class='ocr_par' dir='ltr' id='par_1_102' title="bbox 2077 3974 3669 4053">
     <span class='ocr_line' id='line_1_103' title="bbox 2077 3974 3669 4053; baseline 0.007 -24"><span class='ocrx_word' id='word_1_706' title='bbox 2077 3974 2347 4046; x_wconf 90' lang='lat' dir='ltr'><strong>publicam</strong></span> <span class='ocrx_word' id='word_1_707' title='bbox 2380 3978 2635 4049; x_wconf 80' lang='lat' dir='ltr'><strong>diligebat</strong></span> <span class='ocrx_word' id='word_1_708' title='bbox 2655 3995 2873 4052; x_wconf 89' lang='lat' dir='ltr'><strong>semper</strong></span> <span class='ocrx_word' id='word_1_709' title='bbox 2901 3983 3040 4037; x_wconf 90' lang='lat' dir='ltr'><strong>sicut</strong></span> <span class='ocrx_word' id='word_1_710' title='bbox 3071 3997 3130 4037; x_wconf 89' lang='lat' dir='ltr'><strong>se</strong></span> <span class='ocrx_word' id='word_1_711' title='bbox 3171 3984 3367 4053; x_wconf 89' lang='lat' dir='ltr'><strong>ipsum,</strong></span> <span class='ocrx_word' id='word_1_712' title='bbox 3392 3985 3669 4040; x_wconf 74' lang='lat' dir='ltr'><strong>cliaiitatis</strong></span> 
     </span>
    </p>
   </div>
   <div class='ocr_carea' id='block_1_103' title="bbox 2079 4064 3668 4143">
    <p class='ocr_par' dir='ltr' id='par_1_103' title="bbox 2079 4064 3668 4143">
     <span class='ocr_line' id='line_1_104' title="bbox 2079 4064 3668 4143; baseline 0.005 -23"><span class='ocrx_word' id='word_1_713' title='bbox 2079 4064 2239 4135; x_wconf 86' lang='lat' dir='ltr'><strong>hujus</strong></span> <span class='ocrx_word' id='word_1_714' title='bbox 2279 4068 2543 4123; x_wconf 83' lang='lat' dir='ltr'><strong>sacriﬁcio</strong></span> <span class='ocrx_word' id='word_1_715' title='bbox 2574 4069 2744 4124; x_wconf 86' lang='lat' dir='ltr'><strong>Deum</strong></span> <span class='ocrx_word' id='word_1_716' title='bbox 2800 4072 3054 4141; x_wconf 89' lang='lat' dir='ltr'><strong>placavit;</strong></span> <span class='ocrx_word' id='word_1_717' title='bbox 3103 4081 3157 4126; x_wconf 89' lang='lat' dir='ltr'><strong>et</strong></span> <span class='ocrx_word' id='word_1_718' title='bbox 3202 4088 3299 4128; x_wconf 92' lang='lat' dir='ltr'><strong>nec</strong></span> <span class='ocrx_word' id='word_1_719' title='bbox 3344 4074 3458 4142; x_wconf 89' lang='lat' dir='ltr'><strong>ipse</strong></span> <span class='ocrx_word' id='word_1_720' title='bbox 3488 4076 3668 4143; x_wconf 84' lang='lat' dir='ltr'><strong>periit,</strong></span> 
     </span>
    </p>
   </div>
   <div class='ocr_carea' id='block_1_104' title="bbox 2079 4159 3667 4237">
    <p class='ocr_par' dir='ltr' id='par_1_104' title="bbox 2079 4159 3667 4237">
     <span class='ocr_line' id='line_1_105' title="bbox 2079 4159 3667 4237; baseline 0.007 -25"><span class='ocrx_word' id='word_1_721' title='bbox 2079 4172 2179 4213; x_wconf 89' lang='lat' dir='ltr'><strong>nec</strong></span> <span class='ocrx_word' id='word_1_722' title='bbox 2208 4159 2459 4231; x_wconf 85' lang='lat' dir='ltr'><strong>populum</strong></span> <span class='ocrx_word' id='word_1_723' title='bbox 2502 4178 2661 4232; x_wconf 89' lang='lat' dir='ltr'><strong>quem</strong></span> <span class='ocrx_word' id='word_1_724' title='bbox 2707 4166 2929 4235; x_wconf 87' lang='lat' dir='ltr'><strong>regebat</strong></span> <span class='ocrx_word' id='word_1_725' title='bbox 2974 4166 3149 4235; x_wconf 88' lang='lat' dir='ltr'><strong>perire</strong></span> <span class='ocrx_word' id='word_1_726' title='bbox 3203 4168 3467 4237; x_wconf 88' lang='lat' dir='ltr'><strong>permisit.</strong></span> <span class='ocrx_word' id='word_1_727' title='bbox 3516 4168 3667 4223; x_wconf 82' lang='lat' dir='ltr'><strong>llunc</strong></span> 
     </span>
    </p>
   </div>
   <div class='ocr_carea' id='block_1_105' title="bbox 2080 4249 3670 4328">
    <p class='ocr_par' dir='ltr' id='par_1_105' title="bbox 2080 4249 3670 4328">
     <span class='ocr_line' id='line_1_106' title="bbox 2080 4249 3670 4328; baseline 0.008 -25"><span class='ocrx_word' id='word_1_728' title='bbox 2080 4249 2246 4306; x_wconf 88' lang='lat' dir='ltr'><strong>David</strong></span> <span class='ocrx_word' id='word_1_729' title='bbox 2293 4262 2514 4309; x_wconf 91' lang='lat' dir='ltr'><strong>sanctus</strong></span> <span class='ocrx_word' id='word_1_730' title='bbox 2559 4254 2753 4324; x_wconf 79' lang='lat' dir='ltr'><strong>:equali</strong></span> <span class='ocrx_word' id='word_1_731' title='bbox 2812 4256 3007 4313; x_wconf 89' lang='lat' dir='ltr'><strong>virtute</strong></span> <span class='ocrx_word' id='word_1_732' title='bbox 3055 4258 3357 4314; x_wconf 81' lang='lat' dir='ltr'><strong>dilectionis</strong></span> <span class='ocrx_word' id='word_1_733' title='bbox 3405 4260 3670 4328; x_wconf 73' lang='lat' dir='ltr'><strong>imitatus,</strong></span> 
     </span>
    </p>
   </div>
   <div class='ocr_carea' id='block_1_106' title="bbox 2079 4346 3669 4422">
    <p class='ocr_par' dir='ltr' id='par_1_106' title="bbox 2079 4346 3669 4422">
     <span class='ocr_line' id='line_1_107' title="bbox 2079 4346 3669 4422; baseline 0.003 -24"><span class='ocrx_word' id='word_1_734' title='bbox 2079 4346 2417 4415; x_wconf 87' lang='lat' dir='ltr'><strong>percutiente</strong></span> <span class='ocrx_word' id='word_1_735' title='bbox 2466 4346 2661 4415; x_wconf 83' lang='lat' dir='ltr'><strong>angelo</strong></span> <span class='ocrx_word' id='word_1_736' title='bbox 2709 4348 2983 4403; x_wconf 84' lang='lat' dir='ltr'><strong>civitatem</strong></span> <span class='ocrx_word' id='word_1_737' title='bbox 3020 4368 3033 4402; x_wconf 88' lang='lat'><strong>:</strong></span> <span class='ocrx_word' id='word_1_738' title='bbox 3066 4347 3422 4420; x_wconf 82' lang='lat' dir='ltr'><strong>Convertamr,</strong></span> <span class='ocrx_word' id='word_1_739' title='bbox 3475 4353 3669 4422; x_wconf 75' lang='lat' dir='ltr'><strong>inquit,</strong></span> 
     </span>
    </p>
   </div>
   <div class='ocr_carea' id='block_1_107' title="bbox 1993 4443 3673 4533">
    <p class='ocr_par' dir='ltr' id='par_1_107' title="bbox 1993 4443 3673 4533">
     <span class='ocr_line' id='line_1_108' title="bbox 1993 4443 3673 4533; baseline 0.008 -42"><span class='ocrx_word' id='word_1_740' title='bbox 1993 4471 2049 4533; x_wconf 71' lang='grc' dir='ltr'><strong>Β</strong></span> <span class='ocrx_word' id='word_1_741' title='bbox 2078 4454 2262 4493; x_wconf 81' lang='lat' dir='ltr'><strong>manus</strong></span> <span class='ocrx_word' id='word_1_742' title='bbox 2293 4450 2391 4499; x_wconf 68' lang='lat' dir='ltr'><strong>tua</strong></span> <span class='ocrx_word' id='word_1_743' title='bbox 2410 4443 2462 4495; x_wconf 90' lang='lat' dir='ltr'><strong>in</strong></span> <span class='ocrx_word' id='word_1_744' title='bbox 2493 4457 2574 4495; x_wconf 84' lang='lat' dir='ltr'><strong>me</strong></span> <span class='ocrx_word' id='word_1_745' title='bbox 2625 4455 2671 4495; x_wconf 84' lang='lat' dir='ltr'><strong>et</strong></span> <span class='ocrx_word' id='word_1_746' title='bbox 2706 4443 2915 4496; x_wconf 83' lang='lat' dir='ltr'><strong>domum</strong></span> <span class='ocrx_word' id='word_1_747' title='bbox 2957 4446 3122 4515; x_wconf 80' lang='lat' dir='ltr'><strong>patris</strong></span> <span class='ocrx_word' id='word_1_748' title='bbox 3162 4448 3279 4501; x_wconf 85' lang='lat' dir='ltr'><strong>mei.</strong></span> <span class='ocrx_word' id='word_1_749' title='bbox 3314 4446 3411 4501; x_wconf 86' lang='lat' dir='ltr'><strong>Isti</strong></span> <span class='ocrx_word' id='word_1_750' title='bbox 3441 4450 3528 4518; x_wconf 77' lang='lat' dir='ltr'><strong>qni</strong></span> <span class='ocrx_word' id='word_1_751' title='bbox 3558 4465 3673 4505; x_wconf 79' lang='lat' dir='ltr'><strong>om</strong></span> 
     </span>
    </p>
   </div>
   <div class='ocr_carea' id='block_1_108' title="bbox 2069 4534 3671 4608">
    <p class='ocr_par' dir='ltr' id='par_1_108' title="bbox 2069 4534 3671 4608">
     <span class='ocr_line' id='line_1_109' title="bbox 2069 4534 3671 4608; baseline 0.004 -21"><span class='ocrx_word' id='word_1_752' title='bbox 2069 4544 2211 4600; x_wconf 74' lang='lat' dir='ltr'><strong>sunt,</strong></span> <span class='ocrx_word' id='word_1_753' title='bbox 2245 4534 2374 4605; x_wconf 84' lang='lat' dir='ltr'><strong>quid</strong></span> <span class='ocrx_word' id='word_1_754' title='bbox 2406 4536 2636 4604; x_wconf 78' lang='lat' dir='ltr'><strong>fecerunt</strong></span> <span class='ocrx_word' id='word_1_755' title='bbox 2670 4534 2759 4607; x_wconf 87' lang='lat' dir='ltr'><strong>(Il</strong></span> <span class='ocrx_word' id='word_1_756' title='bbox 2795 4535 2926 4607; x_wconf 84' lang='lat' dir='ltr'><strong>Reg.</strong></span> <span class='ocrx_word' id='word_1_757' title='bbox 2966 4553 3096 4604; x_wconf 72' lang='lat' dir='ltr'><strong>XLII,</strong></span> <span class='ocrx_word' id='word_1_758' title='bbox 3133 4538 3266 4608; x_wconf 77' lang='lat' dir='ltr'><strong>l7)?</strong></span> <span class='ocrx_word' id='word_1_759' title='bbox 3299 4541 3370 4593; x_wconf 85' lang='lat' dir='ltr'><strong>Da</strong></span> <span class='ocrx_word' id='word_1_760' title='bbox 3405 4541 3671 4596; x_wconf 80' lang='lat' dir='ltr'><strong>hominem</strong></span> 
     </span>
    </p>
   </div>
   <div class='ocr_carea' id='block_1_109' title="bbox 2068 4626 3671 4702">
    <p class='ocr_par' dir='ltr' id='par_1_109' title="bbox 2068 4626 3671 4702">
     <span class='ocr_line' id='line_1_110' title="bbox 2068 4626 3671 4702; baseline 0.005 -22"><span class='ocrx_word' id='word_1_761' title='bbox 2068 4627 2157 4696; x_wconf 91' lang='lat' dir='ltr'><strong>qui</strong></span> <span class='ocrx_word' id='word_1_762' title='bbox 2178 4626 2565 4696; x_wconf 87' lang='lat' dir='ltr'><strong>rempublicam</strong></span> <span class='ocrx_word' id='word_1_763' title='bbox 2599 4629 2679 4685; x_wconf 86' lang='lat' dir='ltr'><strong>sic</strong></span> <span class='ocrx_word' id='word_1_764' title='bbox 2709 4630 2914 4700; x_wconf 85' lang='lat' dir='ltr'><strong>diligat,</strong></span> <span class='ocrx_word' id='word_1_765' title='bbox 2951 4641 3005 4686; x_wconf 91' lang='lat' dir='ltr'><strong>et</strong></span> <span class='ocrx_word' id='word_1_766' title='bbox 3034 4632 3241 4688; x_wconf 78' lang='lat' dir='ltr'><strong>videbis</strong></span> <span class='ocrx_word' id='word_1_767' title='bbox 3277 4643 3534 4702; x_wconf 85' lang='lat' dir='ltr'><strong>quantum</strong></span> <span class='ocrx_word' id='word_1_768' title='bbox 3563 4634 3671 4688; x_wconf 85' lang='lat' dir='ltr'><strong>Deo</strong></span> 
     </span>
    </p>
   </div>
   <div class='ocr_carea' id='block_1_110' title="bbox 2068 4717 3671 4792">
    <p class='ocr_par' dir='ltr' id='par_1_110' title="bbox 2068 4717 3671 4792">
     <span class='ocr_line' id='line_1_111' title="bbox 2068 4717 3671 4792; baseline 0.004 -21"><span class='ocrx_word' id='word_1_769' title='bbox 2068 4717 2299 4789; x_wconf 89' lang='lat' dir='ltr'><strong>placeat,</strong></span> <span class='ocrx_word' id='word_1_770' title='bbox 2333 4720 2494 4773; x_wconf 90' lang='lat' dir='ltr'><strong>etiam</strong></span> <span class='ocrx_word' id='word_1_771' title='bbox 2538 4720 2863 4777; x_wconf 88' lang='lat' dir='ltr'><strong>militaribus</strong></span> <span class='ocrx_word' id='word_1_772' title='bbox 2894 4723 3102 4777; x_wconf 88' lang='lat' dir='ltr'><strong>actibus</strong></span> <span class='ocrx_word' id='word_1_773' title='bbox 3135 4734 3450 4792; x_wconf 89' lang='lat' dir='ltr'><strong>occupatus.</strong></span> <span class='ocrx_word' id='word_1_774' title='bbox 3479 4723 3671 4777; x_wconf 82' lang='lat' dir='ltr'><strong>Profe-</strong></span> 
     </span>
    </p>
   </div>
   <div class='ocr_carea' id='block_1_111' title="bbox 2069 4810 3669 4887">
    <p class='ocr_par' dir='ltr' id='par_1_111' title="bbox 2069 4810 3669 4887">
     <span class='ocr_line' id='line_1_112' title="bbox 2069 4810 3669 4887; baseline 0.004 -22"><span class='ocrx_word' id='word_1_775' title='bbox 2069 4819 2159 4865; x_wconf 88' lang='lat' dir='ltr'><strong>cto</strong></span> <span class='ocrx_word' id='word_1_776' title='bbox 2181 4810 2371 4879; x_wconf 86' lang='lat' dir='ltr'><strong>dignus</strong></span> <span class='ocrx_word' id='word_1_777' title='bbox 2393 4827 2453 4867; x_wconf 89' lang='lat' dir='ltr'><strong>es</strong></span> <span class='ocrx_word' id='word_1_778' title='bbox 2493 4820 2553 4866; x_wconf 87' lang='lat' dir='ltr'><strong>ut</strong></span> <span class='ocrx_word' id='word_1_779' title='bbox 2593 4815 2780 4869; x_wconf 88' lang='lat' dir='ltr'><strong>talium</strong></span> <span class='ocrx_word' id='word_1_780' title='bbox 2820 4816 3013 4871; x_wconf 89' lang='lat' dir='ltr'><strong>similis</strong></span> <span class='ocrx_word' id='word_1_781' title='bbox 3048 4819 3217 4885; x_wconf 85' lang='lat' dir='ltr'><strong>vivas,</strong></span> <span class='ocrx_word' id='word_1_782' title='bbox 3255 4829 3477 4887; x_wconf 85' lang='lat' dir='ltr'><strong>paratus</strong></span> <span class='ocrx_word' id='word_1_783' title='bbox 3516 4818 3669 4871; x_wconf 88' lang='lat' dir='ltr'><strong>labo-</strong></span> 
     </span>
    </p>
   </div>
   <div class='ocr_carea' id='block_1_112' title="bbox 2077 4906 3672 4981">
    <p class='ocr_par' dir='ltr' id='par_1_112' title="bbox 2077 4906 3672 4981">
     <span class='ocr_line' id='line_1_113' title="bbox 2077 4906 3672 4981; baseline 0.006 -23"><span class='ocrx_word' id='word_1_784' title='bbox 2077 4917 2200 4959; x_wconf 87' lang='lat' dir='ltr'><strong>rare</strong></span> <span class='ocrx_word' id='word_1_785' title='bbox 2232 4920 2327 4972; x_wconf 90' lang='lat' dir='ltr'><strong>pro</strong></span> <span class='ocrx_word' id='word_1_786' title='bbox 2350 4906 2535 4977; x_wconf 91' lang='lat' dir='ltr'><strong>requie</strong></span> <span class='ocrx_word' id='word_1_787' title='bbox 2559 4907 2961 4978; x_wconf 87' lang='lat' dir='ltr'><strong>subjectorum;</strong></span> <span class='ocrx_word' id='word_1_788' title='bbox 2999 4922 3219 4981; x_wconf 85' lang='lat' dir='ltr'><strong>paratus</strong></span> <span class='ocrx_word' id='word_1_789' title='bbox 3245 4914 3408 4966; x_wconf 88' lang='lat' dir='ltr'><strong>etiam</strong></span> <span class='ocrx_word' id='word_1_790' title='bbox 3440 4920 3672 4968; x_wconf 89' lang='lat' dir='ltr'><strong>mortem</strong></span> 
     </span>
    </p>
   </div>
   <div class='ocr_carea' id='block_1_113' title="bbox 2080 4996 3672 5074">
    <p class='ocr_par' dir='ltr' id='par_1_113' title="bbox 2080 4996 3672 5074">
     <span class='ocr_line' id='line_1_114' title="bbox 2080 4996 3672 5074; baseline 0.004 -21"><span class='ocrx_word' id='word_1_791' title='bbox 2080 4996 2279 5064; x_wconf 85' lang='lat' dir='ltr'><strong>subire,</strong></span> <span class='ocrx_word' id='word_1_792' title='bbox 2328 5000 2373 5053; x_wconf 88' lang='lat' dir='ltr'><strong>si</strong></span> <span class='ocrx_word' id='word_1_793' title='bbox 2429 5002 2736 5069; x_wconf 87' lang='lat' dir='ltr'><strong>permiserit</strong></span> <span class='ocrx_word' id='word_1_794' title='bbox 2786 5005 2945 5071; x_wconf 84' lang='lat' dir='ltr'><strong>Deus,</strong></span> <span class='ocrx_word' id='word_1_795' title='bbox 2981 5013 3039 5059; x_wconf 92' lang='lat' dir='ltr'><strong>ut</strong></span> <span class='ocrx_word' id='word_1_796' title='bbox 3083 5004 3151 5061; x_wconf 92' lang='lat' dir='ltr'><strong>de</strong></span> <span class='ocrx_word' id='word_1_797' title='bbox 3198 5005 3390 5059; x_wconf 80' lang='lat' dir='ltr'><strong>mortis</strong></span> <span class='ocrx_word' id='word_1_798' title='bbox 3436 5005 3672 5074; x_wconf 90' lang='lat' dir='ltr'><strong>periculo</strong></span> 
     </span>
    </p>
   </div>
   <div class='ocr_carea' id='block_1_114' title="bbox 2080 5088 3672 5168">
    <p class='ocr_par' dir='ltr' id='par_1_114' title="bbox 2080 5088 3672 5168">
     <span class='ocr_line' id='line_1_115' title="bbox 2080 5088 3672 5168; baseline 0.008 -24"><span class='ocrx_word' id='word_1_799' title='bbox 2080 5088 2175 5144; x_wconf 90' lang='lat' dir='ltr'><strong>tibi</strong></span> <span class='ocrx_word' id='word_1_800' title='bbox 2196 5090 2442 5147; x_wconf 87' lang='lat' dir='ltr'><strong>subditos</strong></span> <span class='ocrx_word' id='word_1_801' title='bbox 2473 5092 2693 5151; x_wconf 84' lang='lat' dir='ltr'><strong>liberes.</strong></span> <span class='ocrx_word' id='word_1_802' title='bbox 2723 5095 2853 5151; x_wconf 92' lang='lat' dir='ltr'><strong>Plus</strong></span> <span class='ocrx_word' id='word_1_803' title='bbox 2885 5096 3035 5165; x_wconf 83' lang='lat' dir='ltr'><strong>time,</strong></span> <span class='ocrx_word' id='word_1_804' title='bbox 3065 5097 3171 5152; x_wconf 82' lang='lat' dir='ltr'><strong>dux</strong></span> <span class='ocrx_word' id='word_1_805' title='bbox 3196 5099 3420 5167; x_wconf 90' lang='lat' dir='ltr'><strong>optime,</strong></span> <span class='ocrx_word' id='word_1_806' title='bbox 3456 5114 3672 5168; x_wconf 68' lang='lat' dir='ltr'><strong>promn-</strong></span> 
     </span>
    </p>
   </div>
   <div class='ocr_carea' id='block_1_115' title="bbox 2080 5185 3672 5262">
    <p class='ocr_par' dir='ltr' id='par_1_115' title="bbox 2080 5185 3672 5262">
     <span class='ocr_line' id='line_1_116' title="bbox 2080 5185 3672 5262; baseline 0.007 -24"><span class='ocrx_word' id='word_1_807' title='bbox 2080 5185 2216 5240; x_wconf 88' lang='lat' dir='ltr'><strong>ciam</strong></span> <span class='ocrx_word' id='word_1_808' title='bbox 2252 5187 2365 5242; x_wconf 87' lang='lat' dir='ltr'><strong>fieri</strong></span> <span class='ocrx_word' id='word_1_809' title='bbox 2401 5188 2746 5256; x_wconf 89' lang='lat' dir='ltr'><strong>deteriorem,</strong></span> <span class='ocrx_word' id='word_1_810' title='bbox 2790 5204 2953 5260; x_wconf 88' lang='lat' dir='ltr'><strong>quam</strong></span> <span class='ocrx_word' id='word_1_811' title='bbox 2985 5199 3039 5248; x_wconf 91' lang='lat' dir='ltr'><strong>te</strong></span> <span class='ocrx_word' id='word_1_812' title='bbox 3084 5192 3258 5262; x_wconf 90' lang='lat' dir='ltr'><strong>ipsum</strong></span> <span class='ocrx_word' id='word_1_813' title='bbox 3304 5193 3672 5249; x_wconf 86' lang='lat' dir='ltr'><strong>minuentibus</strong></span> 
     </span>
    </p>
   </div>
   <div class='ocr_carea' id='block_1_116' title="bbox 2077 5278 3673 5356">
    <p class='ocr_par' dir='ltr' id='par_1_116' title="bbox 2077 5278 3673 5356">
     <span class='ocr_line' id='line_1_117' title="bbox 2077 5278 3673 5356; baseline 0.006 -24"><span class='ocrx_word' id='word_1_814' title='bbox 2077 5278 2273 5347; x_wconf 89' lang='lat' dir='ltr'><strong>opibus</strong></span> <span class='ocrx_word' id='word_1_815' title='bbox 2328 5282 2701 5351; x_wconf 87' lang='lat' dir='ltr'><strong>pauperiorem</strong></span> <span class='ocrx_word' id='word_1_816' title='bbox 2734 5280 2984 5337; x_wconf 88' lang='lat' dir='ltr'><strong>:divitias</strong></span> <span class='ocrx_word' id='word_1_817' title='bbox 3034 5284 3436 5341; x_wconf 80' lang='lat' dir='ltr'><strong>inaestimabiles</strong></span> <span class='ocrx_word' id='word_1_818' title='bbox 3488 5284 3673 5356; x_wconf 83' lang='lat' dir='ltr'><strong>judiea</strong></span> 
     </span>
    </p>
   </div>
   <div class='ocr_carea' id='block_1_117' title="bbox 2077 5370 3674 5449">
    <p class='ocr_par' dir='ltr' id='par_1_117' title="bbox 2077 5370 3674 5449">
     <span class='ocr_line' id='line_1_118' title="bbox 2077 5370 3674 5449; baseline 0.006 -23"><span class='ocrx_word' id='word_1_819' title='bbox 2077 5370 2273 5427; x_wconf 84' lang='lat' dir='ltr'><strong>famam</strong></span> <span class='ocrx_word' id='word_1_820' title='bbox 2290 5374 2508 5429; x_wconf 89' lang='lat' dir='ltr'><strong>bonam.</strong></span> <span class='ocrx_word' id='word_1_821' title='bbox 2534 5373 2914 5431; x_wconf 78' lang='lat' dir='ltr'><strong>Verumtamen</strong></span> <span class='ocrx_word' id='word_1_822' title='bbox 2944 5376 3066 5447; x_wconf 91' lang='lat' dir='ltr'><strong>quia</strong></span> <span class='ocrx_word' id='word_1_823' title='bbox 3085 5379 3263 5435; x_wconf 89' lang='lat' dir='ltr'><strong>omnis</strong></span> <span class='ocrx_word' id='word_1_824' title='bbox 3293 5380 3455 5435; x_wconf 90' lang='lat' dir='ltr'><strong>homo</strong></span> <span class='ocrx_word' id='word_1_825' title='bbox 3481 5379 3674 5449; x_wconf 82' lang='lat' dir='ltr'><strong>quidi-</strong></span> 
     </span>
    </p>
   </div>
   <div class='ocr_carea' id='block_1_118' title="bbox 2080 5463 3674 5547">
    <p class='ocr_par' dir='ltr' id='par_1_118' title="bbox 2080 5463 3674 5547">
     <span class='ocr_line' id='line_1_119' title="bbox 2080 5463 3674 5547; baseline 0.006 -28"><span class='ocrx_word' id='word_1_826' title='bbox 2080 5463 2197 5535; x_wconf 89' lang='lat' dir='ltr'><strong>ligit</strong></span> <span class='ocrx_word' id='word_1_827' title='bbox 2235 5482 2295 5522; x_wconf 90' lang='lat' dir='ltr'><strong>se</strong></span> <span class='ocrx_word' id='word_1_828' title='bbox 2338 5468 2535 5537; x_wconf 87' lang='lat' dir='ltr'><strong>ipsum,</strong></span> <span class='ocrx_word' id='word_1_829' title='bbox 2566 5468 2691 5539; x_wconf 90' lang='lat' dir='ltr'><strong>plus</strong></span> <span class='ocrx_word' id='word_1_830' title='bbox 2720 5469 2883 5526; x_wconf 90' lang='lat' dir='ltr'><strong>debet</strong></span> <span class='ocrx_word' id='word_1_831' title='bbox 2925 5471 3150 5546; x_wconf 89' lang='lat' dir='ltr'><strong>diligere</strong></span> <span class='ocrx_word' id='word_1_832' title='bbox 3199 5474 3363 5529; x_wconf 92' lang='lat' dir='ltr'><strong>Deum</strong></span> <span class='ocrx_word' id='word_1_833' title='bbox 3409 5489 3567 5545; x_wconf 92' lang='lat' dir='ltr'><strong>quam</strong></span> <span class='ocrx_word' id='word_1_834' title='bbox 3613 5489 3674 5547; x_wconf 80' lang='lat' dir='ltr'><strong>se</strong></span> 
     </span>
    </p>
   </div>
   <div class='ocr_carea' id='block_1_119' title="bbox 2079 5556 3675 5638">
    <p class='ocr_par' dir='ltr' id='par_1_119' title="bbox 2079 5556 3675 5638">
     <span class='ocr_line' id='line_1_120' title="bbox 2079 5556 3675 5638; baseline 0.005 -24"><span class='ocrx_word' id='word_1_835' title='bbox 2079 5556 2255 5629; x_wconf 86' lang='lat' dir='ltr'><strong>ipsum</strong></span> <span class='ocrx_word' id='word_1_836' title='bbox 2286 5557 2507 5632; x_wconf 90' lang='lat' dir='ltr'><strong>(alioqui</strong></span> <span class='ocrx_word' id='word_1_837' title='bbox 2534 5561 2712 5619; x_wconf 89' lang='lat' dir='ltr'><strong>minus</strong></span> <span class='ocrx_word' id='word_1_838' title='bbox 2737 5562 2967 5636; x_wconf 86' lang='lat' dir='ltr'><strong>diligens</strong></span> <span class='ocrx_word' id='word_1_839' title='bbox 2990 5568 3184 5638; x_wconf 72' lang='lat' dir='ltr'><strong>Deum,</strong></span> <span class='ocrx_word' id='word_1_840' title='bbox 3209 5582 3318 5624; x_wconf 84' lang='lat' dir='ltr'><strong>non</strong></span> <span class='ocrx_word' id='word_1_841' title='bbox 3348 5565 3544 5637; x_wconf 83' lang='lat' dir='ltr'><strong>diligit,</strong></span> <span class='ocrx_word' id='word_1_842' title='bbox 3574 5564 3675 5622; x_wconf 80' lang='lat' dir='ltr'><strong>sed</strong></span> 
     </span>
    </p>
   </div>
   <div class='ocr_carea' id='block_1_120' title="bbox 3111 5839 3194 5906">
    <p class='ocr_par' dir='ltr' id='par_1_120' title="bbox 3111 5839 3194 5906">
     <span class='ocr_line' id='line_1_121' title="bbox 3111 5839 3194 5906; baseline 0 0"><span class='ocrx_word' id='word_1_843' title='bbox 3111 5839 3194 5906; x_wconf 89' lang='lat'><strong>30</strong></span> 
     </span>
    </p>
   </div>
  </div>
