4078 6440
409 290 524 355 959

1327 258 1701 327 FULGEN’HI
1742 256 2103 320 FERRANDI'
2138 246 2417 317 DIACONI
2450 242 2808 309 CARTHAG.

3532 220 3537 224 ’
3611 221 3727 289 910

416 346 535 468 odit
558 419 623 463 se
648 398 872 475 ipsum),
900 394 1205 469 quicunque
1231 388 1409 458 diligit
1431 383 1824 455 rempublicam
1872 381 2015 475 sicut
2044 382 2093 439 A
2124 378 2177 475 in
2210 368 2509 475 soloiI‘ilio,
2539 356 3003 475 quantam—1:3“:
3328 357 3731 475 ἓξ.ῑο

422 521 484 562 se
511 508 705 574 ipsum,
736 498 858 567 plus
892 491 1077 560 diligat
1102 487 1274 543 Deum
1308 498 1466 556 quam
1492 478 1904 551 rempublicam,
1938 474 2019 530 di-

427 603 654 671 vinaque
689 590 901 665 negotia
934 593 1211 659 praeponat
1241 581 1512 640 humanis.

649 728 831 787 Quem
854 736 1056 774 unum.
1085 713 1325 770 Humanis
1360 710 1528 765 divina
1554 721 1806 776 prwpone.

505 837 594 892 ll.
626 836 694 890 Et
721 834 834 889 haec
861 832 961 889 erit
994 832 1177 900 quinta
1208 824 1392 897 regula
1425 822 1748 879 innocentia:
1779 819 2028 875 militari—

431 928 538 989 bus
578 925 788 993 antibus
833 931 1118 991 occupato,
1165 919 1243 973 sic
1288 915 1633 973 considerare
1686 912 2028 983 temporalia,

434 1028 498 1075 ut
530 1018 653 1089 plus
689 1015 931 1071 attendat
971 1022 1203 1076 aeterna;
1244 1011 1323 1066 sic
1352 1008 1635 1063 consulere
1674 1006 2031 1076 praesentibus

436 1112 670 1179 actibus,
712 1116 772 1163 ut
812 1107 930 1177 plus
967 1106 1035 1161 de
1067 1104 1258 1158 futuris
1296 1102 1494 1173 cogitet
1532 1100 1794 1169 praemiis.
1845 1096 2035 1153 Evenit

439 1205 585 1260 enim
608 1202 944 1273 frequenter,
972 1197 1112 1268 quod
1144 1197 1391 1268 ignorare
1414 1209 1521 1248 non
1553 1202 1726 1263 potes,
1752 1192 2036 1261 sapientiae

441 1298 644 1370 Spiritu
691 1301 885 1352 cuncta
928 1292 1203 1349 revelante
1244 1287 1492 1343 sensibus
1536 1286 1675 1352 tuis,
1725 1294 1781 1340 ut
1830 1281 2035 1354 aliquid

445 1392 563 1448 ﬁeri
621 1388 915 1447 necessitas
958 1394 1116 1456 cogat
1168 1380 1313 1453 quod
1358 1391 1558 1437 teterna
1610 1379 1696 1435 lex
1747 1377 2039 1449 prohibet,

452 1486 604 1541 verbi
651 1482 822 1555 gratia
844 1519 859 1545 ,
888 1494 957 1534 ne
991 1475 1261 1548 incognita
1303 1473 1639 1549 proferamus
1669 1472 1919 1540 exempla
1950 1486 1963 1524 :
1997 1468 2045 1524 si

448 1581 635 1651 plures
679 1579 732 1635 in
768 1574 1007 1631 exercitu
1054 1570 1351 1629 fortissimo
1397 1569 1735 1640 reperiantur
1780 1561 2041 1633 haeretici,

453 1669 788 1730 inﬁdelitatis
820 1667 1146 1722 sententiam
1174 1663 1365 1723 falsam
1405 1662 1661 1733 pertinaci
1704 1660 2050 1717 animositate

456 1765 827 1829 vindicantes,
878 1770 932 1817 et
987 1767 1205 1827 [ll‘Opter
1260 1759 1363 1813 hoc
1402 1756 1677 1811 haereticis
1709 1768 1930 1823 parcere
1959 1750 2050 1807 vel

460 1856 746 1917 consulere
775 1853 883 1910 dux
918 1851 1221 1925 catholicus
1250 1848 1566 1914 suadeatur,
1603 1855 1695 1901 aut
1720 1844 1939 1901 nefandi
1965 1860 2045 1900 er-

457 1951 603 2010 roris
654 1945 1094 2017 praedicatoribus
1149 1939 1581 1997 exercendarum
1641 1937 1909 1994 licentiam
1960 1937 2053 1990 tri-

461 2041 625 2100 buere
645 2038 1129 2110 blasphemiarum,
1156 2034 1424 2105 patienter
1455 2032 1635 2089 ferens
1659 2041 1877 2101 propter
1899 2043 2057 2086 scan-

466 2136 648 2193 dalum
670 2133 811 2205 quod
841 2131 949 2202 pati
980 2127 1257 2193 formidat,
1290 2125 1451 2183 etiam
1474 2140 1569 2180 eos
1595 2124 1807 2179 lavacro
1836 2121 2056 2179 secundi

462 2224 807 2297 baptismatis
840 2212 1029 2294 po'llui,
1074 2219 1185 2297 jam
1208 2218 1377 2274 semel
1406 2226 1659 2283 renatos;
1710 2231 1906 2285 nempe
1950 2223 2060 2269 tam

469 2320 626 2378 malae
681 2315 915 2372 suasioni
956 2314 1324 2381 consentiens,
1378 2310 1507 2367 licet
1546 2310 1778 2382 aliquam
1821 2309 2066 2365 videatur

470 2415 759 2469 utilitatem
798 2408 1061 2463 bonorum
1100 2403 1478 2476 temporalium
1519 2404 1837 2475 praestitisse
1878 2400 2063 2471 subje-

471 2506 597 2569 ctis,
651 2502 752 2557 sibi
780 2498 996 2556 interim
1025 2498 1238 2564 nocuit;
1269 2496 1397 2552 dum
1431 2496 1500 2553 de
1530 2493 1803 2565 adjutorio
1843 2494 1941 2549 Dei
1971 2494 2070 2549 mi-

476 2611 578 2654 nus
600 2606 851 2666 sperasse
868 2590 1161 2662 judicatus,
1181 2589 1452 2649 interdum
1484 2588 1755 2645 deteriora
1780 2601 1938 2658 quam
1960 2584 2071 2642 for-

477 2687 647 2746 midat
689 2682 929 2756 pericula
967 2682 1205 2748 tolerat;
1229 2691 1284 2737 et
1314 2696 1415 2737 nec
1441 2680 1495 2735 in
1526 2693 1623 2736 sua
1651 2679 1759 2735 ﬁde
1786 2688 2069 2743 consuns,

482 2785 701 2837 exercet
755 2783 1125 2846 competenter
1167 2774 1342 2829 zelum
1390 2772 1689 2844 religionis,
1742 2786 1844 2827 nec
1894 2771 2075 2827 evadit

481 2873 693 2930 ruinam
718 2868 1053 2943 gravissimae
1083 2866 1468 2931 tribulationis,
1492 2868 1614 2937 quia
1646 2865 1939 2936 praeposuit
1968 2873 2078 2921 ter-

484 2983 613 3025 rena
656 2962 992 3029 caelestibus,
1032 2970 1086 3018 et
1114 2962 1448 3017 voluntatem
1495 2958 1770 3015 Creatoris
1800 2957 2080 3013 offendere

486 3061 797 3116 nullatenus
819 3055 1103 3121 dubitavit,
1123 3055 1338 3122 placere
1358 3052 1545 3109 volens
1568 3051 1877 3106 hominibus
1899 3058 2083 3106 mente

487 3152 776 3221 corruptis.
807 3150 1003 3204 Beatus
1030 3161 1160 3218 ergo
1184 3148 1291 3201 eris
1316 3146 1384 3212 si,
1417 3143 1736 3200 militaribus
1759 3142 1966 3197 actibus
1992 3157 2086 3196 oc-
2120 3166 2127 3221 1'

489 3255 739 3317 cttpatus,
754 3258 853 3314 pro
878 3242 985 3298 ﬁde
1006 3255 1134 3296 vera
1155 3253 1315 3309 quam
1342 3248 1515 3304 tenes,
1536 3236 1739 3293 nemini
1763 3234 2088 3302 blandiaris;

492 3350 550 3398 et
574 3339 840 3394 adversus
861 3351 979 3391 eam
1014 3348 1178 3389 canes
1205 3332 1561 3403 procedentes
1587 3346 1657 3388 ex
1686 3328 1901 3385 ofﬁcina
1932 3345 2089 3384 men-

495 3431 638 3487 dacii
672 3430 870 3484 latrare
903 3424 1410 3497 prohibeaszspem
1453 3432 1598 3478 tuam
1642 3436 1850 3492 ponens
1894 3422 1950 3476 in
1996 3420 2093 3476 illo

497 3521 655 3590 cujus
677 3516 927 3589 potestati
956 3531 1117 3572 nemo
1144 3515 1354 3573 resistit
1386 3516 1638 3585 impune;
1671 3528 1831 3584 queui
1855 3513 1898 3569 si
1926 3512 2093 3569 oﬁ‘en-

502 3612 669 3675 deris,
690 3610 808 3664 sine
828 3622 991 3664 causa
1016 3606 1084 3663 de
1107 3606 1449 3663 multitudine
1477 3607 1762 3677 praesumis
1784 3606 2093 3671 exercitus;

501 3707 548 3761 si
579 3703 830 3759 habueris
860 3701 1169 3773 propitium,
1196 3715 1371 3772 neque
1395 3699 1622 3756 militem
1652 3701 1967 3767 superbum,
1998 3715 2095 3755 ne-

504 3809 613 3867 que
653 3793 947 3849 violentum
997 3791 1212 3847 timebis
1268 3792 1499 3848 hostem.
1540 3791 1919 3860 Principaliter
1970 3805 2100 3860 ergo

506 3904 635 3948 cura
665 3887 761 3943 tibi
785 3886 854 3942 sit
883 3892 1143 3956 occupato
1166 3884 1491 3961 militaribus
1517 3884 1747 3955 actibus,
1774 3893 1833 3939 ut
1852 3882 1989 3939 ﬁdes
2010 3897 2099 3941 ca-

508 3981 713 4037 tholica
738 3993 948 4048 semper
967 3978 1144 4032 vincat
1163 3975 1502 4032 adversarios
1521 3989 1667 4032 suos.
1699 3974 1851 4029 Hanc
1871 3971 2102 4029 defende

510 4073 657 4132 inter
677 4086 825 4128 arma
848 4080 904 4127 et
921 4069 1150 4143 gladios,
1177 4069 1316 4126 hanc
1342 4067 1606 4141 persuade
1632 4066 1903 4124 mentibus
1921 4079 2101 4125 arma-

509 4176 714 4224 torum.

588 4258 681 4317 12.
713 4256 874 4313 Fides
911 4264 1090 4310 autem
1129 4252 1395 4309 catholica
1425 4258 1530 4321 est,
1572 4251 1750 4307 Patris
1793 4256 1850 4308 et
1883 4248 2009 4305 Filii
2054 4257 2110 4309 et

509 4355 754 4426 Spiritus
784 4350 956 4407 sancti
988 4362 1147 4403 unam
1181 4356 1367 4403 contra
1396 4347 1582 4403 Arium
1610 4346 1992 4412 substantiam,
2020 4342 2107 4401 vel

516 4449 834 4513 essentiam,
859 4456 966 4499 tres
988 4444 1248 4498 adversus
1277 4442 1568 4497 Sabellium
1598 4440 1892 4512 praedicare
1921 4453 2111 4510 perso-

519 4561 657 4611 nas;
683 4550 741 4597 ut
769 4556 891 4596 cum
915 4543 1051 4594 bene
1078 4537 1348 4593 intellecta
1377 4538 1537 4594 fuerit
1563 4537 1614 4592 in
1636 4535 1877 4609 essentia
1906 4536 2105 4601 unitas,

522 4636 581 4692 in
604 4632 848 4704 persiinis
880 4630 1195 4700 preprietas,
1219 4644 1349 4686 vera
1365 4644 1577 4701 quoque
1600 4629 1652 4683 in
1678 4628 1959 4697 majestate
1978 4628 2112 4683 ado-

522 4736 673 4785 retur
694 4723 988 4795 aequalitas.
1020 4721 1153 4778 Tres
1175 4724 1320 4780 enim
1342 4731 1486 4787 sunt,
1514 4720 1631 4792 quia
1654 4720 1794 4774 alius
1820 4726 1903 4775 est
1930 4718 2110 4787 Pater,

522 4819 659 4876 alius
688 4816 876 4884 Filius,
902 4815 1037 4871 alius
1061 4814 1297 4886 Spiritus
1326 4812 1696 4887 sanctus..Scd
1725 4812 1779 4867 hi
1807 4822 1919 4868 tres
1949 4829 2115 4871 unum

523 4920 671 4977 sunt,
701 4919 755 4965 et
776 4922 985 4964 summe
1009 4923 1175 4963 unum
1205 4916 1361 4973 sunt,
1387 4906 1509 4976 quia
1539 4904 1846 4975 singillatim
1868 4906 2009 4962 Deus
2034 4913 2117 4963 est

525 5002 709 5070 Pater,
736 5001 877 5057 Deus
897 4999 1087 5067 Filius,
1119 4999 1259 5054 Deus
1291 4998 1524 5069 Spiritus
1551 5008 1770 5055 sanctus
1799 5016 1814 5053 :
1842 5016 2017 5072 neque
2039 5013 2119 5059 ta-

526 5110 655 5155 men
688 5105 800 5150 tres
829 5093 931 5161 dii,
982 5093 1079 5149 sed
1106 5108 1243 5148 unus
1272 5102 1355 5149 est
1390 5093 1553 5164 Deus,
1597 5094 1666 5152 de
1695 5112 1802 5167 quo
1837 5097 2120 5167 Scriptura

529 5198 717 5247 sancta
756 5187 883 5242 dicit
912 5205 925 5241 :
953 5189 1110 5255 Audi,
1142 5187 1342 5257 Israel,
1374 5188 1627 5247 Dominus
1665 5190 1807 5248 Deus
1833 5202 1950 5248 tuus
1982 5192 2123 5249 Deus

531 5298 667 5338 unus
692 5289 767 5335 est
790 5279 970 5351 (Deut.
994 5297 1072 5349 Vl,
1106 5282 1190 5352 4).
1221 5281 1595 5355 Suspicionem
1627 5300 1861 5356 namque
1894 5287 2123 5344 solitarii

535 5376 632 5433 Dei
664 5386 907 5431 removet
935 5375 1190 5444 Trinitas,
1215 5386 1272 5434 et
1292 5394 1455 5435 unum
1485 5379 1653 5437 Deum
1670 5379 2015 5437 credentibus
2037 5397 2126 5438 os-

532 5468 709 5522 tendit
737 5482 839 5522 uua
875 5467 1201 5525 substantia.
1241 5469 1360 5526 Non
1390 5471 1469 5526 sic
1500 5485 1627 5541 una,
1666 5480 1724 5527 tit
1754 5486 1848 5541 per
1882 5460 2136 5542 singulos"

535 5560 854 5630 semiplena,
878 5562 933 5641 in
962 5564 1209 5619 omnibus
1239 5562 1333 5619 ﬁat
1364 5572 1491 5631 tota,
1534 5576 1587 5621 et
1615 5565 1737 5621 ideo
1759 5567 1833 5621 sit
1858 5581 1996 5634 una;
2028 5567 2123 5626 sed

534 5668 646 5710 una
668 5670 917 5722 numero,
948 5672 1169 5731 genere,
1201 5660 1421 5727 virtute,
1447 5661 1801 5729 plenitudine.
1819 5663 1991 5731 Quam
2013 5664 2123 5720 sic-

534 5760 601 5809 m
634 5751 795 5807 habet
814 5752 869 5807 in
890 5752 1158 5817 omnibus,
1190 5755 1259 5807 ita
1288 5769 1391 5810 non
1421 5764 1568 5811 caret
1596 5758 1647 5811 in
1677 5759 1923 5827 singulis.
1957 5759 2125 5816 Tanta

541 5845 600 5907 in
629 5846 747 5903 solo
778 5844 955 5915 Patre,
979 5854 1177 5917 quanta
1200 5846 1252 5902 in
1280 5846 1416 5904 Filio
1437 5858 1489 5905 et
1511 5850 1713 5920 Spiritu
1734 5861 1953 5921 sancto;
1982 5861 2127 5911 tanta

2128 472 2183 527 in
2213 465 2415 539 Spiritu
2446 467 2655 525 saneto,
2708 459 2904 524 quanta
2950 448 3005 503 in
3051 445 3211 501 Patre
3241 452 3297 500 et
3335 442 3495 499 Filio.
3549 441 3731 497 Tanta

2125 534 2403 635 postremo
2428 556 2480 609 in
2509 548 2732 620 singulis
2760 559 2970 610 eorum,
2996 548 3195 613 quanta
3222 539 3275 594 in
3298 536 3530 592 duobus.
3559 534 3737 590 Tanta

2131 630 2185 712 in
2218 651 2455 715 duobus,
2484 653 2683 717 quanta
2713 642 2766 696 in
2799 639 2993 694 tribus.
3024 633 3198 690 Tanta
3230 632 3281 686 in
3312 630 3506 695 tribus,
3536 636 3744 700 quanta

2132 748 2187 802 in
2216 742 2457 813 singulis.
2488 736 2627 792 Nihil
2658 734 2854 804 quippe
2882 740 2967 784 est
2998 726 3071 781 ibi
3106 721 3363 797 gradibus
3391 721 3734 785 ordinatura,

2139 839 2274 896 nihil
2301 832 2559 906 qualitate
2590 828 2888 891 diversum,
2922 820 3057 901 nihil
3096 815 3395 889 quantitate
3426 813 3738 874 minimum,

2137 930 2273 988 nihil
2306 902 2423 982 loco
2448 925 2778 992 separatum,
2812 914 2945 969 nihil
2978 924 3220 981 tempore
3252 907 3557 980 posterius,
3602 902 3740 958 nihil

2140 1021 2419 1082 inefﬁcax,
2450 1012 2585 1069 nihil
2615 1006 2889 1081 passibile.
2916 1003 3017 1061 Ubi
3050 1005 3153 1057 hoc
3190 996 3566 1054 tantummodo
3601 994 3742 1049 reci-

2143 1116 2227 1189 pit
2256 1107 2685 1169 distinctionem,
2729 1100 2872 1172 quod
2902 1098 2969 1153 ad
2994 1096 3225 1152 invicem
3254 1094 3357 1150 sibi
3400 1101 3550 1159 sunt,
3588 1091 3748 1145 Pater

2148 1216 2359 1272 scilicet
2400 1209 2465 1264 ad
2508 1206 2726 1269 Filium,
2772 1201 2939 1256 Filius
2968 1196 3033 1252 ad
3067 1197 3304 1260 Patrem,
3339 1191 3578 1262 Spiritus
3618 1202 3747 1243 san-

2150 1319 2268 1365 ctus
2309 1306 2373 1359 ad
2406 1317 2501 1359 eos
2529 1300 2597 1355 de
2636 1298 2830 1369 quibus
2861 1304 2916 1349 et
2945 1306 3065 1347 cum
3109 1289 3302 1359 quibus
3332 1295 3385 1341 et
3430 1283 3669 1354 Spiritus
3705 1287 3761 1335 et

2152 1408 2373 1459 sanctus
2412 1407 2531 1461 εει,
2582 1400 2641 1448 ut
2683 1391 2799 1460 ipse
2846 1387 2997 1443 solus
3031 1385 3087 1440 in
3137 1382 3404 1438 Trinitate
3456 1376 3763 1448 appelletur

2153 1500 2408 1559 sanctus;
2440 1487 2827 1559 propriumque
2857 1482 2927 1535 sit
2963 1480 3136 1533 Patris
3165 1489 3444 1547 generare,
3482 1474 3766 1541 proprium

2155 1588 2281 1645 Filii
2313 1584 2484 1650 nasci,
2518 1578 2792 1650 proprium
2823 1574 3057 1643 Spiritus
3084 1567 3254 1625 sancti
3286 1569 3351 1622 de
3384 1578 3615 1635 utroque
3641 1576 3769 1635 pro-

2158 1679 2378 1737 cedere.
2422 1676 2583 1730 Pater
2622 1673 2823 1743 quippe
2869 1665 3029 1722 unius
3065 1663 3182 1718 Filii
3228 1672 3311 1717 est
3365 1659 3555 1721 Pater,
3604 1656 3771 1710 Filius

2167 1772 2331 1827 unius
2357 1767 2533 1823 Patris
2563 1772 2647 1820 est
2674 1760 2869 1827 Filius,
2904 1756 3137 1826 Spiritus
3164 1769 3255 1807 sar
3284 1778 3369 1804 ηι..
3413 1759 3465 1805 et
3507 1746 3685 1803 Patris
3714 1752 3770 1800 et

2163 1864 2286 1922 Filii
2325 1871 2409 1917 est
2447 1857 2703 1927 Spiritus.
2746 1854 2831 1909 Ad
2882 1851 3054 1905 solum
3088 1847 3241 1901 Patri:
3349 1842 3652 1913 t,eneratio,
3703 1838 3770 1894 ad

2164 1958 2341 2014 solum
2373 1952 2571 2008 Filium
2602 1946 2877 2009 nativitas,
2912 1942 2979 1997 ad
3010 1940 3187 1996 solum
3234 1935 3495 2003 Spiritum
3523 1943 3770 1987 sanctum

2166 2048 2400 2121 pertinet
2445 2044 2513 2099 de
2552 2050 2783 2110 utroque
2832 2035 3128 2107 processio.
3181 2028 3373 2085 Merito
3410 2028 3538 2081 dum
3584 2021 3775 2080 saluti!

2168 2120 2372 2200 nostris
2420 2136 2719 2195 necessitas
2754 2138 3131 2202 exspectaret,
3182 2135 3241 2181 ut
3272 2131 3493 2195 propter
3526 2120 3773 2175 homines

2173 2234 2486 2295 liberandos
2532 2232 2677 2287 Deus
2718 2227 2879 2282 homo
2925 2230 3238 2279 nasceretur
3275 2235 3335 2273 ex
3389 2214 3632 2279 homine,
3667 2226 3774 2268 non

2178 2338 2265 2386 est
2297 2337 2454 2382 natus
2484 2320 2783 2379 secundum
2813 2330 3029 2372 carnem
3061 2312 3242 2381 Pater,
3274 2308 3399 2382 quia
3429 2305 3600 2363 Filius
3637 2320 3777 2361 nun-

2189 2437 2352 2495 quam
2383 2420 2501 2487 fuit,
2533 2434 2639 2472 non
2669 2414 2899 2485 Spiritus
2931 2417 3176 2475 sanctus,
3222 2406 3316 2477 qui
3362 2419 3460 2460 nec
3494 2405 3656 2458 Pater
3686 2400 3784 2462 fuit

2192 2491 2486 2585 aliquando
2516 2524 2615 2565 nec
2634 2506 2825 2565 Filius.
2858 2502 2965 2560 Sed
2995 2510 3150 2556 natus
3171 2506 3255 2555 est
3284 2495 3451 2552 Filius
3472 2503 3530 2548 ut
3556 2495 3672 2563 ipse
3694 2491 3785 2547 ﬁes

2189 2617 2278 2666 ret
2307 2608 2447 2662 ﬁlius
2474 2601 2710 2674 Virginis
2742 2600 2951 2663 matris,
2992 2597 3085 2667 qui
3116 2605 3199 2651 est
3226 2591 3391 2648 Filius
3426 2589 3519 2645 Dei
3551 2587 3729 2644 Patris
3758 2602 3778 2644 :

2187 2713 2247 2763 et
2276 2715 2371 2773 per
2401 2697 2754 2765 temporalem
2785 2691 3115 2747 nativitatem
3147 2686 3240 2741 Dei
3263 2682 3652 2754 omnipotentis
3686 2695 3788 2735 nu-
3808 2723 3839 2753 ,

2188 2772 2371 2853 merus
2399 2791 2547 2847 nullo
2574 2788 2731 2844 modo
2765 2791 3036 2841 cresceret
3065 2781 3322 2847 ﬁliorum,
3356 2776 3537 2847 neque
3558 2774 3695 2830 duos
3724 2772 3790 2827 ﬁ-

2166 2889 2293 2943 ~lios
2337 2886 2539 2940 faceret
2590 2880 2729 2935 unici
2793 2876 2916 2932 Filii
2964 2873 3196 2930 secunda
3243 2870 3515 2926 nativitas.
3564 2866 3793 2923 Maxima

2196 2982 2321 3053 quia
2355 2979 2497 3033 idem
2527 2976 2642 3046 ipse
2667 2988 2802 3027 unus
2824 2970 3015 3037 Filius,
3047 2967 3378 3038 sempiterno
3408 2963 3551 3019 Patri
3579 2970 3795 3017 coaeterv

2191 3090 2315 3141 nus,
2356 3064 2858 3129 consubstantialis,
2898 3062 3144 3132 aequalis,
3178 3075 3337 3128 quem
3367 3058 3539 3112 solum
3573 3061 3797 3125 Oporte-

2197 3169 2293 3226 bat
2318 3167 2480 3223 etiam
2513 3162 2681 3218 ﬁlium
2715 3158 2951 3214 hominis
2973 3154 3114 3221 ﬁeri,
3146 3161 3429 3225 postquam
3458 3148 3606 3205 venit
3627 3148 3799 3219 pleni-

2203 3261 2332 3317 tudo
2360 3255 2643 3327 temporis,
2667 3261 2727 3306 ut
2752 3250 2836 3306 vir
2862 3248 3016 3305 ﬁeret
3051 3262 3116 3303 ex
3146 3245 3393 3307 muliere,
3418 3242 3798 3312 redempturus

2200 3355 2349 3410 viros
2378 3365 2441 3404 ac
2483 3336 2776 3409 mulieres,
2826 3342 2880 3397 in
2912 3355 3021 3395 uno
3060 3355 3191 3394 sexu
3237 3335 3603 3405 temporaliter
3645 3342 3799 3388 natus

2200 3454 2265 3501 ut
2297 3452 2587 3510 utrumque
2609 3436 2845 3491 salvaret
2866 3473 2881 3499 ,
2915 3447 3080 3489 unum
3116 3430 3364 3500 eligendo
3402 3428 3454 3482 in
3482 3443 3589 3496 quo
3614 3439 3803 3481 nasce-

2202 3549 2375 3604 retur,
2406 3536 2570 3590 alium
2598 3531 2740 3587 unde
2769 3536 3104 3591 nasceretur,
3159 3524 3232 3579 ita
3273 3525 3509 3592 suscepit
3541 3520 3798 3575 substan-

2206 3632 2297 3689 tia:
2340 3634 2541 3683 nostrae
2580 3622 2889 3685 veritatem,
2936 3633 3007 3674 ne
3054 3629 3301 3688 persona:
3346 3628 3461 3669 sua:
3503 3612 3805 3682 duplicaret

2208 3720 2672 3794 singularitatem,
2716 3717 2940 3772 duarum
2996 3711 3419 3769 subStantiarum
3476 3709 3654 3779 gigas,
3706 3705 3803 3762 sed

2207 3821 2371 3877 unius
2407 3827 2584 3873 tamen
2630 3813 2982 3885 ejusdemque
3020 3825 3291 3880 personae.
3337 3806 3575 3863 Verbum
3608 3804 3809 3876 quippe

2210 3922 2337 3969 ante
2368 3923 2609 3977 Carnem,
2660 3923 2765 3963 una
2798 3915 3009 3971 natura,
3042 3913 3099 3960 et
3128 3918 3235 3959 una
3266 3916 3529 3973 persona;
3574 3898 3810 3955 Verbum
3880 3954 3883 3955 ν

2213 4021 2344 4061 caro
2370 4002 2568 4058 factum
2588 4040 2603 4069 ,
2637 4000 2756 4055 duae
2789 4007 2992 4053 natura:
3014 4038 3029 4063 ,
3061 4004 3116 4051 et
3154 4010 3258 4052 una
3287 4009 3540 4064 persona.
3571 3990 3811 4047 Verbum

2214 4106 2344 4153 ante
2371 4110 2617 4162 carnem,
2647 4091 2967 4148 homousion
2992 4089 3173 4156 Patri;
3201 4088 3430 4144 Verbum
3456 4100 3587 4142 caro
3618 4087 3814 4139 factum

2213 4188 2534 4245 homousion
2566 4198 2620 4240 et
2646 4183 2794 4239 Patri
2832 4192 2889 4238 et
2926 4182 3108 4237 matri.
3155 4179 3388 4237 Verbum
3430 4187 3557 4234 ante
3588 4191 3809 4232 carnem

2215 4283 2334 4337 sine
2374 4279 2528 4333 initio
2578 4278 2837 4347 temporis
2891 4275 3240 4331 ineﬁabiliter
3279 4274 3529 4346 genitus;
3572 4270 3807 4325 Verbum

2217 4390 2346 4430 caro
2378 4372 2576 4428 faetum
2607 4381 2888 4441 postquam
2913 4370 3059 4425 venit
3090 4367 3367 4441 plenitudo
3401 4365 3679 4435 temporis,
3710 4362 3813 4417 mi-

2218 4465 2463 4521 rabiliter
2497 4476 2552 4519 et
2594 4463 2960 4533 singulariter,
3005 4463 3122 4518 sine
3170 4462 3357 4517 morbo
3398 4442 3636 4514 libidinis
3682 4469 3809 4525 pro-

2222 4567 2459 4614 creatus.
2499 4556 2735 4613 Verbum
2762 4570 2888 4612 ante
2910 4572 3129 4612 carnem
3156 4569 3348 4611 novum
3373 4552 3642 4609 fabricatis
3665 4565 3820 4604 mun-

2222 4651 2384 4717 dum;
2430 4649 2667 4704 Verbum
2723 4663 2850 4706 caro
2902 4648 3124 4716 factum,
3178 4656 3491 4718 pereuntem
3548 4645 3819 4699 redimens

2225 4743 2505 4799 mundum.
2542 4742 2774 4798 Verbum
2796 4751 2919 4797 ante
2950 4755 3188 4809 carnem,
3222 4739 3399 4793 divina
3430 4737 3668 4805 faciens;
3696 4735 3821 4790 Ver-

2227 4836 2353 4892 bum
2383 4848 2512 4889 caro
2545 4836 2765 4900 factum,
2805 4833 2962 4888 simul
2991 4833 3171 4888 divina
3211 4831 3437 4898 faciens,
3466 4836 3524 4885 et
3567 4829 3819 4894 humana,

2228 4928 2499 5001 quomodo
2527 4929 2712 4998 voluit,
2741 4928 2969 4995 patiens.
3003 4927 3240 4982 Verbunt
3273 4932 3398 4980 ante
3427 4938 3672 4986 carnem,
3696 4920 3817 4975 uni-

2229 5026 2442 5095 genitus
2498 5022 2671 5089 Deus;
2734 5019 2965 5075 Verbum
3013 5034 3138 5075 caro
3197 5022 3414 5084 factum,
3476 5011 3819 5080 Emmanuel,

2227 5118 2372 5187 quod
2402 5117 2784 5184 interpretatur
2802 5114 3090 5170 Nobiscum
3119 5116 3285 5170 Deus.
3304 5112 3451 5168 Idem
3484 5122 3661 5164 tamen
3686 5110 3822 5178 ipse,

2234 5207 2473 5262 Verbum
2501 5220 2630 5260 caro
2657 5207 2876 5271 factum,
2905 5206 2995 5276 qui
3022 5205 3172 5277 prius
3193 5205 3247 5259 in
3278 5203 3679 5274 principio,erat
3700 5197 3827 5253 Ver-

2233 5299 2384 5366 bum,
2417 5306 2471 5352 et
2494 5298 2726 5353 Verbum
2754 5306 2871 5355 erat
2902 5299 3042 5367 apud
3074 5300 3265 5363 Deum,
3308 5306 3361 5353 et
3391 5297 3529 5351 Deus
3552 5304 3667 5353 erat
3697 5292 3827 5347 Ver-

2233 5394 2360 5451 bum
2392 5410 2409 5449 :
2439 5394 2562 5464 quia
2615 5410 2719 5449 non
2768 5395 2929 5449 homo
2970 5393 3145 5461 Deus,
3199 5392 3293 5447 sed
3342 5391 3483 5446 Deus
3532 5390 3705 5443 factus
3745 5394 3827 5441 est

2233 5486 2402 5544 homo
2434 5494 2489 5540 ut
2524 5485 2686 5541 homo
2728 5494 2872 5541 esset
2915 5485 3088 5553 Deus,
3135 5483 3187 5539 id
3227 5492 3309 5539 est
3352 5480 3605 5538 Christus
3644 5479 3819 5534 .lesus.

2239 5580 2483 5646 Quicum
2520 5578 2575 5631 in
2612 5579 2778 5649 forma
2809 5577 2908 5632 Dei
2948 5587 3105 5644 esset,
3156 5593 3257 5631 non
3286 5576 3523 5647 rapinam
3553 5572 3827 5625 arbitratus

2237 5682 2309 5727 est
2351 5688 2458 5727 esse
2492 5687 2548 5725 se
2583 5672 2831 5741 aequatam
2871 5670 3010 5737 Deo,
3051 5670 3142 5725 sed
3184 5669 3508 5739 semetipsum
3548 5662 3824 5720 exinaniri:

2237 5771 2456 5838 formam
2504 5768 2630 5822 servi
2684 5769 2981 5838 accipiens,
3031 5768 3086 5823 in
3130 5764 3521 5827 similitudinem
3566 5760 3826 5816 hostium

2239 5857 2425 5930 factus,
2447 5868 2495 5915 et
2519 5858 2694 5914 habitu
2734 5860 2962 5919 inventu:
3004 5868 3059 5915 ut
3098 5860 3271 5915 homo.
3303 5857 3352 5915 11
3364 5855 3611 5913 untiliavt't
3645 5857 3827 5911 semei-
