4078 6440
506 126 610 191 οη

1709 134 2069 202 EPISTOLE
2104 143 2194 200 ΕΤ
2228 140 2611 207 OPUSCIJLA.

3684 147 3793 213 91%

507 253 677 320 ipsum
702 254 868 323 factus
896 249 1133 312 obediens
1161 272 1321 329 usque
1363 254 1433 314 ad
1460 269 1697 328 mortem,
1750 271 1963 317 mortem
1991 279 2092 317 au-
2118 268 2171 327 Α
2200 266 2527 333 temporibus
2563 264 3050 324 administrationis
3099 275 3207 326 tua:
3241 270 3581 341 peccantium
3620 285 3787 344 syna-

506 352 607 399 um
643 344 830 401 crucis.
864 344 1083 418 Propter
1118 351 1261 420 quod
1294 361 1341 406 et
1388 350 1525 407 Deus
1567 355 1715 409 illum
1743 355 2005 423 exultavit,
2045 365 2096 412 et

507 436 717 491 donauit
746 439 793 490 ei
830 454 1010 493 nomen
1028 485 1041 509 ,
1072 444 1208 510 quod
1236 452 1312 497 est
1337 461 1494 513 super
1519 462 1665 500 omne
1689 464 1910 513 nomen;
1956 457 2010 502 ut
2041 450 2095 502 in

507 529 709 583 nomine
725 526 850 583 Iesu
872 546 1021 587 omne
1039 550 1175 604 genu
1189 538 1427 605 ﬂectatur
1447 540 1749 607 calestium,
1778 543 2093 597 terrestrium

507 629 556 676 et
592 622 955 692 infernarum;
988 635 1039 679 et
1071 629 1235 682 omnis
1276 630 1452 699 lingua
1493 632 1799 701 conﬁteatur
1835 636 1955 704 quia
1987 632 2097 689 Do-

506 716 671 769 minus
690 714 843 772 locus
872 716 1104 774 Christus
1132 721 1187 774 in
1213 722 1378 791 gloria
1402 733 1473 777 est
1496 720 1594 778 Dei
1626 724 1802 780 Patris
1826 724 2092 797 (Philipp.

505 820 565 875 ιι,
606 804 778 878 6-H).

577 920 668 978 15.
700 921 797 978 llic
827 932 909 980 est
944 925 1203 985 Dominus
1231 927 1423 997 Jesus,
1455 931 1544 1002 qui
1578 932 1630 987 in
1673 932 1937 991 Trinitate
1973 951 2096 1007 per-

506 1012 643 1071 fecta
675 1014 841 1071 Filius
874 1020 1202 1088 nominatur,
1238 1022 1449 1092 quando
1494 1024 1546 1080 in
1594 1027 1811 1081 nomine
1843 1028 2019 1082 Patris
2040 1037 2097 1083 et

507 1106 626 1163 Filii
667 1120 721 1165 et
759 1110 988 1182 Spiritus
1027 1116 1199 1179 sancti
1251 1117 1510 1189 baptizari
1550 1119 1823 1190 jubemur.
1869 1121 1964 1177 llic
2013 1130 2096 1181 est

505 1216 730 1277 magnus
759 1214 814 1261 et
840 1221 1067 1276 parvus,
1107 1212 1351 1267 excelsus
1385 1223 1437 1269 et
1470 1214 1705 1283 humilis,
1750 1216 2097 1287 impassibilis

505 1306 559 1353 et
598 1299 898 1367 passibilis,
946 1302 1262 1361 immortalis
1307 1316 1363 1363 et
1403 1310 1666 1377 mortalis,
1718 1310 1835 1373 sine
1876 1318 2097 1381 peccato

505 1390 647 1447 inter
678 1391 931 1450 homines
959 1395 1147 1455 vivens
1177 1408 1231 1454 et
1256 1408 1477 1469 peccata
1510 1401 1817 1459 hominibus
1839 1402 2049 1467 donans
2079 1420 2094 1460 :

503 1495 601 1553 per
625 1485 807 1541 omnia
842 1488 1038 1544 similis
1084 1491 1239 1547 nobis
1272 1492 1476 1564 absque
1509 1504 1749 1564 peccato,
1783 1504 1837 1550 et
1866 1511 1961 1565 per
1981 1512 2098 1552 om-

504 1573 590 1633 nia
623 1579 819 1636 similis
854 1582 1021 1651 Patri,
1052 1587 1147 1656 qui
1192 1586 1346 1643 nobis
1376 1605 1497 1644 eum
1532 1589 1678 1645 misit
1709 1591 1760 1644 in
1789 1590 2103 1647 similitudi,

2198 369 2355 427 goga,
2390 367 2597 413 crescat
2626 375 2881 415 numerus
2910 361 3203 419 electorum
3223 401 3238 416 .
3278 363 3333 418 Si
3378 364 3647 433 gloriosus
3674 363 3788 421 efﬂ-

2197 448 2337 501 citur
2374 447 2529 517 cujus
2570 449 2754 505 labore
2800 451 3089 507 dilatantur
3141 454 3274 510 lines
3317 455 3551 525 imperii,
3584 466 3787 527 quanto

2197 538 2298 593 erit
2322 539 2604 608 gloriosior
2649 543 2800 613 cujus
2843 543 3025 600 labore
3075 546 3337 602 catholica
3388 549 3780 618 multiplicatur

2199 631 2479 687 Ecclesia?
2524 631 2706 690 Gaude
2751 638 2815 691 ad
2851 637 2996 693 lucra
3027 638 3248 707 Christi,
3303 640 3427 696 dole
3466 643 3520 696 in
3569 643 3789 712 dimen-

2198 723 2323 777 diis.
2372 726 2704 796 Sempcrque
2734 729 2789 783 in
2821 730 2983 786 corde
3012 740 3099 786 tuo
3132 741 3347 788 maneat
3384 736 3613 804 apostoli
3645 736 3790 793 Petri

2199 826 2500 894 sententia,
2551 829 2818 898 principes
2842 830 2943 885 sub
2975 829 3073 885 hac
3102 832 3521 905 interrogatione
3566 838 3794 904 culpan-

2197 917 2300 972 tis:
2331 917 2446 986 Cui,
2495 920 2685 989 inquit,
2734 920 2938 978 obedire
2984 925 3225 993 oportet?
3252 924 3360 980 Deo
3406 944 3471 981 an
3499 928 3789 984 hominibus

2200 1009 2337 1083 (Act.
2369 1027 2418 1078 v,
2451 1011 2547 1083 29)
2567 1014 2590 1067 ?
2612 1013 2722 1070 l‘loc
2753 1013 2933 1084 itaque
2958 1024 3034 1078 tu,
3068 1014 3173 1070 dux
3204 1015 3397 1088 ﬁdelis,
3426 1019 3641 1091 quoties
3668 1022 3793 1076 fidei

2200 1114 2306 1160 tuae
2335 1104 2518 1161 fervor
2547 1108 2800 1178 profanos
2832 1109 3029 1164 milites
3053 1109 3399 1176 scandalizat,
3427 1126 3521 1167 ore
3550 1124 3604 1169 et
3629 1114 3793 1171 corde

2204 1198 2292 1253 dic
2324 1217 2335 1252 :
2366 1199 2461 1254 Cui
2509 1200 2729 1256 obedire
2752 1203 3002 1271 Oportet?
3036 1202 3146 1260 Deo
3194 1220 3259 1260 an
3310 1203 3650 1263 hominibus?
3692 1210 3793 1265 Re-

2200 1291 2501 1361 spondente
2530 1301 2704 1349 autem
2734 1295 3063 1352 conscientia
3091 1307 3176 1351 tua
3207 1316 3219 1349 :
3254 1298 3384 1365 Deo,
3410 1299 3652 1369 loquere,
3683 1301 3785 1373 fac,

2200 1386 2389 1442 ordina
2418 1387 2560 1458 quod
2589 1388 2763 1459 diligit
2792 1391 2961 1457 Deus;
3017 1403 3075 1447 ut
3105 1393 3408 1463 quicunque
3434 1393 3545 1464 jam
3576 1406 3791 1450 contra-

2200 1478 2266 1532 rii
2295 1479 2538 1535 veritatis
2568 1481 2827 1552 existunt,
2853 1490 2945 1536 aut
2973 1493 3268 1554 sequantur
3294 1484 3556 1552 volentes,
3587 1494 3678 1541 aut
3708 1501 3791 1541 re-

2205 1583 2456 1647 maneant
2478 1586 2898 1645 murmurantes,
2918 1587 2971 1632 et
3000 1577 3131 1631 nihil
3154 1578 3411 1634 adversus
3435 1580 3792 1636 orthodoxam

504 1684 626 1728 "em
658 1674 837 1729 carnis
873 1678 1097 1745 peccati,
1147 1687 1202 1733 et
1230 1678 1297 1734 de
1336 1691 1557 1750 peccato
1603 1680 1878 1738 damnavi,
1907 1697 2099 1753 ρεαδ,
2128 1666 2177 1727 Β
2204 1664 2523 1735 religionem
2557 1669 2817 1733 valentes.
2850 1669 3033 1739 Neque
3055 1671 3199 1725 enim
3232 1671 3421 1728 deesse
3455 1682 3705 1742 poterunt
3725 1689 3791 1729 ex

504 1771 616 1819 tum
644 1764 695 1818 in
722 1781 906 1822 carne.
942 1767 1215 1825 Veraciter
1242 1779 1296 1826 et
1339 1772 1554 1843 proprie
1584 1772 1751 1829 Filius
1775 1775 1869 1833 Dei
1902 1776 2099 1843 Patris,

504 1858 774 1913 veraciter
796 1868 849 1915 et
878 1864 1093 1931 pr0prie
1119 1862 1288 1933 Filius
1312 1864 1544 1939 Virginis
1573 1869 1782 1924 matris.
1810 1869 1984 1940 Super
2001 1884 2104 1926 coa-

502 1949 583 2007 los
614 1951 718 2006 vita
744 1950 1067 2022 viventium,
1112 1970 1276 2027 super
1299 1969 1499 2015 terram
1530 1961 1797 2017 medicina
1832 1962 2092 2032 languen-

503 2040 661 2109 tium,
692 2043 833 2113 apud
862 2043 1064 2103 inferos
1093 2052 1423 2106 resurrectio
1452 2064 1810 2117 mortuorum.
1840 2055 2101 2111 Mediator

506 2133 601 2192 Dei
633 2144 687 2192 et
720 2139 1023 2206 hominum,
1056 2153 1276 2213 propter
1298 2145 1431 2205 duas
1463 2148 1812 2215 substantias,
1847 2148 1961 2205 sive
2004 2164 2102 2205 na-

505 2239 673 2299 turas,
708 2247 932 2301 quarum
957 2245 1042 2291 est
1069 2235 1144 2291 illi
1177 2253 1280 2293 una
1308 2253 1428 2294 cum
1464 2238 1594 2306 Deo,
1626 2241 1794 2297 altera
1818 2241 2099 2298 uobiscum

504 2324 832 2379 Communis.
878 2325 933 2381 In
966 2343 1070 2382 una
1100 2328 1397 2402 eademque
1423 2346 1677 2401 persona,
1721 2335 1772 2388 in
1813 2350 1915 2406 qua
1940 2349 2100 2389 verus

502 2411 676 2477 factus
715 2427 794 2474 est
826 2421 1115 2495 mediator,
1161 2439 1269 2479 non
1303 2424 1506 2483 habens
1552 2427 1764 2494 initium
1792 2429 2006 2484 deitatis
2030 2429 2100 2485 de

504 2505 703 2575 Maria;
738 2510 831 2564 sed
866 2510 1072 2568 habens
1103 2512 1229 2570 inde
1262 2516 1543 2572 materiam
1580 2520 1757 2573 carnis
1790 2535 1949 2588 quam
1983 2534 2101 2575 sus-

505 2599 651 2669 cepit
693 2608 750 2654 ut
793 2612 1127 2662 nasceretur.
1170 2606 1383 2662 Habens
1413 2609 1579 2663 nostri
1611 2611 1825 2679 generis
1853 2596 2095 2682 carnem,

506 2705 613 2746 non
642 2694 866 2759 aeriam,
895 2710 1000 2752 non
1034 2698 1446 2767 phantasticam,
1480 2716 1585 2760 non
1617 2705 1684 2759 de
1713 2703 1854 2760 coelo
1879 2704 2095 2776 deposi-

507 2790 640 2854 tam,
670 2802 775 2843 non
804 2788 1018 2846 aliunde
1043 2790 1235 2847 factam
1263 2812 1276 2848 :
1316 2797 1561 2863 quamvis
1585 2796 1897 2867 humanam,
1936 2800 2100 2857 nullis

504 2878 758 2937 sordibus
794 2882 1073 2955 originalis
1112 2886 1406 2956 iniquitatis
1436 2903 1500 2943 ex
1537 2890 1713 2961 aliqua
1743 2903 1893 2962 parte
1924 2892 2101 2964 pollu-

506 2978 636 3042 tam,
665 2987 767 3029 non
800 2990 865 3029 ex
897 2975 1172 3047 voluptate
1214 2978 1393 3035 carnis
1418 2990 1473 3035 et
1502 2966 1799 3053 sanguinis,
1833 2984 1928 3040 sed
1977 2983 2104 3055 Spio

2206 1757 2377 1813 altera
2402 1767 2575 1828 parte,
2622 1761 2816 1829 quibus
2848 1761 3062 1831 placeas
3091 1765 3141 1818 in
3172 1779 3335 1838 opere
3365 1768 3535 1834 bono,
3563 1782 3789 1836 quorum

2204 1851 2371 1907 corda
2414 1853 2507 1908 tibi
2559 1855 2800 1911 tenacius
2834 1856 3150 1912 inhaereant.
3208 1860 3415 1930 Ubique
3455 1860 3615 1917 habet
3660 1863 3793 1919 fides

2204 1959 2329 2000 vera
2360 1946 2641 2003 dilectores
2664 1963 2811 2005 suos.
2836 1950 3239 2018 Quantumlibet
3267 1953 3558 2007 extollatur
3589 1953 3793 2024 iniqui-

2206 2046 2307 2104 tas,
2342 2039 2541 2094 veritas
2570 2039 2756 2095 vincit.
2787 2040 2893 2097 Sed
2924 2057 3094 2112 pone,
3126 2044 3234 2099 sint
3270 2044 3492 2099 forsitan
3522 2046 3576 2100 in
3613 2049 3792 2103 multi-

2203 2130 2390 2187 tudine
2436 2134 2704 2189 exercitus
2748 2135 2930 2205 plures
2979 2137 3239 2204 hreretici,
3294 2138 3453 2211 pauci
3491 2141 3740 2197 catholici
3777 2162 3791 2198 :

2203 2224 2374 2293 magis
2398 2232 2450 2280 te
2477 2233 2689 2294 Oportt‘t
2727 2227 2928 2284 viribus
2959 2227 3265 2287 fortissimis
3296 2232 3411 2293 niti,
3447 2242 3526 2301 ut,
3552 2235 3598 2290 si
3625 2236 3793 2305 gratia

2204 2312 2300 2369 Dei
2335 2318 2655 2387 reSpexerit,
2696 2332 2883 2375 omnes
2925 2320 3119 2377 milites
3150 2322 3475 2379 fortissimos
3509 2326 3670 2384 facias
3706 2342 3790 2383 cae

2205 2406 2458 2479 tholicos,
2486 2420 2577 2465 aut
2605 2422 2752 2468 certe
2777 2429 2974 2484 paucos
2996 2416 3234 2472 dimittas
3261 2418 3561 2476 haereticos.
3592 2421 3788 2479 Parum

2204 2501 2381 2556 adhuc
2414 2503 2625 2573 loquor.
2673 2506 2754 2561 Ad
2786 2507 2904 2562 illas
2945 2508 3176 2565 fortasse
3219 2512 3415 2575 missus
3442 2528 3502 2569 es
3544 2517 3791 2587 regiones

2205 2593 2295 2649 ubi
2327 2595 2533 2651 nullum
2567 2597 2807 2667 reperias
2850 2600 3234 2671 orthodoxum,
3260 2604 3342 2659 vel
3388 2615 3537 2661 certe
3578 2607 3791 2667 rarissi-

2206 2702 2324 2742 mos
2356 2703 2418 2745 ac
2450 2688 2700 2751 latentes.
2741 2691 2815 2746 Ibi
2841 2708 3054 2764 quoque
3084 2696 3309 2751 viriliter
3338 2698 3538 2751 semina
3572 2700 3791 2759 verbum

2205 2781 2326 2835 vitae
2348 2781 2412 2834 ad
2438 2782 2657 2852 gloriam
2689 2782 2891 2839 Christi
2920 2804 2931 2839 :
2966 2787 3224 2861 redargue
3256 2788 3649 2847 multitudinem
3674 2807 3792 2861 pera

2206 2870 2433 2927 lidorum
2477 2875 2594 2930 sine
2618 2876 2964 2943 verecundia,
3011 2878 3129 2935 sine
3159 2878 3460 2947 formidine,
3492 2881 3609 2937 sine
3634 2881 3789 2938 dubi-

2208 2966 2444 3033 latione;
2477 2984 2577 3023 nec
2604 2969 2751 3039 prius
2783 2973 2985 3041 cogites
3015 2972 3283 3041 quomodo
3304 2988 3397 3029 eos
3430 2988 3582 3045 regas
3615 2974 3789 3044 impe-

506 3062 641 3119 ritus
681 3067 859 3122 sancti
903 3068 1319 3139 superveniente
1347 3074 1542 3129 virtute
1584 3073 1901 3143 formatam,
1935 3076 2095 3131 ratio-

2207 3058 2426 3114 rialibus
2456 3059 2683 3131 legibus,
2711 3062 2804 3117 sed
2846 3064 3119 3135 quomodo
3142 3066 3383 3137 corrigas
3411 3066 3638 3137 eloquiis
3682 3070 3789 3137 Spi-

510 3155 755 3228 nalisque
796 3160 991 3216 animae
1021 3162 1377 3232 inspiratione
1405 3165 1746 3221 viviﬁcatam.
1779 3167 2003 3247 Proprie
2031 3183 2096 3224 ac

507 3248 775 3307 veraciter
807 3251 1117 3320 humanam,
1142 3256 1194 3311 id
1220 3265 1301 3312 est
1326 3258 1392 3314 de
1423 3268 1613 3326 matre,
1643 3260 1739 3316 sed
1771 3267 1949 3316 tamen
1979 3261 2097 3317 sine

505 3334 722 3396 homine
771 3352 945 3413 patre.
996 3344 1437 3416 Corruptibilem,
1485 3352 1606 3421 quia
1653 3350 1873 3420 famem,
1923 3352 2092 3419 sitim,

504 3430 774 3503 dolorem,
806 3447 1036 3495 mortem
1066 3441 1363 3501 voluntarie
1392 3444 1608 3516 quidem
1627 3486 1641 3510 ,
1666 3446 1762 3502 sed
1798 3456 1975 3504 tamen
1998 3463 2095 3505 ve-

502 3524 698 3581 raciter
722 3531 909 3585 sensit.
935 3530 1426 3605 lncorruptibilem,
1453 3536 1577 3605 quia
1609 3536 1810 3601 nullius
1837 3538 1893 3592 in
1914 3553 1976 3595 se
2002 3540 2096 3596 de-

501 3615 635 3685 licti,
667 3621 751 3677 vel
792 3624 1102 3695 originalis,
1151 3628 1237 3683 vel
1274 3630 1475 3698 proprii
1514 3629 1791 3687 stimulum
1831 3632 2091 3701 sentiens,

504 3711 779 3783 iniquitati
825 3719 968 3774 nulla
996 3722 1171 3787 victus
1204 3724 1500 3794 cupiditate
1542 3728 1838 3783 consensit.
1872 3728 1979 3784 Nec
2008 3745 2097 3786 see

505 3804 652 3873 pulta
701 3809 872 3874 potuit
901 3813 1185 3879 pervenire
1221 3815 1288 3869 ad
1323 3817 1725 3883 corruptionem
1770 3821 2093 3889 putredinis,

502 3891 769 3951 beneficio
814 3899 1227 3960 resurrectionis
1256 3922 1271 3959 :
1304 3905 1518 3976 quando
1550 3918 1773 3976 portans
1814 3912 2095 3968 manubias

501 3985 795 4046 inferorum
823 3994 1059 4051 surrexit
1097 3995 1239 4057 idem
1267 3996 1384 4067 ipse
1408 4012 1622 4068 semper
1653 4016 1793 4058 unus
1822 4001 2093 4074 Christus,

504 4094 603 4161 per
628 4082 983 4158 quadraginta
1025 4086 1140 4143 dies
1170 4103 1291 4143 cum
1329 4088 1609 4159 discipulis
1651 4099 2094 4163 convcrsaturus,

503 4175 658 4233 etsic
687 4177 752 4235 ad
776 4178 971 4233 castum
1003 4179 1324 4235 mirabiliter
1349 4195 1694 4238 ascensurus.
1727 4183 1823 4239 Ubi
1848 4183 2007 4239 modo
2027 4184 2097 4241 ad

503 4263 779 4323 dexteram
829 4268 1000 4323 Patris
1047 4269 1223 4336 sedet,
1272 4279 1531 4327 venturus
1581 4274 1632 4328 in
1683 4272 1948 4341 claritate,
1999 4276 2089 4345 qui

504 4360 652 4441 prius
705 4370 921 4416 venerat
975 4362 1029 4418 in
1077 4363 1379 4423 humilitate
1417 4364 1798 4435 :judicaturus
1844 4366 1994 4424 vivos
2042 4377 2097 4425 et

2200 3149 2444 3205 ritalibus
2477 3168 2491 3204 :
2529 3153 2855 3224 territosque
2902 3156 3118 3213 nomine
3164 3158 3497 3214 auctoritatis
3549 3159 3790 3230 primitus

2199 3238 2454 3297 doctrina:
2477 3252 2678 3299 sancta:
2705 3260 3003 3321 repugnare
3037 3249 3345 3318 prohibeas,
3373 3250 3568 3306 deinde
3599 3252 3786 3321 paula-

2198 3335 2293 3390 tim
2315 3338 2621 3393 consentire
2668 3339 2917 3399 suadeas.
2971 3343 3109 3400 Utile
3138 3343 3235 3399 tibi
3268 3352 3350 3399 est
3378 3354 3522 3400 recta
3562 3345 3785 3412 sentire,
3822 3370 3827 3373 τ

2197 3426 2243 3482 si
2272 3427 2405 3483 alios
2433 3444 2649 3500 quoque
2680 3446 2787 3487 non
2817 3431 3038 3490 deseras
3060 3432 3114 3489 in
3150 3435 3433 3507 pravitate.
3468 3438 3601 3493 Boni
3633 3438 3785 3495 ducis

2196 3521 2448 3578 instantia
2502 3524 2817 3596 plerumque
2850 3527 3035 3581 multis
3074 3527 3300 3596 praebuit
3329 3531 3666 3586 occasionem
3696 3546 3785 3586 sa‘

2196 3612 2345 3669 lutis.
2377 3615 2483 3669 Sed
2512 3616 2556 3671 si
2586 3617 2808 3672 forsitan
2840 3619 3097 3689 desperas
3122 3619 3240 3676 illos
3264 3636 3423 3690 posse
3454 3624 3671 3689 salvari,
3695 3625 3789 3679 bo-

2198 3717 2327 3757 num
2364 3715 2445 3758 est
2475 3706 2638 3761 saluti
2665 3710 3039 3764 convenientia
3070 3710 3401 3781 prmdicare;
3432 3714 3553 3783 quia
3585 3715 3790 3770 volun-

2200 3798 2362 3847 tatem
2399 3793 2545 3852 Deus
2568 3808 2812 3865 coronat,
2847 3816 2951 3857 non
2983 3802 3309 3859 facultatem.
3358 3806 3641 3863 Seininare
3667 3823 3790 3879 per-

2201 3884 2335 3939 tinet
2385 3886 2451 3941 ad
2499 3887 2737 3945 officium
2778 3890 3051 3963 diligentis
3101 3896 3382 3965 agricolae;
3442 3899 3658 3975 superni
3703 3911 3787 3957 est

2199 3980 2439 4034 muneris
2480 3991 2539 4036 ut
2568 3990 2710 4038 terra
2737 3983 3039 4052 fructiﬂcet,
3072 3989 3315 4059 votisque
3342 3989 3563 4046 cultoris
3590 3990 3672 4047 sui
3703 4008 3784 4048 re-

2199 4070 2481 4139 spondeat.
2514 4073 2624 4130 Hac
2645 4076 2801 4146 plane
2830 4079 2973 4133 circa
2998 4079 3240 4135 subditos
3271 4097 3397 4137 usus
3425 4081 3684 4139 induStria
3716 4085 3788 4138 fa.

2199 4163 2304 4220 cile
2342 4166 2505 4223 etiam
2548 4171 2898 4239 potestatibus
2943 4174 3286 4243 sublimibus,
3327 4185 3381 4232 et
3408 4177 3539 4246 ipsis
3564 4193 3789 4248 quorum

2206 4273 2432 4316 munere
2469 4262 2579 4317 dux
2606 4264 2828 4321 effectus
2855 4282 2913 4322 es
2944 4267 3180 4339 regibus,
3213 4271 3255 4325 si
3282 4286 3382 4341 qua
3410 4269 3547 4326 forte
3577 4282 3788 4333 contra-

2200 4351 2280 4406 ria
2315 4367 2454 4409 vera:
2503 4355 2625 4412 fidei
2674 4359 2968 4426 senserint,
3018 4369 3073 4415 et
3111 4376 3217 4416 non
3247 4361 3440 4417 cedere
3480 4363 3702 4432 poteris,
3732 4373 3787 4419 et

503 4466 768 4522 mortuos,
824 4465 878 4512 et
929 4457 1287 4515 damnaturus
1348 4459 1695 4530 incredulos;
1751 4462 2095 4519 credentibus

2204 4459 2528 4519 repugnare,
2559 4459 2774 4519 paratus
2797 4452 2863 4505 ad
2891 4454 3202 4526 martyrium
3233 4455 3427 4510 disces.
3459 4454 3671 4524 Alioqui
3698 4457 3788 4526 qui

501 4550 633 4606 ve’ro
663 4553 1033 4611 remissionem
1067 4566 1412 4626 peccatorum
1443 4556 1756 4631 largiturus,
1800 4570 2089 4617 aeternam-

504 4652 607 4709 que
632 4642 814 4709 vitam,
843 4644 888 4698 si
921 4654 1098 4703 tamen
1132 4649 1184 4703 in
1217 4649 1459 4704 Ecclesia
1486 4652 1750 4707 catholica
1780 4666 2091 4723 persevera-

505 4731 681 4786 verint
710 4735 775 4788 ab
802 4738 1041 4800 omnium
1070 4740 1323 4795 vitiorum
1353 4745 1672 4814 contagione
1698 4746 1958 4802 mundati.
1984 4745 2087 4801 Ca-

506 4820 704 4878 tholica
728 4826 925 4895 quippe
958 4827 1195 4885 Ecclesia
1221 4832 1386 4887 statio
1408 4843 1512 4905 est,
1538 4836 1626 4890 ubi
1648 4838 1873 4892 vulnera
1901 4848 2091 4894 nostra

505 4911 677 4970 bonus
709 4916 949 4974 medicus
977 4931 1146 4976 sanat.
1182 4922 1354 4976 Filius
1384 4933 1469 4979 est
1507 4926 1905 4994 promissionis,
1938 4930 2090 4996 quis-

505 5006 624 5078 quis
652 5022 771 5065 eam
804 5024 971 5080 usque
1000 5011 1068 5067 ad
1094 5012 1410 5071 effusionem
1441 5017 1715 5088 sanguinis
1743 5019 2000 5077 vindicat.

577 5100 667 5157 ll.
694 5103 1011 5174 Propterea,
1061 5104 1167 5161 dux
1207 5107 1409 5177 optime
1437 5118 1494 5165 et
1537 5110 1730 5179 ﬁdelis,
1765 5122 1887 5168 tene
1912 5113 2093 5170 omnia

503 5194 748 5267 dogmata
776 5195 913 5269 ejus,
958 5197 1210 5270 praedica,
1256 5204 1492 5267 vindica.
1527 5202 1631 5259 duc
1658 5204 1725 5259 ad
1759 5219 1877 5260 eam
1909 5205 2094 5262 volen-

504 5297 617 5360 tes,
666 5293 931 5363 compelle
972 5295 1247 5367 nolentes,
1294 5322 1405 5374 non
1461 5299 1649 5356 dolore
1684 5303 2090 5373 suppliciorum,

505 5397 610 5439 non
634 5394 774 5441 metu
803 5386 963 5456 gladii
993 5390 1270 5476 saevientis,
1301 5403 1405 5487 sed
1433 5391 1686 5460 modesta
1714 5396 2055 5465 correptione
2074 5438 2091 5465 ,

505 5482 561 5528 et
604 5475 882 5532 severitate
927 5479 1069 5548 plena
1117 5475 1462 5579 dilecngﬂs,
1517 5484 1707 5541 Procul
1756 5485 1894 5540 absit
1935 5488 2096 5544 timor

508 5562 679 5620 dhbot
799 5569 847 5581 --
927 5534 941 5548 ‘
1084 5534 1489 5605 υπυιίοηιεο.

565 5600 582 5668 ί
660 5580 716 5673 ‘o
742 5570 983 5673 militans.
1015 5570 1174 5673 Sciant
1205 5616 1233 5673 Α
1270 5601 1488 5673 Λωίδι
1526 5590 1649 5648 Quia
1678 5576 1970 5673 catholicus
1999 5595 2092 5649 es,

490 5657 674 5730 sciant
710 5663 953 5723 catholici
981 5664 1080 5730 quia
1106 5616 1823 5791 (Ié‘imfiti‘:;mreticos.
1873 5623 2096 5733 Delicia;

1263 5755 1325 5791 Ml

1169 5740 1325 5874 icit“

2206 4546 2454 4595 metuens
2488 4539 2771 4597 inferiores
2801 4542 3094 4610 offendere,
3125 4547 3300 4603 minus
3325 4546 3632 4616 exsequitur
3660 4560 3789 4602 cau-

2194 4644 2308 4685 sam
2341 4632 2567 4702 propriat
2593 4634 2887 4706 religionis,
2912 4636 3180 4705 quomodo
3203 4637 3497 4693 merebitur
3518 4652 3638 4691 cum
3660 4652 3787 4713 pro-

2194 4721 2353 4791 pheta
2381 4723 2547 4778 David
2578 4738 2811 4780 canere:
2846 4725 3115 4796 Luquebar
3154 4726 3219 4781 de
3255 4727 3561 4780 testimoniis
3605 4728 3703 4781 tuis
3732 4728 3788 4784 in

2196 4824 2469 4884 conspectu
2509 4831 2719 4889 regum,
2769 4828 2817 4873 et
2854 4836 2959 4876 non
3006 4819 3359 4893 confundebar
3409 4817 3543 4890 (Ps.
3587 4833 3782 4887 cxvm,

2195 4902 2368 4977 ιδῃ

2271 5018 2359 5076 15.
2400 5022 2443 5078 0
2481 5024 2528 5078 si
2573 5024 2703 5083 boni
2750 5026 2919 5084 duces
2960 5026 3263 5095 inciperent
3315 5025 3564 5083 humanis
3605 5026 3785 5090 divina

2200 5129 2534 5186 przeponere,
2567 5119 2816 5174 maximis
2841 5117 3118 5175 erroribus
3149 5117 3383 5183 remedia
3420 5117 3782 5187 providerent.

2196 5207 2331 5267 Late
2360 5219 2506 5280 patet
2535 5212 2703 5267 virtus
2736 5212 2859 5277 ista,
2891 5225 2989 5280 per
3018 5211 3168 5281 plura
3190 5218 3246 5266 et
3272 5210 3421 5280 plura
3446 5209 3667 5279 iustitiae
3697 5207 3789 5266 iti-

2200 5317 2328 5360 nera
2383 5304 2643 5360 fnnditur.
2696 5302 2953 5367 Humanis
2996 5303 3174 5361 divina
3204 5317 3485 5375 prmpone;
3534 5314 3587 5361 et
3628 5304 3789 5360 vidua

2197 5398 2605 5467 Oppressionem
2634 5411 2739 5453 non
2768 5394 3026 5467 perferat,
3062 5404 3281 5469 propter
3299 5412 3448 5469 spem
3479 5397 3616 5453 lucri
3638 5412 3778 5468 pra-

2198 5493 2489 5559 tereuntis;
2523 5491 2709 5563 pupilli
2741 5493 3039 5550 substantia
3069 5496 3265 5552 tutoris
3297 5495 3516 5553 minime
3545 5494 3784 5565 indigeat

2200 5583 2500 5652 beneﬁcio;
2559 5584 2848 5654 pessimam
2906 5586 3187 5644 victoriam
3254 5587 3486 5658 iniustus
3549 5584 3785 5656 litigator

2120 5738 2134 5754 υ,
2202 5676 2443 5744 amittat;
2496 5678 2839 5739 sacerdotum
2880 5680 3331 5754 postulationibus
3358 5682 3589 5740 libenter
3629 5686 3781 5752 P‘Wi‘
