4078 6440
402 271 509 329 M3

1333 263 1700 324 FULGENTII
1739 257 2088 320 FEBRANDI
2128 261 2404 322 DlACONl
2440 262 2791 322 CARTI‘IAG.

3578 269 3690 326 9M

399 396 517 446 seat
542 385 770 442 auditus.
791 383 1176 455 Frequentctur
1199 380 1391 436 oratio.
1421 380 1688 436 Lectionis
1718 380 1973 443 studium,
2007 379 2060 437 A
2086 404 2092 431 ι
2160 378 2245 434 16.
2272 379 2568 436 Pessimum
2600 380 2750 436 nefas
2776 378 2903 435 falsa
2926 376 3163 455 juratio,
3186 379 3304 436 etsi
3333 382 3493 450 paulo
3524 382 3694 443 altius

398 480 643 551 quamvis
690 477 919 546 undique
966 471 1403 543 occupationibus
1455 471 1805 537 irruentibus,
1866 470 1991 539 igne

399 571 647 627 desiderii
702 567 954 637 spiritalis
1016 566 1264 636 (remota
1321 564 1641 636 tepiditate)
1702 565 1985 621 fervescat.

398 665 573 731 Quare
600 663 742 717 enim
791 662 899 717 dux
940 660 1173 731 optimus
1220 660 1471 730 opprimit
1520 659 1770 715 viduam?
1821 672 1989 729 quare

398 756 654 827 pupillum
686 753 803 808 laedi
832 754 994 808 sinit?
1026 768 1190 826 quare
1221 768 1318 822 pro
1351 751 1554 823 injusto
1585 752 1853 824 litigatore
1892 752 1989 822 ju-

397 849 576 905 dicat?
607 863 770 917 quate
798 848 1015 903 difﬁcile
1058 856 1152 901 aut
1195 861 1320 902 raro
1349 846 1415 901 ad
1465 846 1746 902 ecclesiam
1778 845 1991 917 pergit?

397 958 565 1013 quare
593 956 699 995 non
727 942 885 1010 legit?
917 940 1021 994 nisi
1049 939 1173 1010 quia
1200 939 1395 994 divinis
1424 940 1654 993 humana
1684 938 1991 1009 praeponit?

395 1036 654 1104 Prmpone
685 1051 813 1105 ergo
860 1034 1043 1089 divina
1093 1048 1305 1104 semper
1351 1033 1628 1099 humanis;
1682 1032 1862 1089 omnia
1892 1031 1989 1087 tibi

395 1131 659 1199 religiosae
688 1128 983 1184 voluntatis
1006 1138 1061 1185 et
1081 1144 1242 1198 opera
1275 1136 1329 1183 et
1354 1128 1539 1197 verba,
1573 1126 1820 1197 quamvis
1844 1126 1989 1181 inter

394 1224 658 1279 militares
698 1231 870 1290 actus,
918 1222 1065 1276 salva
1110 1224 1289 1276 erunt.
1337 1221 1817 1291 Eleemosynarum
1860 1234 1990 1276 vero

394 1319 716 1376 sacriﬁcium
740 1319 861 1390 quis
891 1320 963 1375 ita
994 1329 1172 1387 posset
1200 1318 1393 1373 offerre
1417 1319 1560 1373 sicut
1588 1318 1695 1373 dux
1722 1318 1990 1388 optimus,

394 1409 480 1464 cui
523 1408 837 1477 magnitudo
894 1408 1171 1477 potestatis
1215 1410 1551 1465 abundantes
1590 1409 1794 1479 praebet
1830 1423 1989 1465 occa-

395 1501 576 1555 siones
597 1500 980 1555 misericordiac
1009 1500 1329 1566 tribuendm,
1358 1502 1402 1555 si
1435 1509 1614 1555 tamen
1646 1500 1823 1555 divina
1849 1515 1992 1570 prae-

395 1603 558 1663 ponat
583 1594 879 1648 humanis?
924 1593 1005 1648 An
1036 1593 1267 1649 inaniter
1294 1594 1482 1650 Daniel
1520 1595 1784 1665 pr0plteta
1814 1594 1991 1651 Nabu-

394 1683 735 1741 chodonosor
768 1684 897 1739 dicit
928 1702 940 1737 :
972 1684 1258 1739 Consilium
1290 1701 1459 1739 meum
1488 1689 1690 1754 placeat
1723 1685 1837 1753 tibi,
1871 1701 1989 1752 rex,

2095 470 2427 538 consideres,
2456 472 2658 527 inutilis
2695 486 2929 541 semper,
2963 473 3196 528 maxime
3238 475 3539 529 exercitum
3587 492 3693 545 gu-

2093 562 2465 619 bernantibus.
2497 564 2770 619 Mutabilia
2810 565 2954 619 enim
2996 564 3252 635 juvenutu
3292 566 3479 633 corda,
3509 582 3692 623 sacra-

2093 661 2258 713 menti
2306 659 2519 714 vinculo
2566 658 2877 731 frequenter
2927 658 3199 730 ligantur,
3245 668 3308 713 ut
3355 659 3460 715 ﬁde
3506 662 3690 720 stabili

2094 752 2233 808 bella
2262 754 2588 825 suscipiant;
2629 763 2684 811 et
2712 764 2837 809 tunc
2864 753 3018 808 ﬁrma
3048 754 3120 809 sit
3143 754 3410 810 securitas
3436 754 3684 825 ducibus,

2093 845 2141 900 si
2174 845 2451 917 religionis
2483 847 2641 902 timor
2670 846 2854 917 jurare
2899 846 3089 903 falsum
3137 863 3244 904 non
3286 851 3428 905 sinat
3465 837 3693 908 milites.”

2093 936 2261 1005 Quam
2294 954 2455 1009 grave
2485 942 2662 1008 itaque
2691 950 2749 996 et
2773 956 2932 1011 quam
2962 941 3353 1011 perniciosum,
3388 952 3444 997 ut
3470 942 3693 999 videant

2097 1030 2181 1085 vel
2211 1031 2446 1086 sentiant
2475 1030 2614 1085 solvi
2650 1029 2805 1086 facile
2851 1042 3282 1100 sacramentum,
3314 1033 3574 1105 ducisque
3604 1036 3692 1090 sui

2096 1122 2390 1179 invitentur
2426 1123 2677 1192 exemplo
2709 1124 2825 1181 leve
2852 1123 3123 1182 testimare
3153 1125 3480 1195 periurium?
3523 1127 3695 1194 Quid-

2100 1215 2225 1286 quid
2263 1216 2489 1286 proinde
2516 1218 2823 1287 juramento
2864 1218 3235 1275 intercedente
3265 1220 3573 1291 conﬁrmas,
3603 1237 3694 1277 ra-

2100 1318 2211 1364 tum
2242 1314 2455 1380 semper
2484 1310 2746 1379 observa;
2776 1310 2893 1368 sive
2924 1312 3140 1368 inimico
3165 1315 3420 1384 gratiam,
3448 1316 3562 1371 sive
3590 1331 3692 1371 ve-

2096 1402 2237 1457 niam
2268 1418 2382 1472 reo,
2408 1404 2523 1460 sive
2554 1404 2926 1462 laborantibus
2958 1417 3134 1464 tecum
3182 1410 3395 1478 praemia
3436 1410 3692 1481 pollicea-

2094 1491 2201 1558 ris;
2231 1500 2287 1547 et
2314 1494 2437 1561 hoc,
2464 1494 2704 1549 adhibita
2732 1495 3071 1553 invocatione
3100 1499 3333 1554 nominis
3366 1499 3483 1567 Dei,
3510 1501 3690 1556 credi-

2096 1584 2201 1640 bile
2227 1584 2391 1641 facias
2414 1587 2719 1657 operando;
2749 1588 2949 1645 nullius
2971 1591 3214 1647 utilitatis
3238 1592 3690 1664 consideratione,

2097 1678 2294 1733 nullius
2322 1681 2542 1749 periculi
2573 1680 2858 1738 formidine
2881 1683 3046 1739 debes
3070 1682 3277 1740 irritum
3302 1687 3491 1742 facere.
3518 1687 3694 1743 Fixus

393 1792 441 1837 et
472 1791 683 1853 peccata
728 1793 815 1836 tua
845 1781 1174 1852 eleemosynis
1205 1781 1418 1849 redime,
1460 1790 1506 1835 et
1543 1781 1826 1851 injustitias
1876 1788 1991 1834 tuas
2022 1770 2072 1830 B
2098 1769 2167 1825 Sil
2195 1779 2249 1825 et
2279 1771 2622 1826 immutabilis
2648 1786 2862 1843 sermo-,
2894 1773 3047 1844 cujus
3076 1775 3201 1831 ﬁdei
3245 1778 3395 1832 testis
3424 1784 3508 1832 est
3534 1778 3694 1833 adhi-

392 1874 807 1927 miserationibus
846 1889 1136 1941 pauperum
1161 1889 1179 1939 ;
1209 1882 1256 1926 et
1284 1872 1377 1926 erit
1408 1870 1551 1926 Deus
1580 1889 1791 1941 parcens
1811 1888 1989 1941 pecca-

392 1968 456 2021 tis
484 1968 585 2021 tuis
607 1965 769 2036 (Dan.
802 1981 875 2033 tv,
897 1965 1025 2034 24)?
1056 1966 1156 2019 nisi
1190 1966 1442 2035 quoniam
1468 1964 1859 2034 potentioribus
1888 1980 1985 2034 po-

393 2060 593 2116 tentior
644 2068 726 2113 est
769 2060 994 2114 facilitas
1034 2059 1542 2129 cleemosynarum?
1581 2059 1785 2125 Quibus
1825 2060 1988 2115 etiam

392 2152 690 2207 secundum
719 2167 887 2220 genus
920 2153 1280 2224 elecmosynrc
1313 2152 1540 2221 amplius
1570 2154 1784 2222 operari
1817 2154 1990 2223 possi-

391 2244 499 2301 bile
528 2257 632 2310 est,
658 2247 941 2315 ignoscere
970 2245 1177 2300 scilicet
1207 2245 1680 2313 delinquentibus?
1712 2245 1813 2314 lpsi
1841 2247 1983 2300 enim

391 2336 564 2407 magis
598 2336 936 2391 laudabiliter
962 2337 1174 2392 veniam
1205 2336 1427 2405 donant,
1459 2351 1683 2406 quorum
1715 2336 1990 2391 iracundia

392 2430 614 2485 nuntius
640 2431 828 2484 mortis
856 2438 959 2485 est.
1008 2428 1114 2499 Ipsi
1146 2427 1430 2499 gloriosius
1458 2427 1683 2496 diligunt
1716 2428 1986 2496 inimicas,

390 2523 584 2593 quibus
626 2521 843 2592 exigere
892 2521 1182 2577 vindictam
1221 2519 1497 2590 sanguinis
1553 2519 1697 2573 licet.
1747 2518 1983 2587 Utraque

391 2629 555 2685 opera
612 2614 998 2671 misericordiae
1048 2614 1100 2667 in
1140 2622 1405 2685 poteState
1460 2611 1659 2674 habes,
1712 2610 1756 2665 si
1811 2610 1990 2665 divina

390 2721 675 2777 praeponas
722 2706 995 2762 humanis.
1043 2706 1109 2760 Et
1156 2706 1208 2760 in
1253 2706 1354 2760 hoc
1395 2704 1629 2759 maxime
1680 2701 1991 2774 agnosceris

390 2798 644 2854 humanis
688 2797 869 2854 divina
916 2812 1266 2869 prteponere,
1303 2797 1515 2867 quando
1565 2796 1694 2851 nulli
1734 2796 1992 2851 fallaciter

391 2892 560 2966 iuras,
600 2909 698 2950 nec
730 2893 959 2949 subdolo
985 2900 1325 2949 sacramento
1360 2890 1565 2962 decipis
1610 2890 1863 2960 aliquem.
1898 2887 1987 2942 Li-

390 2996 476 3042 cet
502 2985 673 3042 hostis
696 2987 766 3041 sit
787 2985 1060 3056 antiquus,
1084 2985 1211 3040 licet
1231 2984 1489 3039 immania
1514 2993 1541 3022 ι
1574 2983 1881 3053 reipublicae
1910 2981 1991 3037 in-

392 3078 567 3134 fixerit
582 3078 894 3145 visceribus,
912 3094 1015 3135 non
1036 3077 1244 3133 videtur
1269 3077 1401 3133 falsa
1420 3078 1690 3148 juratione
1704 3076 1985 3140 fallendus;

2094 1863 2238 1917 bitus
2266 1863 2428 1919 Deus.
2454 1864 2568 1921 Una
2598 1865 2757 1935 plane
2785 1880 2945 1922 causa
2976 1868 3249 1924 solvenda
3273 1869 3556 1938 jurationis
3580 1872 3695 1926 exi-

2094 1954 2207 2021 stit,
2226 1954 2272 2008 si
2296 1954 2495 2025 aliquid
2524 1955 2693 2011 iratus
2713 1957 3006 2027 juraveris,
3027 1958 3167 2014 unde
3196 1959 3368 2028 possis
3400 1960 3567 2016 Deum
3596 1977 3695 2032 per

2094 2061 2251 2117 quem
2283 2048 2429 2116 juras
2454 2046 2749 2104 oll'endcre.
2775 2048 2935 2104 Verbi
2961 2051 3163 2120 gratia,
3191 2050 3239 2105 si
3266 2050 3362 2105 tibi
3393 2067 3489 2122 pro
3520 2052 3695 2107 delin-

2096 2140 2385 2209 quentibus
2415 2156 2685 2212 nunquam
2718 2156 2878 2212 posse
2907 2143 3157 2198 satisﬁeri
3185 2144 3493 2201 terribiliter
3509 2146 3693 2216 jures;

2096 2234 2140 2288 si
2174 2234 2449 2289 interitum
2479 2234 2702 2300 civitati,
2733 2237 2817 2290 vel
2869 2236 3089 2306 populo,
3117 2235 3307 2306 jurans
3352 2239 3603 2306 mineris;
3647 2239 3696 2297 si

2095 2326 2306 2395 penitus
2340 2323 2395 2378 in
2426 2326 2654 2380 ecclesia
2682 2339 2791 2381 non
2831 2326 3128 2394 orandum;
3156 2327 3243 2384 vel
3272 2328 3375 2383 alia
3405 2346 3525 2399 quae
3557 2330 3694 2386 divi-

2096 2436 2197 2476 nus
2226 2424 2386 2477 timor
2414 2420 2685 2491 prohibet,
2726 2421 2972 2477 humana:
3003 2422 3315 2478 tentationis
3346 2423 3411 2478 ad
3443 2439 3684 2494 praesens

2094 2516 2266 2570 victus
2298 2513 2627 2582 inﬁrmitate,
2658 2514 2926 2585 juraveris
2956 2516 3299 2587 exsequenda
3329 2533 3344 2570 :
3378 2525 3501 2571 tunc
3532 2516 3691 2587 plane

2096 2622 2203 2663 non
2234 2617 2313 2662 est
2346 2607 2671 2676 perﬁcienda
2702 2607 2921 2677 iuratio,
2947 2610 3071 2679 quia
3112 2624 3220 2665 non
3262 2608 3337 2664 ibi
3365 2608 3560 2665 divinis
3590 2609 3693 2664 bu-

2094 2717 2249 2758 mana
2298 2703 2587 2773 praeponis,
2617 2703 2712 2758 sed
2745 2704 2922 2759 divina
2968 2703 3151 2775 potius
3188 2705 3601 2774 contemplaris;
3631 2712 3692 2765 ut

2093 2796 2262 2865 magis
2311 2796 2388 2851 sic
2442 2804 2495 2851 te
2538 2796 2750 2866 jurasse
2779 2796 3058 2867 paeniteat,
3089 2797 3217 2851 dum
3247 2797 3521 2866 complere
3548 2795 3692 2867 quod

2089 2891 2357 2961 juraveris
2384 2891 2569 2963 pudet.
2600 2893 2777 2948 Etiam
2807 2895 2886 2950 sic
2913 2894 3113 2964 quippe
3147 2893 3328 2949 divina
3368 2908 3692 2963 praeponun-

2096 2998 2181 3041 tur
2228 2987 2507 3056 humanis,
2542 2988 2865 3058 illorumque
2912 2988 3202 3043 verborum
3254 2987 3423 3043 teneri
3475 2986 3692 3056 incipiet

2094 3082 2302 3152 regula,
2334 3097 2453 3152 quae
2481 3090 2672 3137 vetans
2718 3081 2965 3137 homines
3008 3082 3118 3137 cito
3160 3081 3368 3151 jnrare,
3400 3081 3510 3136 imo
3556 3094 3691 3134 ηαλμ

390 3169 601 3226 etiamsi
622 3170 727 3223 vita
745 3168 1154 3240 ejusimpediat,
1188 3184 1333 3225 mors
1378 3168 1623 3239 proliciat
1649 3170 1794 3237 paci;
1822 3182 1921 3223 nec
1943 3166 1987 3222 si
2016 3171 2062 3235 C
2095 3187 2255 3244 quam
2284 3172 2471 3229 volens
2496 3174 2716 3242 jurare:
2748 3172 2941 3241 Nolite,
2961 3175 3037 3228 ait
3064 3173 3119 3227 in
3150 3173 3467 3244 Evangelio,
3482 3175 3689 3244 jurare,

389 3261 635 3332 quidem,
660 3262 767 3317 dux
796 3262 1029 3331 optime,
1058 3263 1399 3332 compellaris
1433 3261 1621 3318 falsum
1648 3260 1853 3331 jurarc.
1894 3261 1984 3317 Sic

392 3354 480 3409 uni
522 3353 748 3420 homini,
783 3354 858 3409 sic
904 3355 1122 3425 populo,
1165 3355 1243 3409 sic
1290 3356 1533 3424 plurimis
1575 3358 1826 3426 gentibus
1865 3371 1988 3412 cum

392 3444 580 3513 quibus
612 3443 751 3500 bella
780 3445 1017 3513 gerenda
1046 3446 1383 3515 susceperis,
1412 3454 1503 3501 aut
1532 3448 1650 3502 sine
1684 3448 1990 3516 juramento

391 3547 765 3604 perseverans,
800 3549 1015 3591 assume
1065 3549 1373 3603 certamen;
1406 3547 1497 3594 aut
1548 3539 1854 3595 nullatenus
1892 3557 1989 3597 au-

393 3625 521 3680 deas
544 3624 725 3679 violati
753 3626 1075 3681 sacramenti
1104 3626 1342 3683 facinore
1369 3636 1677 3699 perpetrato
1699 3630 1989 3701 rempubli-

391 3732 512 3772 cam
543 3717 772 3774 liberare
800 3718 880 3774 vel
911 3718 1190 3790 adjuvare.
1216 3720 1354 3788 Quid
1382 3725 1524 3777 enim
1555 3722 1775 3793 prodest
1801 3724 1849 3778 ei
1874 3722 1989 3779 vin-

393 3824 537 3878 cere,
563 3826 721 3880 quem
750 3811 994 3869 diabolus
1020 3813 1163 3880 vicit,
1197 3823 1257 3869 ut
1280 3815 1519 3872 victoriae
1559 3832 1655 3887 spe
1685 3818 1873 3874 falsum
1901 3819 1987 3889 ju-

392 3904 575 3958 raret?
608 3903 813 3959 Bonum
843 3915 925 3959 est
955 3913 1014 3960 ut
1038 3921 1253 3977 semper
1289 3906 1537 3964 bumanis
1568 3909 1748 3965 divina
1782 3926 1989 3980 praepo-

391 4007 511 4061 nas,
556 4004 610 4049 et
656 4010 785 4050 voce
831 3998 1002 4052 sancti
1049 3998 1148 4054 Job
1189 4000 1378 4064 libere,
1412 4000 1641 4055 libenter
1687 4002 1924 4073 loquaris
1969 4019 1985 4058 :

392 4089 559 4145 Sicuti
604 4092 877 4161 pendentes
923 4110 1073 4165 super
1123 4111 1200 4149 me
1248 4098 1440 4164 ﬂuctus
1486 4098 1679 4163 maris,
1724 4096 1795 4151 ita
1844 4096 1988 4150 timui

393 4182 560 4238 Deum
608 4182 751 4257 (Job.
784 4199 932 4252 χχχι,
964 4186 1079 4255 25).
1110 4186 1336 4256 Propter
1386 4188 1489 4243 hoc
1538 4187 1815 4244 Psalmista
1859 4189 1986 4245 dum

393 4286 612 4332 caneret
644 4295 657 4331 :
691 4276 930 4346 Domine,
960 4282 1071 4346 quis
1119 4278 1362 4332 habitabit
1406 4280 1459 4333 in
1506 4280 1834 4335 tabernaculo
1865 4282 1988 4336 tuo?

393 4380 482 4424 aut
513 4372 627 4440 quis
670 4372 945 4441 requiescet
974 4372 1028 4424 in
1057 4378 1225 4424 monte
1255 4382 1430 4426 sancto
1474 4382 1562 4427 tuo
1605 4373 1724 4445 (Ps.
1754 4391 1861 4441 le,
1892 4375 1987 4445 1)?

391 4462 684 4531 respondet
734 4463 835 4516 sibi
876 4478 939 4517 ex
980 4477 1207 4531 persona
1252 4464 1345 4519 Dei
1380 4465 1575 4520 talibus
1617 4468 1834 4523 verbis:
1883 4467 1985 4533 Qui

2093 3280 2254 3336 neque
2297 3281 2389 3336 per
2433 3266 2637 3333 caelum,
2670 3282 2828 3336 neque
2855 3282 2945 3335 per
2976 3276 3160 3321 terram
3191 3283 3210 3321 :
3239 3268 3303 3320 sit
3331 3276 3498 3321 autent
3523 3280 3689 3320 sermo

2090 3368 2270 3426 vester,
2312 3369 2389 3414 est
2427 3370 2521 3426 est,
2568 3376 2669 3414 non
2714 3376 2817 3413 non
2866 3358 3077 3432 (Matth.
3106 3376 3158 3426 v,
3188 3360 3305 3427 54).
3335 3361 3466 3426 Quae
3506 3359 3689 3429 utique

2089 3455 2329 3527 quisquis
2358 3463 2631 3527 operatur,
2658 3455 2892 3510 imitator
2922 3453 3111 3509 existit
3136 3454 3305 3523 ipsius
3340 3452 3455 3508 Filii
3483 3453 3598 3519 Dei,
3621 3452 3689 3511 de

2090 3565 2197 3619 quo
2226 3548 2412 3603 beatus
2446 3549 2519 3602 ita
2548 3547 2783 3617 loquitur
2814 3546 3007 3602 Paulus
3039 3565 3051 3602 :
3088 3544 3211 3601 Non
3241 3554 3316 3601 est
3355 3546 3410 3599 in
3452 3546 3544 3599 illo
3590 3559 3687 3601 κει·

2090 3653 2141 3698 et
2170 3659 2303 3710 NON;
2334 3643 2423 3699 sed
2450 3656 2555 3711 Esr
2577 3642 2631 3696 in
2655 3642 2747 3695 illo
2773 3642 2872 3712 fuit
2901 3640 2984 3713 (ll
3009 3640 3128 3697 Cor.
3155 3656 3193 3707 ι,
3221 3638 3310 3704 18,
3331 3638 3423 3708 90)
3453 3652 3686 3708 semper.

2092 3735 2445 3792 lmmutabilis
2493 3736 2695 3806 quippe
2742 3742 2853 3800 est,
2884 3734 3022 3789 sicut
3064 3747 3227 3789 verus
3271 3731 3443 3799 Deus,
3474 3740 3525 3787 et
3565 3744 3685 3785 cum

2092 3830 2249 3885 Patre
2278 3839 2331 3885 et
2362 3828 2565 3898 Spiritu
2596 3838 2782 3883 saneto
2813 3827 3127 3882 naturaliter
3157 3841 3295 3882 unus
3328 3826 3490 3881 Deus.
3523 3824 3684 3894 Cujus

2091 3937 2292 3977 nomen
2322 3920 2599 3991 inquirens
2632 3920 2973 3976 ﬁdelissimus
2998 3919 3229 3991 Moyses,
3249 3934 3381 3974 voce
3411 3918 3512 3973 sibi
3536 3917 3685 3973 coali-

2094 4023 2177 4069 tus
2208 4012 2411 4068 reddita
2443 4011 2830 4066 tremebundus
2858 4011 3063 4066 audivit
3094 4029 3107 4065 :
3138 4010 3250 4083 Ego
3282 4027 3398 4064 sum
3432 4012 3519 4079 qui
3549 4019 3687 4067 sunt:

2094 4107 2157 4161 Et
2188 4107 2323 4160 dices
2355 4106 2477 4176 ﬁliis
2509 4103 2674 4159 Israel
2706 4120 2727 4159 .·
2761 4105 2860 4172 Qui
2889 4114 2983 4173 est,
3008 4103 3146 4157 misit
3174 4119 3253 4157 me
3278 4103 3345 4157 ad
3372 4118 3459 4156 vos
3487 4101 3681 4173 (Exod.

2092 4217 2178 4269 nt,
2206 4198 2320 4271 14).
2353 4200 2600 4256 Profecto
2629 4213 2819 4269 magna
2855 4205 2939 4254 est
2967 4196 3133 4268 gloria
3162 4197 3214 4251 in
3245 4210 3310 4252 eo
3346 4210 3565 4250 manere
3594 4193 3681 4264 qui

2090 4301 2195 4358 est,
2220 4307 2340 4347 eum
2384 4292 2534 4363 sequi
2570 4292 2661 4362 qui
2699 4299 2781 4347 est
2821 4310 2834 4346 :
2867 4298 2923 4344 et
2950 4290 3072 4360 quia
3116 4303 3214 4344 nos
3251 4288 3534 4344 mutabiles
3560 4286 3681 4341 facit

2093 4382 2305 4437 inﬁrma
2358 4392 2569 4452 natura,
2597 4396 2697 4437 nec
2746 4395 3028 4451 possumus
3069 4378 3391 4435 immutabili
3432 4377 3542 4433 Deo
3589 4392 3679 4448 per

2091 4474 2351 4546 aequalem
2402 4475 2693 4544 potentiam
2740 4473 3066 4543 comparari,
3096 4472 3337 4527 ut‘sicut
3383 4485 3596 4542 semper
3630 4470 3680 4524 in

392 4553 623 4623 loquitur
660 4554 919 4607 veritatem
947 4555 999 4607 in
1030 4556 1183 4609 corde
1211 4572 1326 4621 suo,
1354 4558 1441 4627 qui
1470 4575 1570 4611 non
1598 4560 1696 4629 egit
1728 4558 1903 4611 dolum
1930 4560 1983 4612 in

2093 4567 2244 4622 nobis
2273 4574 2375 4632 est,
2398 4566 2471 4621 ita
2495 4575 2549 4621 et
2579 4580 2677 4620 nos
2707 4569 2758 4619 in
2792 4565 2882 4620 illo
2911 4564 3183 4619 valeamus
3212 4578 3362 4627 esse;
3392 4563 3462 4617 sit
3490 4562 3679 4616 saltem

392 4646 573 4716 lingua
601 4662 716 4713 sua,
746 4661 836 4699 nec
885 4647 1003 4716 fecit
1051 4648 1282 4715 proximo
1319 4666 1412 4703 suo
1459 4651 1672 4718 malum,
1704 4658 1750 4703 ct
1797 4667 1983 4721 oppro-

393 4738 559 4792 brium
610 4754 711 4792 uon
759 4738 953 4807 accepit
1009 4740 1250 4795 adversus
1310 4743 1643 4812 proximum;
1698 4742 1785 4811 qui
1840 4744 1983 4811 jurat

390 4830 626 4900 proximo
655 4846 767 4897 suo,
795 4840 842 4884 et
867 4846 969 4884 non
998 4830 1183 4900 decipit
1210 4830 1395 4903 (Ibid.,
1419 4833 1473 4901 3,
1500 4831 1578 4902 4).
1606 4830 1700 4887 Ille
1730 4847 1857 4903 ergo
1888 4834 1981 4888 ha-

391 4922 584 4979 bitabit
609 4924 660 4978 in
695 4924 1039 4981 tabernaculo
1068 4924 1300 4991 Domini,
1321 4935 1376 4981 et
1401 4927 1698 4996 requiescet
1720 4928 1773 4982 in
1796 4938 1980 4984 monte

390 5026 577 5072 sancto
608 5018 746 5087 ejus,
775 5016 865 5088 qui
902 5019 1048 5088 jurat
1091 5017 1336 5087 proximo
1373 5032 1470 5073 suo
1509 5028 1563 5075 et
1606 5035 1712 5074 non
1758 5020 1977 5089 decipit.

388 5110 481 5167 Ille
533 5120 710 5168 autem
756 5113 899 5182 jurat
947 5111 1189 5182 proximo
1234 5126 1334 5168 suo
1381 5121 1435 5167 et
1481 5128 1589 5167 non
1637 5113 1852 5184 decipit,
1886 5115 1980 5183 qui

390 5207 746 5277 quodcunque
770 5209 912 5275 jurat
936 5207 1294 5273 sermonibus,
1317 5207 1501 5277 implet
1521 5210 1788 5279 operibus.
1811 5210 1981 5266 Nemo

388 5312 565 5356 autem
599 5310 747 5370 putet
775 5303 984 5357 hostem
1019 5302 1103 5357 cui
1142 5302 1288 5371 jurat
1315 5316 1423 5356 non
1450 5302 1648 5359 debere
1676 5304 1977 5373 proximum

387 5392 668 5463 deputari;
706 5403 924 5463 propter
954 5394 1055 5451 hoc
1083 5395 1225 5450 enim
1252 5394 1481 5465 juratnr,
1511 5403 1569 5450 ut
1597 5398 1868 5466 proximus
1894 5414 1980 5455 re-

388 5494 626 5554 putctur.
658 5487 736 5541 Ex
782 5502 886 5555 quo
932 5488 1091 5558 igitur
1119 5486 1235 5542 vult
1275 5490 1478 5545 amicus
1508 5489 1669 5556 efﬁci,
1698 5492 1978 5563 legemque

388 5578 538 5646 pacis
582 5577 943 5646 amplectitur,
987 5580 1100 5650 jam
1147 5583 1423 5652 proximus
1469 5593 1581 5651 est;
1633 5595 1686 5639 et
1724 5585 1833 5655 jam
1887 5587 1981 5657 qui

390 5669 619 5726 ﬁdeliter
639 5670 803 5740 jurat,
828 5674 1075 5743 proximo
1101 5689 1199 5732 suo
1218 5678 1386 5749 jurat,
1410 5689 1462 5737 et
1486 5696 1591 5737 non
1614 5679 1828 5752 decipit.

366 5851 377 5861 ·
462 5838 490 5871 ι
519 5830 746 5892 Videtur
773 5833 861 5892 hic
890 5834 995 5900 leg.
1032 5836 1261 5894 vulnera.
1308 5874 1311 5878 -

2094 4675 2273 4716 sermo
2297 4669 2497 4726 noster,
2518 4667 2601 4714 est
2623 4668 2723 4723 εει,
2750 4672 2857 4714 non
2886 4673 3026 4724 non;
3056 4665 3111 4713 ct
3136 4658 3250 4713 sive
3270 4659 3577 4727 juramento
3604 4657 3677 4712 in-

2095 4753 2422 4821 tercedente,
2449 4753 2561 4808 sive
2597 4762 2865 4819 cessante,
2891 4752 3126 4807 nitamur
3155 4753 3207 4807 in
3241 4754 3469 4808 veritate
3497 4752 3677 4806 certis-

2093 4846 2215 4902 simi
2265 4860 2599 4915 permanere.
2649 4845 2834 4900 Divina
2879 4859 3108 4914 namque
3155 4855 3237 4900 est
3278 4846 3502 4912 veritas,
3543 4843 3677 4900 unde

2095 4938 2322 4993 multum
2362 4939 2627 4994 veraciter
2659 4937 2753 4991 Dei
2783 4937 2951 4992 Filius
2976 4936 3113 4991 dixit
3144 4956 3159 4995 :
3193 4935 3305 5007 Ego
3345 4953 3461 4990 sum
3498 4936 3677 4991 veritas

2093 5031 2269 5087 (Joan.
2318 5047 2439 5098 xiv,
2486 5031 2572 5103 6).
2618 5030 2686 5086 Et
2730 5032 2870 5087 sicut
2911 5031 2983 5087 de
3029 5030 3288 5086 charitate
3333 5029 3675 5084 recordamur

2090 5124 2346 5182 Joannem
2377 5126 2579 5182 dixisse
2621 5143 2633 5179 :
2670 5126 2770 5192 Qui
2796 5133 2963 5179 manet
2987 5126 3042 5180 in
3072 5124 3346 5192 charitate,
3376 5134 3424 5178 et
3456 5123 3597 5178 Deus
3628 5124 3674 5177 in

2090 5215 2183 5269 illo
2224 5228 2393 5271 manet
2433 5215 2489 5285 (Ι
2519 5216 2676 5272 Joan.
2712 5231 2789 5284 tv,
2821 5218 2946 5287 16);
2989 5218 3059 5272 ita
3103 5217 3351 5272 similiter
3378 5217 3423 5272 si
3453 5217 3674 5276 velimus

2090 5310 2288 5375 dicere,
2313 5324 2420 5365 non
2446 5311 2737 5366 mentimur
2764 5327 2777 5364 :
2806 5310 2907 5377 Qui
2936 5316 3120 5365 manct
3146 5309 3199 5364 in
3222 5310 3467 5374 veritate,
3489 5309 3542 5364 in
3570 5308 3674 5364 Dec
3716 5378 3723 5381 _

2089 5410 2289 5470 manet,
2312 5411 2365 5458 et
2394 5403 2537 5460 Deus
2564 5405 2616 5459 in
2650 5404 2743 5459 illo
2774 5409 2974 5458 manet.
2999 5402 3380 5472 Prmponamus
3413 5402 3571 5471 igitur
3590 5415 3671 5455 ve-

2088 5497 2299 5552 ritatem
2329 5497 2537 5552 cunctis
2567 5496 2888 5551 utilitatibus
2914 5494 3320 5567 temporalibus,
3346 5502 3401 5549 et
3427 5502 3552 5547 tunc
3577 5491 3671 5550 rite

2085 5594 2420 5651 inveniemur
2473 5592 2724 5648 humanis
2768 5592 2953 5648 divina
3000 5605 3338 5661 praeponere.
3386 5588 3669 5644 Veritatem

2086 5687 2243 5759 plane
2298 5685 2453 5747 nobis
2506 5694 2597 5744 aut
2643 5685 2782 5745 ratio
2827 5682 3115 5744 manifeste
3160 5684 3540 5751 demonstret,
3587 5687 3667 5735 aut
