4078 6440
350 416 453 474 945

353 621 537 679 dotum
590 624 832 683 doctrina
885 630 1053 686 ﬁdelis
1096 630 1361 686 ostendat.
1412 629 1524 686 Sub
1573 630 1751 700 specie
1800 629 1943 684 enim

353 717 601 773 veritatis
641 721 956 793 plerumque
990 723 1193 779 falsitas
1218 724 1547 791 vindicatur;
1575 732 1629 778 et
1660 722 1760 777 nisi
1808 722 1948 777 adsit

353 810 509 867 bonis
541 811 767 869 ducibus
804 816 894 885 pia
920 818 1096 872 cordis
1122 817 1391 874 humilitas
1410 857 1425 883 ,
1453 826 1511 871 ut
1531 817 1739 887 quoties
1768 815 1946 886 requi-

354 915 479 960 runt
505 905 787 961 veritatem
806 947 820 971 ,
848 909 1119 964 saecularis
1148 909 1425 980 dignitatis
1449 917 1761 964 removeant
1790 916 1947 977 pote-

355 1006 581 1064 statem,
615 1002 992 1058 miserabiliter
1021 1011 1413 1073 anteponentur
1441 1001 1671 1058 humana
1714 1000 1945 1068 divinis;

356 1100 418 1147 ut
447 1102 650 1149 temere
679 1095 901 1164 audeat,
931 1100 1175 1168 quamvis
1205 1098 1315 1153 dux
1335 1141 1349 1165 ,
1377 1108 1552 1153 tamen
1588 1098 1844 1154 Ecclesiae
1870 1096 1949 1152 di-
1994 1088 2001 1095 ’

355 1186 613 1256 scipulus,
644 1187 940 1247 Ecclesiam
972 1191 1198 1259 docere;
1232 1207 1332 1247 nec
1356 1191 1556 1263 judicia
1586 1192 1732 1262 sequi
1766 1205 1947 1246 sacer-

356 1276 565 1347 dotum,
594 1278 691 1334 sed
722 1280 860 1337 velle
906 1283 1083 1352 potius
1128 1283 1197 1340 de
1243 1282 1664 1341 sacerdotalibus
1705 1281 1950 1353 judicare

356 1369 588 1440 iudiciis.

428 1462 516 1517 17.
547 1463 840 1522 Occasione
884 1467 1115 1539 quadam
1166 1468 1411 1525 venimus
1451 1468 1519 1524 ad
1564 1468 1705 1524 hunc
1750 1468 1948 1535 locum,

357 1566 612 1625 quantum
636 1558 893 1625 arbitror,
918 1562 1282 1617 necessarium
1305 1560 1504 1617 volenti
1530 1576 1744 1630 semper
1765 1560 1951 1615 buma-

359 1649 443 1705 nis
466 1650 641 1707 divina
672 1654 1011 1724 praeponere.
1032 1656 1103 1711 Ut
1132 1656 1238 1711 dux
1269 1656 1460 1721 bonus,
1481 1655 1534 1710 in
1565 1654 1813 1711 omnibus
1835 1655 1952 1725 qui-

359 1743 502 1813 dem,
542 1746 586 1800 si
620 1747 704 1816 pie
732 1749 900 1818 sapis,
935 1748 1231 1804 Ecclesiam
1274 1748 1544 1815 consulas,
1585 1746 1952 1803 sacerdotibus

360 1837 578 1894 obedire
625 1838 869 1906 festines,
910 1843 1027 1899 sine
1076 1842 1288 1898 illorum
1341 1842 1567 1898 consilio
1614 1842 1743 1897 nihil
1793 1856 1948 1913 geras

1536 417 1902 478 EPISTOLAS
1935 413 2025 471 ET
2064 412 2448 473 OPUSCULA.

352 530 629 601 Scriptura
661 533 917 595 divinitus
962 537 1220 610 inspirata
1257 537 1618 604 commendet,
1650 546 1742 592 aut
1770 550 1950 591 sacer-
1978 532 2031 595 Α
2055 531 2309 601 scriptum
2358 529 2523 583 babes
2572 542 2587 582 :

3538 412 3645 473 ριθ

2637 525 2765 585 Sine
2803 526 3082 596 offensione
3120 512 3313 593 estote,
3353 526 3555 586 luditis
3595 539 3645 586 et

2054 622 2265 687 ercia,
2292 633 2337 676 et
2374 621 2614 675 Ecclesia:
2655 620 2749 675 Dei
2790 619 2840 691 (1
2876 619 2996 676 Cor.
3020 637 3075 687 χ,
3099 619 3212 692 52).
3249 621 3439 693 Melius
3482 623 3647 695 igitur

2050 718 2289 782 videtur,
2317 732 2383 771 tte
2410 715 2549 784 quod
2582 715 2958 772 oﬁ‘endiculutn
2991 716 3149 771 detur
3173 716 3462 786 Evangelia
3490 714 3647 773 Chri-

2052 811 2143 873 sti,
2187 807 2532 863 multitudine
2578 808 2936 863 scandalizata
2982 807 3161 879 populi
3210 808 3520 878 Christiani,
3552 824 3649 881 pa-

2052 900 2248 957 tienter
2270 900 2374 954 dux
2408 899 2624 969 sapiens
2651 900 2997 957 offensionem
3032 911 3175 956 tuam
3213 902 3443 969 toleres,
3470 901 3647 960 donec

2051 994 2274 1049 alterius
2306 993 2710 1048 cuttsuetudinis
2745 994 2830 1064 (in
2861 1010 2965 1062 quo
3000 994 3319 1068 offenderis)
3350 1004 3441 1052 aut
3482 997 3647 1052 ratio—

2052 1101 2173 1143 nem
2216 1102 2428 1157 quoquo
2458 1085 2619 1142 modo
2648 1085 2850 1155 capias,
2874 1095 2966 1141 aut
2991 1088 3252 1156 suscipias
3277 1088 3644 1158 dilectionem,

2052 1182 2098 1237 si
2124 1189 2322 1245 tamen,
2342 1192 2397 1235 ut
2427 1196 2573 1251 smpe
2600 1180 2884 1237 dicendum
2907 1189 3008 1248 est,
3036 1181 3238 1237 nullum
3267 1184 3483 1239 timetur
3506 1185 3649 1254 peri-

2053 1274 2234 1330 culum
2279 1274 2423 1329 ﬁdei.
2448 1274 2599 1343 Quod
2632 1274 2774 1329 enim
2809 1275 2929 1330 ﬁdei
2962 1290 3067 1330 non
3099 1285 3379 1346 repugnat,
3414 1278 3516 1333 ltoc
3559 1292 3651 1334 so-

2055 1366 2165 1421 lum
2194 1366 2354 1422 debet
2382 1366 2754 1436 aequanimiter
2782 1368 3056 1438 sustineri,
3083 1383 3180 1439 pro
3210 1369 3467 1425 seandalo
3503 1370 3651 1426 scili-

2057 1466 2145 1512 cet
2174 1458 2355 1528 populi
2383 1475 2395 1511 :
2422 1458 2544 1528 quia
2575 1469 2627 1513 et
2656 1460 2755 1513 hoc
2787 1459 2968 1528 utique
2998 1460 3061 1514 ad
3092 1461 3389 1516 custodiam
3421 1462 3652 1532 pertinet

2056 1548 2209 1615 ﬁdei,
2236 1551 2408 1607 vitare
2438 1550 2743 1605 scandalum
2774 1551 2976 1623 populi.
3005 1552 3239 1622 Populus
3268 1556 3464 1625 quippe
3495 1569 3653 1610 scatt-

2057 1644 2315 1700 dalizatus
2340 1644 2495 1700 facile
2524 1644 2588 1698 ad
2618 1644 2904 1700 schismata
2937 1645 3159 1715 prosilit,
3178 1646 3363 1701 etscis
3383 1646 3653 1717 quomodo

2059 1741 2238 1796 omnis
2268 1738 2401 1796 ﬁdes
2431 1740 2766 1810 perit-litetur
2797 1740 2849 1795 in
2881 1741 3199 1797 schismate.
3230 1743 3433 1795 Bonum
3472 1742 3653 1812 itaque

2059 1844 2142 1891 est
2183 1842 2271 1899 ut,
2318 1841 2373 1888 te
2419 1833 2661 1902 favente,
2707 1843 2759 1889 te
2806 1834 3207 1901 consentiente,
3250 1842 3306 1889 et
3348 1834 3654 1890 nullatenus

363 1949 589 2003 quorum
641 1939 889 2008 precibus
928 1938 1223 2009 adjuvaris.
1256 1936 1533 2008 pmcipue
1581 1946 1758 1994 tamen
1808 1938 1953 1993 ίηιει-
1982 1914 2031 1976 Β
2058 1926 2395 1999 prohibente,
2437 1926 2732 1981 secundum
2764 1925 3028 1995 piissimas
3060 1925 3275 1980 Patrum
3305 1925 3654 1981 deﬁnitiones

362 2030 539 2087 ofﬁcia
569 2034 872 2105 religionis,
898 2035 1065 2089 solam
1098 2034 1273 2091 discas
1308 2033 1665 2090 obedientiam
1694 2032 1906 2089 deferre
1935 2050 1947 2086 :

368 2133 422 2179 et
452 2123 498 2178 si
526 2127 739 2194 quando
783 2125 974 2196 aliquis
1002 2127 1285 2196 scrupulus
1329 2135 1563 2182 mentem
1608 2133 1815 2190 movet,
1847 2138 1954 2179 non

362 2218 605 2287 sequaris
645 2219 801 2275 facile
848 2221 1172 2276 sententiam
1218 2221 1511 2290 propriam,
1539 2235 1641 2274 nec
1668 2218 1788 2273 aliis
1833 2233 1955 2288 per-

363 2311 589 2366 suadere
618 2311 853 2377 coneris,
876 2312 977 2367 ttisi
1007 2313 1155 2382 prius
1181 2328 1299 2367 eam
1330 2310 1698 2367 sacerdmibus
1724 2322 1954 2379 agnove-

363 2404 437 2457 ris
480 2404 766 2472 placuisse.
806 2405 1075 2459 Memento
1121 2404 1247 2476 quid
1294 2404 1387 2459 tibi
1436 2403 1489 2458 itt
1536 2401 1954 2458 Deuteronomio

366 2494 507 2551 Deus
537 2495 782 2563 loquatur
808 2514 821 2551 :
849 2496 1118 2569 Interroqa
1146 2508 1341 2567 patrem
1372 2506 1533 2555 tuum.
1559 2505 1604 2550 et
1638 2494 1956 2548 nunuutiabit

366 2587 486 2653 tibi;
511 2589 824 2659 presbyteros
852 2599 1051 2655 tuos,et
1075 2592 1242 2644 dicent
1271 2590 1359 2644 tibi
1383 2590 1557 2644 omnia
1581 2588 1763 2657 (Deut.
1783 2601 1954 2655 xxx",

365 2673 443 2747 7).
468 2678 701 2735 Consule
722 2694 849 2748 ergo
877 2695 1010 2749 quos
1036 2681 1175 2735 Deus
1197 2681 1435 2735 scientite
1466 2680 1723 2733 Dominus
1747 2677 1956 2733 eunsuli

368 2767 562 2824 debere
602 2772 949 2827 commonuit.
983 2772 1201 2827 Etiamsi
1236 2772 1327 2827 tibi
1384 2772 1623 2827 scientiae
1662 2771 1955 2841 plenitudo,

369 2860 412 2915 si
444 2859 664 2915 facultas
695 2861 915 2931 majoris
943 2862 1138 2933 eloquii
1167 2870 1436 2932 suppetat,
1466 2862 1718 2916 inclinata
1747 2862 1959 2917 cervice

369 2950 437 3004 ad
478 2950 793 3006 humilitatis
834 2962 1035 3008 sancta:
1066 2954 1417 3023 prapositum,
1448 2953 1669 3010 consule
1709 2954 1961 3008 sacerdo-

373 3051 472 3098 tes.
496 3042 729 3100 Consule
757 3054 934 3100 autem
968 3046 1052 3115 pie
1081 3046 1391 3116 quaerendo,
1412 3060 1519 3100 non
1546 3045 1808 3100 violenter
1834 3043 1960 3114 quid

376 3138 737 3207 respondeant
767 3140 1106 3207 imperando.
1134 3139 1244 3195 Nec
1277 3140 1372 3194 tibi
1404 3155 1633 3210 unquam
1667 3140 1876 3210 placeat
1906 3140 1959 3194 in

370 3229 660 3297 provinciis
686 3230 775 3283 ubi
799 3230 1048 3285 ducatum
1076 3231 1219 3300 geris
1244 3247 1506 3286 canonum
1532 3231 1743 3287 decreta
1770 3231 1961 3286 rescin-

2060 2034 2397 2090 unaquchue
2426 2019 2666 2075 Ecclesia
2694 2018 3137 2074 consuetudinem
3171 2034 3319 2073 suam
3349 2027 3605 2089 sequatur
3636 2034 3653 2073 :

2058 2122 2112 2170 et
2159 2120 2215 2166 tu
2260 2111 2402 2165 illius
2449 2110 2850 2165 consuetudinis
2892 2109 3156 2178 particeps
3201 2108 3455 2164 efﬁciaris
3494 2122 3655 2178 quam

2062 2214 2208 2261 tenet
2240 2204 2477 2259 Ecclesia
2527 2202 2614 2257 tibi
2656 2217 2755 2273 pro
2786 2210 3027 2271 tempore
3057 2201 3141 2255 vel
3172 2199 3652 2255 administrationis

2061 2295 2383 2352 necessitate
2410 2294 2574 2348 fueris
2601 2303 2967 2348 conversatus.
3000 2292 3249 2363 Alioquin
3280 2292 3501 2363 diligere
3528 2290 3656 2347 soli-

2059 2397 2135 2456 ta,
2158 2400 2209 2446 et
2238 2390 2460 2445 horrere
2484 2389 2835 2445 vehementer
2864 2389 3098 2452 insolita,
3123 2389 3285 2443 nimia
3316 2396 3399 2443 est
3419 2387 3656 2457 justitia,

2060 2500 2168 2540 non
2221 2484 2398 2551 laude,
2432 2486 2525 2537 sed
2566 2483 2988 2551 reprehensione
3032 2481 3368 2552 dignissima,
3397 2480 3442 2534 si
3484 2481 3657 2549 placet

2064 2574 2451 2645 sapientissimi
2496 2576 2764 2629 sententia
2795 2573 3097 2629 Salomonis
3128 2592 3139 2625 :
3178 2571 3304 2626 Noli
3342 2590 3450 2628 esse
3480 2575 3658 2645 justus

2061 2666 2307 2730 multum;
2343 2681 2499 2735 neque
2520 2666 2693 2733 sapias
2720 2664 2836 2735 plus
2859 2681 3011 2732 quant
3033 2681 3233 2719 necesse
3253 2673 3324 2717 est
3345 2705 3360 2731 ,
3390 2681 3454 2718 ne
3478 2664 3653 2719 obstu-

2061 2775 2238 2831 pescas
2274 2758 2471 2829 (Ercle.
2496 2774 2590 2825 ut,
2616 2760 2727 2829 l7).
2755 2758 2890 2824 Quid
2922 2767 3034 2825 est,
3064 2774 3130 2813 ne
3159 2759 3544 2828 obstupescas?
3576 2757 3654 2813 No

2063 2865 2341 2908 remaneas
2371 2849 2614 2921 frigidus.
2644 2849 2773 2918 Quis
2801 2858 3043 2905 remanet
3069 2848 3323 2921 frigidus?
3355 2848 3452 2903 Cui
3480 2848 3657 2903 fervor

2063 2944 2397 3003 subtrahitur
2424 2942 2719 2998 cbaritatis.
2746 2941 2863 2997 Noli
2897 2956 3024 3012 ergo
3055 2954 3178 2997 esse
3205 2940 3427 2995 multnnt
3455 2939 3653 3011 justus.

2322 3102 2482 3151 Ssx-ra
2502 3114 2708 3151 necum.
2730 3096 2845 3151 Noli
2867 3109 2970 3149 esse
2993 3097 3194 3147 multum
3216 3093 3386 3161 iustus.

2138 3235 2227 3290 18.
2259 3234 2327 3289 Ει
2355 3233 2469 3288 bare
2499 3232 2592 3287 tibi
2620 3240 2767 3285 sexta
2798 3230 2864 3285 sit
2894 3229 3211 3284 innocentia:
3247 3227 3459 3296 regula,
3509 3226 3657 3282 mili-

373 3296 520 3373 dere.
556 3320 612 3376 Si
644 3320 787 3375 enim
822 3322 1059 3389 publicas
1079 3296 1238 3392 leges
1267 3321 1564 3393 transgredi
1596 3322 1789 3377 metuis
1825 3338 1959 3393 quas
1990 3296 2037 3363 (ἶ
2067 3328 2270 3385 taribus
2318 3326 2526 3381 actibus
2573 3336 2852 3393 occupato.
2900 3323 3166 3392 Quidquid
3217 3322 3358 3377 enim
3408 3320 3611 3376 dixeris
3638 3362 3659 3389 ,

374 3407 538 3463 homo
550 3414 1121 3482 constituit,qttomodo
1136 3413 1365 3485 Spiritus
1377 3416 1543 3469 sancti
1559 3413 1960 3471 deﬁnitionibus

374 3501 589 3559 obviare
620 3506 887 3561 tetttabis?
915 3508 995 3563 An
1029 3508 1242 3577 ignoras
1268 3509 1390 3577 quia
1417 3507 1615 3578 Spiritu
1642 3518 1830 3563 sancto
1856 3511 1960 3565 acti

374 3594 535 3652 locuti
568 3607 693 3653 sunt
730 3599 936 3665 Patres,
969 3616 1196 3671 quorum
1228 3599 1271 3655 si
1297 3601 1447 3672 jussa
1478 3600 1854 3668 rescindimus,
1879 3601 1962 3657 lo-

374 3694 553 3759 quenti
605 3707 700 3763 per
742 3709 835 3750 eos
876 3695 1273 3751 contumeliam‘
1300 3694 1629 3767 ingerimus?
1659 3696 1964 3765 poteritque

376 3784 601 3840 forsitan
667 3788 960 3857 apostolica
1021 3788 1177 3844 nobis
1239 3788 1535 3855 increpatio
1598 3798 1965 3856 competenter

376 3880 549 3948 aptari
575 3896 587 3931 :
618 3879 795 3934 chtmt
823 3881 917 3935 Dei
937 3880 1145 3946 habent,
1167 3880 1256 3934 sed
1280 3897 1379 3933 non
1399 3882 1678 3934 secundum
1700 3883 1964 3933 scientiam

377 3969 560 4039 (Rom.
584 3970 945 4039 x,2).Volens
973 3985 1099 4038 ergo
1127 3970 1325 4025 habere
1355 3970 1525 4024 zelum
1550 3969 1646 4024 Dei
1674 3970 1965 4025 secundum

383 4057 682 4123 Scientiam,
730 4069 852 4115 tene
900 4060 1143 4115 ordinem
1184 4069 1413 4123 rectum,
1456 4075 1584 4115 cave
1630 4075 1959 4127 perversum.

382 4153 582 4209 Rectus
609 4154 743 4207 ordo
773 4162 854 4208 est
880 4162 936 4209 ιιι
973 4153 1281 4209 sacerdotes
1307 4152 1554 4217 doceant,
1585 4153 1701 4207 laici
1734 4154 1968 4208 docent-

380 4253 498 4312 tur;
532 4256 586 4301 et
614 4245 790 4300 outnis
817 4245 905 4315 qui
957 4260 1017 4299 se
1047 4245 1111 4299 ad
1154 4244 1448 4299 Ecclesiam
1478 4244 1745 4313 pertinere
1775 4243 1971 4313 gloria-

381 4349 489 4408 tur,
510 4341 716 4411 legibus
748 4340 891 4395 vivat
919 4338 1193 4407 Ecclesiaz,
1219 4338 1452 4393 maxime
1478 4336 1559 4391 his
1582 4352 1715 4407 quas
1741 4335 1971 4404 antiqui-

384 4442 467 4488 tas
493 4432 790 4499 roboravit;
816 4431 956 4487 unde
976 4432 1135 4486 etiam
1163 4429 1494 4485 consuetudo
1517 4431 1633 4484 sine
1658 4429 1790 4499 lege,
1812 4444 1969 4496 quam

387 4535 562 4581 tamen
591 4526 848 4582 Ecclesia:
878 4510 1077 4581 sancta:
1108 4524 1322 4580 traditio
1349 4522 1749 4579 custodiendam
1772 4522 1973 4593 jugitcr

381 4617 611 4686 posteris
663 4615 911 4683 tradidit,
947 4614 1135 4672 eadem
1186 4616 1483 4671 reverentia
1528 4615 1739 4669 videtur
1785 4622 1970 4668 custo-

2064 3420 2315 3491 gesseris,
2337 3418 2683 3486 diSposucris,
2713 3426 2770 3470 ttt
2801 3416 2909 3469 Deo
2936 3424 2990 3470 et
3022 3415 3327 3469 hominibus
3356 3414 3587 3482 placeas,
3605 3419 3661 3468 et

2066 3514 2281 3570 fervore
2307 3511 2590 3566 cbaritatis
2621 3508 2942 3564 mirabiliter
2967 3508 3258 3578 iniquitatis
3280 3507 3449 3577 frigus
3479 3507 3664 3563 exclu-

2067 3606 2191 3672 das,
2235 3604 2342 3659 noli
2393 3616 2512 3659 esse
2558 3602 2781 3657 multum
2824 3601 3031 3670 justus,
3075 3614 3246 3667 neque
3287 3600 3501 3663 sapiatts
3546 3599 3663 3667 plus

2066 3714 2225 3770 quam
2256 3711 2478 3753 necesse
2517 3703 2619 3749 est.
2648 3693 2871 3750 lncurrit
2900 3691 3161 3761 quiSpiam
3202 3690 3503 3759 gravissimi
3533 3689 3664 3745 faci-

2068 3791 2214 3848 noris
2242 3792 2474 3859 culpam,
2505 3797 2738 3843 meretur
2765 3785 3073 3855 judicialeut
3103 3783 3303 3837 sentire
3332 3798 3610 3838 censuram
3633 3783 3659 3836 τ

2069 3894 2332 3953 tempera,
2362 3884 2469 3936 dux
2503 3882 2724 3949 optime,
2768 3879 3025 3948 impetum
3073 3877 3407 3941 severitatis;
3452 3884 3507 3932 et
3534 3875 3661 3931 dum

2070 3993 2164 4033 reo
2207 3975 2468 4045 supplicia
2499 3971 2823 4045 inferuntur,
2863 3969 3208 4025 interioribus
3238 3968 3456 4023 auribus
3487 3969 3662 4039 pietas

2071 4069 2217 4124 dicat
2242 4082 2256 4120 :
2288 4065 2416 4119 Noli
2440 4080 2546 4119 esse
2565 4065 2785 4119 multum
2797 4065 2973 4135 justus
3005 4060 3216 4134 (Ibid.).
3244 4060 3508 4116 Amicitias
3532 4060 3666 4115 alius

2072 4162 2378 4225 immemor,
2416 4158 2595 4212 debita
2640 4155 2898 4212 exhibere
2942 4153 3184 4225 neglexit
3226 4153 3437 4207 ofﬁcia?
3469 4153 3666 4224 dignus

2075 4262 2158 4309 est
2191 4251 2374 4321 abjici,
2406 4259 2645 4305 meretur
2670 4247 2877 4304 sentire
2908 4262 3151 4317 asperam
3184 4247 3491 4312 laesionem,
3522 4246 3668 4301 cohi-

2077 4346 2169 4414 be,
2194 4347 2441 4411 obsecro,
2467 4352 2669 4398 rectum
2697 4341 2967 4408 dolorem,
2993 4340 3102 4396 noli
3126 4340 3419 4395 retribuere
3445 4339 3666 4397 similia.

2077 4439 2154 4494 Ne
2184 4440 2420 4494 mStimes
2441 4436 2593 4506 quasi
2631 4434 2929 4501 inimicum,
2957 4432 3051 4488 sed
3083 4435 3293 4502 corripe
3320 4431 3499 4486 adhuc
3525 4430 3667 4487 velut

2080 4533 2348 4595 amicum;
2381 4528 2742 4599 respondente
2773 4525 2866 4581 tibi
2899 4523 3300 4594 sapientissimo
3328 4524 3615 4578 Salomone
3650 4538 3665 4578 :

2078 4624 2208 4679 Noli
2248 4639 2351 4679 esse
2389 4623 2608 4675 multum
2639 4621 2839 4691 justus.
2868 4618 2999 4672 Esto
3027 4631 3157 4687 ergo
3190 4615 3388 4687 justus,
3419 4614 3514 4671 sed
3560 4614 3669 4669 noli

382 4708 598 4775 dienda,
622 4718 673 4763 et
700 4709 1003 4764 nullatenus
1032 4709 1323 4764 amovenda
1357 4708 1400 4763 si
1433 4722 1536 4762 non
1568 4717 1652 4763 est
1681 4708 1801 4762 fidei
1830 4723 1970 4762 vera:
1999 4683 2054 4744 Β
2081 4732 2202 4774 esse
2236 4716 2462 4770 multum
2491 4683 2688 4784 305mg,
2717 4712 2847 4767 Εειο
2864 4710 3063 4781 justus,
3088 4683 3148 4765 ἧι
3176 4683 3437 4779 έοιτίρῑξιε
3467 4708 3672 4779 inquie.

384 4800 673 4854 contraria.
719 4800 829 4856 Nec
873 4800 1108 4856 oﬁ'endat
1152 4802 1362 4855 animos
1424 4810 1543 4855 tuos
1598 4799 1967 4855 Ecclesiarum

385 4892 714 4946 consuetudo
743 4893 976 4961 diversa,
1001 4894 1127 4947 dum
1152 4894 1283 4949 ﬁdes
1309 4901 1391 4947 est
1417 4908 1540 4946 una.
1567 4892 1806 4947 Parvulis
1826 4894 1968 4948 enim

388 4983 656 5039 utentibus
684 4998 747 5039 ac
778 5000 917 5053 pene
945 4986 1147 5050 stultis,
1174 4986 1274 5040 hoc
1302 4986 1489 5054 irrepit
1514 4986 1723 5051 vitium,
1747 5002 1974 5042 consue-

387 5076 627 5131 tudinem
658 5091 769 5130 suac
800 5075 1074 5143 Ecclesia,
1100 5076 1192 5131 ubi
1221 5080 1301 5131 vel
1328 5087 1482 5131 natus
1505 5077 1585 5132 vel
1614 5080 1897 5144 enutritus,
1919 5080 1971 5134 in

384 5170 501 5224 aliis
542 5167 802 5223 Ecclesiis
846 5182 1120 5237 quaerere;
1153 5177 1205 5223 et
1233 5170 1277 5223 si
1309 5168 1543 5239 aliquam
1592 5168 1976 5224 dissonantiam

390 5260 800 5315 consuetudinis
827 5258 1043 5325 viderit,
1076 5261 1275 5330 patitur
1304 5273 1528 5331 repente
1574 5261 1884 5317 scandalum
1914 5262 1978 5316 ﬁ-

386 5355 493 5410 dei.
520 5354 600 5409 Tu
641 5368 792 5418 vero,
828 5353 912 5408 vir
939 5353 1176 5422 sapiens,
1212 5355 1471 5411 Ecclesia:
1502 5355 1567 5411 ad
1596 5371 1752 5427 quam
1787 5370 1977 5425 perve-

390 5450 536 5506 neris
566 5450 609 5504 si
642 5448 908 5520 approbas
938 5447 1131 5516 ﬁdem,
1167 5463 1394 5520 sequere
1422 5450 1599 5503 statim
1632 5449 1978 5505 consuetudi-

392 5563 538 5612 nem,
562 5560 661 5601 nec
692 5560 921 5616 usurpes
957 5543 1190 5614 aliquam
1227 5545 1367 5600 sacri
1396 5546 1525 5600 ritus
1558 5545 1735 5600 facere
1772 5545 1977 5600 novita—

394 5647 523 5693 tem.
560 5637 615 5692 Si
645 5640 786 5693 enim
820 5646 871 5693 te
900 5637 1225 5691 scandalizat
1254 5646 1457 5692 mutata
1497 5636 1851 5702 consuetudo,
1888 5652 1984 5707 po-

394 5739 500 5786 test
527 5729 771 5785 similiter
798 5730 1051 5799 populum
1082 5729 1467 5795 scandalizare,
1487 5730 1638 5799 cujus
1655 5728 1983 5783 voluntatem

394 5823 499 5881 sibi
527 5822 633 5878 dus
662 5824 895 5892 optimus
915 5824 995 5920 .in
1046 5825 1204 5880 rebus
1243 5824 1401 5880 bonis
1440 5838 1656 5895 semper
1694 5822 1985 5877 conciliare

400 5918 617 5980 festinat
657 5940 671 5978 :
711 5918 1001 5993 apostolica
1032 5921 1193 5979 verba
1223 5921 1553 5993 frequentius
1599 5918 1866 5988 recolens,
1891 5918 1985 5975 ubi

2081 4820 2201 4877 tos;
2238 4810 2347 4865 noli
2379 4823 2501 4864 esse
2532 4807 2758 4863 multum
2796 4806 3004 4876 justus,
3035 4813 3091 4859 ut
3130 4805 3423 4861 censoleris
3453 4804 3673 4873 pusilla-

2083 4904 2276 4968 nimes,
2301 4912 2360 4955 ut
2382 4900 2643 4968 suscipias
2669 4896 2932 4963 inﬁrmos,
2954 4906 3005 4951 et
3031 4898 3239 4966 patiens
3269 4896 3342 4950 sis
3366 4894 3434 4950 ad
3458 4909 3672 4952 omnes.

2083 4973 2379 5062 Considera
2408 4994 2604 5062 quibus
2638 4993 2893 5059 imperes,
2918 4996 2971 5044 et
3006 5003 3164 5057 quam
3205 4988 3337 5041 dura
3383 4986 3543 5040 corda
3574 4984 3674 5042 ﬁe-

2083 5096 2227 5142 ctere
2259 5059 2475 5151 cupias;
2507 5092 2563 5136 ttt
2598 5081 2761 5136 modo
2786 5078 3064 5142 minando,
3087 5078 3247 5132 ntodo
3280 5076 3542 5142 feriendo,
3562 5091 3677 5130 mo-

2084 5176 2155 5232 do
2186 5175 2391 5229 veniam
2436 5171 2747 5244 largiendo,
2787 5169 3095 5225 nullatenus
3137 5166 3350 5236 quidem
3398 5180 3677 5221 remanere

2086 5267 2344 5338 impunita
2397 5266 2625 5320 militum
2675 5271 2896 5334 peccata
2941 5258 3219 5324 dimittas,
3272 5272 3445 5328 neque
3494 5266 3673 5314 tamen

2086 5374 2301 5431 semper
2329 5357 2641 5413 excessibus
2684 5368 2872 5409 eorum
2913 5350 3176 5420 supplicia
3213 5350 3474 5421 condigna
3520 5351 3679 5407 retri-

2086 5456 2236 5523 buas,
2270 5454 2456 5508 dicens
2495 5451 2587 5505 tibi
2633 5448 2737 5518 ipsi
2787 5464 2800 5499 :
2846 5444 2975 5499 Noli
3004 5460 3111 5498 esse
3140 5444 3358 5498 multum
3397 5447 3593 5516 justus.
3635 5444 3678 5500 Ο

2087 5557 2301 5619 quanta,
2330 5545 2436 5599 dux
2462 5538 2881 5610 sapientissime,
2905 5536 3287 5591 dissimulanda
3316 5544 3456 5604 sunt,
3483 5547 3676 5609 quanta

2087 5638 2380 5707 toleranda,
2403 5642 2597 5704 quanta
2629 5632 2819 5687 leviter
2846 5628 3171 5699 attingenda,
3199 5637 3398 5697 quanta
3429 5628 3678 5683 sacerdo-

2088 5740 2199 5786 tum
2230 5740 2440 5797 quoque
2472 5720 2952 5779 intercessionibus
2981 5718 3347 5784 concedenda,
3376 5718 3443 5777 ab
3472 5718 3563 5773 illo
3589 5718 3679 5787 qui

2088 5822 2357 5891 sapienter
2389 5815 2535 5871 audit
2562 5832 2574 5867 :
2609 5812 2738 5867 Noli
2764 5829 2872 5869 esse
2903 5810 3120 5865 multum
3149 5810 3359 5882 justus!
3391 5809 3549 5865 Potes
3577 5808 3677 5864 alia

2088 5926 2249 5986 atque
2281 5912 2380 5969 alia
2412 5910 2602 5968 tacitus
2632 5907 2971 5967 considerare
3005 5904 3257 5963 vitiorum
3302 5919 3531 5976 genera,
3562 5904 3677 5977 qui-
