4078 6440
366 404 471 470 ΜῚ

1272 409 1639 470 FULGENTII
1680 407 2033 466 FERRANDI
2075 407 2348 465 DlACONl
2389 409 2737 467 CARTHAG.

3546 409 3662 465 948

364 531 466 588 bus
491 533 746 588 sanandis
770 518 1063 588 remedium
1091 526 1258 585 voluit
1287 527 1585 598 praevidere
1610 538 1634 564 ἰ
1657 528 1747 598 qui
1770 526 1950 581 dixit:
1985 524 2038 587 Α
2062 526 2145 579 nis
2185 525 2407 581 crimine
2453 525 2595 580 nulla
2645 523 2971 579 matrimonii
3015 521 3290 580 dividendi
3330 538 3492 579 causa
3536 541 3667 592 per-

363 623 493 680 Noh'
520 638 627 680 esse
649 625 872 679 multum
890 626 1090 696 justus.
1119 622 1262 679 Inter
1291 622 1393 677 alia
1425 620 1642 691 quippe,
1668 619 1954 676 detractio-

362 710 446 774 nis
473 718 791 775 abscondlto
816 718 994 789 jaCulo
1028 718 1298 774 neminem
1331 715 1749 783 vulnerabimus,
1773 730 1873 769 nec
1900 713 1953 769 itt

361 813 600 871 moribus
632 813 773 872 bene
802 815 1102 872 viventium
1137 812 1419 869 sollicitius
1451 810 1780 878 inquiremus
1816 805 1957 861 unde

360 906 665 976 culpentur,
692 906 738 963 si
770 907 1017 978 loquatur
1052 904 1337 973 unicuique
1379 909 1619 956 nostrum
1660 914 1753 968 per
1783 896 1955 967 Spiri-

360 1005 471 1051 tunt
502 1007 746 1054 sanctum
783 998 955 1054 ﬁdelis
978 988 1255 1066 Scriptura
1291 1012 1304 1049 :
1338 991 1464 1049 Noli
1490 1009 1594 1047 esse
1624 992 1846 1045 multant
1865 992 1958 1063 ju-

362 1097 485 1143 stus.
517 1089 653 1158 Quia
688 1091 870 1160 utique
896 1090 1124 1145 multum
1152 1089 1330 1158 justus
1361 1102 1482 1141 esse
1510 1085 1846 1155 culpabiliter
1878 1084 1959 1139 ni-

362 1184 508 1249 titur,
532 1184 621 1254 qui
653 1200 746 1253 per
772 1199 988 1239 omnem
1014 1183 1273 1253 justitiam
1312 1180 1540 1251 proximi
1584 1180 1855 1235 examinat
1880 1179 1959 1233 vi-

363 1284 491 1339 tam,
533 1274 836 1347 fragilitatis
878 1276 1126 1331 humana:
1165 1274 1595 1331 consideratione
1627 1273 1957 1342 postposita;

365 1376 620 1437 tanquam
651 1371 770 1425 sine
800 1376 1021 1440 peccato
1052 1369 1227 1425 valeat
1263 1370 1446 1423 vivere
1490 1365 1731 1437 quisquis
1778 1365 1962 1434 incipit

366 1469 582 1529 peccata
626 1462 826 1529 vitare;
876 1462 1171 1532 praesertim
1219 1461 1420 1518 Jacobo
1469 1460 1715 1531 apostolo
1766 1459 1962 1513 contir-

364 1560 578 1609 mante:
606 1550 673 1606 In
703 1554 879 1608 multis
908 1554 1041 1607 enim
1068 1553 1378 1622 offendimus
1406 1568 1577 1604 omnes
1600 1548 1738 1621 (Jac.
1762 1565 1840 1615 nt,
1865 1547 1921 1620 2)
1945 1567 1959 1615 ;

366 1642 505 1696 unde
535 1655 640 1697 non
683 1643 954 1700 immerito
991 1650 1273 1700 revocatur
1303 1642 1567 1711 superbus
1597 1642 1868 1697 detractor
1896 1642 1963 1695 ab

367 1733 596 1790 elatione
612 1735 912 1805 judicandi,
935 1752 1055 1792 cum
1085 1737 1281 1791 dicitur
1311 1736 1361 1791 ei
1394 1755 1408 1791 :
1446 1735 1572 1789 Noli
1606 1751 1711 1789 esse
1746 1734 1964 1788 multum

367 1830 561 1894 justus;
609 1841 664 1883 ut
714 1828 943 1885 libenter
986 1830 1208 1899 impleat
1249 1828 1390 1898 quod
1434 1822 1540 1887 Vas
1586 1827 1865 1883 electionis
1909 1832 1965 1882 et

368 1920 560 1974 doctor
598 1921 836 1992 gentium
884 1922 1121 1993 loquitur
1164 1920 1359 1974 Paulus
1405 1938 1417 1972 :

370 2015 525 2083 fuerit
556 2014 706 2068 homo
752 2016 808 2069 in
843 2018 1016 2086 aliquo
1057 2016 1263 2081 delicto,
1292 2030 1378 2069 vos
1418 2017 1505 2086 qui
1543 2016 1799 2084 spiritales
1828 2017 1967 2079 estis,

370 2103 615 2159 instruite
642 2106 940 2176 hujusmodi
964 2108 1017 2159 in
1045 2107 1230 2174 spiritu
1256 2108 1695 2171 mansuetudinis;
1731 2108 1969 2161 conside-

372 2212 496 2250 rans
521 2206 571 2251 te
597 2199 873 2267 ipsum,~ne
894 2207 939 2252 et
961 2206 1016 2253 tu
1040 2200 1245 2253 tenteris
1269 2197 1414 2268 (Gal.
1438 2214 1512 2265 Vl,
1538 2198 1615 2270 l).
1642 2200 1753 2255 Hoc
1773 2210 1854 2255 est
1875 2201 1972 2253 ita-

374 2304 478 2356 que
510 2305 525 2344 :
558 2287 688 2344 Noli
716 2306 824 2344 esse
845 2291 1065 2345 multum
1085 2291 1282 2360 justus,
1302 2291 1443 2360 quod
1474 2298 1591 2347 est:
1620 2290 1899 2345 Considera
1926 2300 1974 2346 te

378 2380 567 2449 ipsum,
592 2396 655 2435 ne
682 2393 727 2435 et
756 2394 810 2435 tu
838 2384 1069 2440 tenteris.
1092 2382 1359 2439 Caeterum
1391 2386 1479 2455 qui
1511 2387 1587 2440 sic
1615 2385 1969 2455 delinquenti-

382 2473 482 2529 bus
524 2472 794 2539 irascitur,
819 2475 972 2545 quasi
1014 2476 1131 2547 ipse
1175 2476 1496 2532 delictorum
1529 2479 1741 2547 penitus
1780 2492 1973 2546 expers

373 2563 654 2633 habeatur,
678 2567 938 2622 continuo
963 2566 1014 2622 in
1046 2566 1360 2622 barathrum
1392 2568 1723 2623 crudelitatis
1749 2569 1971 2623 misera-

374 2655 549 2717 biliter
582 2660 745 2716 cadit.
773 2661 838 2716 Et
865 2661 1133 2716 clamante
1171 2670 1470 2716 memorato
1499 2660 1744 2729 apostolo
1777 2677 1792 2716 :
1829 2660 1973 2716 Alter

375 2752 588 2807 alterius
608 2766 768 2807 onera
792 2763 1014 2824 portate,
1039 2761 1086 2807 et
1107 2753 1179 2807 sic
1201 2751 1545 2823 adimplebitis
1567 2753 1726 2823 legem
1747 2750 1972 2819 Christi;

374 2846 569 2901 nullius
598 2860 735 2901 onus
774 2857 992 2917 portans
1020 2853 1116 2916 per
1148 2846 1492 2915 patientiam,
1522 2844 1579 2899 lit
1612 2844 1971 2914 importabilis

375 2938 641 3003 omnibus,
672 2939 1035 3009 paulatimque
1072 2938 1200 2994 odio
1230 2948 1503 2994 crescente
1540 2938 1852 3002 multorum,
1882 2939 1968 3006 ja-

376 3044 538 3084 nuam
570 3029 818 3099 primitus
857 3030 1242 3095 seditionibus,
1279 3029 1474 3085 deinde
1518 3030 1744 3099 publicis
1787 3029 1971 3099 aperit

379 3121 613 3193 proeliis;
638 3120 903 3192 cupiendo
924 3137 1045 3178 esse
1072 3122 1297 3177 multum
1323 3122 1525 3193 justus,
1546 3136 1676 3178 vere
1702 3121 1873 3177 factus
1894 3122 1976 3176 in-

377 3214 567 3284 iustus,
592 3223 647 3269 et
676 3215 894 3272 nomine
923 3224 1015 3271 aut
1035 3217 1216 3272 ollleio
1242 3218 1393 3273 ducis
1419 3217 1691 3291 indignus.
1717 3218 1977 3273 Necessa-

2059 617 2304 673 mittitur.
2339 616 2619 673 Pruhibuit
2649 617 2729 673 lex
2773 615 2969 671 falsum
3008 615 3227 687 jarare;
3270 616 3433 688 jussit
3478 617 3668 673 Evan-

2058 709 2251 778 gelium
2306 711 2516 779 penitus
2570 724 2675 765 non
2723 708 2932 779 jurare.
2995 707 3252 763 Vindicta:
3301 710 3521 764 modum
3559 710 3656 767 lex

2059 810 2320 871 statuens,
2372 803 2508 858 dixit
2552 804 2820 872 antiquis:
2884 802 3105 857 Oculum
3134 819 3230 874 pro
3258 802 3429 867 oculo,
3457 804 3668 858 dentem

2061 909 2155 962 pro
2201 892 2523 966 dente(Lev.
2570 910 2702 961 xxn,
2724 892 2867 964 20);
2898 892 3190 964 discipulos
3226 910 3353 951 vero
3384 895 3669 966 Evangelii

2062 985 2260 1040 nullam
2310 986 2479 1040 voluit
2530 983 2778 1042 Christus
2834 997 3146 1057 exspectare
3197 986 3508 1053 vindictam,
3563 988 3669 1043 sed

2066 1092 2373 1147 percussum
2427 1078 2596 1134 semel
2646 1078 2962 1150 percutienti
2992 1081 3200 1136 monuit
3252 1082 3477 1137 alteram
3523 1098 3669 1152 prae

2062 1170 2192 1226 bere
2240 1171 2534 1226 maxillam.
2579 1170 2721 1225 Mille
2773 1187 2961 1242 passus
2987 1174 3321 1243 angariatum
3349 1174 3459 1229 duo
3491 1175 3665 1230 millia

2065 1262 2338 1320 ambulare
2363 1265 2639 1334 prmcepit,
2670 1264 2998 1320 interdicens
3030 1265 3354 1321 omnimodis
3378 1268 3662 1325 talionem.

2067 1356 2172 1411 Lex
2224 1357 2453 1411 inimicis
2509 1358 2691 1412 odium
2743 1358 2967 1413 retribui
3008 1362 3274 1429 permisit,
3312 1360 3666 1417 dilectionem

2065 1464 2193 1505 vero
2211 1452 2396 1505 amicis
2428 1451 2680 1515 indulsit;
2702 1450 2975 1522 Evangelii
2998 1467 3126 1507 vero
3159 1467 3309 1508 sacra
3332 1456 3623 1523 praeceptio
3650 1470 3668 1508 :

2066 1540 2301 1614 Diligitc,
2347 1543 2537 1611 inquit,
2593 1544 2825 1599 inimicos
2873 1557 3100 1614 vestros;
3134 1546 3415 1619 benefacite
3460 1549 3666 1620 bisqui

2065 1635 2279 1690 oderunt
2303 1651 2427 1702 vos;
2462 1646 2508 1690 et
2538 1647 2679 1691 orate
2714 1653 2806 1706 pro
2834 1640 3245 1710 persequentibus
3273 1649 3320 1694 et
3345 1640 3674 1695 calumnian-

2069 1731 2199 1785 tibus
2251 1749 2333 1787 ros
2383 1730 2610 1804 (Matth.
2644 1749 2697 1801 v,
2740 1734 2864 1807 44).
2912 1734 3153 1807 Cumque
3201 1736 3284 1792 his
3318 1739 3673 1808 amplioribus

2067 1825 2357 1881 virtutibus
2404 1824 2677 1882 excellere
2717 1828 2820 1900 legi
2850 1827 3195 1901 Evangelium
3222 1830 3672 1899 demonstrasset,

1470 1918 1529 1975 Si
1578 1932 1965 1988 prazoccupotus
1996 1908 2045 1977 B
2070 1932 2099 1972 a
2134 1924 2272 1972 Vana
2315 1918 2480 1988 gloria
2514 1914 2877 1973 Christianum
2911 1921 3197 1987 revocavit,
3240 1931 3293 1976 et
3338 1922 3405 1976 ad
3450 1925 3671 1978 miseri-

2074 2011 2312 2066 cordiam
2343 2011 2424 2066 cui
2457 2012 2601 2066 solus
2634 2010 2774 2067 Deus
2801 2012 2953 2067 testis
2982 2024 3064 2066 est
3095 2016 3429 2083 provocavit.
3450 2016 3674 2072 Oration-

2075 2105 2159 2158 nis
2212 2120 2426 2174 quoque
2459 2106 2693 2176 regulam
2720 2104 2880 2160 simul
2904 2114 2961 2162 et
2987 2109 3146 2162 verba
3187 2108 3532 2165 credentibus
3558 2121 3674 2165 tra-

2075 2195 2228 2263 dens,
2282 2196 2383 2252 hac
2417 2199 2725 2253 conditione
2767 2198 3081 2253 constrinxit
3108 2207 3341 2261 orantes,
3365 2211 3423 2255 ut
3445 2204 3672 2271 quicun-

2081 2305 2185 2360 que
2214 2290 2443 2358 postulat
2485 2291 2585 2345 sibi
2622 2291 2832 2361 propria
2864 2291 3042 2345 debita
3080 2290 3331 2358 relaxari,
3356 2295 3674 2362 profiteatur

2075 2398 2135 2439 se
2178 2384 2352 2439 aliena
2382 2385 2617 2440 donare:
2662 2385 2791 2439 nihil
2818 2396 3137 2453 accepturus
3163 2400 3192 2438 a
3229 2386 3470 2452 Domino,
3501 2388 3669 2463 silui-

2080 2476 2157 2531 hil
2190 2477 2420 2532 voluerit
2462 2487 2717 2547 prmstare
2760 2492 3037 2532 conservo.
3080 2477 3213 2545 Quia
3239 2486 3293 2532 et
3316 2464 3674 2563 jejuui‘th-i-

2077 2571 2235 2624 stiani
2273 2570 2590 2640 simplicitas
2625 2568 2827 2641 justum
2862 2570 3097 2639 judicent
3128 2571 3328 2639 placat;
3351 2578 3410 2625 et
3438 2567 3677 2656 litigen-

2076 2676 2298 2732 gt'egare
2346 2662 2579 2728 divitias,
2634 2663 2720 2717 ubi
2772 2676 2865 2717 cor
2918 2660 3116 2717 habere
3168 2662 3405 2730 jubetur,
3452 2665 3503 2716 in
3522 2662 3673 2751 £0310

2079 2754 2292 2809 scilicet
2321 2753 2411 2809 ubi
2446 2752 2688 2809 habitare
2732 2752 2969 2819 festinat,
3014 2768 3117 2807 non
3151 2755 3203 2807 in
3240 2763 3380 2809 terra
3411 2754 3553 2807 unde
3576 2769 3672 2822 per

2079 2844 2322 2914 singulos
2352 2844 2468 2900 dies
2511 2846 2735 2913 migrat:
2770 2858 3117 2899 remansurus
3154 2844 3471 2900 intenebris
3504 2854 3670 2913 totus,

2079 2937 2182 2992 nisi
2216 2940 2412 2994 mentis
2452 2938 2569 3009 ejus
2611 2937 2853 3006 intentio,
2898 2945 3147 3007 tanquam
3186 2938 3369 2994 oculus
3394 2941 3661 3008 corporis,

2080 3032 2147 3087 ad
2178 3032 2525 3088 illuminanda
2552 3031 2812 3088 bonorum
2846 3046 3067 3101 operum
3097 3033 3336 3088 membra
3356 3032 3672 3103 simpliciter

2081 3125 2276 3180 luceat.
2309 3124 2426 3180 lant
2474 3140 2605 3180 vero
2634 3122 2773 3194 quod
2803 3139 2908 3179 non
2954 3124 3159 3179 servire
3189 3125 3397 3181 duobus
3434 3125 3671 3182 domin‘s

2082 3218 2428 3283 admonetur,
2457 3222 2603 3286 quod
2622 3216 2689 3271 de
2720 3217 2955 3271 crastino
2980 3232 3084 3272 non
3117 3216 3375 3286 cogitare,
3403 3218 3543 3286 quod
3565 3233 3671 3274 non

378 3309 517 3364 rium
546 3310 771 3379 proinde
801 3325 1132 3376 sermonem,
1158 3311 1262 3364 dux
1291 3311 1513 3380 Optime,
1539 3312 1735 3381 sacpius
1766 3321 1971 3382 repeto,
2004 3309 2051 3372 C
2079 3311 2342 3380 judicare,
2394 3324 2461 3365 ne
2491 3309 2792 3378 judicetur;
2830 3307 2972 3378 quod
3017 3308 3071 3363 in
3112 3309 3269 3363 oculo
3304 3310 3483 3364 fratris
3504 3311 3675 3379 stipu-

379 3408 433 3455 et
460 3400 601 3458 hanc
642 3400 736 3456 tibi
775 3410 980 3458 sextam
1021 3402 1259 3473 regulam
1299 3402 1622 3458 innocentia).
1653 3402 1975 3459 militaribus

379 3493 587 3548 actibus
634 3504 896 3564 occupato
936 3492 1287 3549 vehementer
1329 3493 1537 3547 inculco
1603 3508 1619 3547 :
1684 3490 1811 3547 Noli
1873 3509 1979 3549 esse

382 3586 595 3642 nultum
619 3589 807 3654 iustus.
829 3585 1004 3641 Pietas
1027 3586 1095 3639 ad
1116 3586 1289 3639 omnia
1317 3584 1457 3639 utilis
1480 3594 1552 3638 est
1578 3584 1627 3656 (ι
1648 3583 1777 3638 Tim.
1793 3601 1866 3654 tv,
1883 3586 1972 3657 8);

383 3694 485 3737 non
512 3695 635 3753 ego,
660 3681 753 3737 sed
778 3679 924 3736 idem
956 3679 1329 3735 sanctissimus
1362 3678 1557 3734 Paulus
1588 3686 1794 3734 narrat.
1828 3678 1979 3734 Licet

378 3772 584 3843 iustitia
628 3771 783 3829 faciat
821 3772 1013 3827 ducem
1052 3770 1372 3837 terribilem,
1407 3772 1574 3840 pietas
1615 3770 1743 3825 facit
1774 3771 1981 3828 amabi-

381 3866 505 3922 lem.
539 3863 925 3921 Gubernationi
955 3874 1133 3918 autem
1164 3861 1499 3932 reipublicae,
1530 3862 1805 3918 securitati
1839 3862 1981 3917 salu-

382 3960 484 4024 tis,
528 3959 670 4013 bono
717 3957 1020 4012 concordia:
1069 3957 1190 4027 plus
1234 3956 1579 4025 prospicitur,
1618 3956 1832 4026 quando
1872 3954 1981 4009 dux

384 4053 621 4121 optimus
650 4052 816 4107 amari
842 4051 1019 4123 eligit,
1056 4064 1164 4105 non
1196 4048 1403 4105 timeri.
1438 4048 1555 4103 Dux
1582 4047 1825 4102 amabilis
1864 4063 1980 4102 mu-

386 4160 484 4202 rus
508 4154 591 4200 est
620 4145 821 4214 patria.
848 4142 947 4211 Qui
973 4156 1101 4197 vero
1130 4141 1185 4197 in
1210 4141 1355 4196 omni
1386 4148 1647 4209 tempore,
1674 4138 1983 4194 continuato

390 4238 577 4311 vigore
602 4237 920 4293 metuendus
945 4243 1189 4304 apparet,
1215 4245 1404 4288 omnes
1432 4229 1677 4286 subditos
1701 4229 1867 4284 eflicit
1898 4230 1982 4283 in-

389 4335 607 4401 fidcles;
653 4332 810 4387 facile
855 4332 1013 4386 timet
1061 4328 1441 4399 proditionem,
1476 4325 1685 4380 facilius
1725 4324 1923 4394 patitur
1965 4337 1982 4377 :

392 4438 682 4486 extraneas
708 4424 839 4479 vivit
866 4424 1006 4478 inter
1036 4432 1192 4488 suos;
1232 4428 1437 4474 tantum
1480 4430 1755 4489 postremo
1802 4416 1980 4482 timet,

397 4529 655 4593 quantum
694 4520 945 4582 timetur;
981 4524 1037 4570 et
1074 4514 1177 4568 hoc
1207 4511 1532 4567 infelicitatis
1572 4507 1787 4580 ﬂagello
1816 4506 1990 4562 nulla-

393 4622 549 4670 tenus
575 4619 741 4675 caret,
770 4605 1116 4672 nisi,cunctis
1144 4610 1453 4658 mansuetus
1473 4610 1528 4656 et
1549 4600 1719 4656 comis
1740 4597 1984 4664 eﬂ‘ectus,

2080 3404 2185 3459 lam
2208 3403 2408 3467 videre,
2444 3404 2494 3456 in
2522 3416 2622 3457 suo
2670 3402 2874 3456 trabem
2930 3414 3033 3455 non
3082 3402 3266 3461 videre
3312 3404 3674 3472 culpatur;et

2084 3496 2378 3564 imperatur
2405 3494 2456 3550 ei
2504 3510 2571 3549 ne
2603 3503 2841 3548 sanctum
2873 3493 3095 3548 canibus
3124 3494 3233 3562 det,
3266 3509 3335 3549 ne
3355 3495 3674 3566 margaritas

2082 3585 2296 3641 mittere
2334 3585 2527 3641 audeat
2561 3596 2687 3640 ante
2720 3599 2946 3654 porcos;
2998 3586 3261 3654 petiturus
3316 3595 3375 3640 ut
3418 3589 3669 3657 accipiat,

2082 3678 2405 3750 quaesiturus
2454 3688 2512 3732 ut
2555 3676 2809 3740 inveniat,
2864 3676 3169 3745 pulsaturus
3209 3684 3265 3730 ut
3290 3676 3561 3745 aperiatur
3590 3680 3669 3731 ei:

2083 3772 2266 3828 multis
2313 3770 2487 3827 modis
2526 3777 2583 3825 et
2631 3769 2925 3825 rationibus
2980 3769 3381 3825 demonstratur
3418 3780 3671 3839 quantunt

2085 3866 2278 3921 debeat
2300 3863 2580 3919 laudabilis
2613 3863 2870 3935 propositi
2893 3877 3073 3918 curam
3105 3879 3291 3934 gerere
3316 3864 3669 3931 Christianus,

2085 3975 2154 4015 ne
2184 3959 2238 4013 in
2268 3973 2333 4013 eo
2365 3957 2497 4012 tanti
2534 3956 2777 4012 vocabuli
2800 3956 3031 4026 dignitas
3062 3957 3300 4011 videatur
3328 3971 3533 4013 errare.

2155 4051 2246 4106 20.
2312 4051 2601 4119 Pr0pterea
2661 4058 2719 4103 ut
2743 4064 2836 4117 per
2891 4048 3095 4116 singula
3141 4063 3262 4118 qua:
3317 4048 3561 4116 superius
3607 4063 3674 4104 ex

2088 4142 2385 4211 Evangelia
2432 4142 2759 4197 inscruimus
2795 4147 3038 4195 recurrat
3077 4141 3323 4208 intentio,
3374 4141 3585 4210 quando
3623 4149 3676 4197 te

2088 4246 2327 4309 potestas
2374 4237 2527 4293 ducis
2574 4236 2769 4306 ejicere
2799 4235 3030 4305 gladium
3059 4234 3127 4290 de
3152 4234 3339 4303 vagina
3381 4235 3673 4304 compellit,

2089 4342 2363 4390 memento
2390 4343 2441 4389 te
2481 4348 2601 4388 esse
2630 4330 3015 4396 Christianum,
3061 4331 3145 4384 cui
3172 4330 3288 4383 sine
3331 4344 3492 4385 causa
3531 4330 3678 4384 fratri

2090 4441 2189 4484 suo
2233 4426 2392 4482 irasci
2444 4441 2550 4481 non
2589 4428 2746 4491 licet;
2795 4434 2847 4478 et
2891 4421 3089 4478 diutius
3120 4422 3314 4493 cogita.
3347 4438 3415 4477 ne
3449 4420 3679 4479 vindicta

2092 4534 2249 4589 quam
2298 4518 2502 4573 videris
2533 4518 2735 4573 inferre
2761 4518 2960 4587 justum
2996 4524 3235 4570 transeat
3260 4514 3500 4570 modum.
3532 4516 3679 4583 Quo-

2092 4611 2234 4665 niam
2265 4611 2310 4665 si
2339 4610 2495 4665 irasci
2552 4608 2704 4665 nefas
2734 4620 2817 4664 est
2844 4607 3171 4674 Christiano,
3202 4606 3370 4660 multo
3401 4606 3568 4676 magis
3592 4620 3682 4661 oc-

392 4705 643 4763 d'ldicel'il
690 4702 788 4756 Sibi
831 4699 1045 4770 (111³Μο
1075 4697 1302 4753 alierum
1334 4695 1538 4766 Ῐυάίθδι
1563 4694 1744 4749 dicere
1797 4708 1811 4746 ³
1862 4691 1989 4747 Νοίί
2013 4700 2072 4767 D
2095 4704 2294 4760 cidere.
2326 4702 2415 4760 Sic
2441 4720 2569 4775 ergo
2596 4702 2719 4773 puni
2744 4717 2917 4769 reum,
2943 4702 3049 4756 dux
3090 4697 3410 4764 Christiane,
3442 4709 3501 4754 ut
3528 4700 3684 4754 mise-

392 4812 504 4855 ατε
519 4794 692 4869 justus
718 4792 954 4847 multum.

580 4899 788 4949 Simus
809 4910 1014 4947 amnes.
1043 4891 1281 4946 Memento
1304 4897 1350 4944 te
1371 4905 1473 4945 esse
1493 4889 1834 4944 Christianum.

471 5006 561 5064 19.
582 5006 850 5063 Memento
876 5016 927 5062 te
948 5020 1071 5062 esse
1096 5002 1482 5067 Christianum,
1499 5015 1609 5073 quo
1634 4998 1843 5056 facilius
1868 5013 1989 5070 pos-

395 5102 475 5160 sls
504 5112 768 5174 prrccepta
795 5099 992 5156 Christi
1029 5114 1269 5156 servare.
1294 5096 1540 5153 Christus
1568 5096 1712 5153 enim
1745 5108 1992 5150 mansue-

396 5196 640 5254 tudinem
680 5196 901 5263 docens,
929 5196 1063 5268 legis
1099 5209 1315 5267 quoque
1344 5193 1602 5263 justitiam
1645 5188 1991 5261 temperavit;

402 5290 505 5345 hac
544 5289 886 5345 distinctione
935 5288 1109 5361 legem
1167 5284 1620 5357 Evangeliumque
1659 5282 1993 5338 discernens.

2096 4797 2380 4854 ricorditer
2413 4797 2628 4860 feriens,
2651 4812 2754 4851 non
2782 4796 3075 4859 hominem,
3118 4794 3213 4851 sed
3247 4794 3435 4848 vitium
3456 4793 3685 4863 perdere

2096 4895 2312 4966 cupias;
2342 4904 2397 4950 et
2430 4891 2694 4963 publicam
2725 4889 3082 4960 disciplinam,
3107 4904 3175 4944 ne
3207 4897 3411 4957 pereat,
3446 4903 3540 4943 reo
3561 4902 3683 4958 per-

2099 4999 2282 5054 eunte,
2313 5000 2634 5042 conservare
2666 4983 2902 5040 festines.
2944 4982 3154 5052 Ubique
3182 4982 3304 5037 lldei
3336 4990 3439 5036 tua:
3455 4996 3684 5045 memor,

2099 5081 2236 5137 sicut
2265 5081 2320 5135 in
2356 5078 2681 5133 facinoribus
2722 5076 3002 5141 evitandis,
3049 5076 3118 5131 ita
3169 5076 3223 5129 in
3263 5074 3476 5144 ﬂagitiis
3521 5073 3687 5128 corri-

2103 5173 2311 5245 gendis.
2341 5172 2488 5228 Solet
2526 5170 2724 5241 quippe
2753 5170 2986 5224 maxima
3032 5178 3269 5238 potestas
3309 5167 3376 5223 ad
3420 5181 3606 5237 pmnas
3630 5182 3689 5224 se

2106 5267 2289 5322 laxare
2333 5266 2561 5338 peccati,
2609 5263 2819 5336 quoties
2853 5263 2987 5318 falsa
3030 5262 3255 5317 felicitas
3293 5264 3405 5331 ipsa
3443 5263 3497 5316 lit
3522 5262 3693 5331 major

2109 5358 2428 5425 infelicitas;
2473 5366 2533 5413 ut
2582 5358 2701 5428 quia
2753 5356 3038 5427 prohibere
3084 5367 3243 5410 nemo
3285 5353 3446 5408 audet
3490 5352 3695 5411 scelera

407 5381 477 5435 Et
505 5381 629 5449 quia
657 5381 711 5434 in
739 5379 860 5451 lege
890 5394 995 5434 non
1028 5376 1219 5435 licebat
1261 5375 1531 5441 occidere,
1567 5389 1675 5429 tten
1718 5371 1900 5427 licebit
1942 5370 1999 5425 in

410 5470 704 5540 Evangelia
751 5472 832 5526 vel
874 5471 1057 5527 irasci.
1100 5471 1155 5526 In
1215 5471 1333 5539 lege
1390 5482 1623 5538 namque
1678 5465 1998 5521 adulterium

410 5563 738 5629 vetabatur;
788 5565 842 5618 in
901 5563 1231 5633 Evangelio,
1279 5562 1441 5617 etiam
1502 5558 1687 5615 videre
1747 5556 1815 5612 ad
1872 5570 2004 5610 con-

405 5654 794 5732 cupisocndum
839 5656 1116 5710 mulierem
1166 5669 1292 5724 pars
1334 5667 1456 5709 esse
1507 5650 1797 5722 perpetrati
1847 5646 2001 5703 adul-

410 5751 534 5808 terii
575 5748 862 5820 judicatur.
894 5747 953 5803 ln
980 5747 1095 5818 lege
1119 5745 1332 5802 libellus
1378 5743 1583 5813 repudii
1611 5743 1912 5799 sufﬁciebat
1937 5736 2003 5793 ad

416 5846 678 5916 eonjuges
713 5839 1069 5912 separandos;
1102 5841 1155 5896 in
1197 5837 1509 5908 Evangelio,
1538 5836 1653 5894 sine
1697 5833 2007 5893 fornicatio-

2107 5451 2552 5516 committcntetn,
2572 5460 2666 5505 aut
2692 5448 2854 5504 libeat
2878 5446 3021 5518 quod
3046 5447 3193 5509 licet,
3225 5455 3317 5501 aut
3353 5445 3515 5500 licere
3546 5447 3697 5513 pute-

2110 5554 2197 5602 tur
2225 5561 2387 5601 omne
2440 5544 2579 5615 quod
2612 5542 2759 5599 libet.
2807 5541 3025 5596 Talibus
3085 5540 3263 5609 itaque
3312 5534 3702 5593 tentatiouibus

2112 5637 2449 5710 pulsantibus
2501 5646 2761 5701 mentem,
2794 5632 3037 5704 quamvis
3084 5639 3332 5701 suppetat
3370 5626 3598 5695 honoris
3627 5628 3703 5683 di.

2112 5733 2306 5805 gnitas,
2340 5730 2701 5801 clientumque
2718 5742 3005 5785 numerosa
3037 5726 3272 5791 familia;
3299 5726 3551 5796 quamvis
3570 5723 3705 5779 forte

2113 5820 2357 5883 laudetur
2390 5831 2635 5887 peccator
2687 5822 2740 5880 itt
2784 5819 3069 5880 desideriis
3110 5811 3302 5876 annuae
3350 5832 3484 5882 sum.
3542 5826 3599 5872 et
3619 5814 3706 5886 qui

491 5990 522 6022 ι
545 5980 631 6039 An
656 5981 957 6053 providere?
982 5978 1089 6037 Sed
1118 5977 1250 6037 nihil
1280 5984 1453 6036 muto.
