4078 6440
324 346 429 407 949

1622 332 2001 393 BBEVIATIO
2035 334 2391 392 CANONUM.

3517 323 3630 382 950

322 469 505 540 iniqua
531 465 668 537 gerit
704 462 1078 531 benedicatur,
1122 458 1422 517 ascendens
1440 473 1603 527 super
1636 454 1917 526 Speculam
1945 456 2163 519 Asitan
2208 455 2520 527 reipublicae
2550 469 2742 527 magna
2770 451 3117 520 necessitate,
3138 458 3348 506 memor
3376 448 3485 504 oris
3517 447 3631 504 sai-

321 558 688 620 continentiaa,
713 562 983 611 memento
1013 565 1063 611 te
1090 569 1211 610 esse
1233 551 1619 609 Christianum.
1645 549 1780 605 Vide
1800 549 1925 620 quia

324 655 513 709 videre
546 652 618 706 ad
657 650 1146 720 ctmcupiscendum
1197 659 1327 716 pars
1358 654 1440 700 est
1478 644 1725 699 adulterii
1771 640 1927 698 Chri~

320 748 521 804 atinno.
550 742 697 799 Dicat
754 742 846 797 tibi
880 741 1066 796 beatus
1121 740 1439 810 Apostolus:
1486 735 1851 791 Fomicatores
1875 742 1927 790 et

320 840 591 897 adulteros
623 837 886 910 judicabit
936 835 1072 890 Deus
1116 834 1315 906 (Hebr.
1342 848 1456 899 xm,
1486 829 1570 902 4).
1621 830 1770 887 Dicat
1798 830 1922 897 Job,

325 933 588 1006 probatus
613 941 666 986 et
692 934 803 985 non
840 930 1184 1000 rep‘robatns:
1215 926 1301 981 Ira
1330 928 1463 982 enim
1490 942 1698 998 magna,
1718 935 1764 982 et
1793 926 1926 997 ignis

323 1028 553 1098 undique
598 1026 780 1082 ardens
824 1035 897 1080 est
927 1023 1067 1095 (Job.
1110 1022 1411 1093 xxxt,12),
1442 1022 1659 1077 alterius
1700 1035 1924 1077 uxorem

330 1120 738 1191 concupiscere.
789 1119 940 1174 Dicat
1012 1119 1203 1173 iterum
1272 1117 1643 1171 sanctissimus
1697 1114 1921 1169 Paulus:

328 1211 558 1268 Nescitis
585 1214 707 1283 quia
731 1227 947 1273 corpora
970 1217 1133 1265 vestra
1161 1210 1382 1263 membra
1412 1208 1603 1263 Christi
1624 1210 1777 1264 sunt?
1800 1207 1926 1262 Tol-

330 1309 444 1363 lens
492 1322 613 1378 ergo
660 1307 882 1361 membra
924 1301 1136 1370 Christi,
1184 1305 1371 1374 faciam
1424 1302 1647 1359 membra
1700 1302 1931 1357 meretri-

330 1400 485 1475 cis(l
519 1400 641 1459 Cor.
667 1417 738 1468 v1,
763 1401 907 1472 15)?
936 1400 1031 1456 His
1062 1401 1203 1456 enim
1227 1399 1447 1455 vocibus
1490 1396 1815 1461 admonitus,
1846 1411 1933 1454 re-

332 1495 451 1551 dire
475 1497 676 1565 poteris
699 1496 850 1552 facile
880 1510 910 1551 a
940 1496 1235 1566 przrcipitio
1250 1493 1559 1565 voluptatis.
1580 1492 1697 1548 Jatn
1719 1492 1931 1563 quoties

331 1603 431 1661 per
455 1589 879 1661 omnipotentem
916 1592 1083 1648 Deum
1107 1591 1278 1663 juras,
1310 1600 1534 1661 cogente
1559 1590 1626 1645 ad
1678 1589 1781 1646 hoc
1810 1588 1931 1646 ’1οτ-

2035 558 2144 605 tem
2192 566 2383 606 cavere
2411 550 2726 620 periurium,
2786 550 2829 605 si
2861 549 3080 603 minime
3124 541 3631 616 potueris‘eﬂ'ngere

2030 644 2420 718 juramentum.
2475 645 2741 701 Memento
2810 646 3007 716 itaque,
3062 652 3335 701 materno
3396 649 3451 697 te
3505 648 3632 696 esse

2035 739 2432 796 Christianum:
2467 741 2710 795 militiam
2761 738 2912 795 ducis
2943 738 3277 795 laudabiliter
3302 748 3517 809 gerens,
3566 748 3636 796 ut

2035 832 2405 901 heqnentibus
2436 832 2713 888 beneﬁciis
2738 834 2943 889 inuitos
2973 834 3065 889 tibi
3098 832 3262 890 facias
3288 832 3512 901 amicos,
3536 835 3637 889 citi

2035 923 2257 993 diligere
2308 925 2610 996 praecipitur
2652 924 2916 982 inimicos.
2965 925 3094 981 Plus
3120 936 3238 982 esto
3269 926 3443 982 bonus
3471 942 3638 997 quam

2035 1032 2284 1074 severus:
2310 1018 2434 1087 quia
2467 1020 2579 1074 haec
2595 1028 2678 1074 est
2706 1017 2856 1073 ducis
2873 1018 3059 1089 optimi
3080 1021 3196 1075 sola
3215 1020 3457 1090 perfecta
3490 1021 3633 1087 laus,

2034 1111 2281 1169 oblivisci
2317 1125 2546 1182 semper
2574 1110 2823 1182 injurias,
2854 1120 2913 1165 ut
2943 1126 3072 1166 vere
3101 1126 3195 1180 per
3226 1113 3363 1166 hanc
3391 1114 3636 1179 septima:

2033 1204 2248 1259 virtutis
2296 1203 2634 1271 industriam,
2677 1202 2805 1259 dum
2835 1218 3050 1274 semper
3079 1202 3174 1259 tibi
3228 1204 3345 1274 ipse
3387 1204 3631 1260 dixeris:

2035 1297 2304 1354 Memento
2353 1307 2405 1355 te
2436 1313 2556 1355 esse
2583 1298 2981 1366 Christianum,
3040 1299 3296 1354 merearis
3343 1306 3398 1354 et
3420 1315 3471 1353 tn
3524 1314 3637 1355 sat-

2004 1414 2005 1419 π
2036 1389 2159 1445 cnlo
2187 1400 2241 1447 et
2272 1392 2322 1446 in
2345 1390 2522 1446 futuro
2554 1391 2733 1446 vivere
2760 1390 3007 1457 feliciter,
3055 1391 3143 1448 ubi
3169 1390 3383 1447 dabitur
3408 1390 3639 1448 ducibus

2037 1480 2358 1539 Christianis
2401 1493 2687 1555 perpetuus
2711 1482 3062 1557 principatus.

327 1744 3609 1788 ww

946 1879 1957 2014 FULGENTII
2034 1898 3013 2022 FEBRANDI

815 2128 1917 2261 .BREVIATIO

2081 2125 3152 2271 CANONUM.

1793 2340 2177 2361 ——_——_.

406 2483 461 2536 1.
501 2479 574 2538 Ut
627 2479 884 2552 neophyti
938 2494 1046 2536 non
1084 2478 1408 2535 ordinentur
1465 2474 1644 2548 (Cone.
1692 2473 1927 2540 Niciam,
1960 2477 2011 2538 B
2115 2474 2202 2530 12.
2252 2476 2320 2533 Ut
2351 2478 2635 2549 episcopus
2684 2480 2738 2535 in
2791 2478 2913 2536 villa
2942 2481 3026 2538 vel
3058 2483 3180 2540 vico
3221 2498 3330 2543 non
3367 2487 3646 2551 ordinetur
3695 2490 3705 2501 '

334 2575 420 2631 tit.
450 2575 522 2642 2;
553 2591 696 2630 conc.
730 2574 964 2640 Sardic.,
1011 2574 1092 2630 tit.
1127 2572 1217 2639 11,
1251 2589 1397 2627 conc.
1431 2569 1673 2637 Laodic.,
1728 2569 1804 2625 tit.
1855 2570 1933 2641 3).

408 2668 465 2722 2.
504 2668 579 2723 Ut
615 2666 925 2736 quicunque
957 2666 1122 2721 laicus
1167 2664 1233 2720 ad
1282 2664 1651 2733 episcopatum
1700 2661 1936 2731 eligitur,

338 2762 491 2832 prius
533 2774 737 2814 annum
780 2759 835 2814 in
868 2757 1178 2813 ministerio
1219 2757 1588 2815 caclasiastico
1618 2770 1712 2827 per
1752 2767 1941 2812 omnes

338 2851 537 2923 gradus
584 2859 822 2907 transeat
848 2847 1032 2921 (Cone.
1079 2848 1373 2918 Sit/fetui).

416 2947 470 3001 5.
519 2944 587 3001 lit
613 2946 704 3015 qui
740 2956 857 3013 post
884 2943 1206 3014 baptismum
1238 2942 1480 2999 saeculari
1511 2942 1714 2998 militia!
1742 2957 1939 3000 nomen

341 3037 574 3105 dederit,
602 3038 671 3093 ab
692 3037 1030 3093 ordinatione
1059 3046 1303 3093 arceatur
1329 3035 1506 3107 (Cone.
1538 3034 1812 3106 Zetlens.).

410 3129 466 3183 4.
511 3129 581 3184 Ut
604 3129 889 3199 episcopus
909 3143 939 3183 a
962 3128 1130 3183 tribus
1153 3127 1456 3194 ordinetur,
1480 3127 1944 3185 consentientibus

342 3221 461 3276 aliis
492 3236 587 3291 per
637 3222 860 3290 scripta,
910 3236 1030 3276 cum
1077 3220 1488 3275 conﬁrmatione
1542 3222 1942 3291 metropolitani

342 3313 428 3366 vel
470 3313 711 3382 primatis
733 3309 916 3382 (Cone.
949 3309 1183 3379 Niciam,
1215 3312 1293 3365 tit.
1323 3310 1379 3377 4,
1410 3312 1530 3365 item
1571 3313 1649 3366 tit.
1699 3312 1765 3379 6;
1794 3330 1941 3370 conc.

343 3404 608 3473 Antioch,
641 3406 720 3460 tit.
766 3404 869 3471 19;
898 3420 1044 3458 conc.
1097 3403 1343 3471 Laodic.,
1370 3404 1447 3458 tit.
1488 3405 1592 3470 12;
1626 3421 1767 3461 conc.
1818 3406 1946 3461 Car-

343 3498 482 3570 tlzag.
508 3499 600 3553 sub
629 3499 858 3553 antistite
894 3496 1191 3565 Genethlio,
1225 3499 1306 3551 tit.
1339 3496 1439 3561 10;
1473 3513 1619 3554 conc.
1667 3500 1947 3555 universali

347 3592 623 3663 Carthag.,
656 3592 734 3646 tit.
765 3590 836 3649 49
856 3608 871 3658 ;
895 3606 1038 3646 conc.
1065 3589 1317 3660 Zetlens.,
1359 3608 1422 3647 ea:
1440 3592 1660 3659 epistola
1681 3607 1828 3664 papre
1853 3592 1944 3647 Si-

343 3684 482 3754 risi).

416 3776 469 3830 5.
512 3775 581 3831 Ut
610 3776 666 3831 in
694 3774 994 3830 ordinando
1034 3775 1290 3845 episcopo
1317 3774 1407 3831 alii
1438 3789 1652 3847 quoque
1702 3776 1942 3848 episcopi

347 3881 508 3937 super
535 3876 644 3922 tres
663 3867 948 3933 addantur,
980 3868 1023 3921 si
1048 3868 1114 3921 ab
1141 3867 1322 3934 aliquo
1349 3866 1508 3921 fuerit
1535 3867 1934 3924 contradictum
1967 3873 2016 3937 α

348 3961 529 4034 (Cone.
559 3959 829 4030 Carthag.,
861 3960 938 4015 tit.
980 3960 1097 4029 50).

420 4055 476 4109 6.
517 4054 587 4111 Ut
633 4069 772 4109 unus
801 4054 1093 4123 episcopus
1117 4052 1427 4123 episcopum
1459 4065 1565 4107 non
1588 4052 1819 4121 ordinet,
1848 4069 1946 4112 ex-

340 4157 518 4217 ‘cepta
562 4148 806 4204 Ecclesia
835 4146 1078 4202 Romana
1121 4145 1305 4217 (Cone.
1357 4145 1602 4215 Zetlens.,
1639 4164 1703 4203 ea:
1730 4150 1949 4219 epistola

351 4257 503 4313 papa:
530 4240 737 4309 Sirici).

424 4335 478 4387 7.
519 4332 902 4403 Utepiscopns
947 4332 1038 4401 qui
1084 4340 1332 4401 suscepta
1364 4344 1554 4388 manus
1604 4332 1950 4403 impositione

338 4426 715 4482 ministerium
770 4425 1138 4491 recusaverit,
1186 4425 1686 4481 excommunicatus
1734 4437 1952 4485 maneat

354 4519 527 4577 donec
554 4519 856 4577 consentiat
886 4518 1063 4591 (Cone.
1102 4517 1366 4585 Antioch.,
1403 4519 1482 4573 tit.
1526 4520 1639 4593 17).
1685 4521 1744 4579 Si
1770 4532 1949 4578 autem

352 4614 541 4671 Volens
586 4630 616 4669 a
647 4613 801 4684 plebe
848 4629 957 4669 non
1003 4612 1313 4682 suscipitur,
1362 4613 1426 4668 ad
1456 4614 1749 4683 plenarinm
1784 4632 1954 4689 syno-

356 4707 482 4761 dum
512 4710 662 4762 salvo
699 4723 798 4763 suo
830 4708 1034 4765 honore
1071 4709 1339 4765 sustinere
1364 4709 1586 4767 debebit
1628 4710 1807 4781 (Cone.
1850 4714 1952 4769 An-

358 4798 536 4862 nam,
574 4801 650 4851 in.
687 4799 797 4870 ιδ).

431 4888 486 4944 8.
551 4887 623 4943 Ut
670 4887 955 4956 episcopus
1020 4890 1111 4958 qui
1154 4889 1432 4947 ordinatus
1482 4908 1587 4949 non
1637 4898 1950 4967 suscipitur,

361 4980 520 5034 aliam
554 4979 847 5060 Ecclesiam
879 4995 983 5035 non
1014 4991 1282 5051 occupet;
1338 4985 1433 5037 sed
1487 4986 1540 5039 in
1586 4986 1827 5043 Ecclesia
1861 4991 1951 5045 ubi

361 5073 642 5143 presbyter
695 5072 866 5127 fuerat
918 5082 1167 5144 tanquam
1220 5076 1503 5148 presbyter
1549 5078 1734 5135 sedeat
1768 5080 1951 5152 (Cone.

362 5167 643 5235 Anquirit.,
677 5166 758 5220 tit.
793 5166 909 5237 18).

2044 2567 2227 2641 (Cone.
2252 2569 2491 2637 Laodic.,
2522 2574 2602 2625 tit.
2629 2571 2745 2644 55).

2122 2673 2209 2730 15.
2253 2671 2322 2729 Ut
2350 2673 2637 2745 episcopus
2668 2692 2774 2733 non
2801 2677 3083 2737 urdlnetur
3124 2679 3179 2738 in
3215 2682 3493 2743 dimcesim
3525 2702 3645 2758 qua

2045 2768 2361 2839 episcopum
2394 2786 2663 2842 nunquam
2703 2773 2909 2839 habuit,
2940 2774 3047 2830 nisi
3079 2790 3201 2833 cum
3230 2779 3512 2837 voluntate
3532 2784 3646 2851 epis
3708 2847 3715 2851 ,
3768 2840 3771 2841 ν

2046 2862 2197 2932 scopi
2249 2863 2318 2918 ad
2352 2879 2510 2934 quem
2558 2865 2672 2934 ipsa
2703 2865 2956 2923 dimcesis
2986 2871 3252 2939 pertinet;
3302 2887 3369 2928 ex
3412 2876 3645 2935 concilio

2047 2963 2228 3012 tamen
2276 2958 2517 3027 plenario
2565 2968 2621 3014 et
2665 2959 2908 3030 primatis
2945 2963 3268 3022 auctoritate
3294 2967 3476 3038 (Cone.
3520 2968 3646 3023 Car-

2049 3047 2217 3121 tltag.,
2248 3054 2330 3107 tit.
2373 3050 2464 3121 52,
2498 3052 2619 3108 item
2666 3054 2773 3123 54;
2818 3071 2965 3112 eone.
3012 3056 3261 3133 Carthag.
3306 3061 3362 3116 in
3410 3062 3648 3131 basilica,

2047 3141 2126 3195 tit.
2158 3141 2236 3210 5).

2122 3245 2213 3301 11.
2255 3244 2325 3301 Ut
2370 3248 2656 3319 episcopus
2710 3248 2763 3305 in
2814 3249 3092 3309 diceeesim
3148 3256 3429 3315 ordinatus
3473 3259 3647 3330 ipsam

2050 3339 2223 3397 solam
2256 3350 2439 3398 teneat
2469 3343 2656 3413 (Cone.
2690 3343 2964 3419 Cartltag.,
2986 3350 3077 3404 'tit.
3110 3348 3224 3421 51).

2124 3446 2213 3505 15.
2255 3448 2323 3505 Ut
2362 3451 2621 3523 episcopi,
2654 3462 2709 3509 et
2739 3456 3060 3528 presbyteri,
3094 3468 3148 3512 et
3174 3459 3390 3517 diaconi
3422 3477 3528 3518 non
3551 3478 3646 3520 or-

2047 3543 2346 3610 dinentur,
2409 3547 2512 3601 nisi
2568 3563 2757 3603 onmes
2808 3563 2938 3606 suos
3004 3550 3352 3611 ’CltriStianos
3417 3555 3648 3616 fecerint

2040 3639 2239 3713 .(Conc.
2265 3639 2536 3715 Cartlmg.,
2570 3645 2648 3699 tit.
2678 3643 2759 3717 5).

2127 3744 2214 3800 16.
2259 3744 2328 3800 Ut
2356 3747 2619 3816 episcopi,
2651 3748 2979 3818 presbyteri,
3010 3758 3066 3804 et
3095 3729 3309 3805 diaconi
3354 3751 3423 3807 ab
3466 3754 3647 3810 uxori-

2052 3834 2154 3889 bus
2181 3836 2485 3892 abstineant
2526 3836 2708 3908 (Cone.
2766 3837 3038 3911 Carthag.,
3089 3840 3168 3895 tit.
3217 3841 3277 3911 1;
3329 3860 3473 3900 conc.
3521 3845 3648 3904 Zel-

2055 3929 2206 4002 tens.)
2219 3969 2233 3985 .

2130 4030 2218 4086 17.
2260 4032 2332 4088 Ut
2360 4030 2536 4087 nullus
2565 4032 2875 4105 episcopus,
2907 4034 3124 4094 dimissa
3148 4038 3394 4112 matrice,
3427 4040 3482 4100 in
3510 4043 3647 4102 dim-

2055 4126 2163 4182 ccsi
2194 4141 2255 4183 se
2294 4127 2586 4183 constituat
2619 4124 2802 4201 (Cone.
2833 4129 3105 4205 Carthag.,
3137 4136 3217 4189 tit.
3251 4135 3330 4208 6).

2130 4229 2218 4284 18.
2260 4228 2331 4286 Ut
2370 4230 2615 4301 episcopi
2644 4232 2728 4288 vel
2752 4232 2936 4289 clerici
2958 4236 3029 4290 tle
3050 4237 3268 4295 civitate
3287 4241 3354 4296 ad
3378 4242 3650 4301 civitatem

2055 4340 2163 4382 non
2195 4333 2491 4393 transeant,
2518 4341 2696 4398 neque
2746 4329 2816 4384 de
2862 4330 3136 4399 provincia
3196 4333 3261 4387 ad
3320 4336 3651 4406 provinciam

2055 4420 2242 4492 (Cone.
2275 4421 2513 4487 Nimiam,
2545 4421 2626 4476 tit.
2661 4423 2761 4489 11;
2801 4438 2945 4478 conc.
2990 4423 3222 4492 Sardic.,
3255 4431 3332 4485 tit.
3357 4427 3413 4496 2,
3441 4432 3614 4491 item5
3641 4450 3654 4503 ί

2057 4529 2205 4567 conc.
2252 4512 2515 4581 Antioc/t.,
2550 4512 2628 4566 tit.
2680 4512 2731 4580 5,
2762 4515 2881 4569 item
2931 4521 3013 4571 tit.
3046 4517 3145 4585 21;
3176 4534 3325 4579 conc.
3355 4521 3651 4584 Constanti-

2056 4629 2204 4686 n0p.,
2237 4614 2317 4668 tit.
2342 4612 2398 4680 2,
2432 4613 2554 4668 item
2582 4615 2661 4669 tit.
2686 4614 2762 4685 5).

2130 4706 2219 4761 19.
2260 4705 2331 4763 Ut
2356 4706 2595 4777 episcopi
2646 4706 2699 4762 in
2755 4704 2935 4763 aliena
2988 4708 3210 4768 civitate
3262 4720 3374 4768 tres
3421 4722 3651 4770 tantumu

2056 4805 2219 4860 modo
2249 4806 2443 4860 iaciant
2470 4806 2795 4876 septimanae
2821 4805 3005 4878 (Cone.
3039 4805 3272 4873 Βαναία,
3307 4808 3386 4861 tit.
3417 4807 3532 4877 15).

2060 4908 2061 4911 ‘
2126 4895 2220 4949 20.
2252 4895 2324 4952 Ut
2349 4897 2439 4967 qtti
2470 4906 2614 4953 metu
2663 4899 3057 4968 persecutionis
3103 4898 3157 4953 in
3206 4897 3383 4953 aliena
3436 4898 3651 4959 civitate

2057 4987 2324 5043 demorari
2353 4989 2641 5058 voluerint,
2684 5007 2792 5049 non
2840 4992 3239 5064 prohibeantur
3287 4990 3466 5064 (Cone.
3519 4990 3654 5056 Sor-5

2057 5082 2184 5146 die,
2217 5082 2297 5136 tit.
2348 5080 2465 5151 22).

2127 5170 2217 5228 21.
2263 5172 2333 5229 Ut
2380 5174 2559 5230 nullus
2583 5174 2885 5247 episcopus,
2917 5176 3126 5232 etiamsi
3152 5190 3182 5228 a
3212 5175 3368 5247 plebe
3396 5176 3646 5250 eligatur,

432 5260 485 5314 9.
524 5259 591 5316 Ut
615 5258 871 5330 episcopo
902 5257 1151 5315 ordinato
1196 5269 1395 5317 statuta
1442 5264 1796 5321 conciliorum
1843 5268 1955 5336 pri-
1986 5277 2336 5344 Dvacantem
2388 5268 2683 5327 Ecclesiam
2749 5270 3005 5336 obtineat,
3077 5270 3179 5325 nisi
3223 5285 3292 5327 ex
3330 5271 3653 5332 auctoritate

362 5348 524 5403 mitus
553 5346 887 5401 inculcentur
921 5344 1097 5417 (Cane.
1126 5346 1391 5419 Carthag.,
1423 5351 1500 5404 tit.
1533 5351 1644 5423 10).

435 5441 523 5496 10.
564 5440 938 5510 Utepiscopns
959 5439 1239 5497 ordinatus
1269 5442 1336 5498 ab
1374 5444 1683 5502 ordinatore
1725 5462 1824 5504 suo
1866 5449 1951 5505 lit-

365 5543 508 5589 teras
559 5534 889 5604 aubscriptas
947 5535 1207 5604 accipiat,
1265 5539 1614 5597 ordinationis
1660 5543 1775 5613 ejus
1804 5545 1945 5601 diem

365 5626 520 5680 simul
570 5635 626 5681 et
667 5628 941 5686 consulem
1004 5629 1342 5688 continentes
1386 5631 1583 5702 (Cone.
1634 5634 1947 5706 Mitevitam,

368 5718 449 5772 tit.
483 5716 559 5789 4).

441 5810 528 5868 11.
572 5811 639 5868 Ut
663 5813 729 5868 ad
755 5815 1060 5885 eligendum
1091 5818 1403 5888 episcopum
1435 5820 1669 5879 sufﬁciat
1710 5824 1949 5883 metricis

367 5906 648 5965 arbitrium
674 5906 854 5980 (Cone.
885 5908 1248 5984 Septimunic.,
1280 5928 1427 5973 conc.
1456 5912 1767 5989 lacrima).

2058 5360 2282 5430 plenarii
2308 5362 2519 5417 concilii
2551 5361 2733 5434 (Cone.
2765 5362 3029 5432 Antioch.,
3066 5362 3146 5417 tit.
3170 5362 3288 5434 45).

2131 5452 2222 5507 22.
2284 5452 2354 5511 Ut
2416 5453 2596 5510 nullus
2656 5454 2940 5525 episcopus
2986 5456 3295 5513 cathedram
3344 5459 3439 5515 cui
3492 5460 3651 5519 datus

2054 5546 2218 5606 fuerit
2242 5550 2591 5615 interventor,
2621 5548 2903 5620 plusquam
2933 5567 3132 5607 annum
3166 5560 3373 5621 teneat;
3405 5555 3501 5612 sed
3531 5557 3649 5626 ipse

2054 5642 2133 5697 eis
2154 5641 2466 5712 episcopum
2497 5650 2642 5710 petat
2670 5642 2851 5711 (Cone.
2887 5643 3158 5716 Cartltag.,
3196 5647 3275 5700 tit.
3310 5647 3392 5718 9).
3596 5682 3608 5723 ξ

2124 5732 2216 5789 23.
2258 5733 2328 5790 Ut
2378 5734 2770 5792 interventores
2824 5737 3065 5807 episcopi
3110 5739 3428 5795 conveniant
3462 5740 3649 5808 plebes

2054 5844 2174 5899 quae
2222 5828 2531 5899 episcopum
2587 5844 2693 5885 non
2753 5829 2971 5897 habent,
3032 5839 3089 5886 ut
3144 5832 3457 5903 episcopum
3505 5833 3648 5887 Iccio

2053 5924 2241 6013 piant.
2263 5921 2453 6014 Quod_
2463 5924 2513 6015 si
2520 5925 2821 6016 praecipere-
2846 5926 3206 6015 neglexerint,
3235 5934 3447 5991 remoto
3472 5927 3651 5988 intorq
