4078 6440
481 332 579 391 951

478 452 707 503 ventore
727 445 805 503 sic
827 448 1157 512 remaneant,
1191 437 1425 514 quandiu
1445 438 1548 497 sibi
1572 442 1891 512 episcopum
1926 455 2069 511 ηοω·
2096 441 2153 504 Α

479 545 610 594 rant
639 537 820 609 (Cone.
867 535 1180 606 Mariam).

547 650 643 708 24.
690 650 761 710 Ut
781 650 960 708 nullus
996 650 1283 723 episcopus
1325 649 1539 721 plebem
1587 647 1818 705 alienam
1849 652 2073 719 usurpet

477 747 659 821 (Cone.
692 746 934 817 Carthag.
975 746 1067 800 sub
1096 752 1277 800 sancto
1312 742 1496 811 Grato,
1533 745 1616 798 tit.
1646 742 1713 810 9;
1756 758 1902 797 couc.
1944 739 2072 797 Car-

476 842 624 914 thag.
653 840 744 896 sub
772 840 1000 895 antistite
1036 836 1331 906 Genetltlio,
1358 836 1441 894 tit.
1493 835 1560 903 9;
1608 835 1729 890 item
1768 850 1913 889 conc.
1942 830 2072 888 Car-

476 940 645 1010 thag.,
676 937 750 993 tit.
790 936 870 1004 5).

547 1051 639 1108 25.
701 1051 769 1109 Ut
808 1050 1097 1122 episcOpus
1144 1049 1237 1120 qui
1283 1048 1403 1105 sine
1440 1048 1817 1119 episcoporum
1871 1045 2072 1116 judicio

476 1144 690 1217 plebem
719 1145 953 1214 aliquam
985 1156 1143 1213 quam
1180 1141 1247 1196 ad
1274 1155 1425 1197 suam
1448 1140 1761 1197 cathedram
1798 1139 2073 1195 existimat

477 1236 772 1308 pertinere,
813 1235 1070 1305 tenuerit,
1100 1248 1313 1290 causam
1348 1234 1561 1290 amittat
1587 1232 1767 1304 (Cone.
1799 1230 2069 1303 Carthag.,

476 1329 560 1383 tit.
586 1327 701 1398 12).

549 1441 641 1498 26.
682 1440 753 1499 Ut
791 1441 843 1498 in
873 1443 1037 1514 plebe
1065 1441 1239 1499 aliena
1268 1442 1451 1499 nullus
1499 1440 1603 1498 sibi
1647 1442 1934 1513 episcopus
1974 1453 2071 1497 au-

480 1536 605 1595 deat
632 1537 904 1594 vindieare
928 1537 1110 1609 (Conc.
1134 1535 1428 1609 Juncens.).

550 1654 643 1712 27.
709 1654 775 1711 Ut
822 1654 1114 1726 episcopus
1154 1654 1389 1709 alienum
1431 1652 1689 1709 clericum
1736 1666 1842 1708 non
1896 1652 2069 1709 susci-

480 1752 614 1824 piat,
646 1763 821 1820 neque
876 1747 1089 1803 ordinet
1135 1745 1315 1817 (Couc.
1362 1745 1593 1812 Nic-tem,
1642 1747 1723 1800 tit.
1777 1748 1875 1811 12;
1925 1763 2067 1801 conc.

1469 324 1840 385 FULGENTII
1886 323 2236 385 FERRANDI
2278 325 2550 386 DIACONI
2588 325 2933 387 CARTUAG.

3660 332 3772 390 95%

2247 439 2338 498 41.
2380 441 2447 499 Ut
2484 442 2719 514 episcopi
2761 442 2901 499 ﬁlios
2943 454 3071 499 suos
3112 455 3219 500 non
3271 442 3614 518 emancime
3658 447 3771 504 nisi

2168 535 2280 609 jam
2312 540 2567 610 probatos
2594 540 2773 611 (Cone.
2798 539 3066 611 Carthag.,
3094 541 3174 597 tit.
3198 539 3316 611 22).

2244 649 2338 707 42.
2378 651 2446 709 Ut
2474 652 2709 723 episcopi
2736 667 2842 709 non
2872 653 3073 723 passim
3095 650 3164 709 ad
3192 655 3504 711 comitatum
3534 666 3779 729 pergant

2172 742 2355 819 (Cone.
2381 745 2614 815 Sardic.,
2644 746 2723 801 tit.
2748 744 2803 816 9,
2833 746 2955 801 item
2981 746 3063 801 tit.
3087 746 3178 814 10,
3203 747 3324 803 item
3347 749 3427 804 tit.
3467 748 3571 817 H;
3618 766 3770 806 conc.

2172 835 2406 891 Antioch.
2419 878 2433 903 ,
2467 839 2546 893 tit.
2582 836 2690 909 il).

2244 926 2333 983 45.
2366 927 2435 986 Ut
2472 929 2774 1000 quicunque
2801 930 3084 1001 episcopus
3126 930 3195 987 ab
3239 931 3558 1003 imperatore
3588 932 3777 1002 publi-

2173 1034 2297 1077 cum
2340 1022 2597 1092 judicium
2627 1025 3000 1096 postulaverit,
3034 1026 3238 1081 honore
3281 1024 3498 1095 proprio
3526 1024 3781 1095 privetur

2174 1111 2356 1182 (Conc.
2387 1115 2653 1189 Carthag.,
2683 1119 2761 1174 tit.
2793 1116 2870 1189 9).

2246 1204 2335 1261 44.
2377 1206 2447 1264 Ut
2498 1207 2655 1265 liceat
2695 1210 2986 1282 unicuique
3029 1211 3282 1280 episcopo
3326 1224 3514 1282 preces
3560 1208 3778 1267 consti-

2172 1306 2347 1365 tuere,
2377 1299 2594 1371 quando
2622 1300 2690 1356 de
2723 1300 2935 1371 iudiciis
2966 1301 3200 1369 publicis
3244 1311 3434 1357 contra
3483 1302 3781 1359 haereticos

2173 1389 2377 1457 aliquid
2405 1402 2488 1449 est
2515 1392 2803 1463 petendum
2834 1392 3017 1466 (Cone.
3052 1393 3373 1465 Mannum).

2245 1481 2338 1541 45.
2378 1483 2449 1541 Ut
2489 1486 2774 1557 episcopus
2812 1487 2930 1543 sine
2956 1488 3351 1557 metropolitani
3382 1487 3614 1543 consilio
3636 1487 3779 1543 nitri!

2173 1585 2315 1646 agat,
2341 1579 2439 1633 nisi
2471 1595 2537 1635 ea
2566 1589 2768 1637 tantum
2798 1596 2917 1651 qucc
2946 1581 3013 1637 ad
3037 1582 3481 1652 gubernationem
3511 1579 3780 1637 Ecclesia

2175 1688 2287 1729 sua:
2310 1676 2577 1745 pertinent
2603 1676 2784 1746 (Conc.
2812 1677 3073 1740 Antioch.,
3105 1678 3181 1730 tit.
3210 1677 3290 1745 9).

2249 1765 2338 1822 46.
2379 1767 2448 1824 Ut
2470 1770 2703 1839 episcopi
2731 1770 2846 1824 sine
2874 1769 3096 1825 formata
3123 1768 3362 1840 primatis
3392 1783 3498 1825 non
3522 1769 3779 1840 navigem

477 1846 714 1910 Sardic.,
761 1847 839 1900 tit.
892 1844 981 1909 i9,
1032 1843 1155 1896 item
1198 1841 1294 1907 20;
1349 1857 1494 1897 conc.
1542 1841 1809 1906 Antioch.,
1841 1842 1921 1895 tit.
1965 1841 2066 1907 22;
2100 1840 2148 1903 Β
2177 1856 2355 1931 (Cana
2382 1859 2882 1933 Canl,ag.’¢f¢.53).

478 1956 625 1996 conc.
659 1938 906 2009 Carthag.
956 1936 1048 1992 sub
1090 1944 1267 1991 sancto
1298 1934 1479 2004 Grato,
1534 1935 1614 1989 tit.
1662 1934 1725 2000 2;
1758 1936 1877 1989 item
1924 1951 2065 1991 conc.

478 2030 751 2102 Carthag.,
788 2031 868 2084 tit.
897 2028 1012 2101 28).

553 2146 646 2200 28.
683 2146 753 2203 Ut
802 2144 980 2202 nullus
1027 2144 1310 2216 episcopus
1338 2146 1575 2201 alienum
1614 2140 1936 2199 monachum
1984 2144 2074 2200 vel

478 2239 537 2295 in
584 2238 810 2294 ecclesia
842 2236 1074 2300 ordinet,
1107 2236 1189 2291 vel
1240 2237 1292 2290 iu
1319 2233 1648 2295 monasterio
1679 2250 1778 2292 suo
1807 2236 2071 2308 praeposi-

480 2338 594 2386 tum
624 2329 781 2385 faciat
810 2328 987 2399 (Cone.
1020 2328 1290 2399 Carthag.,
1323 2330 1398 2385 tit.
1433 2330 1548 2402 14).

552 2422 643 2479 29.
683 2422 749 2480 Ut
778 2424 1060 2494 episcopus
1103 2424 1456 2493 praesentibus
1500 2423 1901 2481 catechumenis
1929 2426 2077 2483 ordi-

480 2522 753 2578 nationem
783 2534 891 2573 non
922 2517 1081 2574 faciat
1108 2517 1289 2589 (Conc.
1317 2517 1558 2586 Laodic.,
1592 2520 1672 2575 tit.
1706 2518 1783 2590 4).
1858 2572 1859 2575 η

551 2611 643 2667 50.
686 2610 754 2667 Ut
786 2611 1067 2680 episcopus
1095 2609 1187 2681 qui
1219 2611 1538 2665 necessitate
1565 2610 1923 2681 compellente
1951 2619 2076 2670 ante

480 2706 667 2777 viginti
695 2704 931 2775 quinque
955 2718 1125 2760 annos
1154 2702 1416 2775 virginem
1441 2703 1718 2765 velaverit.
1746 2704 1877 2759 nihil
1905 2706 1955 2761 ei
1981 2707 2074 2762 ob-

479 2801 552 2861 sit
578 2801 862 2859 concilium
886 2801 1026 2871 quod
1056 2802 1160 2855 isto
1188 2814 1412 2855 numero
1434 2814 1696 2855 annorum
1724 2801 2073 2858 constitutum

479 2906 564 2953 est
594 2894 771 2967 (Cone.
800 2894 1072 2966 Carthag.,
1107 2895 1187 2948 tit.
1218 2895 1332 2960 18).

550 2988 642 3046 5t.
685 2988 755 3045 Ut
792 3003 880 3044 res
906 2988 1142 3057 episcopi
1171 3001 1278 3041 non
1308 2988 1414 3042 sint
1440 2986 1689 3042 obnoxiae
1718 2987 1879 3045 rebus
1899 2990 2075 3046 eccle-

479 3076 732 3148 siasticis,
754 3081 848 3136 sed
876 3081 943 3136 de
966 3080 1049 3136 his
1079 3081 1195 3151 ipse
1223 3080 1367 3151 quod
1396 3080 1624 3136 voluerit
1645 3082 1857 3138 ordinet
1891 3082 2072 3155 (Cone.

478 3174 743 3238 Antioch,
773 3172 853 3225 tit.
882 3171 997 3242 24).

2251 1953 2339 2009 47.
2382 1955 2449 2011 Ut
2473 1957 2707 2026 episc0pi
2750 1970 2862 2010 rem
2892 1953 3144 2011 Ecclesiae
3181 1955 3297 2010 sine
3323 1953 3571 2023 primatis
3598 1952 3776 2008 consi-

2178 2048 2252 2103 lio
2282 2064 2387 2103 non
2417 2049 2651 2104 vendant
2682 2047 2860 2120 (Cone.
2891 2047 3162 2118 Cartttag.,
3193 2048 3273 2103 tit.
3298 2044 3371 2113 5;
3399 2061 3545 2101 conc.
3569 2044 3777 2117 Hippo-

2178 2142 2365 2214 nt'reg.,
2394 2144 2474 2196 tit.
2496 2140 2577 2211 9).

2252 2232 2343 2286 43.
2386 2233 2455 2289 Ut
2500 2233 2736 2303 episcopi
2788 2233 3121 2303 providentia
3168 2232 3464 2303 virginibus
3506 2246 3631 2303 quae
3675 2247 3778 2300 pu-

2184 2324 2330 2394 pilla:
2392 2325 2616 2395 fuerint,
2648 2326 2741 2382 ubi
2769 2326 3011 2383 habitent
3038 2326 3267 2397 eligatur
3292 2324 3471 2397 (Cons.
3526 2323 3775 2395 Carthag.

2182 2419 2262 2475 tit.
2291 2417 2361 2475 40
2386 2421 2457 2492 ιι).

2253 2511 2342 2567 49.
2386 2512 2457 2569 Ut
2501 2514 2875 2584 episcoporum
2918 2512 3120 2585 judicio
3162 2512 3494 2585 pmnitentiat
3535 2521 3774 2582 tempora

2180 2606 2561 2679 paenitentibus
2612 2611 2967 2663 decernantur
2997 2606 3174 2680 (Cone.
3211 2606 3486 2676 Cartltag.,
3536 2607 3616 2659 tit.
3657 2601 3773 2675 59).

2255 2698 2343 2756 50.
2389 2698 2457 2755 Ut
2494 2699 2731 2770 episcopi
2762 2694 2963 2770 judicio
3012 2699 3298 2755 Donatistae
3339 2697 3429 2769 qui
3477 2696 3619 2761 apud
3648 2710 3773 2751 suos

2183 2805 2299 2851 acta
2344 2795 2651 2866 pmnitentia
2703 2793 3053 2861 convertitur,
3087 2803 3296 2861 tempus
3321 2790 3652 2863 paenitentiae
3690 2788 3775 2845 vel

2182 2887 2633 2944 reconciliationis
2661 2887 2980 2943 decernatur
3004 2884 3186 2953 (Cone.
3210 2885 3481 2955 Carthag.,
3509 2886 3591 2936 tit.
3622 2881 3703 2953 2).

2256 2979 2348 3037 51.
2390 2981 2460 3038 Ut
2478 2980 2761 3052 episcopus
2787 2990 3064 3037 accusatos
3090 2982 3433 3051 presbyteros
3462 2976 3773 3033 convocatis

2182 3078 2419 3148 quinque
2458 3076 2726 3147 episcopis
2774 3075 2996 3142 audiat;
3039 3075 3383 3130 diaconorum
3428 3086 3552 3127 cum
3583 3071 3774 3139 tribus,

2185 3172 2516 3240 reliquorum
2569 3186 2699 3227 vero
2728 3183 2917 3226 causas
2973 3169 3088 3240 ipse
3117 3168 3263 3225 solus
3310 3166 3567 3223 discutiat
3596 3163 3772 3237 (cm.

554 3265 643 3322 52.
688 3265 759 3322 Ut
804 3238 984 3320 nullus
1026 3265 1313 3335 episcopus
1357 3264 1603 3324 haeredes
1651 3278 1957 3333 extraneos,
1993 3268 2075 3326 vel
2101 3238 2150 3303 ο
2184 3238 2453 3338 (ἴατυωρη
2484 3267 2563 3320 tit.
2593 3265 2703 3336 17).

482 3357 771 3414 haereticos
793 3358 953 3413 etiam
980 3359 1406 3428 consanguineos
1420 3360 1580 3415 faciat
1604 3360 1781 3431 (Conc.
1807 3361 2075 3436 Carthag.,

482 3450 565 3503 tit.
596 3448 707 3519 15).

556 3539 649 3594 55.
692 3538 761 3595 Ut
809 3539 1047 3611 episcopi
1089 3541 1174 3598 vel
1218 3543 1399 3599 clerici
1443 3544 1528 3601 his
1556 3548 1646 3617 qui
1689 3547 1938 3606 catholici
1968 3567 2077 3611 non

485 3645 633 3701 sunt,
668 3632 799 3689 nihil
824 3648 919 3705 per
942 3632 1256 3692 donationes
1280 3636 1559 3694 conferant
1586 3639 1769 3710 (Cone.
1801 3641 2075 3719 Carthag.,

482 3726 563 3779 ιὶι.
585 3724 700 3795 es).

554 3816 644 3872 54.
688 3816 757 3874 Ut
776 3817 1014 3890 episcopi
1040 3818 1155 3876 sive
1180 3820 1479 3893 presbyteri
1513 3837 1574 3879 ea
1605 3840 1722 3894 qure
1749 3836 1875 3883 sunt
1913 3828 1967 3887 in
1999 3830 2078 3886 io-

482 3912 563 3968 cis
606 3911 694 3967 ubi
725 3912 1043 3967 ordinantur
1063 3913 1130 3967 ad
1164 3915 1267 3969 alia
1299 3915 1413 3970 loca
1446 3932 1550 3972 non
1603 3920 1946 3989 transferant,
1975 3924 2076 3979 nisi

480 4020 674 4061 causas
704 4014 826 4061 ante
871 4005 1204 4063 reddiderint
1243 4007 1424 4080 (Conc.
1457 4010 1826 4089 Hipportfreg.,
1869 4015 1948 4069 tit.
1995 4016 2071 4088 5).

556 4099 647 4155 55.
690 4099 758 4156 Ut
785 4101 1019 4171 episcopi
1044 4102 1300 4174 quidquid
1330 4104 1544 4161 nomine
1586 4121 1685 4160 suo
1722 4122 2075 4177 comparave.

482 4191 616 4256 rint,
644 4204 903 4261 Cogantur
948 4192 1204 4249 Ecclesia:
1234 4194 1558 4265 refundere;
1590 4198 1848 4270 quidquid
1893 4210 2071 4260 autem

407 4346 418 4357 ,
481 4286 562 4340 eis
593 4285 772 4339 donat.
798 4302 845 4351 r,
876 4286 963 4341 cui
992 4287 1262 4342 voluerint
1291 4290 1569 4345 conferant
1595 4291 1776 4363 (Cone.
1812 4293 2073 4367 Hipponi-

477 4390 612 4446 νέφη
636 4379 714 4432 tit.
748 4379 828 4447 8).
886 4444 895 4451 ι

553 4466 642 4521 56.
689 4468 755 4524 Ut
784 4469 945 4525 rebus
972 4473 1349 4529 ecclesiasticis
1379 4476 1752 4548 dispensandis
1788 4481 2071 4553 episcopus

478 4567 800 4627 potestatem
832 4562 1029 4617 habeat
1056 4564 1237 4634 (Cone.
1269 4568 1532 4638 Antioch.,
1561 4572 1642 4628 tit.
1671 4571 1785 4642 25).

2256 3357 2346 3413 52.
2390 3357 2457 3414 Ut
2504 3368 2685 3415 autem
2736 3372 2875 3413 unus
2922 3356 3207 3427 episcopus
3260 3353 3623 3425 cognitionem
3674 3352 3774 3408 sibi

2184 3463 2293 3503 non
2344 3448 2618 3515 vindicet,
2667 3448 2770 3505 hoc
2822 3449 2877 3503 in
2930 3446 3037 3504 alio
3066 3446 3294 3503 concilio
3341 3442 3770 3515 Carthaginiensi

2181 3551 2358 3599 actum
2389 3553 2490 3599 ΘΜ.

2254 3634 2340 3689 55.
2384 3634 2455 3692 Ut
2495 3636 2675 3692 nullus
2704 3634 3011 3706 episcopus,
3038 3632 3122 3689 vel
3147 3631 3452 3703 presbyter,
3483 3628 3570 3685 vel
3597 3628 3772 3684 diaco~

2181 3746 2282 3787 nus
2310 3731 2803 3787 excommunicatus
2830 3727 3191 3785 communicet
3219 3725 3402 3794 (Cone.
3437 3721 3667 3786 Niciam,
3692 3721 3770 3775 tit.

2182 3821 2254 3889 5;
2303 3838 2449 3879 conc.
2482 3821 2715 3885 Sardic.,
2760 3824 2841 3875 tit.
2886 3821 2992 3887 17',
3034 3834 3178 3874 conc.
3224 3815 3499 3888 Carthag.,
3528 3816 3606 3869 tit.
3638 3814 3671 3870 8
3708 3812 3769 3881 δς

2180 3929 2323 3971 conc.
2352 3912 2612 3979 Amico/1.,
2644 3914 2721 3967 tit.
2752 3911 2833 3983 2).

2254 4006 2344 4062 54.
2387 4007 2457 4065 Ut
2477 4008 2521 4062 si
2549 4008 2668 4077 quis
2692 4008 2975 4077 episcopus
3001 4021 3029 4060 a
3058 4004 3263 4077 synodo
3286 4003 3447 4060 fuerit
3467 4016 3771 4059 excommue

2178 4097 2411 4167 nicatus,
2469 4098 2866 4154 communicare
2919 4112 3027 4152 non
3075 4096 3304 4163 audeat;
3355 4102 3412 4149 et
3463 4095 3510 4148 si
3566 4092 3769 4161 fecerit,

2177 4204 2327 4259 spem
2359 4191 2713 4247 restitutionis
2734 4205 2839 4245 non
2874 4190 3069 4245 habeat
3095 4185 3275 4258 (Cone.
3300 4184 3565 4253 Antioch.,
3594 4185 3671 4239 tit.
3705 4184 3769 4249 4;

2179 4301 2326 4340 conc.
2355 4286 2724 4357 Hipponireg.,
2757 4285 2836 4339 tit.
2867 4282 2947 4353 5).

2252 4376 2342 4431 55.
2387 4376 2455 4434 Ut
2483 4379 2788 4447 episcopus,
2818 4374 2863 4430 si
2892 4387 3107 4429 causam
3136 4370 3407 4439 habuerit,
3431 4384 3461 4424 a
3487 4365 3770 4425 duodecim

2173 4474 2438 4545 episcopis
2486 4472 2729 4526 audiatur
2770 4468 2949 4541 (Cant.
2984 4465 3229 4539 Carthag.
3268 4464 3361 4519 sub
3395 4470 3573 4519 sancto
3610 4459 3770 4516 Gene-

2177 4566 2325 4633 thlio,
2356 4566 2433 4618 tit.
2465 4561 2543 4632 8).

555 4650 644 4705 57.
688 4652 757 4708 Ut
809 4662 1006 4723 praeter
1052 4627 1435 4714 conscientiam
1483 4627 2072 4732 episcopi’oblatioues
2098 4627 2153 4690 Β
2383 4654 2455 4710 υἱ
2496 4627 2731 4724 episcopi
2761 4652 2853 4724 qui
2892 4651 2946 4707 ίη
2974 4665 3135 4708 causa
3160 4649 3367 4721 indices
3411 4648 3608 4704 dam“?
3635 4645 3769 4703 deﬁ'

476 4744 750 4800 fructuum
799 4746 1040 4803 ecclesia:
1069 4748 1276 4805 debitas
1306 4753 1481 4808 nullus
1512 4755 1596 4809 vel
1634 4755 1765 4813 dare
1794 4759 1877 4814 vel
1924 4760 2071 4816 acci-

476 4851 610 4911 pere
649 4838 842 4895 audeat
872 4838 1053 4910 (Conc.
1082 4840 1305 4913 Gangr.,
1338 4844 1417 4898 tit.
1446 4846 1499 4911 7,
1527 4844 1607 4917 8).

549 4931 639 4990 58.
682 4933 752 4989 Ut
780 4935 1064 5004 episcopus
1114 4938 1351 4993 matricis
1395 4954 1499 4995 non
1542 4952 1765 5013 usurpet
1812 4943 2069 5015 quidquid

476 5028 641 5085 fuerit
669 5027 925 5083 donatum
956 5028 1202 5086 ecclesiis
1238 5047 1359 5103 quae
1410 5033 1463 5088 in
1501 5034 1721 5092 dioecesi
1766 5039 2069 5098 constituta:

475 5132 602 5178 stunt
629 5120 805 5185 (Cone.
840 5121 1208 5197 Hipponireg.,
1236 5129 1315 5179 tit.
1341 5124 1421 5197 9).

548 5216 638 5270 5‘J.
682 5215 746 5272 Ut
778 5215 874 5271 tllii
914 5219 1283 5288 episcoporum
1316 5221 1627 5290 gentilibus,
1661 5224 1744 5279 vel
1775 5226 2064 5299 ltmreticis,

476 5318 569 5362 aut
598 5310 953 5365 schismaticis
976 5311 1316 5370 matrimonio
1342 5330 1447 5371 uon
1470 5316 1861 5389 conjungautur
1882 5321 2063 5395 (Cone.

476 5395 745 5467 Carthag.,
777 5400 856 5454 tit.
879 5398 997 5471 21).

552 5488 639 5542 40.
684 5487 756 5543 Ut
802 5490 895 5545 illii
942 5495 1324 5567 episcoporum
1353 5510 1443 5556 aut
1483 5501 1803 5560 clericorum
1850 5514 2064 5576 specta-

471 5581 751 5745 21³2013οη
805 5584 1093 5647 exhibeant
1140 5607 1240 5651 nec
1287 5604 1532 5666 spectent
1571 5597 1752 5675 (Ceno.
1793 5599 2067 5678 Carthag.,

498 5691 512 5727 ι
542 5714 555 5728 .
689 5711 704 5728 ο

498 5691 555 5728 ιι.
588 5691 704 5728 Ζυι.

544 5858 576 5893 ἰ
610 5851 750 5912 Male
777 5852 935 5914 Trec.
961 5858 1042 5917 tit.
1085 5862 1173 5919 ﬂ.

2179 4750 2292 4806 nito
2321 4748 2581 4818 temporis
2606 4747 2694 4803 die
2721 4754 3047 4815 cognoscant
3069 4743 3250 4815 (Cone.
3284 4738 3677 4813 Septimio.).

2252 4841 2339 4896 57.
2382 4840 2453 4897 Ut
2490 4840 2534 4895 si
2566 4841 2671 4895 duo
2695 4838 2933 4909 episcopi
2961 4839 3012 4893 in
3042 4852 3145 4893 una
3169 4836 3441 4907 provincia
3473 4830 3768 4889 contentio-

2178 4950 2303 4992 nem
2324 4934 2702 4999 habuerint,ex
2728 4931 2826 4985 alia
2851 4932 3127 5000 provincia
3154 4945 3259 4985 non
3275 4928 3541 4984 advocent
3560 4927 3769 4997 episco-

2178 5042 2277 5099 pos
2305 5027 2370 5081 ad
2394 5025 2650 5095 judicium
2684 5022 2867 5094 (Cone.
2896 5022 3131 5089 Sardic.,
3156 5022 3237 5076 tit.
3268 5020 3348 5090 4).

2244 5119 2337 5175 58.
2373 5120 2440 5175 Ut
2488 5118 2533 5172 si
2578 5102 2665 5173 de,
2693 5126 2945 5172 accusata
2974 5115 3230 5184 episcopo
3259 5111 3446 5169 multa:
3483 5110 3767 5168 sententia:

2172 5213 2372 5271 fuerint
2398 5213 2792 5284 episcoporum,
2818 5210 3262 5278 metropolitauus
3289 5205 3514 5261 alterius
3544 5205 3731 5274 provin
3748 5231 3769 5245 -

2173 5309 2272 5365 cia:
2301 5318 2627 5362 convocetur
2651 5304 2834 5371 (Couc.
2868 5304 3134 5371 Antioch,
3167 5303 3248 5358 tit.
3278 5299 3391 5371 M).
3421 5298 3559 5366 Quid
3588 5298 3641 5352 in
3682 5312 3768 5352 ac-

2173 5400 2538 5458 cusationibus
2586 5399 2961 5467 episcoporum
3012 5392 3288 5451 observari
3338 5390 3533 5447 debeat
3582 5387 3765 5461 (Cone.

2176 5492 2442 5563 Carthag.,
2474 5493 2551 5545 tit.
2585 5488 2695 5560 15).

2249 5585 2338 5643 59.
2380 5584 2449 5642 Ut
2476 5584 2812 5654 adiudicatus
2859 5582 3141 5654 episcopus
3168 5580 3237 5636 ad
3280 5576 3632 5650 apostolicam
3681 5588 3759 5629 se-

2176 5678 2325 5750 dem,
2357 5677 2401 5732 si
2430 5674 2681 5732 voluerit.
2710 5674 2943 5746 appellet
2975 5673 3153 5747 (Couc.
3204 5671 3440 5737 Sardic.,
3467 5669 3547 5725 tit.
3574 5664 3657 5734 5).

2250 5853 2280 5901 it
2318 5853 2450 5911 Cod.
2480 5853 2669 5921 Corb.,
2697 5854 2778 5910 tit.
2810 5853 2865 5912 9.
