4078 6440
341 221 452 283 955

1546 218 1921 280 BREVIATIO
1955 217 2309 281 CANONUM.

3480 230 3629 303 .954

418 341 505 398 60.
546 339 617 399 Ut
641 339 686 397 si
715 340 1062 414 appellaverit
1090 351 1115 381 ι
1138 343 1192 398 in
1221 338 1476 398 cathedra
1507 337 1674 410 ipsius
1704 351 1813 395 non
1838 349 1926 392 or-
1952 335 2009 396 Α
2101 335 2189 391 79.
2232 337 2305 393 Ut
2348 337 2744 411 chorepiscopi,
2778 339 2829 397 id
2873 349 2958 398 est
3007 342 3191 400 vicarii
3218 342 3619 415 episcoporum,

345 434 561 491 dinetur
585 431 764 501 (Cone.
799 433 1028 500 δικαία..
1059 434 1137 488 tit.
1159 432 1238 498 6).

419 527 509 582 61.
553 525 621 582 Ut
645 527 689 579 si
717 541 746 580 a
771 525 1040 597 judicibus
1069 541 1202 596 quos
1231 524 1428 595 primas
1463 521 1670 578 dederit
1695 520 1934 592 appella-

2038 442 2138 484 nec
2180 431 2519 502 presbyteros
2565 449 2663 490 nec
2693 435 2946 491 diaconos
2975 435 3242 502 ordinent,
3278 438 3378 492 nisi
3411 447 3620 495 tantum

2035 520 2391 577 subdiaconos
2419 522 2596 597 (Cone.
2628 526 2912 597 Anquirit.,
2946 528 3022 583 tit.
3051 529 3156 595 i5;
3189 545 3332 584 conc.
3359 527 3626 602 Antioch.,

346 629 504 685 verit,
538 619 626 674 alii
649 620 856 690 judices
907 622 1178 689 amplioris
1219 622 1426 678 numeri
1457 621 1834 676 decernantur.
1866 617 1938 673 Ut
2038 617 2118 673 tit.
2147 616 2257 690 10).

345 716 392 770 si
427 712 626 785 {Fortc,
655 714 722 768 At
752 713 817 785 si]
865 722 918 768 et
945 713 1012 769 ab
1041 716 1168 784 ipsis
1208 715 1578 785 appellaverit,
1614 712 1680 768 ad
1721 720 1938 768 senten-

347 807 475 862 tiam
497 806 705 860 concilii
731 805 1003 862 ditl'eratur
1028 806 1205 879 (Cone.
1233 806 1478 876 Thenit.).

421 899 510 955 62.
554 899 624 955 Ut
648 901 912 970 episcotlis
936 901 1297 970 judicantibus
1319 900 1705 958 condemnatus
1731 900 1940 970 episco-

351 1005 491 1064 pus,
544 994 588 1046 si
635 993 792 1049 l‘uerit
842 994 982 1065 apud
1031 996 1269 1065 potiores
1315 995 1596 1064 episcopos
1641 995 1937 1062 absolutus,

348 1084 484 1140 nihil
519 1085 596 1140 eis
627 1095 818 1141 noceat
863 1087 910 1143 si
956 1086 1099 1143 bono
1128 1088 1308 1144 animo
1351 1087 1707 1159 judicaverint
1755 1087 1936 1162 (Cone.

350 1177 617 1250 Cartlaag.,
651 1180 729 1233 tit.
765 1178 875 1251 11).

423 1269 512 1326 65.
561 1271 626 1327 Ut
668 1273 948 1343 cpiscopus
972 1273 1064 1345 qui
1109 1275 1178 1331 ab
1224 1275 1473 1331 omnibus
1502 1275 1770 1346 episcOpis
1817 1290 1942 1347 pro-

349 1362 541 1420 vinciae
589 1363 752 1420 fuerit
792 1365 1199 1434 condemnatus,
1236 1369 1539 1424 facultatem
1565 1368 1754 1438 judicii
1784 1382 1942 1438 repe-

352 1458 496 1514 tendi
523 1473 627 1513 non
655 1457 848 1514 habeat
885 1458 1066 1529 (Cone.
1097 1461 1364 1529 Antioch.,
1399 1462 1476 1515 tit.
1504 1460 1616 1529 15).

2111 730 2200 788 80.
2242 731 2315 789 Ut
2353 732 2566 790 vicariis
2608 736 2982 805 episcoporum
3032 739 3189 796 liceat
3231 741 3493 800 formatas
3549 741 3628 800 fa-

2040 841 2165 884 cere
2195 828 2376 900 (Cone.
2400 830 2662 895 Antioch.,
2695 831 2772 885 tit.
2802 829 2878 900 8).

2113 940 2202 997 81.
2244 941 2313 999 Ut
2341 943 2526 1013 primat
2551 942 2694 999 sedis
2718 942 3002 1013 episcopus
3025 959 3131 999 non
3155 947 3454 1016 appelletur
3484 948 3634 1018 prino

2041 1051 2168 1109 ceps
2205 1039 2563 1106 sacerdotum,
2596 1038 2682 1096 vel
2708 1053 2951 1095 summus
2996 1039 3250 1095 sacerdos
3279 1040 3464 1112 (Cone.
3504 1039 3636 1096 Car-

2045 1129 2211 1200 (1109.,
2242 1130 2319 1185 εει.
2347 1129 2461 1196 54).

2115 1245 2206 1298 82.
2247 1245 2317 1300 Ut
2346 1245 2628 1315 primatem
2674 1244 2948 1314 proprium
2996 1242 3315 1298 Mauritania
3368 1241 3639 1300 Sitifensis

2043 1334 2236 1393 habeat
2265 1337 2444 1408 (Cone.
2471 1336 2744 1406 Cart/tag.,
2763 1337 2853 1427 .tit.
2886 1333 2966 1406 6).

2117 1449 2207 1504 85.
2249 1449 2320 1506 Ut
2348 1451 2533 1522 prima:
2575 1450 2720 1506 sedis
2757 1448 2996 1519 episcopi
3039 1463 3108 1504 ex
3147 1447 3640 1504 coneilioCartha-L

421 1549 511 1604 61.
554 1548 622 1603 Ut
670 1551 952 1619 episc0pus
995 1552 1064 1607 ab
1111 1552 1190 1606 eis
1233 1552 1499 1622 episcopis
1543 1566 1675 1623 quos
1720 1553 1943 1624 elegerit
2045 1543 2271 1615 giniensi
2305 1544 2544 1615 episcOpi
2575 1543 2990 1611 constituantur,
3024 1541 3237 1610 quando
3267 1542 3428 1598 fuerit
3450 1542 3640 1598 oborta

351 1640 553 1712 iudices
566 1641 972 1709 condemnatus,
991 1645 1258 1714 appellare
1278 1644 1402 1700 alibi
1421 1660 1526 1702 non
1548 1645 1741 1702 audeat
1756 1645 1937 1711 (Cone.

352 1734 620 1807 Cartltag.,
651 1738 728 1794 tit.
753 1736 806 1804 5,
839 1739 958 1792 item
983 1739 1060 1792 tit.
1096 1737 1209 1808 15).

422 1825 508 1881 65.
555 1827 620 1882 Ut
645 1829 883 1899 episc0pi
906 1829 992 1899 qui
1021 1828 1074 1883 in
1102 1830 1274 1900 aliqua
1300 1845 1457 1886 causa
1485 1829 1695 1900 iudices
1723 1831 1943 1899 dantur,

356 1919 458 1991 ipsi
501 1920 673 1976 locum
706 1923 991 1978 audientiae
1021 1924 1253 1995 deligant
1282 1925 1462 1993 (Conc.
1495 1924 1769 1996 Zellens.).

424 2011 510 2067 66.
545 2013 609 2069 Ut
627 2015 898 2082 depositus
929 2016 1230 2086 episcopus,
1249 2017 1312 2070 ad
1337 2018 1712 2087 imperatorem
1735 2030 1949 2073 causam

353 2120 504 2162 suam
534 2122 638 2162 non
668 2107 870 2163 deierat
897 2107 1076 2179 (Cone.
1110 2109 1370 2179 Antioch.,
1401 2111 1481 2166 tit.
1505 2109 1616 2180 12).

427 2196 514 2252 67.
561 2198 628 2255 Ut
656 2211 937 2256 accusatus
958 2217 1239 2273 epISCOpUS
1261 2201 1347 2256 vel
1369 2201 1673 2270 quicunque
1713 2214 1777 2256 ex
1802 2200 1950 2255 clero

356 2292 520 2348 fuerit
551 2294 690 2364 apud
727 2296 1017 2350 Ecclesiam
1050 2305 1355 2361 accusatus,
1388 2295 1452 2349 ad
1496 2295 1696 2366 judicia
1739 2293 1947 2365 publica

355 2402 462 2444 non
493 2397 726 2442 transeat
757 2387 933 2458 (Conc.
959 2386 1230 2460 Cartliag.,
1264 2391 1347 2444 tit.
1376 2387 1489 2458 18).

431 2478 519 2532 68.
565 2479 630 2535 Ut
660 2483 942 2549 episcopus
966 2481 1054 2548 qui
1082 2479 1312 2534 secunda
1342 2480 1424 2534 vel
1448 2480 1601 2535 tertia
1633 2478 1951 2536 auctoritate

355 2581 648 2628 conventus
674 2573 851 2637 fuerit,
879 2581 933 2625 et
953 2573 1134 2626 venire
1157 2573 1561 2640 contempserit,
1582 2572 1649 2627 ab
1671 2571 1950 2643 episc0po-

358 2677 475 2718 rum
506 2663 775 2716 consortio
802 2662 1159 2731 suspendatur
1186 2661 1366 2734 (Cone.
1401 2662 1674 2732 Zellens.).

431 2753 519 2808 69.
567 2753 633 2809 Ut
660 2753 836 2808 nullus
881 2762 1183 2824 episcopus,
1208 2754 1289 2809 rel
1322 2754 1623 2824 presbyter,
1655 2755 1740 2809 vel
1771 2754 1952 2811 diaco-

363 2862 463 2904 nus
512 2862 632 2902 cum
676 2845 872 2902 Judreis
922 2846 1117 2918 pascha
1167 2847 1405 2904 celebret
1457 2847 1637 2921 (Cone.
1682 2849 1948 2918 Antioch.,

364 2940 444 2993 tit.
497 2939 574 3010 1).

431 3035 519 3089 70.
566 3035 635 3091 Ut
661 3037 918 3107 episcopi,
953 3035 1274 3108 presbyteri,
1306 3035 1390 3091 vel
1437 3035 1650 3092 diaconi
1695 3051 1802 3092 non
1844 3037 1952 3093 sint

2045 1638 2319 1694 contentio
2352 1638 2532 1707 (Cone.
2561 1636 2832 1706 Carthag.,
2861 1637 2940 1690 tit.
2969 1633 3048 1703 7).

1979 1732 2029 1794 B
2127 1731 2216 1786 84.
2261 1731 2328 1786 Ut
2354 1731 2609 1800 primates
2636 1730 2970 1784 diversarum
3009 1726 3397 1796 provinciarum
3427 1726 3641 1781 nomina

2053 1827 2428 1895 episc0porum
2461 1822 2527 1877 ad
2561 1822 2853 1877 Ecclesiam
2886 1818 3379 1889 Carthaginiensem
3428 1820 3641 1875 mittant

2054 1916 2235 1989 (Conc.
2268 1915 2538 1986 Carthag.,
2566 1917 2646 1969 tit.
2678 1915 2755 1983 '5).

2126 2009 2218 2066 85.
2262 2009 2330 2065 Ut
2374 2009 2654 2080 presbyter
2681 2014 2807 2063 ante
2852 2007 3065 2077 triginta
3113 2020 3377 2062 annorum
3408 2012 3644 2073 aetatem,

2053 2104 2297 2177 quamvis
2341 2105 2414 2158 sit
2456 2103 2668 2172 dignus,
2697 2116 2802 2156 non
2843 2101 3122 2157 ordinetur
3168 2099 3350 2173 (Cone.
3397 2099 3644 2154 Novam-

2053 2212 2185 2259 ειη..
2220 2197 2298 2250 tit.
2327 2196 2440 2264 10).

2126 2285 2216 2346 86.
2260 2287 2328 2344 Ut
2357 2287 2445 2358 qui
2476 2286 2529 2342 in
2560 2285 2878 2356 aegritudine
2904 2284 3068 2340 fuerit
3097 2284 3394 2355 baptizatus
3425 2298 3530 2339 non
3560 2298 3648 2340 or-

2053 2386 2270 2442 dinetur
2320 2385 2599 2456 presbyter
2629 2401 2642 2450 ;
2673 2383 2774 2437 nisi
2805 2382 2941 2437 forte
2971 2389 3190 2451 propter
3220 2381 3382 2435 vitam
3430 2380 3646 2445 bonam,

2053 2490 2145 2534 aut
2167 2478 2443 2533 hominum
2491 2476 2759 2530 raritatem
2787 2473 2966 2544 (Cone.
3019 2473 3373 2538 Nesemann,
3423 2475 3499 2527 tit.
3531 2472 3648 2542 11).

2127 2571 2217 2626 87.
2260 2570 2331 2626 Ut
2380 2572 2661 2641 presbyter
2706 2568 2985 2623 ordinatus
3017 2567 3062 2622 si
3089 2567 3156 2621 de
3202 2569 3379 2638 aliquo
3418 2568 3644 2621 crimine

2055 2664 2332 2720 confessus
2363 2662 2469 2735 [An
2500 2661 2796 2733 convictus)
2843 2661 3025 2727 fuerit,
3051 2668 3142 2715 aut
3183 2659 3248 2715 de
3279 2661 3362 2714 his
3384 2660 3470 2726 qui
3504 2657 3642 2727 lapsi

2055 2767 2200 2824 sunt,
2229 2774 2334 2814 non
2355 2759 2676 2827 suscipiatur
2699 2753 2877 2827 (Conc.
2906 2755 3135 2821 Nicwn.,
3160 2756 3240 2809 tit.
3272 2754 3335 2821 8;
3364 2770 3509 2809 conc.
3535 2753 3649 2810 Na-

2054 2868 2326 2918 vacwsar.,
2360 2851 2442 2906 tit.
2476 2849 2589 2918 11).

2126 2945 2216 3001 88.
2264 2944 2331 3000 Ut
2359 2944 2637 3014 presbyter
2668 2942 2720 2996 in
2760 2940 3007 2996 convivio
3036 2939 3392 2996 secundarum
3437 2939 3650 3010 nuptia-

2055 3056 2176 3099 rum
2207 3054 2312 3094 non
2363 3036 2570 3093 intersit
2600 3036 2776 3107 (Conc.
2817 3034 3173 3102 Novacwsan,
3207 3035 3287 3089 tit.
3315 3034 3394 3104 7).

363 3131 739 3202 conductores,
786 3141 878 3188 aut
918 3141 1293 3203 procuratores
1325 3131 1506 3205 (Cone.
1556 3129 1823 3204 Carthag.,
1874 3135 1954 3191 tit.
1983 3123 2030 3190 C
2136 3131 2227 3189 89.
2271 3131 2339 3187 Ut
2385 3129 2452 3186 de
2495 3128 2767 3184 oblatione
2810 3127 3108 3199 presbyteri
3158 3127 3425 3197 conjugati
3480 3123 3654 3183 nullus

435 3319 527 3373 71.
571 3319 641 3376 Ut
667 3320 925 3390 episcopi,
969 3320 1081 3376 sive
1108 3319 1288 3377 clerici
1332 3321 1385 3375 in
1418 3319 1644 3376 ecclesia
1676 3335 1781 3375 non
1823 3335 1957 3376 con-

364 3407 630 3474 viventur,
661 3409 760 3463 nisi
789 3418 1124 3465 transeuntes
1154 3411 1331 3482 (Cone.
1358 3409 1627 3482 Carthag.,
1661 3412 1737 3466 tit.
1768 3410 1882 3483 58).

435 3499 526 3555 72.
571 3499 640 3556 Ut
669 3501 906 3571 episc0pi
936 3509 990 3554 et
1041 3502 1336 3573 presbyteri
1383 3502 1436 3557 in
1466 3502 1626 3558 domo
1667 3517 1765 3558 sua
1803 3503 1957 3559 obla-

365 3591 540 3647 tiones
568 3608 671 3648 non
706 3593 901 3647 faciant
931 3591 1112 3664 (Conc.
1149 3592 1380 3660 Laodic.,
1414 3595 1492 3650 tit.
1526 3593 1641 3666 56).

435 3682 525 3738 75.
579 3683 645 3739 Ut
674 3685 954 3755 episcopus
1006 3699 1036 3739 a
1085 3685 1466 3741 communione
1509 3703 1614 3742 non
1668 3689 1962 3758 suspendat

365 3787 489 3832 eum
545 3789 702 3845 quem
743 3777 936 3830 asserit
966 3775 1033 3831 de
1063 3786 1284 3846 peccato
1327 3779 1507 3848 aliquo
1539 3778 1641 3833 sibi
1672 3780 1770 3834 soli
1800 3779 1961 3834 fuisse

366 3864 673 3921 confessum
704 3864 884 3936 (Cone.
907 3864 1174 3939 Carthag.,
1200 3867 1278 3920 tit.
1310 3865 1390 3935 2).

440 3961 529 4016 74.
571 3961 637 4017 Ut
689 3963 972 4033 episcopus
1028 3960 1130 4018 sibi
1192 3975 1562 4019 successorem
1622 3978 1726 4018 non
1776 3964 1958 4036 eligat.

371 4054 556 4126 (Cant.
588 4056 850 4124 Antioch.,
886 4056 964 4110 tit.
988 4054 1060 4110 25
1085 4054 1159 4126 ι’).

443 4148 530 4202 75.
575 4147 641 4203 Ut
669 4149 904 4218 episcopi
951 4148 1016 4202 ad
1047 4147 1332 4204 concilium
1372 4160 1689 4220 occurrant;
1735 4163 1827 4209 aut
1855 4169 1963 4210 non

371 4246 736 4306 occurrentes,
769 4227 822 4294 i'n
855 4239 1128 4306 tractoria,
1158 4240 1241 4295 vel
1281 4240 1422 4309 apud
1466 4242 1748 4312 primatem
1798 4258 1963 4300 excu-

371 4332 608 4387 sationes
647 4346 772 4387 suas
801 4332 1034 4404 allegent
1071 4330 1255 4406 (Cone.
1287 4331 1527 4399 Laodic.,
1562 4334 1642 4390 tit.
1674 4333 1781 4399 38;
1817 4353 1961 4394 conc.

373 4421 641 4497 Carthag.,
673 4426 754 4481 tit.
787 4425 903 4498 11).

2063 3224 2259 3280 audeat
2285 3237 2390 3277 non
2422 3219 2821 3277 communicare
2853 3218 3033 3290 (Conc.
3068 3217 3288 3291 Gangr.,
3326 3220 3403 3272 tit.
3433 3217 3512 3287 4).

2136 3315 2226 3371 90.
2269 3313 2337 3369 Ut
2367 3312 2649 3383 presbyter
2678 3311 2979 3366 inconsulto
3021 3311 3301 3380 episcopo,
3332 3308 3384 3362 in
3415 3307 3655 3379 quolibet

2061 3407 2184 3464 loco
2219 3403 2424 3478 agenda
2456 3419 2562 3460 non
2603 3402 2800 3459 audeat
2843 3401 3122 3458 celebrare
3153 3398 3336 3472 (Cone.
3379 3399 3656 3470 Carthag.,

2061 3499 2140 3555 tit.
2174 3495 2255 3571 7).

2135 3590 2226 3647 9!.
2266 3588 2338 3646 Ut
2361 3588 2640 3660 presbyter
2668 3585 2976 3643 inconsulto
3001 3585 3255 3655 episcopo
3287 3583 3524 3654 virgines
3551 3597 3657 3638 non

2063 3690 2377 3749 consecret;
2424 3681 2661 3736 chrisma
2715 3693 2844 3734 vero
2875 3691 3149 3747 nunquam
3195 3676 3445 3730 conﬁciat
3475 3675 3640 3746 (Cone

2065 3774 2338 3845 Carthag.,
2365 3776 2444 3828 tit.
2476 3772 2589 3844 45).

2137 3865 2229 3921 9‘2.
2271 3865 2341 3921 Ut
2383 3863 2687 3936 presbyteri
2717 3863 2953 3918 civitatis
2983 3863 3100 3918 sine
3133 3862 3283 3932 jussu
3307 3859 3544 3932 episcopi
3576 3862 3660 3917 ni-

2066 3957 2144 4014 hil
2168 3957 2411 4028 jubeant,
2440 3972 2540 4012 nec
2567 3956 2620 4012 in
2654 3970 2972 4026 unaquaque
3018 3954 3251 4025 parrecia
3279 3954 3478 4024 aliquid
3504 3961 3661 4024 agant

2067 4053 2249 4127 (Cane.
2283 4054 2565 4124 Auquirit.,
2591 4054 2672 4107 tit.
2705 4051 2816 4121 14).

2139 4144 2230 4201 95.
2276 4146 2340 4201 Ut
2368 4145 2668 4217 presbyteri
2693 4143 3026 4199 abstinentes
3067 4158 3096 4196 a
3137 4139 3410 4205 carnibus,
3446 4147 3662 4209 tangant

2069 4253 2191 4306 eas;
2225 4240 2296 4294 ita
2319 4248 2376 4293 ut
2406 4240 2566 4292 etiam
2598 4237 2748 4291 olera
2772 4249 2892 4306 qua:
2931 4249 3053 4289 cum
3082 4233 3336 4288 carnibus
3359 4239 3662 4302 coquuntur

2069 4332 2356 4389 comedam
2377 4330 2561 4404 (Conc.
2591 4328 2876 4399 Anqnirit.,
2906 4327 2982 4382 tit.
3012 4325 3125 4398 M).

2141 4425 2230 4481 91.
2273 4425 2343 4482 Ut
2370 4422 2699 4496 presbyteris
2726 4421 2985 4477 formatas
3012 4421 3141 4476 dare
3163 4432 3270 4476 non
3300 4418 3457 4475 liceat
3478 4419 3660 4492 (Cone.

363 4530 366 4532 ‘
443 4519 532 4577 76.
578 4519 644 4575 Ut
673 4522 912 4590 exceptis
936 4519 1152 4584 senibus
1181 4522 1271 4593 qui
1313 4521 1435 4577 loco
1462 4523 1665 4579 moveri
1693 4537 1801 4579 non
1831 4538 1957 4595 pos-
1984 4517 2038 4581 D
2066 4520 2332 4583 Antioch.,
2361 4519 2444 4574 tit.
2467 4514 2546 4586 8).

372 4622 497 4668 sunt
537 4622 590 4668 et
635 4613 858 4668 infirmis
889 4612 1174 4685 episcopis,
1209 4614 1299 4684 qui
1345 4613 1650 4672 admonitus
1679 4615 1744 4670 ad
1777 4615 1960 4671 conci-

373 4702 504 4759 lium
552 4718 658 4758 non
699 4706 1022 4770 occurrerit,
1070 4707 1450 4763 communione
1497 4708 1738 4778 privetur
1777 4708 1960 4779 (Cone.

377 4796 650 4851 Marazan.
673 4814 687 4864 ;
717 4815 860 4852 conc.
886 4798 928 4851 Τ
933 4800 1150 4855 husdrit.
1176 4819 1190 4867 ;
1222 4801 1343 4855 item
1369 4817 1514 4856 conc.
1541 4801 1748 4856 Thenit.
1771 4820 1785 4869 ;
1814 4819 1961 4859 conc.

378 4892 771 4964 Septimunic.).

449 4987 540 5042 77.
583 4986 651 5043 Ut
678 4988 958 5057 episcopus
984 4986 1096 5057 qui,
1128 5001 1234 5042 non
1257 4995 1504 5056 suscepta
1534 4987 1818 5058 legatione,
1840 4991 1962 5046 uni-

375 5081 567 5138 versali
598 5079 825 5136 concilio
850 5081 1107 5135 interesse
1133 5081 1632 5151 praesumpserit,ab
1658 5083 1736 5138 eis
1760 5083 1969 5152 episco-

378 5177 461 5247 pis
509 5174 597 5246 qui
649 5173 968 5246 legationem
997 5171 1319 5242 suscipiunt,
1363 5173 1429 5229 ad
1460 5174 1632 5245 ipsum
1681 5173 1966 5230 concilium

378 5285 484 5326 non
514 5269 825 5326 admittatur
852 5266 1030 5340 (Cone.
1063 5266 1380 5348 Thusdrit.).

451 5361 537 5414 78.
580 5361 650 5417 Ut
678 5362 853 5416 nullus
883 5360 1161 5430 episcopus
1212 5367 1485 5434 prim-ibus
1515 5361 1626 5419 suis
1669 5377 1729 5421 se
1774 5361 1968 5420 audeat

381 5461 705 5524 anteponere
734 5454 910 5525 (Cone.
941 5451 1175 5521 Milevit.,
1195 5461 1274 5532 tit,
1311 5467 1392 5548 ε),

454 5637 478 5667 ι
519 5630 737 5686 Videtur
768 5631 850 5686 hic
880 5631 1058 5689 deesse
1074 5633 1137 5689 ali

450 5701 474 5740 ιδ
514 5703 637 5772 ch.
673 5703 749 5754 n't.
777 5701 827 5754 6.

454 5784 475 5814 ο
516 5776 690 5839 Trec.,
719 5774 796 5829 tit.
826 5773 874 5829 9.

1139 5657 1218 5744 κεν

2145 4613 2238 4670 95.
2278 4612 2348 4669 Ut
2396 4611 2694 4684 presbyteri
2723 4625 2836 4666 rem
2867 4606 3124 4664 Ecclesize
3166 4608 3284 4664 sine
3331 4609 3665 4668 conscientia

2071 4707 2312 4778 episcopi
2342 4721 2448 4761 non
2495 4705 2731 4761 vendant
2759 4702 2939 4775 (Cone.
2969 4702 3252 4772 Anquirit.,
3279 4703 3356 4756 tit.
3389 4701 3489 4767 15;
3514 4718 3657 4755 conc.

2071 4802 2437 4875 llippom’reg.,
2469 4802 2549 4854 tit.
2581 4801 2694 4869 11).

2142 4894 2233 4949 96.
2275 4892 2345 4948 Ut
2372 4891 2656 4963 presbyter
2695 4891 2784 4960 qui
2815 4899 3023 4946 reatum
3056 4886 3361 4951 incurrerit,
3395 4901 3423 4939 a
3453 4900 3545 4941 sex
3572 4885 3660 4942 vel

2072 4995 2281 5055 septem
2311 4984 2580 5052 episc0pis
2618 4982 2863 5038 audiatur
2890 4981 3074 5054 (Cone.
3119 4979 3361 5049 Carthag.
3405 4977 3496 5032 sub
3527 4979 3660 5031 anti-

2071 5080 2188 5135 stite
2215 5077 2502 5145 Genethlio,
2527 5078 2606 5131 tit.
2635 5077 2668 5133 8
2697 5077 2769 5148 ε).

2144 5175 2234 5229 97.
2265 5173 2334 5229 Ut
2388 5172 2666 5244 presbyter
2695 5172 2786 5241 qui
2816 5167 3110 5224 immolavit
3151 5163 3340 5230 idolis,
3374 5171 3429 5220 et
3471 5171 3660 5232 postea

2073 5283 2171 5342 pro
2202 5267 2304 5324 [ide
2332 5267 2607 5334 conﬂixit,
2652 5266 2856 5319 honore
2885 5260 3098 5332 quidem
3141 5273 3247 5314 non
3281 5256 3547 5327 privetur;
3582 5264 3662 5312 ta-

2072 5376 2197 5419 men
2229 5373 2328 5416 nec
2355 5357 2640 5420 sacriﬁcet,
2672 5369 2770 5409 nec
2799 5365 3102 5408 sermonem
3133 5350 3292 5405 faciat
3323 5345 3372 5403 ά.

2145 5451 2237 5507 98.
2270 5451 2339 5509 Ut
2367 5449 2668 5522 presbyter,
2695 5446 2740 5502 si
2773 5459 2991 5501 uxorem
3013 5442 3248 5511 duxerit,
3266 5441 3591 5513 deponatur;
3613 5439 3660 5497 si

2074 5633 2482 5766 ndiSumptus
2535 5640 2618 5692 est
2658 5646 2830 5692 canon
2873 5647 2940 5691 ex
2989 5633 3218 5692 concilio
3285 5629 3639 5703 Anquiritano

2103 5726 2161 5764 I.
2229 5743 2246 5763 ο

2103 5726 2161 5764 ιι.
2193 5726 2246 5763 ἰο
