4078 6440
475 385 579 443 955

1366 373 1739 436 FULGENTII
1779 358 2132 429 FERRANDl
2172 364 2447 423 DlACONl
2485 363 2837 423 CARTHAG.

3670 354 3783 415 956

476 506 654 557 autem
702 502 989 555 fornicatus
1029 496 1227 561 fuerit,
1283 494 1446 550 etiam
1486 492 1854 563 paenitentiam
1902 501 2061 561 agere
2091 489 2147 549 Λ
2248 486 2373 541 118.
2419 482 2488 540 Ut
2514 484 2723 540 diaconi
2750 478 2831 538 vel
2865 479 3164 553 presbyteri
3200 478 3245 536 si
3284 493 3315 535 a
3345 477 3648 537 ministerio
3682 491 3782 534 re-

476 593 831 663 cotnpellatur
868 589 1051 655 (Cone.
1086 590 1447 654 Novaca’sar.,
1490 589 1567 641 tit.
1606 588 1659 657 1)

547 683 636 741 99.
670 683 733 740 Ut
758 682 1038 755 presbyter
1065 681 1149 737 vel
1179 680 1468 745 diaconus,
1501 679 1602 750 qui’
1634 678 1844 733 deserta
1880 676 2071 733 Eccle-

476 778 556 837 sia
585 794 679 835 sua
710 779 775 834 ad
800 779 959 833 aliam
984 774 1296 841 transierit,
1331 774 1376 829 si
1402 783 1525 844 post
1560 774 1935 829 evocationem
1958 771 2076 840 epi-

477 876 627 945 scopi
657 875 738 931 sui
768 887 1018 930 reversus
1063 887 1167 928 non
1200 870 1396 938 fuerit,
1425 870 1728 941 deponatur
1778 867 1929 940 (Con.
1960 868 2073 922 Λη-

478 968 659 1036 ιὶοεΙι..
685 968 765 1023 tit.
791 967 868 1040 5).
1596 953 1603 963 ’

547 1060 674 1116 100.
698 1060 767 1117 Ut
810 1059 1098 1129 presbyter
1119 1058 1206 1113 vel
1250 1058 1543 1123 diaconus,
1575 1056 1619 1111 si
1650 1070 1679 1110 a
1710 1055 1928 1125 preprio
1957 1053 2075 1123 epi-

477 1165 643 1223 scopo
672 1160 1059 1209 exauctoratus
1088 1150 1261 1207 sancti
1288 1150 1573 1205 ministerii
1609 1148 1883 1220 quidpiam
1919 1161 2075 1217 pra:-

476 1248 785 1317 sumpserit,
819 1261 973 1317 spem
1000 1244 1358 1303 restitutionis
1384 1258 1489 1299 non
1517 1243 1709 1300 habeat
1739 1242 1921 1314 (Cone.
1953 1241 2065 1296 An-

481 1342 663 1409 tioclt.,
688 1344 771 1400 tit.
799 1343 885 1413 4).

554 1434 673 1490 101.
722 1432 789 1489 Ut
821 1434 1102 1505 presbyter
1126 1433 1211 1489 vel
1230 1432 1529 1503 diaconus,
1568 1432 1745 1504 quise
1780 1432 1849 1487 ab
1891 1431 2077 1488 Eccle-

477 1528 558 1583 sia
600 1526 1041 1597 scquestraverit,
1073 1534 1127 1583 et
1158 1525 1211 1581 in
1254 1525 1417 1581 domo
1456 1539 1553 1581 sua
1595 1526 1762 1581 altare
1811 1526 2072 1594 erexerit,

478 1619 777 1690 deponatur
806 1619 993 1690 (Cone.
1020 1619 1289 1690 Antioch",
1323 1620 1405 1674 tit.
1427 1617 1493 1687 5,
1516 1634 1663 1675 conc.
1686 1616 1958 1689 Carthag.,
1989 1626 2070 1673 tu.

478 1709 557 1783 τ).

553 1801 678 1861 102.
722 1803 791 1860 Ut
819 1803 978 1861 liceat
1004 1803 1119 1860 sive
1142 1802 1475 1875 presbyteris
1514 1802 1632 1859 sive
1653 1801 1966 1859 diaconibus
1992 1845 2006 1869 ,
2029 1803 2074 1858 si

2178 581 2309 637 moti
2338 581 2567 646 fuerint,
2601 594 2706 634 non
2740 578 2816 633 eis
2844 591 3033 632 manus
3061 574 3146 629 vel
3175 585 3427 645 tanquam
3458 575 3783 645 panitenti-

2176 680 2308 745 bus,
2342 680 2425 735 γε)
2470 688 2719 750 tanquam
2752 674 3001 731 ﬁdelibus
3029 671 3180 729 laicis
3211 671 3556 743 imponantur
3583 668 3785 743 (Coac.

2179 775 2453 849 Carlhag.,
2481 774 2557 827 til.
2591 770 2704 844 12).

2251 890 2377 949 119.
2402 893 2471 950 Ut
2508 891 2720 948 diaconi
2752 905 2858 947 non
2886 888 3204 945 ordinentur
3229 885 3320 958 qui
3347 893 3733 957 procuratores
3774 920 3792 944 .

2179 996 2233 1045 et
2259 996 2501 1053 actores,
2526 996 2581 1042 et
2620 992 2860 1049 tutores,
2891 990 2947 1038 et
2986 991 3263 1037 curatores
3304 978 3629 1049 pupillorum
3664 977 3789 1030 lue-

2180 1092 2324 1148 runt,
2355 1080 2460 1136 nisi
2486 1086 2612 1150 post
2635 1077 2879 1148 deposita
2904 1075 3156 1133 universa
3184 1084 3238 1131 et
3259 1071 3468 1130 reddita
3495 1068 3789 1126 ratiocinia

2180 1178 2363 1250 (Cone.
2390 1176 2659 1249 Cartkaq.,
2694 1176 2774 1231 tit.
2807 1174 2884 1245 7).

2254 1295 2377 1351 120.
2419 1295 2484 1351 Ut
2509 1294 2749 1350 diaconis
2778 1291 2908 1348 solis
2940 1292 3113 1379 liceat
3138 1289 3207 1344 ad
3234 1289 3404 1344 altare
3430 1285 3639 1358 ingredi
3661 1330 3677 1355 ,
3727 1291 3791 1342 et

2180 1390 2579 1445 communicare
2609 1386 2792 1461 (Cone.
2819 1385 3066 1451 Iamdiu,
3092 1386 3173 1441 ﬁt.
3208 1382 3320 1453 18).

2255 1506 2377 1561 121.
2418 1504 2491 1560 Ut
2514 1513 2636 1558 ante
2668 1502 2855 1574 viginti
2883 1501 3117 1571 quinque
3144 1508 3315 1553 annos
3343 1509 3444 1551 nec
3468 1492 3655 1551 clerici
3687 1506 3791 1548 or-

2180 1598 2457 1665 dinentur,
2492 1611 2591 1653 nec
2616 1597 2849 1667 virgines
2872 1600 3255 1649 consecrentur
3287 1588 3471 1661 (Cano.
3503 1586 3793 1656 Carthag.,

2180 1692 2264 1747 tit.
2293 1690 2371 1761 9).

2256 1804 2381 1861 122.
2418 1805 2482 1860 Ut
2503 1805 2686 1861 clerici
2709 1819 2830 1861 cum
2855 1804 3171 1860 mulieribus
3192 1799 3467 1859 extraneis
3493 1814 3603 1856 non
3627 1797 3793 1855 babi-

478 1894 674 1965 injustc
720 1897 1170 1953 excommunicati
1221 1895 1451 1964 fuerint,
1485 1897 1740 1953 ﬁnitimos
1786 1898 2069 1970 episcopos
2100 1890 2153 1955 Β
2181 1908 2294 1955 teut
2323 1898 2505 1970 (Cons.
2544 1897 2776 1965 Ninum,
2803 1898 2878 1952 tit.
2909 1901 2979 1963 5;
3009 1912 3153 1952 conc.
3185 1895 3462 1967 Carthag.,
3487 1892 3580 1948 sub
3611 1901 3791 1946 sancto

478 1986 821 2057 interpellare
851 1987 1029 2061 (Cons.
1063 1988 1297 2055 Sardic.,
1326 1990 1403 2043 (it.
1427 1989 1537 2061 18).

551 2083 677 2140 105.
720 2083 788 2143 Ut
840 2085 1143 2156 presbyteri
1190 2086 1413 2142 alterius
1454 2085 1689 2156 regionis
1729 2085 2083 2156 praesentibus

480 2175 810 2249 presbyteris
864 2191 971 2232 non
1016 2176 1326 2233 sacriﬁcent
1365 2174 1549 2249 (Cone.
1612 2176 1966 2246 Novactesar.,
1997 2179 2079 2233 tit.

481 2267 593 2324 12).

553 2270 684 2418 )101.
715 2362 787 2421 Ut
813 2364 1028 2422 diaconi
1056 2374 1267 2435 septem
1298 2378 1421 2421 esse
1446 2364 1676 2421 debeant
1699 2364 1881 2436 (Cone.
1906 2365 2085 2423 Nova-

482 2469 687 2523 (man,
720 2458 798 2510 Iit.
829 2456 941 2529 15).

555 2547 679 2604 105.
709 2548 780 2607 Ut
806 2549 1015 2606 diaconi
1032 2550 1246 2621 judicio
1269 2550 1450 2623 populi
1474 2564 1582 2608 non
1611 2551 1879 2622 eligantur
1898 2554 2083 2626 (Cone.

481 2636 722 2708 Laertia,
755 2642 833 2698 tit.
866 2642 973 2711 15).

565 2732 686 2788 106.
715 2733 783 2790 Ut
826 2734 1036 2791 diaconi
1063 2744 1188 2793 ante
1234 2717 1610 2809 presbyterum
1642 2750 1747 2793 non
1779 2738 2083 2795 communi-

483 2833 609 2879 cent
630 2825 811 2894 (Cone.
847 2825 1081 2897 Monam,
1106 2828 1183 2882 tit.
1219 2826 1333 2899 14).

556 2918 684 2975 107.
719 2919 790 2976 Ut
814 2920 1077 2977 diaconus
1110 2932 1378 2990 pru‘sente
1417 2925 1732 2994 presbytero
1760 2937 1867 2978 non
1898 2925 2089 2983 sedeat

482 3010 587 3067 nisi
621 3011 805 3080 jussus
847 3011 1029 3082 (Cone.
1063 3011 1309 3079 Laodic.,
1336 3014 1413 3068 tit.
1447 3014 1560 3085 19).

557 3103 683 3160 108.
718 3104 786 3159 Ut
812 3105 1174 3163 subdiaconus
1206 3123 1397 3176 panem
1433 3122 1538 3163 non
1586 3120 1791 3183 eroget,
1825 3128 1924 3169 nec
1945 3114 2085 3169 cali-

487 3210 608 3251 cent
642 3197 923 3254 benedicat
957 3198 1140 3270 (Cone.
1166 3198 1406 3265 Laodic.,
1449 3200 1664 3273 111.25).

2190 1991 2372 2059 Grato,
2413 1995 2492 2046 tt't.
2526 1994 2595 2057 5;
2630 1990 2787 2048 Conc.
2823 1991 3097 2045 uniuersali
3124 1989 3423 2061 Carthag.).

2262 2083 2386 2140 125.
2428 2082 2499 2140 Ut
2525 2084 2700 2139 nullus
2739 2082 2970 2138 clericus
2994 2082 3196 2137 feneret
3236 2080 3418 2153 (Cone.
3454 2077 3791 2143 Nican.,tit.

2190 2179 2290 2244 14;
2332 2193 2476 2234 conc.
2503 2176 2772 2249 Carthag.,
2800 2177 2892 2232 sub
2918 2186 3096 2231 sancto
3122 2175 3305 2241 Grato,
3323 2176 3404 2230 tit.
3444 2173 3510 2229 12
3536 2174 3608 2242 ε).

2260 2269 2385 2327 124.
2427 2270 2498 2328 Ut
2538 2271 2770 2327 lectores
2798 2270 2976 2326 orario
3005 2284 3109 2323 non
3154 2276 3393 2332 utantur,
3429 2267 3545 2322 sive
3590 2266 3793 2337 legant,

2188 2364 2303 2420 sive
2333 2363 2561 2433 psallant
2590 2361 2771 2436 (Cone.
2802 2362 3136 2428 Laodicensi,
3166 2363 3245 2414 tit.
3276 2360 3392 2431 22).

2266 2456 2394 2511 125.
2424 2456 2495 2512 Ut
2532 2457 2747 2513 clericis
2778 2472 2885 2512 non
2930 2456 3088 2511 liceat
3134 2452 3658 2508 administrationem
3702 2458 3794 2505 aut

2189 2553 2624 2624 procurationem
2667 2553 2950 2607 domorum
2982 2549 3259 2621 suscipere
3298 2547 3480 2617 (Cone.
3516 2546 3794 2619 Carthag.,

2190 2647 2283 2700 sub
2310 2656 2488 2701 sancto
2516 2644 2706 2712 Grato,
2734 2644 2813 2699 tit.
2850 2643 2928 2713 5).

2262 2740 2387 2796 126.
2433 2740 2499 2796 Ut
2527 2741 2755 2796 clericus
2780 2740 2867 2796 vel
2891 2739 3056 2795 laicus
3086 2753 3191 2794 non
3218 2735 3580 2793 communicet
3610 2736 3667 2790 in
3689 2733 3795 2794 alia

2189 2832 2349 2903 plebe
2382 2830 2569 2903 (Cone.
2603 2831 2872 2903 Carthag.,
2897 2831 2987 2885 sub
3015 2839 3189 2884 sancto
3216 2828 3398 2895 Grato,
3423 2829 3502 2882 tit.
3532 2827 3610 2897 6).

2265 2925 2391 2981 127.
2426 2924 2495 2981 Ut
2520 2924 2701 2981 clerici
2724 2925 2842 2980 sine
2869 2924 3097 2979 formata
3119 2930 3174 2978 et
3194 2920 3523 2977 conscientia
3554 2919 3797 2991 episcopi

2191 3034 2291 3089 per
2317 3020 2522 3074 alienas
2552 3019 2737 3087 plebes
2768 3032 2875 3072 non
2899 3025 3161 3087 vagentur
3192 3012 3371 3086 (Coac.
3398 3012 3722 3084 Mardum).

2266 3113 2387 3168 128.
2421 3113 2490 3170 Ut
2515 3113 2730 3182 superbi
2752 3112 2932 3168 clerici
2954 3120 3303 3169 coerceantur
3317 3108 3498 3183 (Coac.
3521 3110 3795 3182 ὤνιοι,

2190 3206 2284 3259 sub
2307 3213 2483 3259 sancto
2514 3203 2700 3271 Grato,
2734 3205 2814 3257 tit.
2853 3202 2968 3274 10).

556 3289 681 3345 109.
725 3290 795 3345 Ut
833 3291 1093 3346 diaconus
1120 3332 1135 3357 ,
1192 3292 1277 3347 vel
1316 3291 1542 3362 quilibet
1579 3294 1810 3351 clericus
1839 3296 1906 3352 ad
1953 3313 2083 3369 aga-
2118 3277 2167 3345 C
2274 3298 2394 3353 120.
2429 3296 2499 3354 Ut
2529 3297 2790 3364 lectores,
2834 3295 2959 3350 dum
3006 3295 3072 3351 ad
3111 3309 3282 3350 annos
3310 3293 3609 3364 pubertatis
3638 3308 3800 3349 rene-

487 3392 610 3449 pent
643 3390 894 3448 vocatus,
938 3391 1143 3450 partem
1175 3397 1284 3438 nou
1332 3382 1481 3439 tollat
1510 3382 1689 3442 (Cone.
1727 3386 1964 3455 Laodic.,
1997 3392 2077 3448 tit.

485 3473 604 3531 21).

558 3564 686 3622 110.
728 3565 1079 3627 Utdiaconus
1120 3580 1214 3627 aut
1254 3570 1513 3641 clericus,
1547 3589 1732 3645 magus
1753 3584 1807 3632 et
1838 3576 2078 3638 incauta;

487 3664 572 3713 tor
592 3673 706 3807 ain
736 3659 836 3727 sit,
864 3676 1038 3733 neque
1071 3663 1401 3736 pltylacteria
1440 3662 1599 3721 faciat
1632 3666 2084 3740 (Conc.rLaodic.,

488 3750 569 3804 tit.
667 3752 707 3821 ).

559 3845 686 3905 111.
727 3846 798 3903 Ut
855 3846 1113 3904 diaconus
1153 3849 1236 3906 vel
1292 3852 1453 3905 etiam
1488 3851 1654 3910 laicus
1692 3855 1810 3911 sine
1854 3856 2087 3919 formata

486 3937 681 3996 alicubi
713 3956 817 3996 non
847 3942 1253 4011 proﬁciscantur
1295 3942 1480 4015 (Cone.
1513 3944 1756 4015 Laodic.,
1782 3949 1862 4004 tit.
1897 3951 2013 4017 59).

562 4033 688 4091 112.
724 4034 794 4091 Ut
814 4037 1024 4092 diaconi
1047 4038 1130 4093 vel
1156 4038 1378 4108 quilibet
1406 4038 1628 4108 clerici,
1663 4051 1859 4111 praeter
1881 4043 2088 4113 jussio-

489 4144 612 4186 nem
640 4129 877 4200 episcopi
921 4129 987 4185 ad
1022 4131 1306 4201 peregrina
1334 4144 1441 4187 non
1470 4133 1879 4201 proﬁciscantur
1902 4134 2089 4209 (Cone.

489 4221 731 4289 Laertia,
758 4222 835 4277 tit.
858 4222 930 4279 40
957 4222 1032 4295 κ).

426 4318 429 4319 ⁷
562 4315 689 4372 115.
735 4314 801 4373 Ut
845 4316 1058 4373 diaconi
1115 4318 1205 4374 vel
1260 4316 1444 4374 clerici
1492 4318 1816 4388 spectaculis
1870 4335 1991 4392 qum
2037 4321 2095 4379 in

489 4410 691 4481 nuptiis
717 4410 1063 4480 exhibentur,
1087 4426 1194 4468 non
1220 4412 1475 4470 intersint
1501 4412 1686 4485 (Cone.
1728 4414 1970 4485 Laodic.,
2000 4419 2087 4474 tit.

491 4501 606 4559 52).

566 4504 693 4657 )111.
751 4601 823 4658 Ut
876 4600 1119 4667 diaconi,
1171 4601 1259 4657 vel
1308 4602 1535 4674 quilibet
1563 4604 1747 4660 clerici
1791 4614 1885 4661 aut
1931 4606 2095 4662 etiam

2192 3390 2343 3458 rint,
2377 3401 2639 3460 cogantur
2670 3397 2760 3444 aut
2804 3401 3009 3443 uxores
3030 3386 3229 3442 ducere
3248 3426 3265 3453 ,
3294 3394 3389 3441 aut
3411 3386 3797 3442 continentiam

2195 3483 2435 3554 proﬁteri
2464 3482 2644 3552 (Conc.
2676 3479 2949 3553 Carthag.,
2983 3481 3061 3535 tit.
3094 3477 3213 3550 27).

2271 3580 2392 3633 150.
2441 3577 2505 3633 Ut
2535 3577 2813 3632 mulierem
2836 3575 3067 3630 clericus
3094 3588 3201 3629 non
3248 3572 3407 3629 ducat
3452 3587 3697 3628 uxorem.
3733 3570 3800 3630 Et

2195 3683 2258 3729 ut
2288 3676 2332 3729 is
2361 3676 2448 3744 qui
2482 3674 2647 3729 laicus
2672 3671 2889 3727 viduam
2934 3668 3185 3733 duxerit,
3233 3682 3341 3724 non
3390 3666 3707 3725 admittatur
3733 3670 3804 3726 ad

2194 3775 2400 3831 clerum
2429 3771 2610 3841 (Cone.
2634 3769 2883 3835 Zellens.,
2919 3783 2982 3822 ea:
3007 3765 3225 3834 epistola
3254 3781 3402 3837 papae
3431 3766 3641 3836 Sirici).

2274 3868 2399 3923 151.
2440 3865 2510 3922 Ut
2556 3880 2659 3919 non
2692 3865 2870 3931 liceat,
2913 3870 3111 3932 prater
3147 3859 3434 3915 canonicos
3480 3858 3683 3930 psaltas
3711 3858 3804 3929 qui

2199 3957 2462 4031 pulpitum
2483 3957 2779 4013 ascendunt
2801 3964 2856 4012 et
2884 3954 2954 4010 de
2980 3952 3168 4010 codice
3192 3954 3397 4024 legunt,
3427 3953 3595 4009 alium
3615 3967 3805 4023 quem-

2199 4054 2335 4111 libet
2359 4055 2409 4109 in
2436 4052 2666 4109 ecclesia
2709 4049 2937 4121 psallere
2965 4044 3014 4103 δ.

2276 4144 2401 4200 152.
2434 4144 2502 4200 Ut
2522 4142 2701 4199 clerici
2732 4144 2813 4198 vel
2845 4142 3191 4197 continentes
3212 4180 3229 4205 ,
3268 4138 3336 4194 ad
3361 4137 3547 4193 viduas
3575 4136 3662 4191 vel
3695 4136 3805 4191 vir-

2200 4240 2353 4308 gines
2374 4240 2490 4295 sine
2525 4236 2679 4307 jussu
2712 4236 2790 4292 vel
2824 4237 3087 4306 permissu
3109 4232 3345 4304 episcopi
3395 4230 3479 4287 vel
3500 4226 3806 4301 presbyteri

2202 4348 2311 4387 non
2338 4330 2593 4387 accedant
2618 4327 2803 4400 (Cone.
2837 4326 3106 4398 Carthag.,
3139 4326 3220 4379 tit.
3245 4324 3362 4393 55).

2277 4424 2399 4480 155.
2433 4423 2501 4480 Ut
2532 4422 2712 4479 clerici
2758 4419 3087 4492 apothecarii
3114 4419 3194 4474 vel
3247 4416 3663 4473 ratiocinatores
3695 4429 3809 4470 non

2204 4519 2519 4574 ordinentur
2545 4516 2724 4589 (Cano.
2749 4515 3022 4584 Cartltug.,
3062 4512 3152 4567 sub
3182 4520 3364 4566 sancto
3387 4508 3573 4576 Grato,
3606 4509 3687 4562 tit.
3723 4506 3803 4576 8).

2280 4610 2404 4668 154.
2445 4611 2515 4667 Ut
2541 4610 2726 4666 clerici
2754 4608 2948 4664 edendi
2978 4607 3061 4661 vel
3088 4603 3305 4661 bibendi
3345 4617 3508 4659 causa
3550 4601 3807 4657 tabernas

496 4692 622 4750 laici
645 4691 967 4759 Christiani,
988 4709 1055 4749 ex
1077 4694 1336 4766 symbolis
1352 4695 1663 4751 convivium
1688 4711 1793 4752 non
1818 4698 2101 4757 celebrent
2126 4680 2186 4743 Ῑ)
2210 4720 2316 4763 non
2373 4703 2771 4775 ingrediantur,
2827 4701 2930 4757 nisi
3003 4696 3451 4768 peregrinationis
3508 4692 3807 4750 necessitas

496 4784 679 4857 (Cone.
710 4785 950 4853 Laodic.,
964 4787 1044 4842 tit.
1071 4786 1184 4857 55).

568 4881 691 4938 115.
737 4880 1037 4938 Utdiaconi
1063 4922 1078 4949 ,
1103 4881 1188 4937 vel
1222 4880 1531 4951 quicunque
1558 4882 1613 4937 in
1646 4881 1962 4940 sacerdotali
1995 4886 2095 4940 mi-

497 4974 721 5032 nisterio
750 4974 1025 5030 constituti
1051 5018 1068 5044 ,
1104 4988 1294 5029 usuras
1321 4983 1378 5030 et
1409 4973 1579 5042 lucra,
1614 4974 1665 5031 id
1708 4983 1794 5031 est
1822 4978 2092 5049 sescupla,

496 5081 603 5123 non
636 5067 853 5135 exigant
873 5066 1055 5138 (Cano.
1089 5066 1330 5133 Laodic.,
1363 5068 1447 5122 tit.
1478 5068 1559 5138 5).

573 5161 695 5219 116.
735 5159 805 5215 Ut
830 5160 1041 5216 diaconi
1064 5163 1153 5232 qui
1180 5161 1634 5231 immolaverunt,
1665 5170 1721 5217 et
1750 5170 1935 5232 postea
1957 5162 2100 5219 relu-

499 5257 628 5313 ctati
658 5266 782 5312 sunt
812 5299 827 5325 ,
876 5256 928 5311 in
975 5255 1183 5311 honore
1220 5254 1433 5325 quidem
1463 5270 1564 5311 suo
1602 5267 1977 5327 permaneant,
2003 5257 2100 5331 sed

502 5350 572 5406 ab
601 5349 743 5404 omni
766 5348 950 5403 altaris
981 5347 1278 5404 ministerio
1304 5349 1635 5419 repellantur
1661 5347 1713 5403 ι).

577 5443 704 5497 117.
740 5442 809 5498 Ut
836 5443 1094 5498 diaconus
1124 5444 1215 5512 qui
1248 5443 1302 5497 in
1331 5443 1612 5514 corporale
1658 5452 1938 5513 peccatum
1969 5442 2103 5500 inci-

498 5536 607 5603 ‘dit,
630 5536 705 5592 ab
732 5537 919 5593 ordine
940 5536 1231 5593 ministerii
1258 5537 1589 5594 abstineatur
1622 5534 1805 5608 (Cone.
1848 5536 2100 5593 Novam-

506 5643 641 5698 βαι,
665 5628 746 5683 tit.
775 5628 857 5701 9).

582 5796 607 5824 ι·
649 5770 808 5841 Trec.
836 5768 897 5840 ’11
932 5802 949 5853 ;
976 5782 1136 5841 Corb.
1160 5783 1259 5852 20;
1284 5784 1653 5842 emendandus
1676 5793 1922 5855 uterque.

583 5855 912 5932 {Sumptus
955 5865 1039 5925 est
1086 5871 1258 5917 canon
1311 5873 1379 5915 ex
1429 5855 1663 5914 concilio
1706 5855 2101 5929 Anquiritano,

512 5928 599 5987 tit.
628 5928 685 5985 ‘2.

2207 4796 2443 4868 coegerit
2486 4794 2669 4861 (Cone.
2703 4792 2943 4858 Laudic.,
2991 4791 3073 4845 tit.
3124 4790 3192 4855 7,
3235 4789 3356 4843 item
3394 4786 3485 4855 21,
3524 4788 3645 4840 item
3690 4784 3805 4848 25;

2207 4908 2353 4946 conc.
2389 4890 2654 4960 Carllmg.,
2695 4889 2774 4943 tit.
2807 4885 2921 4960 55).

2284 4982 2405 5039 155.
2432 4983 2499 5039 Ut
2525 4983 2703 5038 clerici
2735 4981 2788 5035 in
2835 4980 3013 5035 aliena
3054 4978 3269 5032 civitate
3291 4991 3395 5031 non
3427 4974 3806 5036 immorentur,

2209 5075 2314 5131 nisi
2344 5089 2533 5130 causas
2562 5088 2749 5127 eorum
2796 5072 2968 5143 justas
3014 5069 3299 5139 episcOpus
3331 5068 3431 5122 loci
3462 5067 3546 5122 vel
3568 5064 3805 5135 presby-

2209 5167 2312 5223 teri
2341 5166 2580 5221 locorunt
2614 5164 2941 5235 perviderint
2969 5160 3149 5233 (Conc.
3184 5158 3434 5231 Carthag.
3467 5159 3548 5211 tit.
3581 5153 3696 5225 41).

2282 5262 2406 5317 156.
2458 5258 2528 5317 Ut
2574 5269 2856 5316 accusatus
2895 5258 3124 5314 clericus
3168 5257 3303 5311 intra
3336 5269 3537 5310 annum
3590 5263 3807 5306 causam

2207 5368 2359 5410 suam
2382 5369 2542 5424 agere
2571 5354 2764 5408 debeat
2787 5351 2967 5419 (Conc.
2993 5351 3263 5422 Carthag.,
3292 5350 3372 5403 tit.
3408 5348 3517 5414 15).

2283 5449 2409 5505 157.
2446 5448 2515 5506 Ut
2543 5448 2771 5503 clericus
2800 5462 2905 5502 non
2934 5447 3059 5511 ﬁat,
3111 5445 3263 5515 cujus
3309 5457 3449 5499 uxor
3479 5455 3600 5498 cum
3629 5437 3811 5494 adhuc

2211 5532 2358 5598 esset
2384 5542 2587 5608 laicus,
2626 5539 2921 5595 adulterata
2971 5547 3075 5594 est.
3111 5538 3173 5593 Et
3218 5546 3276 5592 ut
3329 5536 3554 5593 clericus
3580 5545 3810 5589 uxorem

2211 5637 2508 5692 adulteram
2536 5635 2750 5691 deserat
2780 5634 2961 5706 (Conc.
3000 5631 3354 5698 Noracwsar.,
3386 5630 3468 5685 tit.
3499 5627 3621 5698 14).

2290 5806 2312 5863 ς
2344 5791 2675 5863 Legendum,
2709 5792 2788 5845 tit.
2824 5790 2909 5863 15.

2283 5859 2322 5894 "-
2354 5854 2451 5929 Εδῖ
2478 5880 2545 5922 ex
2576 5854 2802 5922 concilio
2833 5862 3173 5937 Laodicensi,
3198 5861 3280 5917 tit.
3308 5854 3400 5915 15.
