4078 6440
1839 171 1869 182 ο

303 310 410 367 957

1582 322 1955 386 BREVIATIG
1994 332 2345 392 CANONUM.

3490 344 3598 405 958

378 431 607 535 158.}?
632 435 896 535 abiectum
945 440 1199 498 clericum
1243 443 1347 499 alia
1396 442 1639 499 Ecclesia
1672 460 1777 501 non
1808 444 1980 505 ad-A
2085 449 2211 506 160.
2244 450 2309 506 Ut
2338 452 2427 523 qui
2471 453 2688 511 domum
2730 455 2828 512 Dei
2858 459 3312 530 contemptibilem
3341 461 3595 535 duxerit,

304 525 482 581 mittat
509 526 691 599 (Cano.
724 531 947 602 Zelten.,
979 550 1043 591 ea:
1063 535 1277 603 epistola
1301 552 1448 608 pupa'
1476 535 1681 607 Sirici).

373 616 498 673 159.
552 620 629 677 Ut
660 630 768 679 non
808 624 966 681 liceat
1004 627 1258 682 clericum
1308 644 1334 682 a
1367 630 1563 699 popqu
1592 644 1901 685 excommu-

297 712 487 781 nicari,
534 715 648 771 sive
697 718 959 789 praesente
994 721 1109 783 sive
1157 723 1378 779 absente
1424 723 1681 794 episcopo
1712 722 1895 795 (Cone.

296 804 688 882 Septimum)

371 919 496 978 140.
524 921 597 980 Ut
625 926 857 982 ministri
887 943 991 984 nun
1020 928 1254 986 habeant
1274 929 1551 987 licentiam
1575 931 1630 986 in
1662 940 1899 989 secreta-

293 1011 377 1066 rio
403 1014 611 1085 ingredi
634 1018 820 1092 (Cone.
842 1021 1086 1092 Laertia,
1117 1027 1197 1080 ﬁt.
1230 1024 1350 1097 21).

370 1128 490 1184 141.
519 1130 589 1185 Ut
618 1133 847 1191 ministri
870 1138 1048 1194 orario
1065 1154 1171 1196 non
1199 1149 1447 1211 utantur,
1473 1156 1573 1199 nec
1589 1142 1897 1215 relinquant

294 1220 430 1276 ostia
459 1222 643 1292 (δοκε.
677 1225 890 1284 Laodic.
928 1232 1008 1287 tit.
1039 1230 1109 1287 21
1140 1251 1154 1301 ;
1189 1237 1309 1289 item
1340 1234 1453 1307 41).

368 1331 490 1389 142.
524 1334 587 1393 Ut
608 1352 712 1395 non
736 1346 1041 1401 exorcizent
1068 1348 1146 1403 illi
1176 1350 1265 1420 qui
1292 1349 1515 1405 necdum
1542 1349 1611 1406 ab
1640 1351 1895 1423 episcopo

293 1435 424 1481 sunt
450 1433 687 1499 provecti
712 1432 891 1503 (Cone.
926 1438 1170 1506 Laodic.,
1202 1442 1283 1495 tit.
1311 1442 1432 1514 25).

367 1520 491 1575 145.
526 1520 592 1577 Ut
620 1523 702 1579 bis
726 1527 780 1582 in
805 1544 948 1587 anno
985 1548 1080 1602 per
1115 1536 1355 1605 singulas
1386 1536 1689 1606 provincias
1714 1538 1895 1594 conci-

294 1610 365 1666 lia
416 1613 542 1669 ﬁant
573 1616 756 1689 (Cone.
811 1621 1046 1690 Νίσωη..
1092 1629 1171 1682 tit.
1205 1629 1270 1695 5;
1321 1646 1470 1687 conc.
1499 1631 1765 1699 Antioch.,
1810 1634 1889 1689 tit.

290 1703 401 1773 20;
434 1725 578 1765 conc.
621 1713 897 1790 Carthag.,
933 1721 1011 1775 tit.
1045 1722 1120 1794 5).

2008 542 2289 597 anathema
2323 544 2392 598 sit
2422 544 2602 614 (Cone.
2635 545 2857 621 Gangr.,
2891 550 2969 604 tit.
3004 548 3085 622 5).

2081 635 2203 691 tot.
2256 637 2328 693 Ut
2379 642 2468 708 qui
2516 642 2729 711 nuptias
2782 644 3141 715 condemnat,
3194 647 3477 704 anathema
3524 647 3602 707 sit

2008 728 2190 801 (Cone.
2225 729 2448 803 Gangr.,
2472 733 2551 787 tit.
2575 733 2626 798 9,
2659 734 2770 805 10).

2083 822 2210 879 162.
2243 824 2314 880 Ut
2338 824 2384 880 si
2415 840 2519 894 qua
2560 825 2752 881 mulier
2778 828 2987 884 virilem
3016 828 3257 888 habitum
3282 845 3586 902 assumpseo

2002 914 2077 971 rit
2102 957 2117 981 ,
2150 918 2437 973 anathema
2460 917 2530 974 sit
2555 916 2734 990 (Cone.
2759 918 2981 991 Gangr.,
3002 924 3087 977 tit.
3119 925 3230 994 15).

2078 1007 2208 1064 165.
2254 1008 2321 1064 Ut
2370 1010 2422 1064 hi
2451 1010 2541 1080 qui
2572 1025 2769 1068 uxores
2796 1022 2885 1067 aut
2916 1013 3059 1068 viros
3102 1014 3405 1083 dimittunt,
3435 1017 3593 1073 alteri

2001 1117 2111 1158 non
2142 1103 2374 1169 nubant;
2407 1104 2501 1159 sed
2544 1116 2634 1160 aut
2676 1107 3014 1162 continentes
3038 1117 3329 1176 maneant,
3370 1119 3462 1165 aut
3491 1108 3597 1166 sibi

2002 1197 2419 1253 reconcilientur
2448 1198 2632 1268 (Cone.
2665 1198 2937 1272 ϐαι-ιήου..
2972 1202 3052 1256 tit.
3078 1203 3158 1271 7).

2075 1289 2201 1343 161.
2254 1289 2322 1344 Ut
2360 1289 2403 1343 si
2433 1305 2536 1360 qua
2569 1291 2762 1347 mulier
2794 1292 2944 1360 quasi
2976 1292 3258 1359 religionis
3286 1306 3475 1358 causa,
3516 1291 3596 1347 vis

2000 1394 2121 1435 rum
2144 1379 2438 1447 dimiserit,
2472 1381 2750 1436 anathema
2783 1382 2855 1438 sit
2883 1381 3063 1454 (Cone.
3100 1382 3324 1455 Omtng
3356 1384 3435 1438 tit.
3476 1382 3589 1454 14).

2074 1470 2198 1527 165.
2234 1470 2302 1527 Ut
2324 1471 2628 1544 quicunque
2652 1476 2996 1529 continentiae
3025 1489 3183 1529 causa
3207 1474 3297 1530 die
3323 1474 3595 1530 dominico

1998 1564 2353 1636 ieiunaverit,
2373 1566 2657 1622 anathema
2688 1568 2757 1623 sit
2785 1568 2970 1639 (Cone.
3004 1566 3226 1640 Gungr.,
3260 1568 3338 1623 tit.
3368 1565 3481 1639 18).

2072 1657 2198 1714 166.
2234 1658 2314 1715 Ut
2330 1660 2635 1730 quicunque
2673 1675 2836 1716 sanus
2867 1675 3092 1731 corpore
3118 1660 3321 1731 ieiunia
3344 1674 3590 1716 commu-

2000 1753 2093 1809 nia
2148 1753 2479 1821 dissolverit,
2550 1754 2837 1810 anathema
2890 1756 2959 1810 sit
3006 1754 3191 1825 (Conc.
3236 1753 3462 1827 Gangr.,
3504 1755 3584 1811 tit.

365 1802 493 1858 144.
527 1804 598 1911 Ut
623 1811 910 1916 concilium
941 1815 1247 1872 universale
1276 1833 1382 1873 non
1412 1818 1543 1885 fiat,
1597 1818 1697 1873 nisi
1728 1833 1887 1875 causa
1917 1847 1968 1910 Β
1992 1802 2121 1903 ᾆξδ

290 1897 621 1967 communis,
647 1902 697 1958 id
718 1914 818 1972 est,
850 1907 1013 1963 totius
1036 1908 1231 1965 Africae
1251 1912 1528 1983 coegerit;
1556 1921 1614 1967 ut
1647 1914 1890 1985 synodus

292 1987 530 2061 plenaria
554 2002 679 2049 tunc
706 1997 947 2066 dicatur,
980 2016 1103 2057 cum
1134 2004 1422 2074 episcopus
1446 2008 1891 2077 metropolitanus

286 2078 523 2137 adfuerit
550 2082 733 2154 (Cone.
768 2090 1033 2163 Amice/2.,
1070 2095 1149 2148 tit.
1178 2094 1293 2167 16).

364 2173 491 2230 145.
524 2174 593 2231 Ut
619 2172 675 2233 hi
704 2181 797 2251 qui
827 2198 887 2239 se
916 2184 1293 2257 absciderunt,
1319 2188 1387 2247 de
1413 2189 1563 2246 clero
1586 2190 1891 2248 eximantur

289 2260 470 2332 (Cone.
496 2266 725 2335 Νὶεωη..
768 2273 847 2328 [ει.
880 2276 954 2342 1).
1128 2270 1135 2275 ’

360 2357 482 2415 146.
524 2362 655 2430 Quae
684 2365 791 2422 sint
822 2370 1151 2438 poenitentiae
1177 2382 1419 2444 tempora
1450 2375 1514 2431 iis
1542 2377 1631 2447 qui
1678 2391 1888 2446 pracva-

288 2449 593 2511 ricaverunt
617 2458 959 2518 decernenda
994 2464 1172 2535 ((Ionc.
1210 2465 1442 2537 Nicam.,
1488 2471 1571 2523 tit.
1601 2469 1698 2536 i6;
1739 2486 1887 2526 conc.

289 2543 570 2616 Auquirit.,
604 2552 681 2604 tit.
716 2550 775 2617 5;
804 2555 925 2608 item
952 2553 1010 2622 4,
1045 2554 1173 2625 5,6,
1206 2559 1261 2626 7,
1293 2560 1349 2628 8,
1376 2560 1456 2629 9).

362 2635 484 2692 147.
508 2636 583 2695 Ut
612 2655 879 2710 sponsataa
909 2649 1130 2715 puellae,
1165 2650 1208 2702 si
1236 2649 1304 2703 ab
1320 2651 1437 2705 aliis
1465 2659 1636 2722 raptas
1669 2652 1888 2724 fuerint,

288 2743 490 2800 sponso
518 2735 683 2803 priori
726 2738 1020 2794 reddantur
1047 2740 1233 2811 (Cone.
1269 2743 1555 2812 Anquirit.,
1588 2746 1671 2798 lit.
1700 2746 1813 2818 11).

362 2822 489 2882 148.
519 2825 983 2894 Quemadmodum
1029 2833 1081 2887 hi
1127 2835 1215 2905 qui
1265 2835 1708 2893 irrationabiliter
1739 2840 1890 2896 vixe-

289 2917 433 2985 rint,
456 2922 661 2990 tuscipi
690 2923 925 2980 debeant
956 2925 1139 2997 (Conc.
1171 2927 1459 2995 Anquiri:.,
1492 2931 1574 2982 tit.
1610 2920 1721 3000 16).

360 3013 485 3070 149.
514 3014 585 3071 Ut
605 3016 658 3070 hi
687 3018 777 3086 qui
805 3019 944 3073 sicut
974 3026 1123 3074 muta
1157 3021 1407 3077 animalia
1436 3023 1720 3091 vixerunt,
1751 3023 1892 3081 inter

287 3114 679 3178 energumcnos
700 3120 853 3165 orent
886 3111 1065 3183 (Conc.
1090 3114 1371 3183 Anqnirit.,
1404 3116 1484 3169 tit.
1515 3116 1628 3187 17).

2071 1937 2196 1993 167.
2248 1937 2318 1993 Ut
2342 1937 2648 2010 quicunque
2680 1949 2973 2010 martyrum
3030 1937 3318 1995 memorias
3347 1947 3589 1995 contem-

1997 2032 2185 2103 pserit,
2216 2034 2499 2088 anathema
2530 2032 2599 2087 sit
2627 2032 2812 2101 (Cone.
2842 2032 3063 2106 Gangr.,
3086 2035 3166 2087 tit.
3189 2033 3306 2102 21).

2069 2123 2197 2181 168.
2242 2124 2314 2181 Ut
2341 2125 2651 2195 quicunque
2684 2142 2786 2181 non
2814 2127 3315 2194 communicantes,
3348 2140 3446 2182 nec
3464 2140 3590 2182 ora-

1997 2217 2199 2273 tionem
2228 2216 2484 2273 facientes
2504 2260 2519 2284 ,
2544 2217 2850 2287 Scripturas
2873 2226 3076 2272 tantum
3107 2217 3316 2273 divinas
3339 2218 3391 2273 in
3416 2218 3590 2275 eccle-

1996 2312 2075 2367 sia
2119 2311 2306 2368 audire
2364 2313 2665 2378 voluerint,
2708 2311 3029 2383 abiiciantnr
3083 2311 3266 2384 (Cano.
3318 2310 3588 2376 Autioclt.,

1996 2404 2079 2460 tit.
2108 2403 2188 2473 2).

2071 2496 2196 2552 169.
2238 2496 2307 2552 Ut
2350 2497 2654 2568 quicunque
2680 2504 2801 2567 post
2830 2495 3041 2551 diversa
3068 2503 3286 2564 peccata
3316 2494 3590 2564 peniten-

1998 2588 2124 2643 tiam
2175 2587 2407 2644 ﬁdeliter
2451 2590 2677 2660 gesserit
2722 2588 2788 2643 ad
2827 2588 3260 2644 communionem
3307 2595 3588 2642 revocetur

1996 2679 2180 2749 (Cone.
2206 2679 2418 2735 Laodic.
2449 2682 2528 2736 tit.
2560 2680 2642 2751 2).

2067 2777 2189 2831 170.
2239 2775 2301 2830 Ut
2348 2776 2575 2831 scenicis
2628 2785 2787 2847 atque
2834 2775 3184 2831 histrionibus
3222 2771 3592 2831 reconciliatio

1996 2883 2103 2924 non
2130 2877 2354 2938 negetur
2383 2867 2567 2940 (Cone.
2597 2867 2868 2938 Carthag.,
2902 2868 2981 2923 tit.
3010 2867 3126 2936 42).

2071 2961 2198 3016 171.
2248 2960 2318 3016 Ut
2351 2960 2418 3016 ad
2452 2961 2609 3018 falsas
2638 2962 2926 3019 memorias
2956 2968 3259 3032 martyrum
3288 2957 3467 3015 nullus
3501 2971 3595 3016 ac-

1997 3054 2155 3109 cedat
2184 3052 2371 3124 (Conc.
2398 3054 2670 3125 Carthag.,
2698 3057 2776 3110 tit.
2810 3056 2921 3128 17).

2071 3150 2197 3204 172.
2241 3150 2311 3206 Ut
2341 3150 2393 3206 hi
2418 3151 2508 3220 qui
2550 3152 2892 3206 nominantur
2915 3148 3155 3219 Cathari,
3179 3148 3497 3206 accedentes
3523 3146 3592 3203 ad

359 3199 480 3257 150.
527 3201 594 3258 Ut
616 3203 920 3273 quicunque
947 3206 1307 3275 virginitatem
1345 3206 1661 3278 profitentes
1686 3224 1885 3281 propo-

2076 3199 2197 3204 _-_-
2249 3199 2310 3206 --
2421 3199 2508 3220 τ--
2922 3199 3155 3219 ,,______,
3180 3199 3492 3206 _____-___--
3525 3199 3592 3203 η

1993 3243 2315 3307 Ecclesiam,
2372 3244 2415 3297 si
2460 3243 2695 3297 ordinati
2735 3252 2877 3310 sunt,
2922 3244 3004 3298 sic
3050 3252 3303 3299 maneant
3347 3242 3402 3297 in
3448 3239 3596 3299 clero

285 3293 446 3349 situm
476 3295 679 3351 violant
700 3340 715 3363 ,
743 3297 1082 3367 digatnorutn
1107 3302 1457 3357 constitutum
1492 3302 1747 3374 impleant
1766 3319 1887 3374 gra-

287 3387 414 3441 dum
443 3386 623 3457 (Cone.
656 3388 939 3461 Anquiril.,
971 3392 1052 3446 tit.
1086 3391 1200 3461 19).

362 3474 489 3536 151.
530 3479 598 3538 Ut
626 3483 717 3553 qui
749 3480 1068 3541 adulterium
1117 3488 1487 3558 commiserit,
1520 3498 1733 3559 septem
1785 3505 1885 3545 an-

285 3584 384 3628 nos
413 3575 780 3641 pmnitentiam
813 3586 934 3647 agat
964 3577 1149 3649 (done.
1178 3581 1468 3651 Anquirit.,
1502 3582 1584 3636 tit.
1621 3580 1739 3656 20).

364 3664 492 3723 152.
544 3667 614 3723 Ut
642 3670 896 3726 mulieres
946 3672 1274 3730 fornicantcs
1305 3662 1423 3743 quae
1455 3678 1711 3745 parvulos
1756 3692 1886 3735 suos

286 3766 507 3825 necant,
527 3769 618 3814 aut
647 3756 835 3817 abortu
863 3771 911 3832 ⁸,
933 3764 1118 3820 decem
1148 3768 1302 3822 annis
1326 3770 1697 3837 paenitentiam
1725 3779 1888 3842 agant

286 3848 468 3922 (Cone.
495 3850 779 3919 Anquirit.,
811 3855 893 3907 tit.
920 3852 1036 3923 21).

360 3939 487 3998 155.
527 3940 597 3997 Ut
625 3946 711 4014 qui
733 3945 1031 4000 voluntarie
1058 3945 1405 4004 homicidium
1435 3949 1691 4018 fecerint,
1714 3950 1768 4007 in
1791 3966 1886 4006 no-

288 4032 515 4089 vissimo
576 4035 703 4091 vita:
750 4036 1170 4094 reconcilientur
1222 4038 1408 4112 (Conc.
1458 4041 1749 4113 Anquirit.,
1802 4046 1882 4099 tit.

288 4123 407 4197 22).

364 4217 489 4275 154.
535 4218 604 4275 Ut
631 4219 721 4292 qui
751 4232 878 4277 casu
906 4212 1251 4280 homicidium
1279 4222 1499 4296 fecerit,
1528 4228 1766 4300 quinque
1790 4245 1885 4287 an-

290 4310 375 4367 nis
398 4313 769 4381 penitentiam
809 4322 933 4385 agat
963 4308 1146 4386 (Coac.
1184 4318 1470 4389 Anquirit.,
1511 4321 1590 4376 tit.
1618 4320 1736 4391 25).

364 4403 486 4461 155.
522 4405 593 4463 Ut
619 4409 711 4478 qui
742 4409 1040 4465 ariolantur
1067 4453 1080 4477 ,
1112 4412 1196 4467 vel
1226 4413 1279 4468 in
1310 4415 1471 4468 domo
1493 4430 1586 4470 sua
1620 4416 1775 4487 hujus
1798 4432 1885 4473 ar-

287 4498 357 4555 tis
408 4499 547 4565 alios
591 4501 973 4572 introducunt,
1023 4506 1258 4576 quinque
1307 4507 1464 4563 annis
1507 4512 1882 4580 paenitentiam

286 4601 446 4660 agant
477 4590 657 4662 (Cone.
685 4593 971 4666 Anquirit.,
1003 4596 1084 4653 tit.
1113 4595 1232 4668 24).

363 4680 488 4734 156.
516 4683 585 4737 Ut
604 4685 795 4740 tnulier
816 4702 935 4754 qua:
965 4686 1175 4745 duobus
1207 4690 1462 4747 fratribus
1506 4682 1753 4765 nupserit
1779 4735 1794 4762 ,
1829 4695 1882 4752 in

289 4773 554 4829 extremis
584 4774 696 4828 suis
743 4778 1119 4834 reconcilietur
1169 4779 1354 4849 (Cone.
1404 4782 1768 4855 Novacwsar.,
1800 4790 1880 4845 tit.

366 4960 492 5018 157.
536 4961 937 5036 thuicunqtte
964 4967 1459 5039 concupiscentiam
1492 4991 1882 5035 nonconsum-

289 5061 434 5121 mat,
464 5068 560 5124 per
585 5053 821 5112 divinam
860 5057 1129 5128 iudicetur
1154 5062 1379 5134 gratiam
1419 5064 1675 5125 liberatus
1698 5070 1881 5141 (Cone.

292 5145 655 5215 Novactesan,
686 5149 767 5203 tit.
796 5142 875 5220 4).

361 5237 487 5295 158.
530 5237 600 5296 υς
626 5241 999 5297 εθιθεηιιηιθηί
1050 5254 1365 5317 peccantes,
1397 5249 1498 5305 nisi
1543 5265 1603 5308 se
1629 5265 1882 5310 correxe-

292 5331 436 5398 rint,
462 5331 783 5402 abiiciantur
810 5333 994 5405 (Cone.
1026 5333 1387 5410 Novaccesar.,
1421 5344 1502 5399 tit.
1532 5342 1613 5415 5).

368 5423 490 5481 159.
518 5426 584 5482 llt
606 5428 697 5498 qui
725 5428 1137 5487 manducantem
1169 5446 1384 5509 carnes,
1409 5453 1476 5496 ex
1506 5438 1883 5497 iidecondem-

292 5517 531 5680 gmdum
557 5520 875 5591 crediderit,
908 5526 1191 5583 anathema
1219 5533 1290 5595 sit
1320 5536 1505 5615 (Cone.
1540 5531 1762 5605 Gangr.,
1795 5536 1880 5592 tit.

358 5636 377 5665 ι

358 5636 377 5665 ἱ

292 5785 600 5921 90:61:33?
620 5791 922 5863 excutiunt,
966 5796 1219 5888 θυιειὶηα
1250 5809 1591 5923 vocabulum
1639 5804 1881 5883 eiusdem

1995 3334 2180 3407 (Cone.
2220 3335 2459 3405 Nicwno,
2490 3337 2569 3392 tit.
2604 3336 2679 3407 7).

2067 3433 2189 3488 175.
2230 3432 2301 3487 Ut
2338 3433 2580 3488 Pauliani
2625 3432 2962 3503 baptizetttur
3003 3441 3027 3471 α
3075 3431 3268 3503 (Coac.
3333 3430 3592 3504 Niceno,

1994 3524 2074 3579 n‘t.
2106 3521 2218 3595 15).

2068 3618 2190 3673 174.
2220 3617 2290 3674 Ut
2315 3617 2593 3674 venientrs
2617 3634 2643 3672 a
2669 3618 2978 3674 Novatianis
2996 3619 3080 3675 vel
3104 3619 3471 3676 Montensibus
3497 3632 3595 3688 per

1991 3725 2184 3766 manus
2211 3710 2607 3781 impositionem
2648 3711 3009 3780 suscipiantur
3041 3706 3220 3779 (Cone.
3245 3709 3498 3774 Zeltem.,
3528 3724 3594 3764 ea:

1994 3803 2218 3872 epistola
2246 3820 2397 3872 papa:
2424 3804 2626 3871 Sirici).

2067 3896 2190 3949 175.
2233 3895 2303 3950 Ut
2346 3910 2449 3950 non
2499 3895 2661 3950 liceat
2700 3894 3013 3950 haereticum
3044 3894 3387 3967 rebaptizari,
3422 3893 3594 3965 bapti-

1992 3995 2170 4041 zatum
2217 3987 2272 4041 in
2320 3987 2539 4041 nomine
2589 3987 2783 4051 Patris,
2821 3996 2874 4040 et
2916 3986 3056 4053 Filii,
3081 3997 3136 4043 et
3164 3987 3392 4056 Spiritus
3418 3988 3593 4043 sancti

1994 4081 2177 4153 (Cone.
2214 4082 2486 4154 Carthag.,
2530 4083 2622 4136 sub
2663 4093 2842 4138 sancto
2871 4082 3053 4148 Grato,
3092 4083 3172 4136 tit.
3213 4084 3267 4150 1,
3297 4084 3418 4138 item
3458 4082 3592 4139 Car-

1994 4175 2164 4247 thag.,
2190 4178 2269 4232 ea.
2294 4175 2409 4247 48).

2064 4269 2188 4324 176.
2234 4267 2305 4324 Ut
2354 4268 2593 4324 hazretici
2642 4269 2694 4324 in
2738 4270 2931 4327 haeresi
2965 4278 3344 4341 permanentes
3370 4270 3590 4325 domum

1992 4362 2088 4417 Dei
2121 4377 2225 4417 non
2258 4361 2631 4431 ingrediantur
2658 4362 2840 4433 (Coac.
2876 4363 3119 4430 [ληρώδη
3150 4364 3230 4419 tit.
3266 4362 3343 4434 6).

2066 4456 2188 4511 177.
2240 4454 2307 4512 Ut
2357 4453 2637 4510 Novatiani
2676 4457 2759 4509 vel
2796 4457 2957 4511 etiam
2988 4455 3453 4525 Quartadecimani
3482 4469 3589 4509 non

1993 4549 2347 4617 recipiantur,
2381 4548 2483 4602 nisi
2537 4548 2682 4616 prius
2729 4546 2981 4604 haeresim
3009 4563 3161 4605 suam
3191 4549 3590 4605 condemnave-

1912 4631 1969 4692 D
1991 4642 2130 4710 rint;
2162 4645 2235 4697 ita
2266 4651 2324 4697 ut
2351 4642 2656 4714 symbolum
2692 4643 2815 4699 fidei
2852 4644 3168 4711 doceantur,
3199 4654 3248 4701 et
3294 4645 3589 4702 chrismate

1995 4744 2261 4807 ungantur
2292 4733 2476 4808 (Cone.
2512 4736 2749 4804 Laodic.,
2782 4739 2860 4796 tit.
2888 4738 2966 4810 7).

2063 4826 2188 4880 178.
2234 4826 2301 4883 Ut
2345 4829 2649 4898 quicunque
2693 4840 3080 4888 convertuntur
3127 4833 3195 4887 ab
3240 4833 3452 4903 heresi,
3494 4836 3587 4905 qui

1990 4918 2241 4972 dicuntur
2266 4918 2560 4973 secundum
2583 4919 2845 4992 Phrygas,
2878 4923 3216 4996 baptizentur
3235 4926 3421 4994 (Cone.
3450 4925 3586 4985 Lao-

1991 5010 2121 5074 dic.,
2164 5011 2244 5064 tit.
2275 5009 2355 5081 8).

2063 5102 2185 5157 179.
2231 5102 2299 5157 Ut
2338 5120 2443 5159 non
2488 5104 2647 5162 liceat
2683 5107 2735 5164 in
2768 5111 3143 5166 haereticorum
3179 5116 3487 5170 coemeteria
3514 5116 3583 5171 ad

1987 5198 2284 5253 orationem
2314 5196 2612 5257 faciendam
2650 5204 2930 5262 catholicis
2969 5208 3195 5266 introire
3229 5209 3413 5283 (Cone.
3446 5211 3582 5269 Lao-

1988 5288 2116 5358 dic.,
2150 5292 2230 5345 tit.
2260 5290 2343 5359 9).

2062 5384 2184 5440 180.
2230 5384 2299 5440 Ut
2334 5387 2509 5443 nullus
2544 5388 2609 5444 ad
2650 5388 2948 5448 Ecclesiam
2980 5397 3255 5464 pertinens
3286 5400 3425 5456 filios
3453 5415 3580 5459 suos

1988 5474 2363 5532 haereticorum
2398 5480 2595 5549 nuptiis
2621 5482 2794 5537 societ
2821 5481 3001 5556 (Cone.
3046 5487 3281 5557 [λιθώδη
3315 5493 3393 5547 tit.
3427 5492 3539 5566 50).

2065 5570 2184 5625 181.
2230 5569 2302 5627 Ut
2337 5570 2626 5627 Christiani
2661 5589 2768 5630 non
2799 5576 3093 5649 iudaizent,
3125 5596 3223 5640 nec
3259 5584 3313 5642 in
3352 5586 3575 5643 habbatu
3628 5569 3640 5577 ’

1988 5670 2177 5718 vacent
2205 5661 2390 5733 (Conc.
2423 5662 2658 5735 Laertia,
2692 5667 2770 5724 tit.
2802 5668 2917 5743 28).

2060 5812 2088 5853 ιι
2117 5814 2338 5887 videtur
2366 5815 2644 5887 legendum
2664 5823 2744 5878 tit.
2773 5823 2857 5886 19,

2068 5896 2092 5923 "-
2134 5886 2551 5947 Rebaatizentur.
