4078 6440
573 351 674 408 959

1070 346 1437 406 FULGENTII
1479 345 1830 406 FERRANDI
1873 350 2152 407 DIACONI
2203 352 2556 413 CARTIIAG.
2602 357 2973 416 BREVIATIO
3008 359 3363 420 CANONUM.

3765 373 3889 429 960

647 461 766 518 182.
810 459 878 516 Ut
925 459 1098 515 nullus
1146 474 1265 514 cum
1311 460 1581 516 haereticis
1623 463 1889 518 connubia
1931 464 2157 520 misceat
2183 471 2236 532 Α
2334 468 2461 526 201.
2509 469 2578 526 Ut
2616 481 2959 542 praegnantes
2991 475 3246 533 mulieres
3275 478 3624 551 baptizentur
3653 490 3885 555 quando

576 551 752 625 (Cunc.
786 553 1016 619 Laodic.,
1051 554 1128 607 tit.
1161 553 1276 624 50).

647 646 766 701 185.
803 646 871 702 Ut
889 646 1063 701 nullus
1089 660 1208 700 cum
1241 645 1507 701 haereticis
1530 657 1617 701 aut
1641 649 2003 704 schismaticis
2023 659 2160 715 oret,

572 747 659 793 aut
704 737 767 791 ad
813 738 972 792 falsos
1013 746 1278 808 martyres
1317 746 1404 793 eat
1442 738 1621 812 (Cone.
1667 739 1910 806 Laodic.,
1945 741 2022 794 Iit.
2058 743 2161 809 52;

569 847 714 885 conc.
748 829 1014 903 Carthag.,
1045 832 1122 886 tit.
1152 832 1233 901 2).

640 924 766 979 181.
811 923 878 979 Ut
917 924 1093 979 nullus
1137 924 1204 979 ad
1245 925 1464 995 angelos
1502 927 1970 996 congregationem
2003 925 2164 983 faciat

567 1008 750 1082 (Cone.
785 1015 1024 1085 Laodic.,
1057 1017 1136 1070 tit.
1167 1015 1279 1088 55).

642 1109 764 1165 185.
808 1109 878 1166 Ut
905 1111 1080 1165 nullus
1112 1125 1141 1165 a
1172 1109 1371 1166 Judazis
1399 1110 1480 1166 vel
1511 1111 1777 1168 hmreticis
1805 1113 2044 1170 feriatica
2069 1128 2160 1171 ac-

568 1201 726 1273 cipiat
751 1203 931 1275 (Cone.
963 1205 1205 1272 Laodic.,
1235 1206 1312 1259 tit.
1338 1205 1452 1275 55).

641 1295 764 1349 186.
807 1295 877 1351 Ut
914 1298 1093 1352 nullus
1127 1312 1158 1352 a
1203 1295 1403 1352 Iudaeis
1442 1310 1629 1368 azyma
1671 1300 1903 1372 accipiat
1931 1301 2157 1372 (Concil.

569 1385 813 1456 Laodic.,
850 1392 927 1445 tit.
963 1391 1075 1460 36).

638 1478 761 1534 187.
805 1480 872 1535 Ut
913 1483 1093 1538 nullus
1133 1496 1253 1539 cum
1293 1484 1511 1556 paganis
1542 1485 1676 1543 festa
1705 1487 1943 1545 celebret
1971 1489 2153 1559 (Conc.

567 1568 806 1636 Laodic.,
836 1574 1051 1644 (£1.57).

638 1663 763 1721 188.
811 1661 878 1720 Ut
921 1667 1098 1722 nullus
1139 1666 1481 1724 Christianus
1514 1670 1714 1727 ballare
1743 1670 1828 1727 vel
1856 1679 2073 1728 cantare
2102 1672 2155 1728 in

564 1756 766 1826 nuptiis
791 1758 986 1814 audeat
1014 1758 1197 1830 (Conc.
1224 1761 1460 1828 Laodic.,
1489 1765 1571 1819 tit.
1601 1763 1713 1834 41).

2269 563 2535 619 voluerint
2564 563 2743 632 (Coac.
2777 567 3137 639 Novaccesar.,
3171 573 3249 627 tit.
3279 573 3358 645 6).

2339 675 2467 732 205.
2508 677 2574 732 Ut
2615 678 2907 736 Christiani
2959 699 3080 738 cum
3137 687 3455 749 mulieribus
3501 693 3718 752 lavacra
3763 714 3880 756 non

2268 763 2503 823 habeant
2536 767 2716 839 (Cone.
2750 772 2986 839 Laodic.,
3021 778 3102 831 tit.
3135 779 3251 850 29).

2338 879 2464 936 206.
2507 882 2576 938 Ut
2619 893 2738 953 post
2767 886 2901 942 duas
2937 889 3302 950 hebdomadas
3331 895 3777 971 Quadragesimaz
3806 906 3879 959 ad

2265 971 2588 1043 baptismum
2620 978 2800 1034 nullus
2823 981 3146 1051 suscipiatur
3169 985 3348 1056 (Cone.
3371 989 3617 1059 Laodic.,
3641 996 3727 1049 tit.
3753 996 3877 1066 42).

2336 1085 2462 1141 207.
2505 1087 2573 1143 Ut
2621 1089 2672 1142 in
2718 1090 3134 1162 Quadragesima
3173 1097 3396 1154 sabbato
3442 1111 3648 1160 tantum
3686 1116 3749 1162 et
3777 1107 3878 1162 do-

2263 1179 2466 1233 minico
2492 1179 2747 1237 oﬂeralur
2774 1182 2957 1251 (Cone.
2994 1186 3237 1259 Laodic.,
3269 1194 3349 1246 tit.
3383 1195 3500 1267 47).

2331 1287 2465 1344 208.
2509 1289 2575 1346 Ut
2625 1292 2677 1346 in
2728 1293 3178 1366 Quadragesima,
3227 1303 3412 1371 quinta
3472 1307 3603 1361 feria
3657 1309 3873 1368 ultime

2262 1377 2635 1453 bebdomadae,
2663 1383 2925 1455 jejunium
2949 1403 3053 1445 non
3077 1391 3403 1451 dissolvatur
3418 1398 3600 1470 (Cone.
3616 1400 3872 1474 taedia,

2263 1471 2341 1526 m.
2368 1475 2480 1545 43).

2333 1561 2456 1618 209.
2503 1563 2571 1620 Ut
2611 1565 2663 1620 in
2699 1567 3115 1641 Quadragesima
3145 1578 3385 1633 natalitia
3417 1590 3720 1654 martyrum
3754 1601 3867 1645 non

2259 1655 2601 1712 celebrentur
2631 1660 2814 1731 (Couc.
2849 1661 3088 1731 Laodic"
3120 1667 3202 1726 tit.
3235 1669 3354 1740 49).

2329 1748 2457 1803 210.
2501 1748 2568 1804 Ut
2606 1751 2660 1804 in
2694 1753 3113 1824 Quadragesima
3143 1763 3346 1831 nuptiae
3377 1778 3485 1820 non
3513 1765 3863 1828 celebrentur

637 1848 758 1902 189.
806 1848 873 1904 Ut
922 1850 1317 1907 Donatistarum
1369 1854 1548 1910 clerici
1594 1856 1647 1910 in
1699 1854 1810 1910 suis
1859 1855 2143 1913 honoribus

2285 1839 2442 1896 Cone.
2471 1842 2708 1912 Laodic.,
2739 1849 2816 1901 tit.
2849 1848 2963 1920 50).

564 1941 920 2006 suscipiantur
948 1944 1127 2014 (Cone.
1161 1946 1430 2017 Carthag.,
1464 1951 1543 2002 tit.
1583 1949 1662 2018 2).

639 2033 763 2089 190.
808 2033 876 2089 Ut
901 2051 1232 2108 quacunque
1261 2039 1516 2095 Ecclesia:
1547 2042 1940 2100 Donatistarum
1972 2046 2158 2101 catho-

566 2122 686 2178 licae
709 2126 860 2180 facta:
884 2137 1009 2181 sunt
1030 2128 1095 2182 ad
1114 2144 1230 2184 eam
1254 2131 1560 2186 cathedram
1584 2137 1885 2203 pertineant
1907 2139 1971 2192 ad
1997 2154 2155 2209 quam

565 2213 828 2271 catholica
863 2233 980 2288 qua:
1007 2219 1116 2288 jam
1157 2220 1230 2276 ibi
1270 2221 1444 2278 fuerat
1485 2226 1788 2295 pertinebat
1815 2229 1996 2300 (Cone.
2025 2229 2155 2284 Car-

565 2305 730 2377 thag.,
766 2308 844 2362 m.
883 2310 991 2381 ιο).

637 2401 760 2456 191.
805 2402 871 2457 Ut
913 2406 1216 2476 quicunque
1266 2407 1551 2480 episcopus
1588 2427 1655 2468 ex
1698 2413 1990 2472 Donatistis
2017 2434 2153 2474 con-

562 2504 750 2548 versus
791 2493 969 2559 fuerit,
1011 2497 1194 2567 plebes
1222 2514 1339 2570 qua:
1373 2510 1623 2572 utrasque
1656 2503 1924 2561 Ecclesias
1958 2507 2155 2565 habent

563 2597 683 2638 cum
723 2585 974 2658 episcOpo
1016 2592 1280 2647 catholico
1320 2594 1599 2664 aequaliter
1643 2596 1884 2654 dividant
1927 2600 2148 2672 (Concil.

563 2671 834 2750 Carthag.,
863 2683 944 2736 tit.
977 2683 1086 2754 11).

633 2768 756 2824 192.
799 2769 869 2828 Ut
898 2771 1274 2832 haereticorum
1299 2778 1699 2838 benedictiones
1722 2783 1899 2839 nullus
1925 2785 2152 2859 accipiat

561 2860 740 2932 (Cone.
770 2864 1010 2937 Laodic.,
1042 2872 1122 2926 tit.
1151 2872 1265 2944 31).

631 2960 751 3016 195.
797 2962 866 3019 Ut
911 2965 1000 3034 qui
1045 2969 1251 3036 parvuli
1295 2969 1433 3040 apud
1466 2970 1771 3029 Donatistas
1814 2976 2150 3048 baptizantur

555 3052 624 3106 ab
653 3053 990 3112 ordinatione
1016 3073 1122 3113 non
1156 3060 1565 3132 prohibeantur,
1603 3068 1648 3120 si
1675 3070 1919 3124 conversi
1951 3069 2150 3130 fuerint

554 3142 736 3214 (Cone.
765 3145 1030 3220 Carlhag.,
1068 3152 1144 3204 tit.
1177 3153 1253 3224 1).

2337 1933 2466 1990 211.
2507 1936 2578 1993 Ut
2624 1939 2804 1994 nullus
2851 1945 3167 2016 peregrinus
3204 1947 3320 2005 sine
3363 1948 3592 2009 formata
3623 1957 3859 2028 episcopi

2260 2028 2555 2096 accipiatur
2583 2030 2763 2101 (Cone.
2795 2033 3058 2106 Antioch.,
3096 2041 3173 2093 tit.
3205 2040 3279 2110 7).

2330 2121 2457 2177 212.
2501 2123 2572 2180 Ut
2608 2125 2696 2181 die
2735 2129 2938 2196 quinta:
2979 2131 3126 2187 ferite
3167 2136 3482 2205 septimana:
3516 2152 3720 2199 sanctae
3761 2144 3857 2202 Pa-

2254 2214 2403 2270 scha:
2429 2218 2666 2274 secundo
2696 2219 2952 2278 offeratur
2977 2226 3156 2292 (Cone.
3191 2228 3560 2304 Septimunic.)

2329 2305 2457 2361 215.
2503 2307 2570 2364 Ut
2619 2311 2671 2364 in
2710 2314 2975 2369 sacrificio
3022 2317 3224 2388 absque
3266 2337 3401 2392 pane
3437 2338 3492 2380 et
3521 2327 3648 2383 vino
3677 2330 3856 2388 nullus

2258 2396 2449 2454 offerat
2481 2400 2657 2471 (Cone.
2685 2403 2958 2478 Carlhag.,
2984 2410 3063 2463 tit.
3089 2410 3205 2480 52).

2327 2492 2453 2548 214.
2497 2494 2566 2550 Ut
2594 2496 2784 2553 diebus
2809 2500 3276 2575 Quinquagesima:
3296 2522 3470 2579 genua
3493 2526 3604 2568 non
3633 2513 3853 2573 ﬂectan-

2259 2595 2344 2641 tur
2377 2587 2557 2657 (Conc.
2590 2590 2822 2658 Sardic.,
2857 2596 2936 2650 tit.
2971 2595 3044 2666 1).

2325 2679 2452 2734 215.
2496 2682 2562 2738 Ut
2608 2695 2732 2740 ante
2776 2685 3128 2748 Pentecosten
3169 2695 3343 2752 nullus
3381 2699 3576 2756 audeat
3602 2701 3850 2774 jejuuare

2255 2771 2432 2842 (Conc.
2467 2774 2861 2850 Septimunic.).

2323 2865 2451 2920 216.
2488 2867 2555 2923 Ut
2581 2883 2688 2925 non
2718 2869 2878 2926 liceat
2909 2873 2961 2928 in
2985 2874 3267 2934 dominicis
3289 2895 3511 2952 agapem
3541 2884 3740 2953 facere,
3764 2890 3847 2945 vel

2251 2959 2306 3014 in
2332 2960 2600 3029 ecclesiis,
2630 2971 2722 3019 aut
2744 2965 2887 3023 intus
2913 2970 3190 3030 accubitus
3215 2982 3460 3034 sternere
3489 2979 3681 3049 (Cone.
3709 2981 3847 3038 μοι

2251 3051 2380 3117 dic.,
2412 3054 2492 3108 tit.
2523 3055 2640 3124 e7).

2319 3147 2444 3204 217.
2488 3150 2557 3206 Ut
2584 3155 2917 3212 custodiatur
2948 3159 3081 3216 fides
3108 3161 3326 3221 Patrum
3353 3176 3728 3230 trecentorum
3756 3176 3844 3234 de-

626 3234 751 3291 194.
796 3236 864 3294 Ut
904 3242 992 3310 qui
1027 3242 1295 3313 aliquibus
1327 3248 1621 3307 sceleribus
1665 3251 1906 3310 irretitus
1938 3265 2020 3312 est
2048 3271 2142 3313 vo-

2284 3254 2367 3296 em
2401 3251 2456 3297 et
2484 3253 2607 3300 octo
2639 3247 2821 3317 (Cone.
2855 3250 3274 3327 ConstantinOp.,
3305 3260 3382 3313 tit.
3419 3261 3453 3312 2
3482 3261 3558 3333 ι³).

553 3342 669 3385 cem
699 3336 985 3391 accusandi
1016 3353 1120 3392 non
1163 3339 1358 3396 habeat
1389 3342 1570 3414 (Cone.
1606 3346 1882 3422 ϐαι-Νίσᾳ..
1909 3351 2002 3406 sub
2026 3369 2150 3408 arm-

554 3433 636 3478 cto
660 3422 948 3494 Genet/dio,
983 3432 1063 3485 tit.
1095 3432 1126 3487 6
1152 3433 1222 3505 ll').

622 3513 741 3569 Hoc
766 3529 811 3572 et
843 3519 896 3573 in
925 3523 1141 3577 concilio
1171 3523 1460 3583 Thenilano
1488 3538 1735 3587 statutum
1764 3544 1856 3591 est.

626 3607 750 3666 195.
792 3612 861 3668 Ut
889 3618 1386 3689 excommunicatis,
1421 3624 1534 3680 sive
1563 3626 1796 3697 clericis,
1825 3631 1938 3687 sive
1970 3632 2139 3701 laicis,

549 3711 806 3760 accusare
835 3721 940 3762 non
974 3706 1132 3764 liceat
1162 3711 1344 3784 (Cone.
1374 3715 1644 3792 Cart/mg.,
1675 3723 1751 3776 tit.
1780 3723 1860 3794 2).

622 3795 744 3852 196.
776 3797 843 3855 Ut
872 3815 1060 3856 omnes
1087 3805 1248 3874 servi,
1277 3807 1362 3863 vel
1390 3811 1590 3879 proprii
1615 3811 1811 3882 liberti,
1846 3817 1929 3872 vel
1952 3831 2141 3877 omnes

545 3868 688 3957 'quos
714 3888 780 3943 ad
804 3893 1101 3949 accusanda
1135 3896 1345 3964 publica
1369 3900 1590 3956 crimina
1617 3903 1759 3975 leges
1782 3907 2008 3976 publicae
2031 3927 2138 3965 non

547 3978 853 4048 admittunt,
889 3983 1178 4043 histriones
1207 3991 1392 4059 etiam,
1428 3993 1687 4062 haeretici,
1724 4001 1913 4067 pagani
1954 4011 2009 4058 et
2046 4002 2141 4058 Ju-

546 4070 650 4127 ἀεὶ
695 4076 760 4130 ad
804 4081 1199 4139 accusationem
1240 4100 1346 4142 non
1395 4087 1745 4146 admittantur
1787 4091 1967 4164 (Cone.
2013 4096 2140 4151 Car-

546 4167 712 4239 thag.,
740 4173 818 4226 (ει.
848 4172 926 4245 3).

619 4261 743 4316 197.
789 4262 852 4319 Ut
883 4267 971 4336 qui
1003 4282 1165 4324 unum
1189 4271 1394 4328 crimen
1413 4289 1519 4331 non
1549 4277 1879 4349 probaverit,
1905 4280 1967 4336 ad
1993 4281 2137 4338 aliud

543 4367 651 4411 non
683 4356 996 4413 admittatur
1021 4360 1202 4432 (Cone.
1239 4365 1512 4438 Carthag.,
1545 4371 1623 4426 tit.
1656 4369 1730 4441 1).

619 4446 742 4502 198.
790 4449 853 4505 Ut
882 4462 1182 4521 accusator,
1214 4458 1259 4511 si
1302 4459 1354 4514 in
1387 4461 1506 4516 loco
1545 4463 1634 4517 ubi
1673 4474 1756 4520 est
1797 4466 1884 4522 ille
1927 4469 2016 4538 qui
2049 4483 2139 4524 ac-

545 4547 780 4607 cusatur,
817 4543 1124 4600 violentiam
1159 4549 1414 4620 timuerit,
1461 4554 1637 4609 locum
1686 4556 1786 4613 sibi
1831 4560 2134 4629 proximum

544 4630 704 4700 eligat
734 4629 914 4701 (Cone.
946 4635 1320 4710 Hipponireg.,
1352 4645 1430 4697 tit.
1461 4645 1539 4714 5).

614 4721 736 4778 199.
781 4722 850 4778 Ut
887 4725 1190 4793 baptizandi
1220 4734 1519 4803 symbolum
1551 4737 1676 4794 fidei
1704 4739 1914 4796 discant
1947 4742 2124 4815 (Cone.

539 4811 778 4882 Laodic.,
811 4818 889 4872 tit.
919 4818 1032 4890 Μ).

608 4905 733 4962 200.
780 4907 848 4964 Ut
889 4911 981 4980 qui
1024 4913 1074 4966 in
1109 4915 1425 4985 aegritudine
1467 4920 1820 4991 baptizantur,
1853 4928 1969 4983 sani
2002 4928 2126 4985 facti

535 4998 835 5070 symbolum
868 5001 1161 5060 doceantur
1191 5005 1372 5077 (Cone.
1405 5010 1640 5082 Laodic.,
1673 5017 1749 5069 tit.
1786 5017 1899 5090 115).

605 5091 731 5147 201.
777 5093 842 5149 Ut
881 5093 1134 5166 baptizati
1184 5112 1305 5170 post
1353 5103 1676 5174 baptismum
1709 5110 1998 5169 chrismate
2027 5129 2127 5168 un-

534 5198 727 5258 gautur
753 5189 931 5259 (Cone.
957 5192 1196 5266 Laodic.,
1226 5198 1305 5252 tit.
1333 5198 1448 5270 16).

607 5280 730 5335 202.
779 5282 845 5338 Ut
879 5289 1284 5357 aegrotantibus,
1315 5293 1524 5361 quando
1554 5294 1653 5365 ipsi
1689 5297 1830 5366 loqui
1862 5313 1967 5353 non
1996 5315 2124 5369 pos-

534 5383 680 5440 sunt,
705 5376 749 5430 si
775 5393 868 5445 pro
896 5382 973 5436 eis
1004 5384 1090 5438 alii
1121 5389 1488 5444 testimonium
1513 5390 1772 5458 dixerint,
1800 5393 2120 5464 baptismum

532 5479 639 5520 non
659 5478 881 5539 negetur
898 5471 1074 5542 (Cone.
1104 5476 1372 5550 Carlhag.,
1401 5483 1478 5535 tit.
1504 5481 1618 5553 41).

607 5557 732 5612 205.
775 5558 845 5616 Ut
871 5566 1083 5658 qpattdo
1108 5567 1174 5622 de
1205 5569 1494 5627 infantibus
1528 5574 1800 5645 ignoratur
1830 5586 2009 5632 utrum
2033 5579 2127 5634 ba--

533 5649 717 5720 ptizati
749 5649 876 5720 sint,
912 5649 1027 5712 sine
1056 5659 1163 5715 ulla
1203 5662 1536 5723 dubitatione
1578 5668 1916 5743 baptisentur
1940 5672 2121 5740 (Cone.

534 5742 776 5815 Cartltag.
787 5786 801 5812 ,
827 5745 905 5800 lit.
940 5748 1015 5818 7).

600 5934 627 5966 ι
669 5925 845 5990 Trec.,
878 5930 957 5985 tit.
996 5932 1050 5987 4.

2327 3335 2456 3391 218.
2481 3337 2552 3393 Ut
2573 3341 2927 3397 conciliorum
2956 3355 3154 3403 statuta
3181 3349 3481 3420 priscorum
3504 3355 3574 3411 ab
3594 3359 3841 3417 omnibus

2253 3425 2609 3486 observentur
2631 3432 2812 3503 (Cone.
2846 3436 3121 3510 Zellem.).

2323 3522 2451 3578 219.
2495 3524 2562 3580 Ut
2591 3526 2767 3584 nullus
2797 3529 2850 3584 in
2883 3532 3150 3600 precibus,
3181 3536 3284 3593 nisi
3308 3538 3375 3593 ad
3408 3539 3626 3598 Patrem
3655 3544 3838 3616 dirigat

2249 3615 2573 3686 orationem,
2600 3627 2655 3673 et
2681 3629 2739 3674 ut
2765 3623 2910 3692 prius
2932 3638 3024 3679 eas
3045 3641 3166 3680 cum
3193 3627 3630 3690 instructioribus
3652 3644 3839 3694 tractet

2247 3705 2430 3779 (Cone.
2467 3709 2738 3784 Cartlmg.,
2771 3715 2852 3770 tu.
2883 3715 2980 3782 51;
3012 3717 3151 3786 item,
3183 3721 3258 3774 tit.
3293 3723 3370 3792 7).

2317 3805 2444 3860 220.
2492 3804 2558 3860 Ut
2607 3822 2710 3862 una
2751 3808 2821 3863 sit
2861 3810 2914 3865 in
2955 3815 3306 3871 sacramentis
3345 3831 3442 3887 per
3480 3833 3643 3878 omne
3669 3822 3838 3894 Byn-

2247 3895 2388 3952 cium
2418 3897 2701 3968 disciplina
2735 3900 2914 3970 (Cone.
2947 3901 3295 3980 Maradian.).

2316 3991 2443 4046 221.
2490 3992 2554 4049 Ut
2602 3993 2855 4052 mulieres
2904 4013 3024 4068 quae
3071 4001 3215 4070 apud
3253 4001 3473 4061 Graecos
3512 4007 3839 4080 presbytera

2243 4085 2584 4154 appellantur
2611 4089 2778 4156 (apud
2810 4105 2908 4146 nos
2936 4103 3113 4149 autem
3156 4094 3330 4152 viduae
3368 4101 3629 4168 seniores,
3665 4107 3839 4160 univi-

2245 4191 2319 4231 ra:
2346 4187 2400 4232 et
2428 4179 2746 4252 matricular)
2779 4182 2832 4239 in
2862 4185 3091 4242 ecclesia
3126 4198 3376 4260 tanquam
3408 4194 3681 4252 ordinatas
3713 4215 3837 4255 com

2244 4270 2390 4324 stitui
2422 4288 2524 4326 non
2555 4274 2711 4331 liceat
2738 4277 2916 4347 (Cone.
2952 4278 3189 4348 Laodic.,
3220 4284 3301 4337 tit.
3330 4285 3438 4354 11).

2312 4365 2439 4418 222.
2474 4366 2542 4422 Ut
2571 4369 2821 4425 mulieres
2842 4371 2909 4426 ad
2935 4372 3106 4429 altare
3130 4389 3236 4430 non
3259 4376 3627 4449 ingrediantur
3649 4381 3832 4453 (Cone.

2243 4454 2482 4526 Laodic.,
2515 4460 2593 4514 m.
2615 4461 2733 4532 43).

2313 4551 2438 4607 225.
2475 4551 2544 4608 Ut
2562 4564 2760 4610 sancta:
2786 4555 3085 4616 oblationes
3110 4561 3176 4616 ad
3205 4562 3348 4619 vices
3369 4564 3701 4636 eulogiarum
3726 4585 3832 4628 non

2159 4685 2214 4747 Β
2240 4642 2536 4715 dirigantur
2565 4647 2749 4717 (Conc.
2781 4649 3020 4717 Laodic.,
3050 4655 3131 4707 tit.
3166 4655 3278 4726 11).

2308 4739 2438 4796 221.
2484 4741 2550 4798 Ut
2590 4743 2824 4802 sabbatis
2874 4745 3163 4818 Evangelia
3211 4750 3451 4821 legantur
3481 4755 3664 4828 (Couc.
3697 4757 3830 4816 Lao-

2237 4831 2338 4886 dic.
2352 4873 2364 4897 ,
2394 4834 2472 4888 tit.
2506 4836 2621 4907 16).

2305 4925 2434 4982 225.
2471 4927 2535 4982 Ut
2557 4928 2624 4983 de
2646 4929 2876 4988 diversis
2897 4935 3143 4989 versibus
3168 4946 3220 4991 et
3249 4939 3496 4994 sensibus
3521 4941 3640 4997 libri
3664 4959 3828 5001 unum

2233 5020 2633 5107 canticum‘non
2665 5035 3016 5082 connectatur
3040 5028 3223 5096 (Cone.
3257 5030 3497 5098 Laodic.,
3525 5036 3603 5089 tit.
3637 5037 3751 5107 17).

3045 5087 3054 5096 .
3483 5087 3496 5098 .
3592 5087 3600 5089 -
3642 5087 3751 5107 --ις

2304 5113 2432 5171 226.
2479 5087 2550 5173 [ﬂ
2587 5120 2746 5174 etiam
2797 5137 2891 5190 per
2936 5123 3360 5180 solemnissimos
3405 5128 3682 5196 paschales
3710 5130 3827 5186 dies

2229 5221 2625 5267 sacramentum
2666 5215 3069 5272 catechumenis
3111 5233 3215 5273 non
3257 5220 3433 5289 detur,
3467 5222 3570 5278 nisi
3607 5222 3824 5280 solitum

2230 5301 2359 5356 salis
2388 5301 2572 5368 (Couc.
2597 5305 2868 5378 Cart/mg.,
2904 5310 2983 5364 lit.
3024 5311 3136 5381 11).

2301 5393 2426 5448 227.
2473 5395 2539 5450 Ut
2577 5399 2892 5468 corporibus
2919 5401 3298 5460 defunctorum
3339 5407 3664 5464 eucharistia
3711 5424 3824 5466 non

2231 5483 2386 5540 detur
2419 5486 2598 5558 (Cone.
2626 5490 2896 5565 Carthag.,
2932 5498 3010 5550 tit.
3047 5496 3157 5568 1‘2).

2303 5580 2429 5634 228.
2471 5582 2541 5638 Ut
2588 5595 2782 5654 praeter
2822 5588 3127 5659 Scripturas
3165 5594 3450 5651 canonicas
3488 5596 3619 5652 nihil
3649 5597 3699 5652 in
3732 5612 3820 5654 ec-

2229 5673 2388 5730 clesia
2417 5677 2620 5748 legatur
2647 5680 2828 5751 (Couc.
2859 5682 3101 5756 Laodic.,
3133 5691 3210 5743 tit.
3243 5689 3344 5756 57;
3370 5705 3516 5748 conc.
3541 5689 3816 5765 Carthag.,

2229 5768 2306 5823 ιίι.
2336 5770 2450 5836 45).

2298 5944 2325 5986 ι
2366 5947 2488 6018 Leg.
2523 5953 2598 6005 m.
2637 5951 2679 6008 1.
