4078 6440
279 283 392 339 961
941 286 998 346 S.
1039 288 1226 348 JUSTI
1262 289 1742 352 URGELLENSIS
1780 294 2123 356 EPISTOLA
2159 299 2253 357 AD
2294 291 2607 361 SERGIUM
2643 302 2898 363 PAPAM.
3479 307 3586 360 902

361 397 488 454 2‘29.
527 393 594 456 Ut
621 397 780 457 liceat
807 405 1083 472 passiones
1113 419 1407 480 martyrum
1442 410 1624 480 legere
1652 411 1708 468 in
1734 419 1886 468 nata-
1911 414 1966 477 Α
1989 412 2130 468 diem
2183 412 2407 470 Pascha:
2454 417 2677 474 audiant
2716 427 2960 490 tempore
2998 418 3210 477 concilii
3248 417 3424 490 (Cone.
3456 417 3586 475 Car-

284 493 431 549 Iibus
459 507 642 548 eorum
675 493 859 565 (Cone.
893 497 1165 570 Cartlrag.,
1197 503 1276 557 tit.
1307 502 1424 574 4(3).
1993 508 2160 578 thag.,
2197 507 2273 561 tit.
2303 507 2383 576 5).

361 585 485 642 230.
526 585 592 642 Ut
629 588 728 642 soli
771 589 1028 646 Ecclesiae
1064 592 1405 665 Carthaginis
1445 595 1606 652 liceat
1646 597 1883 656 alienum
2063 598 2190 654 232.
2238 599 2308 657 Ut
2349 601 2526 657 nullus
2555 602 2833 660 ordinetur
2858 607 2958 661 nisi
2986 606 3240 675 probatus
3263 604 3348 661 vel
3379 605 3587 675 episco-

283 679 542 734 clericum
568 679 816 736 ordinare
841 681 1020 755 (Cone.
1057 686 1331 760 Cartltag.,
1362 689 1443 742 ιίι.
1475 688 1590 761 54).
1993 708 2186 765 porum
2233 695 2507 766 examine,
2539 695 2619 752 vel
2659 698 2842 768 populi
2882 701 3189 758 testimonio
3228 700 3411 774 (Cone.
3458 697 3585 756 Car-

360 773 483 827 951.
527 771 596 828 Ut
644 791 831 832 omnes
870 779 1124 835 Ecclesia:
1161 783 1228 837 ab
1272 782 1513 838 Ecclesia
1543 784 1886 857 Carthaginis
1995 791 2167 860 thag.,
2194 790 2272 843 tit.
2301 789 2416 859 29).

285 912 3543 953 μ

1183 940 1188 941 ί
1215 940 3542 953 πκή

1178 1058 1457 1142 VITA
1519 1061 1944 1146 SANCTI
1992 1061 2698 1177 FULGENTII,

1549 1230 1968 1295 RUSPENSIS
2038 1230 2392 1292 EPISCOPI

1153 1350 1381 1432 (Quam
1415 1351 1643 1414 videsis
1675 1351 2065 1429 Patrologt'a:
2099 1356 2248 1412 tom.
2283 1350 2483 1429 LXV,
2517 1350 2643 1412 col.
2684 1351 2844 1430 117).

293 1494 3578 1542 Η

741 1570 805 1579 ι-ι.»

1655 1624 1826 1668 ANNO
1869 1623 2101 1669 DOMINI
2145 1625 2297 1667 DXL.

607 1783 1937 2030 SANCTUS
2153 1784 3250 2030 JUSTUS

1061 2148 1763 2254 EPISCOPUS
1841 2146 2788 2255 URGELLENSIS.

1641 2355 2153 2386 μ-ᾤ-

704 2468 977 2526 ΝΟΤΙΤΙΑ
1014 2471 1102 2536 (ex
1141 2473 1430 2536 Fabricio).

347 2598 405 2658 S.
449 2600 633 2658 Justus
662 2603 989 2675 Urgellensis
1016 2608 1129 2663 sive
1157 2609 1497 2677 Urgelitanus
1531 2607 1586 2663 in
1618 2608 1871 2678 I‘Iispania

275 2695 580 2764 episcopus,
613 2698 704 2765 qui
732 2699 1052 2768 subscripsit
1079 2702 1308 2756 concilio
1336 2701 1594 2757 Toletano
1639 2717 1696 2768 tt,
1729 2715 1871 2757 anno

277 2787 381 2842 527
411 2787 505 2861 [αι.
538 2788 688 2861 55η,
720 2800 878 2862 atque
922 2793 1177 2849 Ilerdensi
1208 2810 1297 2849 an.
1330 2794 1434 2848 542
1472 2795 1568 2868 [αι.
1623 2793 1772 2866 546],
1818 2802 1874 2850 et

276 2880 428 2949 cujus
469 2881 746 2952 mysticam
775 2884 1178 2954 Expositionem
1213 2888 1264 2942 in
1295 2887 1509 2943 Cantica
1539 2887 1870 2942 canticorum

277 2973 342 3026 ad
392 2973 632 3044 Sergium
682 2992 872 3047 papam
921 2978 1048 3050 (non
1095 2979 1419 3048 Romanum,
1459 2981 1555 3036 sed
1602 2981 1868 3036 Tarraco-

280 3080 501 3122 nensem
545 3070 887 3141 episcopum)
932 3075 1407 3144 metropolitanum
1450 3092 1632 3144 suum,
1665 3092 1870 3133 memo-

275 3166 444 3215 ratam
465 3159 668 3216 Isidoro
697 3162 848 3234 Hisp.
880 3180 1001 3235 cap.
1032 3166 1124 3230 21,
1159 3168 1392 3223 IIonorio
1422 3169 1507 3237 III,
1541 3168 1630 3235 25,
1657 3169 1870 3226 Trithe-

273 3250 381 3306 mio
424 3267 474 3308 c.
530 3254 656 3322 210,
687 3257 854 3313 edidit
900 3259 1183 3316 Menradus
1227 3262 1544 3328 Maltherus,
1599 3265 1867 3333 llaganom

273 3349 435 3414 1529.
477 3365 719 3407 recusam
771 3354 825 3408 in
883 3356 1360 3429 Micmpresbytico
1402 3359 1562 3413 Basil.
1597 3360 1758 3428 1550,
1813 3359 1865 3414 in

274 3440 796 3514 Ortbodoxographis
836 3450 1078 3519 utrisque
1117 3451 1247 3506 edit.
1297 3468 1388 3506 an.
1444 3453 1584 3508 I555
1615 3464 1668 3508 et
1701 3453 1863 3521 1569,

272 3541 324 3586 et
350 3532 400 3585 in
441 3533 779 3594 Bibliothecis
803 3539 1019 3597 Patrum
1048 3542 1330 3608 universis,
1364 3543 1556 3610 Paris.,
1588 3543 1776 3601 Colon.
1810 3556 1866 3600 et

271 3625 555 3683 novissima
607 3629 952 3702 Lugdunensi
1006 3646 1045 3690 t.
1102 3637 1195 3703 IX,
1222 3654 1276 3708 p.
1309 3637 1444 3705 73f;
1488 3651 1542 3696 et
1574 3639 1860 3710 separatim

271 3712 496 3785 Georgio
528 3718 717 3775 Rostio
751 3734 997 3790 curante,
1025 3726 1170 3782 Halm
1227 3730 1354 3783 Sax.
1393 3731 1552 3784 l6l7.
1577 3731 1862 3786 Praemissa

270 3804 491 3873 cpistola
523 3807 588 3860 ad
618 3809 860 3880 Sergium
906 3814 1047 3868 edita
1081 3818 1241 3871 etiam
1274 3819 1326 3871 in
1363 3819 1610 3874 Dacherii
1636 3822 1863 3891 Spicile—

268 3894 372 3964 gio,
400 3905 529 3950 tom.
556 3897 644 3965 III,
667 3916 784 3970 pag.
809 3902 913 3957 512
941 3905 1092 3978 (edit.
1113 3925 1267 3964 novae
1290 3918 1419 3964 tom.
1448 3911 1533 3980 Ill,
1563 3885 1692 3982 pag:
1712 3915 1731 3968 I
1752 3915 1859 3984 l9),
1892 3885 1940 3949 ϐ

273 3995 327 4041 et
375 3988 425 4040 in
459 3987 712 4048 Conciliis
761 3993 1032 4065 Hispania:
1083 4014 1205 4054 cum
1259 4002 1401 4056 nmis
1457 4004 1743 4060 cardinalis
1791 4006 1859 4060 de

267 4079 515 4149 Aguirre,
561 4093 602 4136 t.
641 4083 706 4150 II,
755 4100 875 4158 pag.
919 4088 1059 4156 273;
1105 4102 1160 4146 et
1189 4093 1357 4147 altera
1391 4096 1617 4164 epistola
1649 4098 1713 4152 ad
1761 4099 1857 4154 Ju-

269 4180 409 4227 stum
438 4172 745 4245 diaconum,
777 4194 883 4246 quo
928 4178 1174 4237 hortante
1222 4183 1458 4240 laborem
1508 4186 1648 4242 hunc
1696 4187 1749 4242 in
1799 4203 1860 4246 se

267 4264 570 4336 suscepisse
601 4270 904 4339 profitetur.
939 4274 1136 4330 Confer
1181 4276 1298 4332 Nic.
1345 4281 1632 4336 Antonium
1665 4283 1754 4348 IV,
1795 4286 1854 4351 l;

267 4353 403 4411 Bibl.
439 4355 688 4427 Hispana:
719 4363 916 4417 veteris
963 4373 1089 4421 tom.
1127 4366 1167 4432 Ι,
1216 4383 1332 4439 pag.
1365 4369 1470 4425 9.08
1535 4386 1690 4444 seq.;
1726 4377 1856 4432 Acta

267 4444 511 4506 Sanctor.
539 4461 668 4509 tom.
701 4455 790 4522 VI,
820 4456 938 4512 Maii
969 4458 1060 4526 28,
1093 4476 1146 4531 p.
1178 4462 1301 4517 775.

445 4585 779 4647 EPISTULA
815 4593 873 4648 S.
915 4593 1104 4652 JUSTI
1147 4596 1635 4660 URGELLENSIS.

789 4727 856 4765 AD
891 4729 1118 4770 SERGIUM
1159 4733 1351 4774 ΡΑΡΛΜ.

336 4809 562 4872 Domino
592 4834 713 4875 meo
740 4837 865 4879 vere
893 4827 1154 4897 piissimo,
1188 4841 1241 4886 et
1262 4835 1529 4903 praecipue
1560 4836 1652 4892 Dei
1681 4841 1852 4906 gratia

265 4907 506 5003 cepioso,
539 4924 856 4983 semperque
885 4918 938 4971 in
968 4919 1182 4978 Christo
1206 4922 1385 4992 beato,
1416 4928 1634 4986 domino
1666 4931 1855 5003 Sergio

266 5014 438 5073 papze,
470 5001 654 5061 Justus
682 5007 986 5079 episcopus.

336 5097 523 5153 Sciens
553 5108 605 5156 te
638 5111 742 5157 tam
774 5104 957 5162 solerti
985 5111 1164 5167 studio
1194 5129 1291 5183 pro
1321 5117 1612 5190 refrigeriis
1653 5138 1856 5196 paupe-

265 5203 379 5286 r-um
413 5191 708 5264 laborasse,
753 5209 809 5254 ut
849 5201 953 5258 illis
983 5211 1360 5275 temporariam
1401 5191 1849 5286 consolationem,

265 5280 460 5352 tibique
488 5289 802 5357 acquisieris
833 5301 1091 5352 aeternam
1119 5305 1454 5372 mercedem,
1501 5317 1558 5364 et
1583 5310 1692 5378 jam
1721 5280 1855 5368 satis
1883 5297 1939 5362 Ῑ)

264 5382 314 5429 te
340 5377 635 5445 dijudicans
678 5394 841 5441 totum
872 5388 938 5443 ad
966 5389 1060 5447 Dei
1100 5393 1329 5472 eloquia,
1377 5417 1446 5459 ex
1475 5403 1667 5473 quibus
1709 5423 1856 5462 nun-

265 5481 418 5568 quam
452 5470 592 5528 fuisti
625 5491 844 5551 vacuus,
881 5498 980 5552 pro
1009 5487 1198 5544 animae
1224 5470 1436 5563 cultura
1485 5470 1844 5568 converteris;

265 5560 526 5683 quoddam
571 5566 661 5620 tibi
693 5570 744 5624 in
776 5578 1039 5644 corporali
1083 5588 1261 5654 specie
1298 5560 1558 5683 gpipitale
1599 5560 1848 5652 exeninni

265 5651 489 5722 dirigere
515 5666 823 5732 procuravi;
865 5671 1002 5739 quod
1027 5675 1070 5728 si
1101 5675 1189 5739 tibi
1518 5703 1623 5743 ηοη
1656 5705 1720 5744 εχ
1753 5706 1852 5746 no-

265 5756 369 5785 llm
399 5752 585 5785 mnu-inn
636 5757 727 5785 ant.
762 5775 822 5785 ,ι-
849 5778 938 5785 -.--
1722 5784 1730 5785 ,

260 5756 369 5803 ltro
396 5752 606 5819 merito,
636 5757 728 5814 sed
759 5775 822 5816 ex
847 5778 942 5820 suo
967 5780 1169 5836 munere
1448 5796 1570 5846 esse
1594 5784 1842 5850 gratissi.

1902 2481 1954 2542 Β
1980 2485 2124 2524 mum
2144 2509 2158 2535 ,
2183 2466 2404 2524 forsitan
2428 2471 2725 2540 proveniet,
2749 2472 2869 2528 etin
2891 2472 3082 2529 diebus
3097 2473 3283 2544 jejunii
3313 2473 3572 2545 quodam-

1979 2565 2141 2620 modo
2166 2565 2397 2642 refectus
2420 2567 2485 2621 ad
2512 2582 2749 2622 mensam
2773 2569 2978 2638 venies,
3013 2580 3066 2625 et
3090 2579 3370 2640 antequam
3395 2571 3571 2630 cibum

1976 2658 2207 2727 accipias
2248 2658 2497 2726 quiddam
2544 2669 2900 2731 praegustasse
2945 2662 3262 2730 persenties.
3311 2661 3418 2727 Nec
3458 2662 3561 2716 hoc

1976 2749 2160 2805 dicens
2189 2751 2607 2806 transmissionis
2633 2752 2789 2820 hujus
2813 2755 3063 2809 meritum
3083 2795 3098 2820 ,
3133 2756 3438 2822 priusquam
3465 2767 3563 2822 ap-

1976 2845 2189 2911 prohes,
2217 2853 2531 2914 arroganter
2547 2843 2819 2900 insinuare
2841 2846 3058 2910 stmleo;
3084 2846 3175 2901 sed
3197 2846 3566 2900 intercedente

1975 2935 2262 3000 charitate,
2309 2938 2360 2990 in
2389 2951 2494 3005 qua
2525 2945 2577 2992 te
2610 2944 2775 2991 totum
2806 2937 3078 3006 possideo,
3128 2939 3200 2992 ita
3231 2938 3296 2992 dc
3327 2947 3418 2993 tuo
3451 2948 3570 2991 tan-

1975 3041 2134 3096 quam
2164 3029 2232 3082 de
2262 3041 2382 3081 meo
2409 3029 2587 3081 animo
2620 3042 2970 3095 prmsumens,
3023 3030 3113 3084 tibi
3147 3040 3421 3093 acceptum
3453 3030 3569 3085 fore

1973 3121 2176 3190 absque
2223 3119 2331 3174 ulla
2379 3120 2728 3190 ambiguitate
2769 3121 3002 3175 confido.
3053 3121 3218 3191 Igitur
3261 3120 3312 3176 in
3352 3122 3568 3176 Christo

1973 3212 2100 3267 Jesu
2127 3227 2439 3279 germanum
2471 3212 2652 3268 cordis
2678 3213 2784 3268 mei
2824 3227 2944 3268 esse
2983 3228 3088 3268 non
3122 3214 3368 3269 nesciens
3408 3213 3568 3270 libel-

1972 3303 2082 3357 lum
2107 3302 2173 3357 de
2201 3311 2427 3357 tractatu
2459 3302 2576 3357 libri
2607 3303 2850 3359 canonici
2880 3306 2968 3373 qui
3003 3305 3201 3359 Comici
3234 3302 3565 3360 Canticorum

1973 3394 2359 3464 prrescribitur,
2391 3408 2548 3463 quem
2582 3409 2751 3464 nuper
2777 3393 2992 3449 Christo
3023 3395 3354 3451 illuminante
3385 3395 3562 3450 edidi-

1973 3502 2112 3556 mus,
2161 3487 2253 3542 tibi
2302 3486 2527 3556 primum
2569 3487 2750 3544 censui
2796 3486 3153 3543 offerendum.
3204 3487 3260 3543 In
3305 3503 3411 3560 quo
3455 3504 3564 3544 non

1971 3588 2154 3633 nostra
2182 3579 2379 3649 potius,
2411 3581 2504 3635 sed
2530 3595 2590 3636 ea
2613 3597 2730 3652 quae
2761 3590 2847 3636 tua
2875 3589 3030 3649 sunt,
3063 3582 3187 3653 quia
3211 3584 3289 3636 sic
3315 3581 3558 3653 diligitis,

1973 3681 2024 3724 te
2047 3673 2349 3740 suscepisse
2374 3687 2670 3742 cognoscas
2697 3691 2709 3725 :
2735 3689 2892 3742 quem
2918 3687 3106 3742 precor
3138 3680 3195 3725 ut
3222 3687 3342 3725 cum
3371 3687 3432 3726 ca
3459 3673 3566 3725 sol-

1975 3763 2252 3819 licitudine
2282 3779 2387 3834 qua
2433 3767 2484 3819 in
2512 3765 2729 3820 Christo
2759 3767 2928 3835 viges,
2972 3781 3116 3835 saepe
3146 3779 3430 3820 recenseas
3457 3781 3471 3816 :
3507 3772 3564 3819 ut

1972 3855 2016 3906 si
2048 3853 2176 3921 quid
2208 3855 2317 3909 illic
2353 3855 2724 3925 corrigendum
2757 3859 3109 3925 persenseris,
3163 3857 3363 3924 integra
3397 3856 3562 3910 liber-

1977 3955 2086 4000 tate
2113 3959 2477 4002 commoneas.
2534 3948 2601 4002 Et
2629 3949 2708 4002 sic
2738 3949 2947 4005 caeteris
2980 3957 3028 4004 in
3056 3948 3271 4005 Christo
3311 3949 3564 4004 fratribus

1967 4036 2342 4106 relegendum,
2373 4039 2452 4092 vel
2479 4039 2525 4094 si
2551 4039 2779 4096 fortasse
2809 4042 3069 4111 placuerit
3090 4043 3282 4097 offeras
3309 4042 3566 4096 transcri-

1967 4128 2219 4184 bendum.
2273 4129 2453 4200 Itaque
2480 4132 2600 4200 quia
2633 4133 2711 4186 sic
2739 4134 2933 4187 accidit
2961 4145 3020 4187 ut
3046 4135 3374 4188 membranis
3404 4133 3558 4193 desi-~

1967 4219 2255 4285 stentibus,
2285 4221 2666 4276 minutioribus
2707 4222 2897 4277 litteris
2936 4223 3179 4278 eamdem
3211 4225 3560 4294 scripturam,

1967 4312 2020 4365 in
2055 4312 2271 4382 paribus
2301 4315 2742 4383 quaternionibus
2772 4316 3140 4384 susciperent,
3190 4331 3286 4370 nec
3318 4318 3558 4374 studiose

1966 4404 2276 4461 fabrefactis
2306 4407 2615 4463 lateralibus
2637 4409 2962 4476 ambiretur;
2994 4411 3039 4466 si
3069 4421 3416 4466 memoratam
3445 4427 3558 4468 rem

1965 4497 2194 4567 alicujus
2240 4499 2415 4553 meriti
2453 4515 2575 4555 esse
2613 4503 2909 4569 censueris,
2967 4503 3088 4573 quia
3135 4502 3236 4556 hoc
3266 4505 3470 4571 ipsum,
3504 4513 3561 4561 ut

1968 4593 2225 4660 praefatus
2249 4609 2364 4648 sum
2382 4633 2397 4660 ,
2430 4594 2666 4651 donante
2694 4596 2943 4664 Domino,
2970 4605 3116 4651 tuum
3140 4605 3241 4663 est,
3259 4606 3315 4652 ut
3339 4598 3562 4663 diliget].

1964 4683 2086 4738 tiori
2115 4685 2296 4740 studio
2329 4688 2708 4757 transcriptum
2733 4688 2916 4745 utilius
2939 4697 3219 4759 coaptetur
3245 4690 3563 4759 quantocius

1962 4774 2222 4831 studebis.
2255 4777 2407 4843 Quod
2438 4794 2573 4848 opus
2600 4781 2643 4833 si
2675 4780 2832 4836 laude
2861 4781 3078 4851 dignum
3113 4783 3470 4849 processerit,
3505 4789 3559 4835 te

1965 4875 2242 4920 auctorem
2271 4867 2501 4922 referam
2531 4869 2776 4936 Christo;
2808 4872 2851 4926 si
2875 4887 3003 4927 vero
3027 4873 3435 4942 reprehensioni
3461 4886 3561 4941 pa-

1964 4957 2162 5024 tuerit,
2205 4958 2328 5027 quia
2363 4960 2642 5030 utriusque
2673 4973 2788 5030 est,
2835 4965 3016 5020 statim
3058 4978 3326 5020 assumam
3359 4965 3560 5021 socium

1965 5048 2337 5120 temetipsum,
2387 5051 2510 5120 quia
2539 5053 2722 5110 decori
2764 5055 2841 5111 sic
2888 5066 2940 5113 te
2978 5056 3239 5112 condecet
3281 5057 3396 5112 haec
3438 5073 3558 5127 quae

1965 5138 2108 5196 Deus
2136 5143 2360 5198 contulit
2388 5148 2658 5215 coaptari,
2709 5157 2765 5203 ut
2807 5165 2913 5203 non
2958 5150 3025 5205 de
3063 5151 3380 5220 negligentia
3422 5151 3561 5206 vitu-

1963 5233 2196 5302 perium,
2227 5235 2320 5290 sed
2339 5234 2406 5292 de
2429 5235 2684 5294 industria
2701 5240 2982 5296 charitatis
3007 5241 3271 5310 suscipias
3288 5239 3557 5301 fructum:

1967 5338 2022 5382 ut
2046 5327 2240 5386 fratres
2269 5333 2437 5387 nostri
2469 5335 2558 5404 qui
2585 5349 2975 5404 praecessorum
3004 5336 3220 5391 Patrum
3246 5339 3560 5395 tractatibus

1966 5421 2267 5491 epulantur,
2320 5425 2480 5480 ctiam
2512 5425 2595 5481 his
2627 5427 2914 5483 neotericis
2945 5444 3062 5498 qum
3093 5431 3172 5485 eis
3202 5444 3268 5485 ex
3297 5431 3559 5492 charitato

1964 5513 2260 5582 offerimus,
2309 5533 2412 5573 non
2448 5535 2543 5587 pro
2576 5531 2760 5577 nostro
2792 5522 3007 5589 merito,
3042 5523 3133 5578 sed
3167 5539 3264 5593 pro
3293 5524 3384 5582 Dei
3415 5525 3559 5582 dono

1963 5614 2017 5660 et
2043 5621 2136 5662 sua
2184 5609 2557 5667 benevolentia
2590 5614 2734 5668 vesci
2777 5616 3171 5685 quodammodo
3197 5617 3557 5677 delectentur.

1962 5702 2075 5754 Ave
2103 5715 2244 5767 nunc
2272 5703 2323 5756 in
2350 5703 2584 5770 Christo,
2635 5707 2897 5780 piissime,
2953 5719 3300 5784 nostramque
3345 5711 3554 5784 pusilli-

1887 5853 1903 5864 ι,
1962 5797 2128 5848 tatem
2157 5793 2355 5850 sanctis
2385 5798 2715 5858 orationibus
2741 5801 2797 5858 in
2824 5802 3050 5862 Domino
3078 5801 3229 5862 fove.
