4078 6440
1885 238 1943 295 S.
1982 234 2171 295 JUSTI
2213 233 2687 293 URGELLENSIS

655 363 3938 413 Μ

1239 514 1370 630 s.
1441 515 1987 665 gus'rl
2061 513 3313 632 unounnnsrs

566 783 697 931 Vm
769 737 934 866 IN
1008 684 1728 865 CANTICA
1809 733 2854 887 CANTICORUM
2920 730 3836 873 SALOMONIS

1379 981 2356 1090 EXPLICATIO
2443 981 3125 1089 MYSTICA
3150 1049 3187 1087 .

710 1321 893 1377 CAPUT
916 1333 1138 1374 rmuuu.
1160 1315 1397 1372 —Nnm.
1432 1316 1484 1371 1.
1520 1315 1792 1369 Orculetur
1816 1330 1895 1367 me
1925 1313 2102 1368 osculo
2132 1313 2235 1367 oris
2263 1312 2315 1375 Α
2342 1311 2491 1366 tione
2519 1310 2687 1365 uultus
2716 1310 2825 1380 ejus
2870 1307 3131 1378 splenduit
3162 1311 3295 1366 sicut
3324 1312 3426 1379 sol,
3478 1323 3535 1370 ut
3557 1315 3611 1371 in
3646 1316 3951 1391 Evangelia

639 1413 741 1470 sui.
770 1412 885 1467 Vox
919 1410 1172 1465 Ecclesia:
1215 1410 1326 1463 llaec
1356 1418 1439 1463 est
1480 1407 1748 1465 venientis
1772 1406 1837 1461 ad
1877 1405 2148 1461 Chmtum
2179 1406 2235 1459 in

637 1505 860 1571 coctile;
891 1503 1326 1573 oileusamquam
1358 1500 1499 1571 apud
1532 1500 1697 1557 Deum
1732 1498 1978 1554 homines
2000 1512 2232 1569 peccan-

642 1597 714 1653 do
760 1604 1146 1652 contraxerant
1174 1594 1370 1649 resolvi
1400 1592 1683 1661 cupientis,
1720 1601 1773 1647 et
1805 1606 1988 1661 pacein
2022 1592 2074 1645 in
2106 1606 2229 1659 qua,

636 1688 764 1744 dum
791 1702 1032 1743 essemus
1074 1687 1189 1741 Deo
1237 1684 1381 1739 Patri
1426 1683 1649 1748 inimici,
1680 1698 1776 1751 per
1814 1683 1986 1751 ipsum
2040 1680 2232 1735 Filium

636 1782 754 1852 ejus
797 1779 1253 1845 reconciliantur,
1278 1776 1525 1831 invenire
1576 1774 1933 1830 desiderantis
1966 1790 1979 1827 :
2014 1782 2233 1844 propter

636 1873 779 1945 quod
816 1873 1075 1943 propheta
1104 1871 1169 1935 ad
1200 1870 1369 1939 Deum
1397 1890 1409 1924 :
1443 1869 1635 1923 Pacem
1671 1878 1845 1934 tuam,
1895 1864 2135 1933 Domine,
2164 1868 2233 1921 da

636 1965 805 2031 nobis,
834 1976 879 2018 et
911 1966 1081 2021 omnia
1111 1963 1382 2017 reddidisti
1410 1962 1553 2017 nobis
1577 1959 1715 2031 (ιτα.
1745 1961 1917 2029 uri).
1951 1959 2006 2025 lt)
2042 1960 2237 2013 Evan-

636 2060 781 2133 gelio
809 2073 1020 2128 quoque
1055 2055 1203 2126 (Luc.
1234 2057 1327 2124 xv)
1354 2055 1667 2110 redeuntem
1710 2069 1739 2107 a
1760 2053 1980 2123 regione
2023 2052 2231 2122 longin-

635 2169 741 2226 qua
788 2154 953 2207 tilium
1000 2161 1149 2221 pater
1181 2151 1525 2209 deosculatus
1577 2164 1677 2209 est.
1713 2154 1864 2210 Tunc
1894 2152 2035 2208 enim
2096 2167 2230 2223 quo-

636 2244 925 2302 dannnodo
954 2245 1292 2300 venientibus
1316 2245 1383 2299 ad
1404 2259 1465 2300 se
1488 2248 1734 2301 osculum
1752 2245 1991 2311 tradidit,
2015 2245 2229 2315 quando

635 2340 851 2397 unicum
875 2354 1029 2394 suum
1056 2338 1108 2392 iu
1134 2338 1351 2393 homine
1375 2338 1521 2394 nasci
1544 2339 1735 2406 voluit,
1762 2354 1855 2409 per
1876 2354 2033 2408 quem
2066 2339 2225 2393 etiam

639 2442 701 2488 ut
724 2432 776 2486 ei
807 2431 952 2502 pacis
979 2429 1193 2484 vinculo
1221 2429 1591 2485 adhaareamus
1620 2429 1882 2484 attribuit.
1910 2428 2147 2498 Denique
2173 2437 2228 2484 et

633 2525 829 2593 angeli,
867 2531 1120 2578 nascente
1142 2520 1394 2576 Christo:
1420 2518 1601 2577 Gloria
1630 2522 1681 2576 in
1702 2522 1911 2577 excelsis
1944 2519 2075 2587 Deo,
2103 2530 2149 2576 et
2172 2522 2231 2587 in

635 2626 769 2673 terra
796 2632 897 2685 pax
919 2613 1212 2668 hominibus
1227 2612 1376 2667 bona
1398 2613 1675 2669 uoluntatis
1698 2612 1847 2684 (Luc.
1870 2616 2002 2681 vni),
2026 2614 2226 2671 idcirco

2340 1405 2599 1475 legimus,
2639 1413 2685 1459 et
2738 1404 3037 1459 indumenta
3067 1406 3226 1476 ipsius
3268 1408 3402 1462 velut
3437 1409 3528 1463 nis:
3553 1415 3786 1467 candida
3816 1417 3948 1485 furta

2336 1506 2454 1551 sunt
2486 1496 2644 1568 (Mat.
2676 1512 2815 1562 xm;
2842 1496 2972 1553 Luc.
2996 1502 3067 1571 Ix)
3085 1540 3101 1565 ,
3125 1518 3239 1569 qua:
3267 1504 3394 1557 talia
3420 1505 3595 1561 nullus
3626 1509 3764 1577 fullo
3793 1526 3946 1565 sacer

2337 1596 2529 1642 terram
2553 1594 2718 1659 facere
2741 1592 2927 1659 potuit.
2956 1590 3145 1649 Nullus
3163 1596 3304 1649 enim
3329 1594 3609 1653 doctorum
3640 1601 3711 1653 ad
3737 1610 3942 1657 tantum

2337 1682 2564 1738 nitorem
2591 1683 2735 1738 sicut
2758 1682 2847 1739 ille
2873 1684 3167 1756 discipulos
3188 1702 3315 1744 suos
3337 1680 3626 1766 aliquarum
3653 1695 3939 1761 perduxit;

2338 1773 2422 1828 vel
2448 1774 2528 1829 sic
2549 1790 2579 1829 a
2609 1775 2832 1830 maculis
2862 1778 3094 1843 ablutos,
3131 1780 3301 1835 instar
3328 1782 3479 1857 nivis;
3508 1786 3775 1869 gaudidos
3799 1788 3856 1842 iu
3885 1804 3942 1845 se

2332 1866 2616 1925 credentes
2645 1868 2789 1923 facit.
2821 1868 2971 1926 Hunc
3019 1885 3150 1945 ergo
3206 1866 3638 1945 adolesccétié,
3700 1879 3789 1935 vel
3846 1895 3940 1935 no-

2334 1958 2487 2013 vella:
2513 1957 2772 2015 Ecclesiae
2796 1962 2875 2015 vel
2900 1944 3222 2033 incorrupta:
3245 1966 3443 2035 anith
3459 1944 3798 2053 ﬁnierunt;
3818 1988 3934 2043 qua

2332 2051 2501 2106 etiam
2524 2050 2771 2123 ﬂagranti
2819 2068 3093 2125 unguento
3143 2058 3363 2127 repleta
3404 2050 3833 2133 cum'Apostolo
3856 2066 3932 2121 di-

2332 2152 2460 2197 cunt
2488 2161 2499 2196 :
2526 2142 2766 2200 Charitas
2795 2144 2893 2201 Dei
2940 2148 3129 2214 diffusa
3159 2159 3231 2204 est
3279 2152 3332 2205 in
3363 2154 3601 2210 cordibus
3629 2160 3821 2212 nostris
3847 2176 3930 2230 per

2332 2235 2585 2304 Spiritum
2611 2248 2861 2304 sanetum,
2893 2242 2981 2308 qui
3007 2242 3155 2295 datus
3184 2253 3259 2297 est
3281 2246 3424 2298 nobis
3454 2247 3633 2316 (Rom.
3666 2252 3750 2319 ν).

2403 2328 2560 2383 Num.
2589 2330 2643 2383 4.
2675 2330 2848 2385 Tro/te
2877 2349 2955 2387 me
2982 2344 3094 2400 post
3118 2345 3182 2399 te,
3216 2352 3476 2393 curremus
3503 2341 3554 2393 in
3585 2342 3818 2397 odorem.
3844 2343 3926 2399 Dio

2331 2420 2403 2473 cit
2428 2418 2686 2475 Dominus
2711 2421 2763 2475 in
2790 2422 3086 2493 Evangelio
3113 2444 3125 2478 :
3154 2426 3327 2483 Nemo
3349 2432 3478 2483 venit
3511 2433 3580 2485 (rd
3601 2450 3681 2488 me
3704 2436 3804 2489 nisi
3828 2435 3926 2489 Pa-

2331 2522 2425 2577 ter,
2453 2514 2541 2584 qui
2567 2515 2701 2569 misit
2735 2530 2839 2579 me,
2861 2519 3130 2575 ουτω-ενα
3161 2536 3277 2574 eum
3301 2520 3480 2593 (Joan.
3504 2524 3607 2593 νι).
3631 2525 3926 2584 Attnhitur

2328 2608 2473 2663 enim
2505 2608 2570 2663 ad
2593 2594 2863 2664 Christum
2888 2613 2978 2680 qui
2997 2612 3168 2668 credit
3196 2615 3247 2669 in
3272 2613 3520 2683 Christo;
3544 2619 3621 2673 illi
3651 2636 3784 2675 vero
3809 2639 3924 2678 cur-

633 2723 766 2767 voce
812 2722 1048 2765 consona
1077 2707 1472 2770 clamaverunt,
1503 2705 1628 2775 quia
1670 2708 1844 2775 ipsum
1874 2706 1966 2776 qui
2013 2717 2096 2764 est
2121 2722 2222 2777 pax
2256 2704 2306 2765 B
2332 2709 2456 2756 runt
2485 2712 2605 2771 post
2631 2716 2777 2768 eum,
2802 2702 2892 2772 qui
2913 2718 3034 2757 eum
3058 2704 3337 2761 imitantur
3367 2710 3449 2764 vel
3479 2710 3570 2779 qui
3596 2710 3748 2766 dono
3763 2712 3921 2783 ipsius

632 2815 815 2864 nostra
874 2808 1028 2865 nobis
1063 2810 1246 2880 utique
1268 2807 1393 2863 talia
1424 2806 1675 2873 dicendo,
1709 2806 1997 2876 perspicue
2020 2806 2223 2861 docue-

632 2912 778 2958 runt.

702 2995 859 3051 Num.
890 2996 946 3051 Ξ.
980 2996 1116 3065 Quia
1142 2998 1357 3053 meliora
1383 3004 1507 3051 sunt
1536 2995 1695 3050 ubera
1722 3005 1810 3050 tua
1829 2995 1968 3065 vino,
1993 2995 2225 3069 ﬂagran-

633 3088 703 3142 tia
732 3091 1006 3160 unguentis
1037 3092 1261 3161 Optimis.
1297 3090 1470 3147 Ubera
1496 3088 1716 3156 Christi,
1738 3088 2036 3160 apostolos,
2058 3103 2225 3145 evan-

630 3182 848 3253 gelistas
878 3200 985 3238 non
1010 3184 1303 3253 incongrue
1332 3183 1656 3253 accipimus;
1686 3197 1783 3253 per
1821 3183 1968 3253 ipsos
1996 3182 2142 3238 enim
2171 3182 2223 3237 in

628 3273 737 3331 ﬁde
762 3278 1026 3331 nutrimur
1048 3286 1102 3331 et
1131 3276 1391 3346 spirituali
1418 3276 1680 3331 alimento
1701 3275 1990 3331 reﬁcimur.
2019 3274 2224 3331 Idcirco

626 3378 807 3423 autem
862 3368 1080 3423 meliora
1125 3369 1249 3423 vino
1281 3370 1596 3438 probantur,
1626 3368 1751 3440 quia
1788 3366 2095 3439 evangvlica
2127 3368 2223 3423 do-

627 3462 803 3515 ctrina
852 3460 1175 3515 eminentior
1202 3477 1361 3532 quam
1396 3462 1481 3517 lex
1514 3462 1641 3516 olim
1696 3462 1817 3517 data
1869 3460 2218 3531 dignoscitur.

626 3552 865 3625 Denique
896 3554 1004 3609 illic
1036 3554 1224 3623 ligura,
1250 3553 1335 3610 hic
1365 3554 1597 3621 veritas;
1630 3556 1739 3610 illic
1769 3564 2019 3624 tanquam
2044 3563 2221 3609 auste«

622 3641 756 3701 ritas
787 3644 898 3699 viui
929 3643 1256 3714 diligendum
1290 3646 1664 3701 tantummodo
1707 3649 2008 3717 proximum
2036 3654 2092 3702 et
2119 3645 2220 3700 ini-

626 3739 826 3796 micum
860 3738 1150 3794 odiendum
1197 3740 1464 3807 ostendit,
1499 3740 1585 3795 hic
1623 3739 1851 3795 dulcedo
1900 3739 2084 3809 gratia:
2123 3753 2219 3807 pro

621 3830 854 3889 inimicis
877 3832 1162 3900 orandum,
1178 3839 1232 3888 et
1254 3846 1349 3887 eos
1368 3834 1456 3902 qui
1483 3847 1582 3887 nos
1602 3832 1833 3888 oderunt
1854 3832 2109 3887 admouet
2134 3831 2218 3886 di-

619 3921 886 3993 ligentlos.
912 3924 1028 3993 Ipsa
1046 3939 1258 3994 quoque
1285 3924 1483 3979 Christi
1515 3925 1699 3988 ubera,
1724 3924 1777 3979 id
1806 3932 1889 3980 est
1918 3924 2213 3991 apostolos,

622 4015 909 4087 unguentis
930 4014 1145 4086 optimis
1172 4016 1452 4087 ﬂagrantia
1479 4015 1736 4081 declarat,
1764 4015 1887 4084 quia
1914 4015 2080 4069 tantis
2108 4012 2215 4068 vir-

2333 2794 2504 2864 ipsum
2537 2795 2810 2865 sequendo
2839 2797 3146 2865 proficiunt.

2402 2886 2559 2942 Num.
2601 2886 2655 2941 5.
2700 2887 3001 2944 Introduxit
3027 2907 3106 2945 me
3134 2908 3226 2947 rex
3254 2894 3306 2948 in
3348 2895 3559 2951 cellaria
3604 2913 3725 2953 suo.
3759 2898 3916 2957 Intro-

2331 2978 2481 3033 duxit
2518 2976 2766 3036 Christus
2794 2980 3090 3038 Ecclesiam
3122 2984 3175 3039 in
3206 2997 3303 3040 sua
3336 2987 3577 3056 cellaria,
3610 3004 3737 3045 cum
3764 2992 3814 3047 ei
3838 3007 3915 3047 re-

2328 3073 2525 3129 velavit
2556 3074 2955 3146 Scripturarum
2988 3078 3202 3133 occulta
3225 3082 3503 3151 mysteria,
3527 3085 3667 3138 sicut
3698 3086 3914 3155 Apost»

2328 3166 2411 3222 lus
2438 3168 2541 3236 ait,
2569 3176 2623 3222 ut
2653 3171 2937 3225 ostenderet
2957 3170 3011 3224 in
3040 3172 3243 3228 sweulis
3261 3175 3735 3243 supervenientibus
3766 3178 3906 3231 abun-

2327 3260 2508 3315 dantes
2548 3261 2751 3315 divitias
2801 3263 2982 3333 gratia:
3010 3280 3116 3318 suat
3168 3264 3223 3318 in
3273 3263 3495 3320 bonitate
3543 3283 3703 3337 super
3745 3284 3835 3322 nos
3865 3271 3908 3323 in

2326 3354 2531 3408 Christo
2556 3351 2681 3407 Jesu
2709 3351 2926 3423 (Ephes.
2955 3356 3039 3426 tt).
3067 3355 3157 3411 Vel
3184 3365 3313 3411 tunc
3339 3374 3400 3409 ex
3428 3365 3541 3413 toto
3565 3361 3743 3414 sancti
3770 3362 3906 3416 intro-

2325 3445 2593 3500 ducuntur
2623 3448 2674 3500 iu
2701 3446 2905 3501 Christi
2930 3447 3172 3515 cellaria,
3206 3464 3327 3503 cum
3348 3449 3429 3505 eis
3457 3452 3509 3505 in
3536 3452 3644 3506 line
3671 3454 3903 3507 dicetur:

2331 3536 2537 3604 Venite,
2570 3539 2817 3593 benedicti
2862 3538 3035 3594 Patris
3081 3542 3213 3609 mei,
3242 3542 3489 3612 percipite
3531 3558 3754 3615 regnum
3785 3547 3907 3616 quod

2322 3630 2464 3685 vobis
2486 3640 2726 3700 paratum
2750 3640 2825 3686 est
2853 3632 2917 3687 ab
2946 3634 3143 3703 origine
3174 3635 3350 3687 mundi
3380 3634 3596 3706 ('Mattlt.
3623 3637 3787 3711 xxv).

2390 3725 2548 3782 Num.
2582 3727 2635 3782 6.
2669 3726 3056 3783 Exsultabimus
3083 3738 3131 3783 et
3169 3724 3464 3786 lmiabitnur
3505 3733 3557 3787 in
3593 3745 3642 3788 te
3678 3753 3912 3794 memores

2320 3822 2531 3875 uberum
2563 3831 2771 3876 tuorum
2817 3840 2969 3893 super
3003 3839 3179 3878 unum.
3213 3824 3493 3882 Exsultant
3531 3832 3706 3884 sancti
3733 3840 3789 3885 et
3826 3832 3910 3886 Ιππ-

2319 3925 2500 3972 tantur
2545 3919 2598 3973 in
2643 3918 2870 3974 Domino
2890 3960 2908 3988 ,
2930 3935 3049 3975 cum
3084 3923 3439 3977 recordentur
3466 3925 3910 3995 quemadmodum

2320 4024 2415 4080 per
2440 4011 2604 4065 ubera
2626 4011 2850 4079 Christi,
2883 4014 3246 4082 apostolorum
3269 4016 3474 4071 scilicet
3497 4016 3784 4083 doctrinis,
3813 4020 3909 4089 spi-

621 4107 827 4163 tutibus
852 4107 1118 4177 tantisque
1145 4107 1394 4163 enitucre
1424 4106 1717 4173 miraculis,
1747 4116 1805 4160 ut
1836 4106 1969 4161 odor
1993 4106 2212 4175 iustitia:
2244 4090 2289 4154 C
2321 4103 2496 4158 rituali
2530 4104 2669 4160 lacte
2709 4105 2889 4159 nutriti
2934 4117 3078 4160 sunt.
3135 4107 3306 4176 Quam
3364 4107 3665 4164 doctrinam
3712 4110 3907 4167 Christi

614 4215 801 4257 eorum
833 4201 989 4272 longe
1021 4202 1231 4271 lateque
1254 4200 1478 4256 ditiusus
1514 4208 1640 4255 tunc
1678 4200 1945 4254 intuentes
1975 4198 2212 4254 oblecta-

615 4305 719 4363 ret,
746 4302 801 4349 ct
823 4309 995 4365 usque
1022 4296 1127 4349 huc
1147 4309 1336 4351 omnes
1368 4293 1883 4359 reﬁciataudientes,
1909 4293 2048 4348 sicut
2075 4306 2211 4348 unus

613 4406 681 4446 ex
728 4389 858 4459 ipsis
904 4390 1215 4459 pronuntiat
1256 4388 1490 4444 dicens:
1541 4387 1646 4442 Deo
1673 4397 1843 4442 autem
1886 4391 2074 4460 gratia,
2124 4387 2210 4457 qui

611 4498 809 4555 semper
836 4481 1117 4548 triumphat
1149 4498 1240 4536 nos
1270 4483 1328 4535 in
1357 4480 1559 4535 Christo
1588 4478 1736 4549 Iesu,
1767 4491 1812 4534 et
1842 4480 2051 4533 odorem
2075 4480 2210 4533 noti-

615 4576 700 4631 tia!
730 4592 837 4629 suae
867 4576 1158 4644 manifestat
1197 4576 1251 4627 in
1282 4574 1420 4627 omni
1450 4574 1560 4628 loco
1588 4590 1681 4641 pro
1708 4574 1851 4626 nobis
1883 4570 1937 4638 (Ι
1972 4567 2089 4628 Cor.
2124 4572 2206 4644 tt).

686 4667 846 4724 Num.
887 4667 939 4721 5.
988 4667 1167 4722 Oleum
1223 4668 1441 4736 effusum
1480 4684 1661 4721 nomen
1688 4676 1862 4733 tuum,
1893 4666 2006 4720 ideo
2034 4667 2210 4722 adole-

612 4761 859 4815 scentulis
886 4760 1170 4814 dilexerunt
1199 4769 1265 4814 te.
1297 4760 1463 4826 Quem
1494 4759 1645 4813 unxit
1674 4758 1833 4824 Deus,
1868 4757 1919 4812 id
1949 4768 2031 4814 est
2054 4759 2209 4813 Citri-

613 4863 779 4919 stunt,
810 4856 922 4908 oleo
952 4853 1165 4919 ltetitiw,
1198 4868 1303 4923 pra:
1328 4852 1663 4923 participibus
1690 4852 1796 4906 suis
1827 4849 2002 4923 (Psal.
2035 4849 2203 4921 κων),

615 4943 772 5015 hujus
802 4944 961 5001 etiam
996 4944 1141 4998 velut
1190 4944 1366 4998 oleum
1404 4941 1629 4998 eﬂusutn
1675 4956 1755 5000 est
1796 4956 1991 4999 nomen
2030 4958 2043 4994 :
2088 4943 2207 5011 qni-

611 5055 822 5110 cunque
839 5040 984 5095 enim
1013 5038 1303 5094 Christiani
1331 5053 1360 5092 a
1380 5038 1595 5094 Christo
1615 5044 1963 5093 nominantur
1993 5038 2204 5106 ipsique

609 5132 904 5188 chrismate
940 5141 1326 5205 perunguntur,
1357 5140 1514 5201 atque
1551 5132 1602 5186 in
1629 5130 1747 5203 ejus
1776 5130 1996 5187 nomine
2026 5129 2201 5201 bapti-

613 5226 718 5279 zati
746 5236 932 5281 sancto
962 5226 1166 5293 Spiritu
1198 5224 1575 5293 adimplentur,
1619 5236 1677 5280 ut
1701 5234 2027 5296 unguentum
2058 5227 2199 5294 quod

605 5313 884 5371 descendit
912 5332 942 5372 a
980 5319 1156 5387 capite
1198 5318 1251 5370 in
1281 5316 1490 5371 barbam
1529 5319 1702 5372 Aaron
1741 5317 1918 5389 (Psal.
1955 5318 2196 5389 cxxxn);

609 5411 749 5479 quod
773 5427 980 5477 verum,
1012 5411 1330 5481 perfectum,
1356 5420 1515 5481 atque
1545 5410 1894 5466 fortissimum
1925 5412 2193 5478 declarat;

2316 4196 2442 4251 dum
2498 4199 2688 4266 priscae
2720 4199 2849 4271 legis
2876 4201 3159 4271 praeceptis
3188 4201 3479 4270 inspiciunt
3506 4202 3828 4268 clariorem,
3861 4205 3905 4259 in

2316 4289 2404 4345 illa
2428 4291 2511 4346 vel
2548 4307 2613 4347 ex
2639 4293 2749 4363 ipsa
2773 4291 3044 4348 Christum
3069 4294 3345 4350 intuentes
3368 4294 3696 4365 intelligunt,
3721 4298 3907 4368 quibus

2314 4383 2432 4454 ipse
2464 4385 2514 4439 in
2547 4385 2839 4455 Evangelio
2868 4386 2997 4443 dicit
3033 4405 3045 4441 :
3085 4386 3257 4443 Vestri
3279 4388 3411 4442 beati
3439 4388 3577 4442 oculi
3603 4392 3697 4461 qui
3722 4392 3903 4459 uident,

2313 4486 2360 4530 et
2389 4494 2538 4531 aures
2559 4493 2674 4547 qua:
2700 4479 2952 4545 audiunt;
2975 4495 3120 4534 auten
3148 4482 3262 4534 dico
3284 4481 3444 4548 vobis,
3477 4482 3629 4536 multi
3649 4485 3905 4557 propheta

2312 4578 2358 4624 et
2389 4586 2531 4640 reges
2559 4572 2865 4641 quwsieruut
2890 4572 3058 4627 videre
3076 4590 3190 4636 aute
3215 4576 3414 4641 ridetis,
3447 4583 3619 4630 etnon
3640 4578 3900 4643 uiderunt;

2311 4673 2357 4716 et
2384 4664 2565 4720 audire
2595 4680 2709 4733 qua:
2734 4666 2989 4745 audistis,
3019 4677 3068 4723 et
3090 4684 3191 4731 nos
3219 4670 3499 4733 audierunt
3525 4670 3749 4741 (lauit.
3779 4689 3898 4739 stu;

2308 4754 2440 4810 Luc.
2466 4757 2539 4828 ι).

2378 4850 2537 4906 Nutu.
2572 4850 2625 4905 7.
2662 4851 2808 4906 Recti
2843 4850 3063 4923 diligunt
3090 4861 3156 4907 te.
3188 4852 3297 4908 Nec
3320 4852 3465 4908 enim
3499 4869 3646 4925 pratn
3683 4868 3897 4926 possunt

2306 4945 2530 5015 diligere
2574 4945 2877 5014 aequitatem
2912 4962 2927 4998 :
2960 4944 3038 5001 illi
3071 4945 3214 5002 enim
3259 4946 3393 5001 recti
3440 4960 3569 5003 sunt
3593 4958 3647 5002 et
3674 4947 3897 5019 diligunt

2309 5039 2493 5105 Deum,
2521 5038 2607 5107 qui
2628 5052 2733 5092 non
2757 5052 2942 5093 amore
2970 5048 3226 5094 creatum
3247 5038 3447 5109 captivi
3472 5050 3758 5105 tenentur;
3780 5043 3895 5111 sed,

2305 5133 2443 5188 sicut
2487 5140 2664 5186 rectos
2693 5129 2879 5198 decet,
2927 5131 3219 5201 pretiosum
3258 5146 3457 5188 munus
3492 5145 3893 5205 praeponentes,

2305 5225 2415 5281 Deo
2433 5225 2636 5280 auctori
2656 5226 2896 5279 omnium
2913 5224 3202 5281 dilectione
3220 5224 3511 5283 fortissima
3529 5227 3893 5285 adhcserunt.

2304 5317 2409 5375 Sed
2440 5328 2492 5373 et
2517 5318 2595 5373 illi
2619 5317 2789 5374 Deum
2818 5326 2967 5374 recte
2996 5317 3226 5390 diligere
3254 5319 3636 5389 approbantur,
3670 5323 3760 5389 qui
3790 5338 3893 5378 non

2302 5410 2474 5466 solum
2506 5410 2559 5466 in
2592 5409 2891 5477 beneﬁciis,
2918 5410 3013 5466 sed
3061 5412 3114 5467 in
3146 5410 3369 5483 flagellis
3399 5411 3569 5482 ipsius
3593 5414 3890 5479 constituti,
3980 5410 3987 5447 έ

608 5498 659 5565 id
689 5513 771 5556 est
797 5518 951 5559 sacer
982 5505 1230 5573 Spiritus,
1259 5506 1347 5576 qui
1379 5519 1409 5559 a
1437 5506 1544 5562 Deo
1569 5505 1794 5561 diﬂ'usus
1839 5518 1917 5562 est
1948 5508 2000 5562 in
2031 5508 2192 5565 Chri-
2222 5491 2279 5553 Β
2298 5505 2547 5560 similiter
2575 5504 2779 5575 gratias
2807 5514 2970 5576 agunt
3015 5505 3153 5561 sicut
3178 5513 3235 5560 et
3264 5504 3355 5561 ille
3390 5504 3606 5561 dicebat
3634 5524 3646 5558 :
3675 5504 3891 5561 Benedi-
3982 5514 3985 5593 ς

606 5603 710 5657 sto,
732 5594 991 5647 descendit
1014 5597 1171 5651 etiam
1190 5600 1241 5651 in
1269 5614 1409 5653 oram
1433 5600 1714 5654 vestimenti
1758 5602 1891 5669 ejus,
1916 5614 1979 5655 ac
2002 5610 2193 5668 totam,

605 5697 701 5753 usq
730 5700 774 5738 'e
811 5683 866 5737 in
896 5686 1087 5753 linem,
1115 5686 1412 5744 Ecclesium
1450 5691 1653 5760 replet;
1685 5707 1804 5763 quae
1840 5692 1891 5746 ei
1924 5693 2191 5749 inhtrren-

601 5775 692 5843 do,
721 5777 839 5835 siue
877 5778 1038 5835 dubio
1069 5783 1233 5836 vestis
1264 5783 1428 5850 ipsius
1456 5793 1556 5840 est.
1590 5784 1720 5840 Nam
1753 5787 1805 5842 in
1840 5788 2189 5855 transﬁgura-

2302 5615 2415 5653 cam
2448 5598 2733 5653 Dominum
2764 5600 2817 5653 in
2852 5600 2991 5654 omni
3022 5607 3268 5670 tempore,
3298 5601 3415 5655 laus
3435 5601 3547 5671 ejus
3574 5600 3628 5654 in
3668 5617 3759 5657 ore
3782 5618 3889 5659 meo

2298 5690 2474 5765 (Psal.
2501 5694 2727 5763 xxxiii):
2760 5691 2810 5747 id
2832 5702 2936 5761 est,
2964 5701 3020 5748 et
3039 5693 3253 5763 quando
3281 5694 3514 5755 laetitiam
3548 5708 3615 5749 ex
3646 5694 3794 5749 dono
3813 5711 3888 5751 ca~

2299 5786 2411 5856 pio,
2432 5795 2482 5840 ct
2502 5786 2717 5851 quando
2742 5785 2985 5843 dolorem
3016 5786 3226 5852 (eodem
3250 5784 3597 5857 corripiente)
3624 5789 3883 5860 suscipio.
