4078 6440
312 364 418 428 963

1280 358 1348 421 ΙΝ
1383 355 1681 420 CAN'I‘IGA
1715 355 2165 420 CAN'HCOBUM
2199 354 2636 419 EXPLICATIO.

3491 357 3598 420 9CD

309 488 462 544 Sient
496 482 637 539 alius
662 491 876 552 quoque
899 477 1370 539 vehementissima
1416 481 1668 549 passione
1712 479 1907 549 proba-7
1932 486 1985 546 Α
2009 496 2171 536 ncam
2191 481 2506 537 custodiret.
2542 483 2605 536 Et
2626 479 2869 550 sequius!
2891 522 2907 547 ,
2947 477 3157 547 Vineam
3182 486 3475 551 noenum
3497 497 3593 537 cu-

311 587 424 645 tus,
456 590 621 632 carne
666 575 940 645 pauidus,
969 582 1025 629 et
1063 575 1306 629 sincerus
1335 574 1497 628 corde
1535 574 1746 629 locutus
1775 584 1859 629 est
1888 591 1901 627 :

314 672 376 730 Si
407 671 540 726 bona
567 671 884 739 suscepimus
933 668 996 721 de
1036 684 1193 722 manu
1236 666 1478 735 Domini,
1510 668 1648 721 mala
1686 681 1778 720 cur
1804 682 1908 721 non

313 762 701 819 sustineamus?
740 761 993 815 Dominus
1021 762 1190 825 dedit,
1224 760 1478 813 Dominus
1514 760 1739 828 abstulit,
1774 764 1907 817 sicut

312 854 541 911 Domino
572 854 765 922 placuit
786 853 857 907 ita
884 853 1173 920 factumest
1191 870 1210 919 ;
1233 854 1301 906 sit
1322 868 1528 919 nomen,
1558 864 1666 908 etc.

383 950 539 1005 Num.
574 949 625 1003 8.
665 947 831 1018 Nigra
874 964 1014 1012 sum,
1043 952 1129 1000 sed
1160 948 1406 1018 formosa,
1433 946 1545 1015 [illa
1582 945 1900 1017 Jerusalem,

311 1043 444 1100 sicut
474 1042 802 1096 tabernacula
851 1039 1036 1097 Cedar.
1068 1040 1226 1110 Nigra
1274 1039 1618 1095 confessione
1658 1050 1907 1110 peccato-

312 1153 456 1203 rum,
490 1137 725 1191 tortuosa
754 1137 922 1206 gratia
953 1136 1298 1202 sacramenti,
1329 1135 1438 1190 ﬁlia
1470 1135 1789 1192 Jerusalem.
1826 1138 1908 1193 Ex

310 1231 405 1286 illa
428 1232 571 1284 enim
599 1229 988 1298 primitivorum
1021 1228 1260 1285 Ecclesia
1283 1244 1377 1299 per
1406 1230 1755 1298 Evangelium
1782 1239 1905 1284 nata

311 1333 396 1380 est
424 1338 543 1393 qua
576 1322 744 1391 prima
773 1322 1001 1377 credidit
1020 1322 1073 1376 in
1090 1321 1386 1378 Jerusalem
1407 1340 1420 1388 ;
1445 1324 1531 1378 vel
1561 1333 1743 1390 certe,
1769 1322 1908 1379 sicut

312 1417 605 1487 Apostolus
627 1415 760 1470 dicit
782 1433 796 1468 :
831 1416 938 1469 Illa
960 1426 1077 1486 qua:
1097 1433 1302 1472 sursum
1329 1424 1401 1471 est
1420 1414 1729 1481 Jerusalem,
1749 1417 1909 1470 libera

311 1520 408 1575 est,
438 1526 552 1578 qua:
573 1512 645 1564 est
672 1519 835 1564 mater
862 1520 1036 1564 nostra
1070 1509 1265 1580 (Galat.
1294 1510 1398 1580 tv).
1436 1512 1500 1565 lit.
1540 1514 1752 1577 merito,
1785 1513 1907 1580 quia

312 1603 571 1657 assimilat
603 1617 662 1657 se
692 1602 1047 1656 tabernaculis
1076 1602 1283 1668 (ledar;
1316 1603 1458 1671 quttd
1490 1602 1903 1672 interpretatur,

313 1693 664 1750 obscuritatis
691 1710 705 1759 ;
736 1694 802 1747 ad
835 1694 991 1763 cujus
1016 1694 1157 1748 tilios
1176 1694 1467 1762 Apostolus
1495 1694 1627 1747 dicit
1662 1712 1673 1747 :
1708 1691 1908 1749 Fuistis

310 1786 591 1855 aliquando
620 1786 857 1851 tenebris,
884 1802 1020 1840 nunc
1044 1793 1218 1839 autem
1241 1788 1333 1839 lux
1355 1787 1408 1840 in
1438 1785 1657 1841 Domino
1688 1786 1902 1857 (Ephes.

2008 574 2211 629 stodivi.
2246 574 2441 629 Factus
2469 574 2612 629 enim
2637 590 2700 631 ex
2725 574 2886 631 Sani»
2916 572 3141 643 Paulus,
3163 589 3231 632 es
3254 585 3600 644 persecutore

2008 669 2352 739 praedicator,
2382 669 2507 725 dum
2531 670 2747 725 verbum
2772 669 2873 727 Dei
2888 669 3089 727 luditis
3109 669 3600 729 cmttratbcentibus

2012 762 2330 829 pra-dicarct
2356 770 2407 815 et
2428 763 2645 816 omnino
2676 774 3045 832 sperneretur,
3079 763 3287 819 eisdem
3308 763 3600 821 incredulus

2010 850 2182 907 dixit:
2220 852 2373 907 Vobis
2395 853 2605 923 quidem
2643 855 2901 923 oportebat
2945 857 3221 927 praedicari
3250 855 3452 921 uerbum
3485 855 3599 923 D.i,

2009 946 2098 998 sed
2138 947 2377 1014 quoniam
2405 947 2665 1015 repulistis
2714 948 2843 1001 illud
2872 957 2919 1003 et
2960 950 3195 1017 indignos
3222 965 3305 1006 vos
3325 950 3603 1020 jttdicasu’s

2010 1048 2156 1092 tanta
2182 1039 2367 1108 salute,
2392 1055 2504 1094 ecce
2524 1040 2861 1095 convertimur
2886 1041 2955 1095 ad
2983 1052 3175 1110 gentes,
3208 1042 3281 1097 sic
3306 1043 3438 1097 enim
3469 1055 3602 1112 prte-

2008 1132 2137 1202 cepit
2168 1132 2312 1186 nobis
2336 1149 2426 1202 per
2459 1130 2783 1202 Scripturam
2806 1131 3095 1187 Dominus:
3120 1131 3255 1191 Dedi
3284 1143 3330 1186 te
3357 1133 3410 1187 in
3439 1132 3603 1187 lucem

2009 1224 2257 1296 gentium,
2286 1234 2341 1278 ut
2371 1226 2438 1278 sis
2467 1227 2521 1281 in
2571 1228 2788 1283 salutem
2837 1239 2996 1292 usque
3040 1224 3111 1275 ad
3142 1234 3421 1277 extremum
3457 1232 3605 1285 terras

2008 1314 2144 1386 (Act.
2180 1332 2308 1382 sui;
2335 1314 2445 1371 Isa.
2477 1318 2647 1386 ειη).
2684 1316 2777 1373 Vel
2806 1318 2945 1373 sicut
2974 1318 3087 1386 ipse
3112 1316 3179 1375 ad
3218 1315 3434 1379 Galatas
3470 1315 3605 1371 scri-

2011 1410 2145 1477 psit,
2181 1408 2414 1462 Audistis
2441 1410 2875 1463 conversationem
2903 1392 3143 1463 meamin
3168 1406 3462 1471 Judaitmﬂ.
3484 1407 3605 1476 (ιιιέά

2009 1501 2344 1571 persequebar
2392 1500 2679 1565 Ecclesium
2718 1502 2851 1569 Dei,
2878 1512 2931 1558 et
2970 1500 3324 1573 expugnabam
3363 1498 3511 1567 illam
3558 1506 3605 1552 et

2011 1594 2345 1661 proﬁciebam
2378 1594 2431 1648 in
2459 1593 2732 1653 Judaismo
2762 1611 2923 1661 supra
2952 1576 3139 1649 multas
3164 1608 3449 1648 cotetaneos
3471 1607 3606 1647 meos

2010 1688 2065 1742 in
2092 1705 2275 1759 genere
2312 1706 2420 1743 meo
2442 1732 2457 1757 ,
2481 1690 2825 1747 abundantius
2864 1689 3136 1745 matulator
3163 1690 3387 1749 existens
3430 1696 3606 1758 pater-

2015 1798 2201 1836 narum
2246 1800 2473 1837 mearum
2513 1784 2851 1849 traditionunt
2875 1784 3016 1855 (Gal.
3044 1782 3109 1856 1),.
3142 1784 3205 1837 Et
3232 1783 3425 1839 iterum
3455 1800 3468 1836 :
3500 1781 3607 1837 Sed

313 1879 395 1950 v).
430 1880 611 1934 Potest
654 1880 816 1941 etiam
848 1880 998 1950 nigra
1020 1880 1230 1945 vocari,
1263 1893 1385 1935 cum
1415 1879 1774 1949 passionibus,
1808 1896 1908 1949 op-
1938 1877 1989 1947 Β
2014 1893 2130 1945 qua:
2157 1878 2281 1931 mihi
2305 1879 2510 1947 [uerunt
2541 1880 2710 1947 lucra,
2736 1880 2847 1933 lucc
2865 1879 3139 1933 arbitratus
3167 1892 3281 1931 sum
3304 1877 3607 1931 detrimenta

312 1972 577 2042 probriis,
620 1972 959 2027 contumeliis
1014 1982 1070 2028 et
1112 1972 1386 2042 deepectui
1431 1972 1681 2027 traditur.
1713 1971 1906 2027 Consi-

314 2064 440 2119 dera
467 2064 673 2134 nigram
704 2072 864 2133 atque
887 2063 1180 2119 formosam
1208 2082 1224 2120 :
1258 2066 1311 2118 in
1339 2064 1507 2120 Paulo
1532 2080 1546 2118 :
1572 2063 1639 2119 In
1669 2066 1905 2120 omnibus

314 2158 696 2213 tribulationem
724 2158 979 2227 patimur,
1029 2157 1128 2212 sed’
1148 2173 1248 2212 non
1277 2158 1667 2227 angustiamur;
1698 2159 1910 2226 aporia-

312 2267 447 2315 tttur,
477 2251 566 2306 sed
591 2266 697 2304 non
718 2250 1044 2303 destituimur
1068 2266 1086 2315 ;
1117 2251 1409 2320 dejicimur,
1441 2251 1529 2305 sed
1555 2268 1658 2305 non
1682 2252 1907 2317 perimus

314 2342 400 2416 (ll
418 2342 540 2400 Cor.
572 2344 671 2413 tv).
697 2343 1159 2409 Quemadmodum,
1188 2344 1532 2402 tabernacula
1556 2345 1763 2412 Cetlar;
1795 2356 1908 2403 tan-

313 2454 467 2507 quam
497 2448 834 2507 purgamenta
879 2439 1034 2506 hujus
1063 2439 1243 2492 mundi
1292 2440 1417 2508 {acti
1457 2456 1652 2507 sumus,
1679 2442 1909 2495 omnium

315 2530 637 2601 peripsema;
668 2542 724 2586 et
755 2532 894 2586 sicut
920 2531 1074 2597 pellis
1099 2530 1424 2597 Salomonis,
1460 2549 1661 2601 semper
1688 2534 1909 2603 mortiﬁ-

314 2635 570 2679 cationem
600 2623 727 2678 Jesu
760 2622 950 2678 Christi
994 2627 1048 2677 in
1071 2641 1227 2680 carne
1276 2635 1449 2681 nostra
1478 2627 1909 2697 circumferentes,

315 2727 370 2772 ut
396 2719 499 2771 rita
523 2715 650 2771 Iesu
680 2718 1033 2785 manifestatur
1074 2718 1128 2772 in
1166 2734 1319 2772 carne
1357 2728 1533 2773 nostra
1572 2720 1800 2773 mortali.

391 2810 548 2867 Num.
581 2810 635 2866 9.
661 2809 844 2866 Nolite
872 2827 951 2865 me
974 2812 1295 2868 considerare
1319 2815 1455 2881 quod
1478 2815 1625 2884 fusca
1648 2816 1766 2880 sint,
1791 2813 1913 2885 quia

317 2903 635 2981 decolorauit
660 2920 739 2957 me
765 2905 866 2958 sol.
905 2904 961 2958 id
986 2915 1111 2959 est:
1142 2906 1311 2960 nolite
1354 2921 1440 2960 me
1476 2906 1823 2962 constitutam
1857 2907 1912 2961 in

325 2998 707 3069 persecutione
750 2997 1069 3068 despicere;
1101 3008 1264 3054 aestus
1314 2998 1459 3053 enim
1510 2999 1911 3055 tribulationum

318 3092 584 3157 sustinui,
615 3100 669 3145 et
707 3092 861 3161 quasi
904 3090 1157 3146 decerem
1196 3092 1515 3159 temporalis
1559 3093 1913 3161 iucunditatis
1953 3130 1986 3138 μλ

320 3185 506 3240 amisi:
542 3182 644 3238 Per
671 3184 858 3237 multas
886 3184 1027 3238 enim
1070 3183 1420 3241 tribulationes
1467 3197 1662 3255 Oportet
1719 3202 1807 3243 nte
1834 3186 1915 3240 in-

319 3286 458 3331 trare
484 3276 537 3329 in
575 3290 788 3345 regnum
818 3271 915 3329 Dei
960 3274 1099 3343 (Act.
1132 3278 1265 3346 xiv).
1300 3276 1357 3330 lu
1397 3277 1501 3332 illis
1526 3292 1758 3348 namque
1793 3294 1921 3335 sum
1942 3273 1991 3339 C
2022 3283 2226 3339 tuorum
2248 3292 2269 3331 :
2290 3275 2345 3333 id
2370 3286 2473 3343 est,
2495 3276 2612 3333 siin
2634 3292 2697 3333 ea
2723 3277 2968 3333 claritate
2997 3294 3098 3347 qua
3130 3276 3365 3333 ﬁdelium
3397 3285 3611 3341 tuorum
3708 3346 3711 3351 ἱ

2011 1972 2238 2046 (Philip.
2273 1972 2376 2045 tn),
2413 1984 2664 2045 tanquam
2698 1974 2798 2031 sub
2844 1975 3128 2044 tenigmate
3156 1973 3342 2028 dicens
3368 1990 3381 2027 :
3404 1970 3608 2029 Pome-

2008 2076 2128 2121 runt
2155 2083 2235 2122 me
2281 2069 2544 2127 custodem
2581 2070 2759 2136 vineis,
2786 2069 2987 2123 uincam
3016 2083 3181 2123 meam
3210 2067 3353 2122 enim
3385 2081 3487 2121 non
3521 2080 3609 2121 ωε

2010 2159 2217 2215 stodivi.

2082 2251 2241 2307 Num.
2279 2252 2363 2306 l2.
2394 2252 2577 2306 Indica
2607 2253 2733 2308 mihi
2775 2268 2922 2323 quem
2951 2253 3121 2324 diligit
3150 2252 3325 2311 anima
3357 2267 3499 2316 mea,
3522 2246 3610 2305 ubi

2016 2361 2234 2417 pascas,
2265 2344 2349 2399 ubi
2373 2347 2525 2400 cubas
2555 2346 2606 2400 in
2633 2346 2859 2400 meridie.
2894 2346 3146 2415 Legimus
3188 2345 3242 2403 in
3276 2343 3605 2416 Evangelio:

2012 2438 2077 2496 Si
2104 2439 2365 2508 dixerint,
2399 2438 2531 2494 Ecce
2562 2438 2648 2493 hic
2691 2449 2764 2494 est
2810 2437 3077 2504 Christus,
3110 2453 3222 2492 ecce
3266 2437 3407 2505 illic,
3451 2435 3610 2490 nolite

2012 2535 2154 2599 exire
2176 2532 2392 2605 (Matth.
2424 2548 2551 2587 xxxv
2573 2550 2587 2601 ;
2612 2532 2783 2589 Marc.
2825 2532 2967 2604 ιω).
3002 2531 3099 2588 ilic
3124 2531 3273 2591 enim
3296 2542 3456 2602 atque
3476 2530 3608 2600 illic,

2013 2635 2197 2698 partes
2241 2641 2363 2681 esse
2401 2634 2732 2691 noscuntur;
2758 2622 3011 2683 Christus,
3039 2632 3217 2679 autem
3260 2624 3316 2678 in
3362 2622 3608 2679 Ecclesia

2014 2717 2279 2775 catholica
2310 2728 2561 2788 tanquam
2602 2718 2659 2781 in,
2684 2717 2910 2773 meridie
2937 2718 3163 2785 cubans,
3206 2716 3464 2771 mundum
3489 2714 3609 2779 uui-

2014 2825 2233 2865 versum
2261 2823 2358 2865 suo
2400 2808 2610 2878 fulgore
2653 2808 2917 2880 perfudit,
2948 2818 3003 2865 et
3032 2812 3085 2864 in
3116 2810 3311 2880 spiritu
3352 2808 3609 2865 ferventi-

2016 2901 2117 2959 bus
2141 2900 2448 2972 requiescit,
2481 2913 2638 2972 atque
2669 2916 2731 2957 ex
2757 2917 2819 2957 ea
2850 2902 3113 2959 charitate
3144 2918 3246 2974 qua
3269 2902 3455 2962 orbem
3485 2903 3605 2963 uni-

2018 3008 2236 3050 versum
2278 2994 2523 3065 irradiat,
2556 2995 2841 3055 credentes
2890 2996 2949 3053 in
2995 3010 3054 3051 se
3105 2995 3331 3067 populos
3371 2996 3611 3068 quotidie

2017 3088 2210 3157 pascit.

2090 3181 2247 3241 Num.
2283 3182 2369 3237 15.
2405 3181 2486 3237 Ne
2511 3182 2687 3253 uagari
2716 3181 2960 3253 incipiam
3007 3197 3098 3253 per
3132 3196 3311 3253 greges
3352 3180 3610 3237 sodalium

318 3371 387 3427 de
425 3369 617 3439 quibus
658 3369 915 3439 scriptum
948 3377 1033 3423 est
1065 3387 1077 3422 :
1116 3368 1260 3423 Bea'i
1297 3371 1385 3441 qui
1434 3370 1641 3443 lugent,
1672 3374 1918 3440 quoniam
2026 3374 2352 3433 universitas
2391 3373 2676 3439 consistit,
2710 3383 2758 3428 te
2789 3373 3113 3431 habitantem
3147 3374 3483 3445 ignorarem,
3517 3386 3609 3441 per

319 3465 418 3536 ipsi
442 3464 837 3518 consolabuntur
855 3479 874 3517 :
902 3471 952 3518 et
980 3479 1071 3519 vos
1102 3464 1308 3535 quidem
1350 3466 1613 3521 tristitiam
1642 3465 1911 3535 habebitis,

318 3557 543 3612 mundus
571 3567 742 3613 autem
766 3559 1027 3630 gaudebit,
1061 3558 1153 3615 sed
1175 3560 1388 3617 tristitia
1404 3571 1564 3618 vestra
1592 3565 1646 3617 in
1665 3564 1916 3637 gaudium

317 3662 635 3706 convertatur
664 3651 879 3722 (Matth.
910 3669 971 3719 v;
998 3651 1161 3709 Joau.
1198 3656 1336 3726 ενι).

395 3742 552 3799 Num.
592 3745 675 3800 l0.
706 3744 836 3802 Filii
862 3750 1043 3804 matris
1064 3766 1189 3805 mete
1219 3762 1571 3823 pugnaverunt
1608 3763 1789 3808 contra
1812 3769 1911 3809 nte.

318 3834 445 3891 Filii
477 3836 681 3893 scilicet
709 3840 1029 3911 Synagogae,
1059 3842 1150 3911 qui
1192 3842 1475 3900 docentem
1517 3853 1572 3899 et
1599 3855 1912 3916 arguentem

318 3922 654 3993 Stephanum
679 3940 972 3999 martyrem
988 3931 1401 4003 lapidaverunt:
1436 3932 1503 3986 Et
1531 3936 1675 4003 facta
1700 3946 1775 3991 est
1798 3955 1915 4006 per-

320 4018 514 4073 sectuio
548 4034 737 4089 magna
778 4021 831 4074 in
862 4019 1095 4077 Ecclesia
1131 4039 1246 4092 qua:
1287 4033 1396 4079 erat
1417 4023 1830 4096 "Hierosolymis,
1862 4038 1911 4083 et

322 4128 495 4167 omnes
523 4117 706 4184 fratres
734 4116 954 4186 dispersi
985 4127 1102 4171 sunt
1134 4136 1224 4188 per
1242 4120 1472 4189 regiones
1502 4119 1703 4178 Judtete
1731 4134 1779 4179 et
1808 4126 1912 4180 Sa-

326 4208 509 4262 maria!
540 4208 675 4279 (Act.
704 4209 825 4281 vn).
858 4209 953 4264 Vel
976 4210 1051 4266 illi
1076 4213 1239 4266 etiam
1262 4226 1632 4283 pugnaverunt
1651 4216 1909 4275 adversus

326 4299 645 4369 Ecclesiam,
680 4304 771 4374 qui
796 4303 1019 4359 Paulum
1046 4305 1427 4374 praedicantem
1448 4308 1499 4363 in
1525 4310 1789 4378 gentibus,
1817 4326 1910 4380 per

322 4394 567 4452 civitates
598 4397 831 4469 singulas
857 4401 1123 4468 persecuti
1158 4410 1303 4456 sunt.
1348 4402 1606 4458 Similiter
1633 4414 1687 4459 et
1712 4404 1789 4459 illi
1820 4407 1911 4476 qui

322 4485 409 4545 Itis
428 4491 522 4560 qui
544 4506 612 4545 ex
636 4490 885 4561 gentibus
907 4492 1265 4561 crediderant,
1287 4510 1453 4552 onera
1477 4496 1608 4567 legis
1630 4498 1911 4569 imponen-

320 4584 390 4641 da
418 4587 732 4654 censebant,
763 4603 880 4658 quae
909 4588 969 4643 Β.
1000 4589 1231 4646 Jacobus
1261 4607 1379 4647 cum
1409 4593 1620 4648 caeteris
1649 4593 1908 4664 apostolis

2023 3480 2215 3537 greges
2242 3466 2530 3532 sodalium,
2553 3466 2608 3521 id
2641 3473 2724 3522 est
2744 3480 2840 3538 per
2861 3467 3302 3538 congregationes
3328 3465 3612 3535 haeretico-

2021 3575 2164 3626 rum,
2218 3560 2467 3630 incipiam
2509 3560 2782 3621 aberrare.
2816 3559 3042 3617 Sodales
3079 3561 3279 3631 quippe
3317 3557 3518 3617 Christi
3544 3572 3611 3616 ex

2020 3652 2255 3723 quadam
2277 3664 2429 3722 parte
2450 3652 2691 3713 tamenet
2719 3652 3078 3722 appellentur,
3104 3652 3227 3723 quia
3253 3652 3609 3721 nativitatem,

2021 3747 2350 3819 passionem,
2383 3757 2438 3809 et
2464 3747 2913 3803 resurrectionem
2929 3743 3104 3815 ipsius
3131 3745 3486 3815 proﬁtentur;
3518 3744 3611 3800 sed

2018 3844 2142 3912 quia
2171 3843 2238 3899 de
2260 3843 2391 3912 ipsis
2418 3840 2708 3910 Apostolus
2730 3840 2835 3894 ait:
2870 3831 3130 3893 Habentes
3167 3839 3386 3908 formam
3406 3837 3612 3908 pietatis

2019 3944 2068 3990 et
2097 3935 2305 3989 uirtutes
2328 3937 2439 4005 ejus
2460 3934 2764 4005 abnegantes
2787 3928 2875 4001 (ll
2910 3926 3041 3995 Tim.
3075 3929 3130 4004 γ)
3150 3970 3166 3998 ,
3197 3946 3297 3986 non
3320 3930 3430 3999 jam
3457 3929 3613 3987 soda-

2023 4026 2125 4095 les,
2156 4026 2252 4082 sed
2284 4025 2577 4081 adversarii
2605 4024 3042 4096 comprobantur.

2091 4121 2251 4179 Num.
2297 4121 2383 4177 ib.
2416 4121 2476 4179 Si
2502 4123 2711 4195 ignoras
2733 4131 2801 4188 te,
2832 4138 2859 4174 ο
2892 4118 3240 4195 pulcherrima
3265 4118 3400 4183 inter
3427 4114 3614 4172 mulie-

2016 4231 2119 4284 res,
2170 4217 2404 4288 egredere
2424 4225 2473 4269 et
2505 4216 2588 4270 abi
2638 4224 2751 4285 post
2786 4213 3017 4286 vestigia.
3067 4212 3179 4267 Vox
3209 4211 3407 4268 Christi
3435 4220 3519 4267 est
3532 4211 3613 4271 ‘ad

2017 4307 2319 4365 Ecclesium
2336 4346 2351 4371 ,
2377 4305 2439 4364 Si
2464 4308 2675 4379 ignoras
2716 4317 2783 4375 te,
2813 4322 2842 4359 ο
2871 4305 3095 4376 pulchra
3116 4305 3247 4358 inter
3272 4303 3509 4359 mulieres
3528 4317 3548 4357 :
3568 4302 3615 4362 εἰ

2016 4416 2122 4456 non
2152 4399 2405 4470 intelligis
2433 4399 2554 4470 quia
2594 4408 2650 4455 tu
2676 4412 2734 4457 es
2782 4400 2872 4453 illa
2920 4399 3005 4455 cui
3044 4399 3099 4453 in
3128 4399 3335 4469 psalmo
3376 4397 3612 4453 dicitur:

2014 4492 2174 4562 Audi,
2208 4493 2317 4562 ﬁlia
2339 4534 2355 4561 ,
2384 4500 2431 4548 et
2478 4492 2590 4547 vide
2610 4533 2625 4560 ,
2657 4502 2706 4547 et
2751 4492 2944 4545 inclina
2966 4507 3141 4546 aurem
3169 4499 3335 4559 tuam,
3365 4502 3412 4547 et
3437 4489 3616 4546 oblivi-

2015 4604 2155 4649 scere
2184 4587 2430 4659 populum
2458 4595 2601 4641 tuum
2627 4597 2676 4642 et
2704 4588 2915 4642 domum
2954 4589 3115 4657 patris
3138 4588 3234 4654 tui,
3283 4588 3404 4658 quia
3433 4602 3616 4642 concu-

320 4678 610 4735 lalllbriler
632 4682 959 4738 removenda
985 4683 1225 4741 decrevit
1245 4685 1382 4753 (Act.
1401 4686 1475 4756 v).
1500 4685 1628 4740 Nam
1652 4662 1800 4743 etilli
1824 4687 1915 4760 qui
1942 4662 1997 4724 D
2020 4683 2171 4753 piscit
2201 4698 2294 4736 rex
2333 4680 2767 4752 pulchritudinem
2819 4690 2961 4735 tuam
2993 4678 3167 4754 (Psal.
3199 4680 3380 4751 sur),
3410 4680 3529 4751 quia
3558 4686 3615 4735 tu

326 4768 541 4824 Galatas
573 4771 625 4824 in
650 4771 863 4827 Christo
909 4777 1191 4832 credentes
1229 4778 1542 4835 circumcidi
1586 4791 1913 4850 suaserant,

326 4864 704 4931 perturbantes
747 4868 1110 4936 evangelicam
1150 4872 1490 4928 traditionem
1523 4873 1782 4931 adversus
1815 4874 1916 4930 Ec-

326 4955 548 5013 clesiam
573 4972 839 5027 pugnasse
866 4960 1147 5031 docentur,
1179 4964 1245 5020 de
1266 4968 1462 5035 quibus
1488 4967 1681 5023 Paulus
1703 4980 1917 5038 aposto-

326 5048 409 5107 lus
438 5050 548 5105 ait:
580 5048 762 5121 Neque
810 5053 952 5107 enim
1003 5054 1058 5108 hi
1103 5055 1193 5125 qui
1241 5057 1698 5113 circumciduntur
1744 5060 1917 5130 legem

325 5144 655 5209 custodiunt,
679 5144 772 5199 sed
795 5144 971 5199 volunt
994 5162 1079 5200 vos
1105 5148 1403 5204 circumcidi
1422 5160 1473 5203 ut
1490 5150 1543 5203 in
1575 5167 1728 5205 carne
1752 5163 1918 5208 uestra

324 5238 608 5309 glorientur
640 5234 784 5307 (Gal.
827 5239 906 5308 v).
933 5236 1009 5295 De
1030 5238 1162 5308 ipsis
1186 5241 1347 5296 etiam
1370 5243 1503 5298 dixit
1535 5259 1548 5298 :
1582 5242 1794 5302 Utinam
1822 5247 1916 5302 ab-

323 5331 629 5385 scinduntur
657 5331 747 5400 qui
773 5347 862 5386 uos
882 5332 1187 5387 conturbant
1212 5332 1433 5407 (Ibid).

394 5423 556 5479 Nam.
587 5424 674 5479 ll.
710 5423 1003 5481 Posuerunt
1032 5441 1114 5481 me
1138 5428 1403 5482 custodem
1428 5428 1482 5483 in
1518 5431 1697 5487 uineis.
1735 5431 1917 5491 Vineae

325 5529 538 5586 quoque
566 5515 701 5583 istae,
732 5516 1029 5589 Synagogre
1053 5526 1178 5575 sunt
1206 5538 1219 5574 :
1260 5520 1535 5591 Acceperat
1563 5524 1761 5593 quippe
1781 5524 1913 5581 Sau-

326 5610 412 5668 lus
439 5619 779 5679 potestatem,
813 5622 867 5668 et
894 5613 1139 5681 epistolas
1160 5630 1192 5667 a
1223 5615 1536 5686 principibus
1564 5618 1912 5684 sacerdotum,

324 5713 383 5763 tu
425 5722 750 5778 quoscunque
783 5710 1042 5765 credentes
1070 5712 1122 5765 in
1163 5708 1368 5767 Christo
1396 5714 1666 5783 reperisset
1695 5718 1829 5772 uiros
1851 5732 1914 5771 ac

323 5797 584 5863 mulieres,
609 5800 663 5856 in
684 5803 942 5857 custodias
965 5805 1167 5863 tradere
1198 5814 1251 5865 ut
1282 5806 1587 5877 punirentur
1614 5808 1748 5879 (Act.
1780 5824 1833 5864 ιι
1860 5820 1908 5866 et

321 5889 468 5968 uti)
495 5909 510 5948 ;
539 5900 599 5953 ut
636 5893 765 5952 dum
792 5894 893 5959 ista
932 5908 1284 5971 perpetraret,
1317 5902 1469 5971 quasi
1500 5901 1796 5974 Syuagogm
1823 5906 1904 5961 vi-

2022 4776 2133 4835 sola
2161 4774 2417 4846 accepisu
2446 4774 2697 4837 decorem
2719 4772 3142 4845 incorruptibilis
3169 4773 3516 4829 sacramenti.
3549 4770 3617 4827 Et

2019 4868 2160 4925 bene
2187 4868 2280 4936 ait,
2313 4868 2444 4922 inter
2491 4868 2761 4936 mulieres,
2787 4868 2837 4923 id
2871 4876 2971 4935 est,
2998 4868 3233 4940 gloriosa
3264 4866 3406 4925 inter
3443 4865 3616 4927 haere-
3670 4852 3672 4855 ’

2021 4978 2152 5019 ses:
2200 4978 2438 5037 congrue
2476 4962 2621 5017 enim
2674 4964 2963 5020 mulierum
3012 4962 3231 5017 nomine
3274 4962 3611 5031 vocitantur,
3668 4959 3673 4963 ’

2022 5056 2145 5126 quia
2169 5054 2528 5126 virginitatem
2553 5071 2673 5126 qua:
2692 5058 2846 5112 estin
2870 5055 3086 5113 Christo
3105 5054 3424 5109 amiserunt.
3451 5050 3615 5123 Igitur

2024 5163 2133 5209 non
2160 5149 2399 5218 oberres,
2433 5164 2518 5206 me
2545 5150 2671 5205 alibi
2700 5162 2849 5207 extra
2875 5160 2926 5206 te
2964 5148 3257 5221 quaerendo
3283 5147 3393 5203 ullo
3414 5146 3611 5214 modo;

2022 5243 2079 5305 in
2103 5252 2153 5298 te
2181 5258 2378 5317 quippe
2398 5244 2489 5301 ubi
2510 5259 2597 5301 me
2619 5244 2882 5301 hactenus
2902 5258 3007 5298 non
3032 5240 3332 5313 (ψει-εδει,
3364 5249 3613 5310 tanquam

2023 5337 2081 5395 in
2111 5336 2335 5394 meridie
2374 5340 2679 5409 requiesco.
2707 5336 2826 5393 iam
2862 5336 3100 5407 intelligo
3132 5335 3222 5392 ubi
3265 5349 3350 5391 me
3378 5347 3615 5405 pascen-

2022 5437 2131 5487 tem
2161 5440 2215 5487 et
2242 5432 2632 5503 gubernantem
2664 5429 3011 5497 temetipsum
3037 5441 3268 5500 quartis,
3296 5443 3363 5483 nc
3392 5424 3539 5483 velut
3558 5424 3613 5480 iu

2026 5536 2183 5585 nocte
2214 5526 2576 5597 quorumlibet
2618 5523 2888 5582 simulatio
2920 5532 2971 5580 te
3010 5522 3282 5580 abducat:
3318 5520 3441 5593 quia
3491 5528 3615 5577 tau-

2025 5623 2304 5683 tummodo
2333 5624 2386 5676 in
2416 5629 2470 5679 te
2509 5633 2659 5678 certa
2690 5620 2979 5677 sinceritas
3003 5634 3090 5675 me
3116 5616 3261 5687 apud
3286 5624 3339 5672 te
3360 5622 3617 5687 regnante

2022 5716 2309 5787 perdurat,
2341 5714 2394 5771 in
2425 5712 2533 5768 illis
2563 5726 2613 5770 te
2656 5726 2779 5770 esse
2817 5726 3102 5784 cognosce,
3132 5710 3324 5782 quibus
3364 5712 3490 5778 post
3532 5716 3616 5759 re-

2020 5809 2413 5877 surrectionem
2462 5824 2634 5864 meam
2682 5807 2947 5864 veraciter
2990 5801 3272 5876 repromisi
3301 5818 3315 5855 :
3346 5798 3480 5855 Ecce
3522 5807 3615 5866 ego

2021 5905 2277 5975 vobiscum
2296 5921 2408 5973 sum
2432 5920 2588 5973 usque
2608 5906 2675 5962 ad
2689 5903 3176 5962 consummationem
3197 5894 3371 5955 siccati
3396 5889 3612 5967 (Matth.
