4078 6440
519 331 622 391 967

1760 320 1822 383 S.
1862 317 2052 381 JUSTI
2089 313 2567 381 UBGELLENSIS

3701 313 3818 370 968

525 448 739 522 xxviii).
768 447 920 518 Quod
963 446 1010 504 si
1035 444 1267 519 quadam
1295 442 1692 515 promissorum
1735 453 1978 497 meorum
2011 436 2109 493 du-
2135 439 2191 499 Α
2216 433 2468 491 fessionis
2501 433 2772 491 odorifero
2802 437 3073 505 unguento
3101 445 3226 490 eum
3266 438 3518 504 perunxnt
3539 471 3554 498 ,
3585 439 3646 486 ut
3684 446 3814 487 enm

521 544 780 600 bitatione
809 543 987 613 aliquo
1015 540 1175 597 modo
1201 539 1450 606 fluctuas,
1497 552 1600 593 nec
1640 549 1814 591 meam
1864 546 2106 604 praesen-

519 641 673 710 tiam,
703 653 802 695 nec
828 647 976 692 luam
1007 634 1459 708 pulchritudinem
1492 631 1773 701 cognoscis
1800 643 1813 681 :
1843 626 2108 698 egredere,

519 744 565 789 et
584 733 670 787 abi
699 742 812 804 post
833 731 1042 802 vestigia
1059 745 1268 800 gregum
1297 738 1526 782 tuorum.
1551 723 1739 778 Merito
1762 719 1958 776 etenim
1988 721 2110 786 post

517 826 739 897 vestigia
767 840 985 896 gregum
1019 831 1224 893 perget,
1245 821 1367 892 quia
1394 818 1625 890 pastoris
1648 813 1990 886 prteseutiam
2015 808 2109 865 de-

518 919 750 989 reliquit.
785 918 850 972 Et
873 934 1022 988 pasce
1048 915 1222 970 haedos
1248 925 1358 968 tuos
1384 917 1542 987 juxta
1572 909 1898 965 tabernacula
1928 913 2105 978 pasto-

517 1028 674 1069 rum:
703 1013 932 1082 injustos
986 1009 1233 1066 homines
1276 1008 1548 1064 oblectans
1598 1002 1976 1061 traditionibus
2022 1001 2108 1056 vel

517 1106 908 1164 conventiculis
938 1105 1336 1162 hatreticorum.
1369 1103 1462 1158 His
1491 1101 1690 1157 etenim
1718 1097 2110 1168 redargutioni-

519 1203 619 1258 bus
648 1201 920 1271 objurgari
966 1207 1269 1262 merentur,
1304 1196 1396 1266 qui
1423 1195 1695 1252 Christum
1741 1194 1795 1249 in
1845 1191 2108 1248 catholica

518 1292 782 1360 Ecclesia,
807 1293 892 1349 vel
921 1293 1131 1363 seipsos
1161 1290 1457 1347 Ecclesiam
1500 1287 1822 1346 catholicam
1853 1300 1974 1344 esse
2001 1300 2109 1342 non

517 1395 866 1459 cognoscunt.

589 1481 748 1537 Num.
779 1483 867 1538 15.
897 1480 1164 1554 Equitatui
1190 1496 1298 1536 meo
1323 1479 1376 1534 iit
1402 1478 1635 1534 curribus
1665 1475 1980 1532 Pharaonis.
2012 1473 2108 1530 Di-

519 1575 595 1633 cit
643 1575 859 1633 Abacuc
905 1578 1165 1648 propheta
1196 1594 1208 1628 :
1239 1576 1494 1646 Nunquid
1522 1576 1574 1628 in
1602 1573 1899 1642 ﬂuminibus
1942 1571 2111 1625 iratus

517 1693 568 1732 es
586 1721 600 1745 ,
632 1674 847 1733 Domine
867 1721 880 1745 ,
909 1687 997 1732 aut
1023 1679 1077 1732 in
1099 1677 1397 1748 ﬂuminibus
1420 1677 1566 1747 [uror
1596 1686 1714 1729 tuus
1737 1715 1751 1740 ,
1775 1674 1854 1728 vel
1895 1674 1950 1727 in
1978 1671 2111 1726 mari

515 1771 806 1842 indignatio
837 1781 944 1839 tua,
974 1773 1064 1843 qui
1111 1772 1343 1826 ascendis
1373 1787 1526 1841 super
1564 1785 1719 1840 equos
1754 1780 1885 1834 tuos,
1913 1777 1960 1822 et
1987 1783 2114 1838 qua-

2213 524 2510 581 voluntarie
2539 539 2754 595 passum
2799 524 2998 589 fuisse,
3033 533 3090 580 et
3115 539 3146 579 a
3182 523 3407 579 mortuis
3438 524 3816 578 resurrexisse

2213 615 2301 672 die
2347 616 2509 674 tertia
2557 617 2753 673 virtute
2797 617 3046 689 propria,
3090 617 3147 673 in
3191 618 3418 673 salutem
3465 616 3812 673 credentium

2214 711 2512 782 prmdicare
2543 726 2651 767 non
2678 721 2874 768 cesset.

2281 802 2441 860 Num.
2465 803 2555 860 9.0.
2580 801 2888 860 Fasciculus
2910 804 3132 876 myrrhae
3151 803 3366 859 dilectus
3386 819 3548 858 meus.
3577 802 3714 873 Myrr
3730 803 3816 856 hae

2211 898 2455 968 Species,
2485 905 2819 953 mortuorum
2853 896 3172 967 corporibus
3219 895 3539 952 condiendis
3571 904 3694 963 apta
3731 893 3816 947 di—

2212 994 2510 1064 gnoscitur.
2542 991 2852 1048 Fasciculus
2883 993 3063 1062 itaque
3095 990 3327 1062 myrrha:
3349 986 3598 1044 Christus
3615 1002 3815 1056 passus

2213 1095 2268 1142 et
2293 1094 2534 1142 mortuus
2564 1095 2618 1142 et
2645 1085 2908 1154 sepultus.
2955 1085 3100 1138 Inter
3126 1085 3281 1137 ubera
3319 1098 3432 1135 mea
3470 1079 3818 1136 commorabi-

2215 1189 2321 1236 tur.
2349 1179 2524 1236 Ubera
2547 1179 2806 1240 Ecclesiae
2830 1192 2952 1234 esse
2975 1177 3170 1233 eruditi
3195 1186 3250 1232 et
3272 1175 3536 1245 spirituali
3564 1176 3705 1229 lacte
3736 1188 3815 1227 re-

2213 1274 2516 1331 dundantes
2543 1273 2636 1344 qui
2661 1281 2947 1329 nascentes
2968 1272 3021 1327 in
3048 1272 3154 1328 ﬁde
3182 1271 3406 1341 populos
3429 1269 3700 1335 nutriunt,
3739 1268 3815 1322 illi

2210 1372 2332 1428 sine
2360 1371 2525 1428 dubio
2546 1369 2986 1440 comprobantur,
3028 1367 3118 1437 qui
3151 1374 3378 1420 mortem
3410 1363 3646 1429 Domini,
3672 1362 3818 1416 sicut

2215 1476 2544 1539 praeceptum
2572 1473 2686 1531 est,
2712 1463 3033 1520 annuntiare
3081 1461 3255 1517 donec
3296 1459 3512 1527 veniat,
3554 1456 3817 1513 omnibus

2215 1561 2390 1618 modis
2411 1575 2516 1616 non
2538 1559 2824 1615 desistunt.

2286 1655 2446 1711 Num.
2469 1653 2559 1707 ‘21.
2578 1651 2766 1707 Botrus
2786 1650 2945 1721 Cypri
2971 1648 3183 1703 dilectus
3207 1663 3370 1701 meus.
3396 1645 3591 1702 Botrus
3622 1648 3674 1699 in
3706 1643 3814 1713 Cy-

2217 1765 2336 1821 pro,
2365 1747 2612 1804 Christus
2642 1759 2937 1817 suspensus
2970 1745 3023 1799 in
3053 1742 3227 1798 crucis
3261 1743 3438 1812 ligno:
3469 1739 3612 1807 quod
3640 1751 3814 1806 genus

517 1833 680 1934 (triga:
711 1872 813 1918 tua;
856 1833 997 1918 satus.
1032 1863 1214 1935 (Αὺαο,
1250 1863 1327 1932 ι)τ
1353 1833 1497 1930 ρυδς
1535 1833 1721 1934 equos,
1756 1833 2030 1932 θροειοιοέ
2061 1867 2118 1916 ει
2140 1837 2194 1900 Β
2221 1843 2350 1915 ligni
2370 1842 2702 1899 odoriferum
2733 1855 2948 1910 semper
2971 1847 3025 1894 et
3053 1839 3422 1906 incorruptum
3462 1843 3567 1897 est,
3599 1833 3812 1901 signum

520 1963 880 2033 evangelistas
924 1961 1257 2031 accipimus?
1307 1960 1429 2015 ldeo
1470 1959 1718 2016 Christus
1763 1959 1999 2037 loquitur
2048 1957 2113 2012 ad

523 2057 840 2112 Ecclesiam.
869 2056 1020 2112 Tunc
1042 2058 1292 2127 equitatui
1320 2073 1429 2111 meo
1464 2058 1518 2110 in
1553 2057 1783 2111 curribus
1820 2055 2114 2109 Pharaonis

521 2151 805 2205 assimilavi
852 2161 896 2205 te
919 2192 933 2216 ,
980 2165 1100 2205 cum
1130 2151 1398 2220 sapientes
1426 2152 1609 2206 mundi
1638 2151 1704 2204 ad
1748 2164 1919 2206 meam
1954 2149 2112 2204 ﬁdem

520 2245 824 2302 evocandos
855 2246 1120 2310 converti,
1156 2254 1214 2300 ut
1239 2244 1485 2315 deposito
1527 2253 1733 2299 tumore
1775 2242 1980 2308 saeculi,
2013 2240 2114 2296 sub

519 2350 606 2392 me
628 2335 740 2407 (qui
771 2350 888 2390 sum
917 2336 1063 2390 salus
1091 2339 1241 2406 vera)
1269 2336 1534 2391 currendo
1567 2336 1883 2406 proﬁciant;
1917 2346 2110 2402 meque

517 2427 949 2485 circumferendo
977 2427 1079 2498 piis
1108 2428 1579 2499 praedicationibus
1601 2471 1615 2494 ,
1645 2427 1979 2483 credentium
2006 2424 2110 2480 ﬁde

519 2522 691 2576 oculis
721 2519 1087 2575 manifestent.
1138 2521 1214 2575 Ac
1254 2520 1385 2575 sicut
1418 2521 1666 2590 princeps
1717 2519 1902 2573 mundi
1951 2517 2110 2587 hujus

519 2614 607 2684 qui
627 2612 740 2682 jam
766 2615 962 2668 missus
1010 2621 1093 2668 est
1122 2611 1286 2679 foras,
1311 2612 1460 2668 falsis
1492 2613 1825 2683 phil050phis
1857 2621 2109 2682 tanquam

520 2706 679 2761 claris
725 2705 972 2760 curribus
1005 2721 1134 2760 usus
1161 2715 1246 2761 est
1293 2704 1359 2759 ad
1389 2705 1708 2774 perniciem,
1740 2705 1812 2758 ita
1842 2718 1942 2773 ego
1991 2717 2111 2757 mea

521 2798 787 2868 sapientia
825 2799 1046 2868 repletis
1094 2797 1356 2869 apostolis
1377 2838 1392 2867 ,
1427 2797 1709 2853 credentes
1735 2795 2011 2851 instituam
2041 2793 2109 2848 ad

519 2890 772 2948 salutem.

587 2985 750 3042 Num.
797 2985 883 3042 16.
927 2984 1171 3040 Pulchra:
1207 2995 1326 3040 sunt
1364 2987 1505 3055 gena:
1545 2992 1645 3038 tua:
1689 2983 1818 3038 sicut
1870 2980 2106 3036 turturis.

519 3078 832 3136 Castitatem
875 3080 1128 3135 comitem
1177 3075 1512 3134 verecundiae
1540 3073 1869 3146 praedicavit.
1906 3071 2112 3127 Dicitur

519 3173 660 3228 enim
687 3187 858 3243 genus
884 3181 1149 3227 turturum
1183 3172 1384 3225 amisso
1413 3168 1682 3238 corporali
1714 3167 1992 3223 consortio
2022 3179 2112 3220 so-

520 3265 755 3322 litarium
784 3266 1051 3331 incedere,
1081 3280 1180 3320 nec
1209 3265 1479 3320 carnalem
1508 3263 1754 3333 copulam
1778 3262 1915 3316 ultra
1944 3260 2113 3330 requi-

520 3371 659 3414 rere.
689 3357 860 3414 llabet
906 3358 1082 3428 itaque
1119 3354 1318 3411 Christi
1349 3371 1550 3426 sponsa
1591 3356 1839 3411 eximiam
1873 3354 2112 3424 pulchri-

522 3451 785 3517 tudinem,
817 3449 1031 3520 quando
1051 3463 1172 3505 cum
1215 3448 1422 3519 pudore
1451 3449 1647 3504 retinet
1677 3447 2002 3502 castitatem.

511 3555 515 3564 '
593 3539 755 3596 Num.
791 3539 878 3593 17.
908 3538 1112 3610 Collum
1160 3549 1302 3593 tuum
1327 3539 1458 3593 sicut
1500 3538 1733 3592 monilia.
1775 3537 1830 3590 lu
1885 3537 2024 3593 collo
2055 3536 2112 3593 hi

481 3691 486 3695 .
524 3632 862 3692 insinuantur
891 3633 983 3704 qui
1013 3635 1182 3706 legem
1214 3635 1309 3690 Dei
1341 3633 1528 3689 diebus
1555 3648 1617 3689 ac
1657 3634 1904 3690 noctibus
1944 3633 2114 3689 medi-

524 3738 626 3794 tari
650 3751 758 3793 non
785 3735 1071 3802 desistunt,
1095 3737 1294 3807 quique
1315 3735 1477 3791 etiam
1509 3734 1655 3790 velut
1682 3733 1878 3790 munda
1906 3733 2111 3790 anima-

524 3827 621 3898 lia,
649 3829 940 3885 salutarem
964 3826 1264 3883 doctrinam
1287 3825 1486 3897 jugiter
1506 3826 1825 3882 ruminando
1856 3825 2107 3883 reddunt.

523 3922 610 3994 lli,
644 3924 765 3995 quia
809 3925 1063 3994 prazclara
1112 3924 1366 3980 Ecclesia:
1414 3932 1728 3980 ornamenta
1778 3932 1932 3992 sunt,
1967 3923 2116 3979 velut

524 4034 736 4090 Sponsa:
762 4022 982 4077 monilia
1009 4021 1409 4078 describuntur.

511 4129 514 4137 '
593 4114 751 4171 Nnm.
786 4117 872 4171 18.
900 4113 1203 4171 Murenulas
1226 4133 1408 4171 aureas
1441 4116 1696 4186 faciamus
1726 4115 1835 4170 tibi.
1865 4113 1981 4172 Vo:
2010 4115 2114 4172 ista

525 4196 805 4267 doctorum
836 4219 940 4277 est,
969 4210 1064 4281 qui
1094 4219 1218 4266 tunc
1246 4221 1563 4266 ornamenta
1592 4210 1848 4266 Ecclesia:
1871 4223 2003 4265 auro
2030 4224 2118 4265 ar-

526 4312 795 4374 gentoque
824 4301 1085 4370 permixta
1129 4299 1449 4369 disponunt,
1482 4302 1696 4370 quando
1723 4300 1996 4371 spiritales
2029 4300 2114 4354 in-

498 4400 500 4402 ”
527 4393 851 4463 telligentias
874 4392 1069 4460 eloquii
1101 4392 1273 4448 nitore
1300 4393 1588 4450 disserunt.
1616 4393 1908 4450 Murenulaa
1937 4401 2114 4447 autem

525 4497 554 4536 a
587 4485 763 4552 capite
808 4482 1138 4548 defluentes,
1170 4483 1346 4539 solent
1394 4486 1458 4539 ad
1504 4486 1772 4541 cervicem
1821 4484 2116 4540 ornandam

530 4576 703 4643 aptari
732 4591 745 4628 :
779 4583 834 4629 et
860 4573 1062 4629 idcirco
1098 4574 1202 4631 illa:
1233 4575 1490 4633 doctrina:
1523 4575 1796 4646 praeclara:
1822 4587 1969 4643 sunt,
1996 4590 2114 4646 qua:

2219 1942 2417 1998 etenim
2450 1941 2649 2006 crucis,
2682 1955 2804 1995 cum
2830 1939 2997 1994 odore
3031 1936 3337 1991 chrismatis
3362 1939 3734 2000 prtenotamus
3760 1928 3812 1981 in

2219 2037 2411 2094 fronte.
2445 2036 2593 2090 Bene
2622 2043 2802 2089 autem
2846 2034 2962 2087 ait:
2994 2030 3184 2085 Botrus
3215 2027 3394 2098 Cypri,
3423 2027 3642 2079 dilectus
3674 2039 3812 2076 meus

2217 2133 2367 2199 mihi,
2395 2133 2521 2202 quia
2559 2144 2664 2186 non
2704 2129 2813 2184 illis
2839 2127 2928 2199 qui
2959 2126 3366 2186 crucifixerunt,
3399 2120 3494 2174 sed
3523 2119 3608 2172 his
3635 2120 3727 2187 qui
3761 2119 3810 2169 in

2217 2225 2533 2280 cruciﬁxum
2557 2222 2925 2286 crediderunt,
2948 2218 3091 2274 botri
3117 2217 3270 2271 istius
3295 2212 3526 2268 dulcedo
3554 2224 3812 2265 concessa

2216 2330 2318 2378 est.
2343 2319 2408 2374 In
2437 2321 2594 2374 vineis
2623 2316 2894 2388 Engaddi;
2921 2315 2972 2368 in
3001 2314 3300 2386 Synagogm
3333 2310 3566 2389 populis,
3597 2308 3684 2361 ubi
3716 2308 3814 2360 do-

2215 2414 2412 2469 minica
2441 2419 2656 2481 peracta
2679 2417 2760 2463 est
2783 2408 2988 2478 passio.
3011 2403 3251 2474 Lnymldi
3277 2403 3659 2467 interpretatur
3689 2411 3814 2451 ocu-

2220 2507 2307 2562 lus
2355 2505 2666 2561 tentationis
2716 2516 2872 2556 mete.
2914 2500 3056 2569 Lege
3086 2496 3455 2564 Evangelium,
3489 2503 3539 2546 ct
3574 2491 3813 2544 invenies

2216 2600 2524 2656 Pharisazos
2552 2606 2609 2654 et
2650 2595 2978 2653 Sadducaios
3018 2590 3151 2645 nihil
3191 2590 3335 2643 aliud
3376 2585 3672 2641 intendisse
3703 2582 3811 2636 suis

2216 2691 2752 2764 interrogationibus,
2788 2689 2891 2742 nisi
2930 2695 2986 2740 ut
3018 2683 3299 2739 Dominum
3330 2696 3425 2749 per
3447 2680 3651 2748 singula
3689 2685 3811 2730 ten-

2218 2796 2415 2847 tarent,
2453 2794 2508 2840 et
2547 2782 2852 2839 invenirent
2897 2792 3089 2834 causas
3120 2774 3404 2832 accusandi
3439 2789 3560 2826 eum
3585 2789 3597 2836 ;
3622 2770 3812 2840 quibus

2218 2880 2334 2950 ipse
2361 2878 2523 2932 dicit:
2559 2874 2696 2942 Quid
2720 2890 2799 2926 me
2828 2871 3056 2935 tentatis,
3086 2869 3364 2938 hypocrin
3395 2864 3615 2936 (Matth.
3640 2861 3811 2928 uti)?

2217 2969 2324 3027 Sed
2357 2978 2561 3023 tantum
2608 2968 2806 3020 bonum
2856 2965 3120 3033 passionis
3161 2958 3398 3024 Christi,
3429 2957 3537 3011 illis
3595 2956 3810 3026 quidem

2215 3072 2447 3134 gestum,
2467 3059 2621 3117 nobis
2637 3069 2816 3114 autem
2839 3055 2929 3127 qui
2953 3054 3282 3111 credidimus
3303 3060 3510 3107 constat
3539 3064 3664 3106 esse
3683 3063 3810 3104 cou-

2340 3170 2448 3208 um.

2340 3170 2448 3208 um.

2217 3169 2448 3303 cesl‘jum.
2481 3245 2572 3299 22.
2605 3242 2738 3298 Ecce
2764 3251 2819 3296 tu
2859 3240 3075 3314 pulchra
3109 3255 3182 3305 es,
3213 3239 3379 3292 amica
3406 3252 3538 3290 mea.
3563 3233 3810 3291 Christus

2222 3342 2540 3409 Ecclesiam,
2574 3353 2734 3409 quam
2763 3337 2989 3392 amicam
3019 3334 3162 3405 pacis
3203 3347 3316 3388 sum
3340 3331 3525 3387 osculo
3551 3329 3700 3396 fecit,
3732 3329 3811 3383 bis

2219 3434 2496 3506 pulchram
2531 3429 2862 3501 pronuntiat,
2893 3429 3034 3482 sicut
3078 3424 3369 3494 Apostolus
3415 3430 3648 3476 sanctam
3699 3437 3810 3473 car-

2217 3553 2343 3609 pore
2367 3545 2413 3590 et
2435 3534 2620 3605 spiritu
2641 3529 2696 3603 (I
2709 3529 2829 3585 Cor.
2853 3528 2952 3598 vit)
2973 3540 3095 3583 esse
3125 3525 3324 3593 docuit,
3351 3524 3614 3593 adjiciens
3635 3564 3648 3586 ,
3677 3522 3812 3575 oculi

2220 3632 2292 3686 tui
2321 3628 2693 3684 columbarum.
2727 3623 2871 3679 Nihil
2900 3629 2984 3677 est
3012 3621 3182 3691 magis
3205 3618 3345 3689 quod
3368 3617 3561 3671 faciem
3581 3626 3737 3669 ornet
3760 3616 3812 3669 in

2219 3738 2446 3794 corpore
2475 3736 2634 3792 quam
2660 3716 2944 3788 dispositio
2973 3714 3247 3769 oculorum
3269 3752 3282 3775 ,
3318 3725 3413 3781 per
3442 3722 3580 3780 quos
3610 3720 3811 3762 conve-

2221 3817 2432 3872 nienter
2455 3821 2671 3868 sanctos
2693 3807 2969 3879 apostolos
3001 3803 3312 3874 accipimus,
3337 3801 3611 3872 quietiam
3635 3800 3812 3853 futura

2221 3908 2540 3981 prospicere
2583 3911 2899 3974 potuerunt;
2933 3913 3160 3968 quorum
3197 3894 3474 3964 privilegia
3523 3893 3816 3961 designans

2220 4001 2408 4058 beatus
2441 3997 2638 4052 Paulus
2667 3993 2942 4065 apostolus
2973 3990 3038 4044 ad
3065 3987 3374 4045 Corinthios
3416 3985 3662 4040 scribens
3700 3984 3814 4038 ait:

2228 4093 2334 4150 Vos
2376 4093 2494 4148 estis
2524 4106 2710 4161 corpus
2754 4086 2944 4143 Christi
2973 4084 3026 4156 (Ι
3057 4084 3178 4139 Cor.
3223 4085 3345 4152 xu).
3381 4082 3450 4136 Et
3489 4081 3596 4135 alio
3648 4080 3816 4134 loco:

2224 4189 2488 4257 Quosdam
2510 4186 2718 4257 quidem
2747 4182 2913 4252 posuit
2940 4181 3080 4235 Deus
3106 4179 3158 4232 in
3182 4175 3417 4231 Ecclesia
3442 4176 3666 4246 primum
3691 4190 3819 4242 apo~

2221 4282 2378 4339 stolas
2410 4279 2626 4353 (Ephes.
2659 4277 2764 4348 tv),
2793 4285 2897 4332 etc.
2927 4275 3042 4332 Jam
3086 4287 3205 4330 cum
3249 4271 3412 4336 dicit,
3445 4269 3581 4323 oculi
3628 4269 3705 4322 tui
3737 4283 3820 4321 co-

2223 4376 2530 4441 lumbarum,
2557 4373 2705 4443 ipsos
2732 4370 3030 4442 apostolos,
3066 4367 3261 4438 quibus
3291 4373 3620 4435 praeceptum
3651 4371 3734 4416 est
3765 4367 3820 4417 ut

2223 4481 2404 4528 essent
2423 4469 2583 4526 astuti
2611 4468 2742 4521 sicut
2768 4474 3044 4537 serpentes,
3067 4471 3114 4516 et
3137 4461 3392 4531 simplices
3420 4460 3551 4513 sicut
3568 4457 3820 4512 columba

2228 4564 2441 4637 (Matth.
2471 4564 2552 4634 χ),
2589 4561 2868 4617 evidenter
2901 4555 3174 4613 ostendit:
3209 4570 3304 4625 per
3343 4553 3496 4623 cujus
3527 4553 3642 4606 avis
3672 4551 3819 4605 simi-

526 4680 556 4720 a
596 4666 790 4736 capite,
827 4665 880 4721 id
923 4675 1008 4722 est
1050 4667 1281 4736 Christo,
1324 4625 1697 4740 procedentes,
1730 4670 1811 4726 sic
1848 4625 2110 4740 ερίιῖίιῖιειιί
2139 4625 2196 4690 Β
2229 4625 2532 4723 ἱίιυάίηεηι.
2559 4653 2785 4710 eosdem
2815 4659 3002 4708 sancto
3019 4648 3178 4707 etiam
3199 4646 3406 4718 Spiritu
3432 4644 3673 4715 repletos
3699 4656 3818 4700 esse

528 4757 709 4814 officio
739 4758 1063 4829 ministrant,
1104 4770 1162 4817 ut
1186 4763 1450 4818 cervicem
1492 4771 1731 4818 nostram
1763 4762 1892 4834 jugo
1915 4761 2116 4819 Christi

528 4854 861 4912 subdendam
901 4856 1188 4926 edoceant,
1221 4860 1291 4913 ita
1324 4866 1382 4913 ut
1412 4858 1610 4914 talibus
1638 4859 1707 4915 ab
1747 4860 2006 4932 Apostolo
2034 4859 2117 4915 tli-

524 4961 717 5004 catur:
753 4947 876 5003 Non
909 4949 1015 5003 alta
1048 4951 1298 5021 sapientes
1327 4949 1502 5022 (Rom.
1539 4951 1645 5021 si),
1675 4959 1781 5007 etc.

511 5059 516 5092 ξ
596 5042 755 5100 Num.
802 5045 889 5101 l9.
933 5043 1070 5099 Dum
1101 5055 1229 5100 esset
1267 5061 1357 5100 rea:
1393 5046 1446 5100 in
1476 5047 1716 5100 accubitu
1744 5060 1859 5101 suo.
1885 5043 2119 5100 Narrant

525 5134 816 5208 Evangelia
843 5137 1039 5208 (Marc.
1067 5154 1188 5206 xiv;
1238 5135 1398 5194 Joan.
1426 5137 1547 5209 xu),
1595 5147 1720 5194 ante
1764 5138 1985 5194 biduum
2018 5139 2119 5194 Pa-

529 5233 705 5300 schaz,
731 5234 1079 5291 recumbente
1110 5234 1370 5301 Domino,
1404 5248 1433 5289 a
1461 5234 1683 5290 muliere
1728 5233 1960 5291 habente
2008 5235 2120 5290 ala-

527 5325 768 5382 bastrum
793 5328 1048 5399 unguenti
1093 5328 1246 5385 nardi
1290 5327 1468 5398 pistici
1496 5327 1612 5397 ejus
1660 5328 1822 5399 capiti
1865 5328 2115 5398 superfu-

527 5433 671 5487 sum,
700 5429 754 5476 et
779 5423 864 5477 hic
887 5423 1162 5494 prophetia
1185 5424 1316 5479 dicit
1343 5441 1356 5477 :
1382 5423 1509 5479 Cum
1535 5430 1666 5479 esset
1690 5439 1781 5476 rea:
1804 5423 1857 5476 in
1879 5421 2117 5476 accubitu

527 5529 642 5582 suo,
674 5517 866 5572 nardus
894 5534 1005 5573 mea
1031 5518 1170 5572 dedit
1196 5519 1404 5573 odorem
1445 5534 1610 5572 suum.
1653 5516 1819 5589 Igitur
1858 5525 1964 5571 tam
1997 5514 2114 5571 haec

528 5621 688 5678 quam
711 5608 800 5664 illa
823 5613 1046 5680 figurate
1069 5610 1208 5666 dicta
1227 5611 1309 5667 vel
1333 5611 1466 5667 facta
1491 5619 1805 5677 noscuntur,
1830 5608 1952 5680 quia
1970 5606 2118 5676 Rege

528 5715 714 5763 nostro
752 5705 859 5777 (vel
907 5708 959 5762 in
1009 5722 1166 5764 cruce
1209 5708 1295 5763 ubi
1341 5707 1604 5763 inclinato
1639 5708 1816 5778 capite
1860 5704 2111 5774 spiritum

522 5802 779 5872 reddidit,
813 5803 891 5860 vel
939 5803 992 5858 iu
1040 5804 1289 5872 sepulcro
1325 5804 1413 5859 ubi
1461 5816 1686 5874 corpore
1731 5801 1981 5856 conditus
2027 5815 2115 5855 re-

526 5895 746 5961 quievit)
773 5897 823 5952 in
854 5913 950 5954 suo
973 5897 1216 5954 accubitu
1245 5897 1559 5961 constituto,
1595 5894 1829 5952 Ecclesia
1849 5895 1955 5962 piae
1981 5907 2112 5952 con-

2228 4746 2594 4816 ile—monstrat:
2950 4740 3159 4746 “mm

2297 4849 2459 4907 Num.
2503 4847 2595 4904 25.
2637 4845 2771 4900 Ecce
2817 4853 2872 4898 tu
2924 4841 3135 4915 pulcher
3177 4857 3261 4910 es,
3308 4839 3488 4895 dilecte
3535 4840 3626 4893 mi.
3662 4837 3818 4895 Chri-

2228 4954 2391 5010 stum,
2425 4957 2582 5014 quem
2612 4939 2899 5012 pulchrum
2930 4947 2983 4995 et
3005 4938 3262 4993 decorum
3293 4934 3532 4990 Ecclesia
3567 4933 3672 4988 hoc
3697 4933 3819 4988 loco

2228 5044 2649 5105 commemorat,
2710 5031 2992 5090 Psalmista
3043 5030 3121 5085 sic
3176 5027 3525 5098 pronuntiat,
3585 5025 3818 5080 dicens:

2228 5129 2505 5200 Speciosus
2532 5127 2700 5196 forma
2731 5137 2837 5195 prae
2862 5122 2984 5192 ﬁliis
3013 5119 3297 5184 hominum,
3323 5115 3515 5184 diﬂ'usa
3547 5124 3618 5169 est
3649 5113 3818 5183 gratia

2224 5225 2277 5279 in
2306 5223 2454 5277 labiis
2483 5221 2585 5275 tuis
2615 5217 2786 5290 (Psal.
2830 5214 3000 5285 κων).
3046 5211 3150 5268 Sed
3178 5209 3295 5265 inec
3341 5220 3429 5264 tua
3475 5205 3820 5278 pulchritudo

2222 5314 2414 5374 exinde
2444 5322 2547 5380 est,
2573 5311 2696 5382 quia
2726 5309 2789 5364 In
2809 5307 3064 5380 principio
3092 5314 3200 5360 erat
3238 5301 3484 5370 Verbum,
3507 5312 3557 5356 et
3598 5298 3820 5355 Verbum

2223 5418 2332 5466 erat
2363 5409 2504 5480 apud
2555 5405 2751 5470 Deum,
2777 5412 2825 5457 ct
2875 5402 3009 5456 Deus
3037 5409 3146 5455 erat
3195 5397 3461 5462 Verbum;
3494 5403 3548 5451 et
3596 5391 3822 5448 Verbum

2225 5525 2346 5565 caro
2374 5509 2566 5579 factum
2589 5515 2680 5570 est,
2711 5511 2756 5557 et
2772 5499 3019 5554 habitavit
3047 5497 3101 5551 in
3133 5495 3280 5550 nobis
3309 5492 3488 5565 (Joan.
3515 5492 3575 5560 t).
3603 5489 3821 5545 Addens

2225 5612 2429 5668 autem,
2461 5598 2674 5654 lectulus
2700 5603 2870 5650 noster
2901 5591 3139 5663 ﬂoridus,
3167 5591 3342 5658 ipsum
3366 5599 3565 5656 corpus
3586 5581 3820 5638 domini-

2226 5720 2346 5762 cum
2389 5703 2441 5757 in
2471 5714 2577 5772 quo
2607 5697 2788 5754 Deitas
2838 5691 3129 5764 requievit,
3161 5691 3430 5746 sincerum
3458 5686 3820 5755 odoriferum,

2226 5814 2291 5856 ex
2323 5793 2546 5864 Virgine
2568 5798 2753 5847 natum
2785 5787 3043 5844 ostendit.

2295 5890 2451 5949 Num.
2482 5883 2574 5963 24.
2595 5961 2600 5965 _
2622 5885 2775 5963 Tecta
2804 5882 3072 5940 domorum
3098 5885 3415 5937 nostrarum.
3456 5874 3657 5934 Domus
3699 5873 3821 5935 ista
