4078 6440
309 389 411 455 969

1314 389 1385 448 IN
1421 376 1714 449 CANTICA
1752 378 2194 448 CANTlCORUM
2230 378 2660 446 EXPLlCATlO.

3480 378 3590 444 97o

309 517 360 568 in
391 507 587 581 quibus
619 504 867 565 Christus
905 503 1143 574 habitat,
1185 505 1356 563 sancti
1387 481 1550 563 sunt:
1601 509 1738 563 sicut
1774 523 1901 578 pro-
1926 513 1977 572 Α
2003 507 2300 577 coepissent
2332 503 2476 573 loqui
2503 504 2666 560 variis
2695 502 2910 574 linguis,
2945 512 3120 559 musto
3149 502 3292 574 pleni
3324 517 3354 559 a
3384 510 3591 578 popqu

309 602 467 673 pheta
522 599 651 656 dicit
697 618 712 655 :
761 601 1005 672 quoniam
1039 600 1272 654 habitabo
1324 603 1377 654 in
1409 600 1482 654 eis
1512 598 1697 673 (Levit.
1727 615 1850 655 nn
1878 616 1895 666 ;

307 697 373 752 II
405 697 527 752 Cor.
560 695 656 767 vi).
687 695 854 751 Tema
885 708 1060 751 autem
1090 704 1145 752 et
1161 695 1440 765 laquearia
1466 695 1745 749 domorum
1772 696 1900 751 ista-

307 807 426 848 rum
471 790 690 846 cedrina
722 797 776 844 et
824 791 1155 862 cypressina,
1196 804 1316 860 quae
1366 787 1794 857 incorruptibilia
1843 795 1900 843 et

306 885 576 941 odorifera
611 885 1018 956 dignoscuntur,
1055 885 1408 940 directionem
1437 883 1532 940 Dei
1555 892 1608 940 et
1639 883 1895 953 proximi,

306 995 426 1050 qua:
457 996 551 1050 per
579 979 837 1048 Spiritum
870 987 1113 1035 sanctum
1145 979 1373 1046 desuper
1404 993 1658 1034 concessa
1689 985 1772 1032 est
1818 976 1898 1048 (id

306 1082 390 1128 est
418 1082 472 1128 ut
504 1072 676 1128 sancti
709 1074 760 1127 in
793 1087 853 1129 se
874 1073 1004 1139 sint)
1033 1072 1391 1128 demonstrat.

374 1164 504 1221 CAP.
533 1164 596 1219 ll.
621 1195 691 1207 --
720 1164 877 1223 Num.
903 1164 992 1220 25.
1024 1165 1135 1237 Ego
1165 1167 1261 1236 ﬂos
1288 1165 1474 1235 campi,
1506 1175 1550 1220 et
1576 1164 1741 1219 lilium
1777 1179 1900 1218 con-

305 1261 533 1315 vallium.
569 1261 681 1331 Ego
707 1259 872 1316 decus
900 1259 1108 1329 mundi,
1140 1275 1209 1316 ex
1237 1259 1542 1330 virginitate
1570 1257 1869 1313 humilium.

373 1353 532 1409 Num.
561 1351 653 1408 26.
687 1354 837 1408 Sicut
861 1353 1028 1420 lilium
1054 1354 1183 1408 inter
1205 1353 1402 1424 spinas.
1428 1350 1662 1421 Expulso
1691 1349 1897 1405 homini

305 1446 370 1502 de
394 1445 651 1501 Paradiso
677 1445 874 1502 dicitur
900 1462 916 1500 :
949 1443 1229 1498 Maledicta
1259 1453 1394 1498 terra
1420 1445 1473 1498 in
1502 1444 1738 1514 operibus
1770 1443 1897 1510 tuis,

305 1540 478 1608 spinas
499 1547 544 1593 et
572 1539 786 1593 tribulos
811 1538 1110 1610 germinabit
1144 1538 1232 1592 tibi
1257 1536 1411 1608 (Gen.
1437 1541 1554 1605 ut);
1583 1552 1702 1606 quae
1731 1546 1898 1602 terra,

305 1631 488 1701 utique
515 1645 643 1686 caro
674 1631 904 1686 humana
946 1631 1278 1701 intelligitur,
1310 1646 1429 1700 quae
1469 1630 1688 1685 aculeos
1715 1628 1900 1684 libidi-

305 1739 430 1779 num
464 1732 518 1779 et
545 1723 1103 1792 concupiscentiarum
1132 1722 1317 1792 spinas
1347 1721 1650 1792 producere
1670 1734 1901 1775 consue-

307 1819 401 1873 vit.
443 1817 783 1888 Quapropter
838 1809 1143 1886 quod'ait:
1208 1813 1353 1869 Sicut
1403 1811 1570 1868 lilium
1624 1813 1679 1866 in
1731 1811 1899 1866 medio

2004 597 2349 667 putabantur.
2385 594 2533 650 Tunc
2560 597 2739 664 itaque
2760 594 3001 650 Ecclesia
3036 595 3090 650 in
3112 596 3299 651 cellam
3326 596 3586 658 vinariam

2005 689 2382 755 introducitur,
2412 686 2626 756 quando
2670 687 2784 742 haec
2829 688 3124 756 aposmlica
3158 694 3505 760 congregatio
3539 694 3594 750 in

2004 785 2207 837 unitate
2254 795 2598 851 permanens,
2640 778 2838 848 Spiritu
2863 791 3048 835 sancto
3081 779 3335 851 repletur,
3367 786 3506 839 sicut
3536 796 3592 841 et

2007 875 2293 946 Apostolus
2339 874 2507 929 dicit:
2542 871 2608 926 In
2639 889 2737 925 uno
2765 873 2968 943 Spiritu
3007 890 3178 928 omnes
3220 892 3312 930 nos
3347 877 3597 946 baptizati

2004 993 2203 1041 sumus,
2232 976 2334 1030 sive
2361 977 2511 1039 servi,
2546 975 2648 1028 sive
2678 975 2841 1039 liberi,
2884 985 2929 1029 et
2957 993 3129 1030 omnes
3161 978 3212 1030 in
3255 993 3360 1030 uno
3391 975 3594 1046 Spiritu

2004 1068 2166 1138 potati
2193 1083 2370 1121 sumus
2401 1065 2456 1135 (Ι
2480 1065 2601 1120 Cor.
2626 1065 2750 1136 xu).
2784 1067 2915 1133 Quia
2950 1082 3077 1121 vero
3101 1069 3333 1121 clnaritas
3366 1069 3596 1137 perSpi-

2004 1160 2164 1214 ritum
2196 1170 2439 1216 sanctum
2474 1162 2682 1230 piorum
2727 1162 2778 1215 in
2831 1160 2992 1215 corde
3040 1160 3374 1228 diﬁ'umlitor,
3409 1161 3592 1216 statim

2006 1251 2302 1320 subiunxit.
2333 1250 2603 1306 Ordinavit
2627 1253 2680 1306 in
2726 1269 2804 1305 me
2830 1253 3149 1306 charitatem.
3189 1252 3312 1306 Ilaec
3341 1255 3481 1306 enim
3513 1260 3598 1308 est

2006 1343 2253 1398 ordinata
2297 1344 2554 1410 Charitas,
2590 1353 2648 1399 ut
2675 1344 2860 1415 diligat
2889 1336 3066 1400 homo
3099 1346 3402 1415 proximum
3435 1360 3598 1401 suum

2009 1447 2260 1509 tanquam
2302 1439 2575 1507 seipsum;
2609 1441 2689 1492 sic
2735 1454 2862 1492 vero
2911 1439 3097 1508 diligat
3125 1439 3312 1504 Deum,
3348 1450 3398 1492 ut
3432 1439 3596 1494 etiam

2007 1532 2244 1600 seipsum
2285 1532 2517 1603 abneget
2561 1540 2779 1602 propter
2809 1533 3006 1602 ipsum.
3049 1533 3301 1602 Diligitur
3330 1543 3508 1588 autem
3543 1533 3600 1587 in

2007 1623 2166 1678 malis
2210 1640 2421 1695 quoque
2452 1640 2558 1679 non
2602 1625 2855 1694 iniquitas
2901 1639 3061 1694 quam
3107 1625 3205 1693 ipsi
3237 1625 3457 1691 faciunt,
3503 1624 3603 1681 sed

2009 1724 2256 1770 creatura
2285 1715 2338 1770 in
2380 1731 2482 1786 qua
2509 1715 2633 1772 boni
2663 1732 2695 1770 a
2727 1716 2836 1770 Deo
2869 1717 3081 1772 lormati
3103 1727 3250 1772 sunt.
3283 1717 3390 1772 Sed
3418 1726 3472 1773 et
3501 1717 3596 1772 illa

2009 1807 2254 1862 ordinata
2281 1807 2539 1874 charitas,
2562 1817 2619 1862 ut
2648 1809 2787 1862 servi
2817 1808 3098 1864 Dominum
3129 1825 3234 1865 non
3262 1809 3402 1864 sicut
3429 1809 3604 1864 male-

305 1884 590 1982 ςρίηιναηί,
636 1884 711 1966 εξε
752 1884 917 1965 amid,
949 1910 1216 1964 meaimer
1258 1909 1396 1977 ﬁlia;
1425 1924 1444 1962 ;
1470 1908 1607 1962 ﬁlias
1657 1907 1895 1962 bal-eses
1925 1884 1975 1944 Β
2002 1897 2235 1954 factores
2278 1901 2529 1966 sentiant,
2584 1915 2686 1956 nec
2735 1901 2874 1955 sicut
2904 1901 3244 1956 lascivientes
3275 1899 3604 1964 exsecrabili

306 2003 457 2072 dicit,
510 2019 632 2075 quas
686 2019 781 2074 per
834 2005 1156 2075 baptismum
1189 2004 1338 2075 quasi
1390 2011 1616 2070 renatae,
1670 2002 1898 2056 ﬁliarum

306 2096 524 2151 nomine
571 2104 980 2167 nuncupantur;
1033 2096 1129 2151 sed
1168 2096 1336 2166 Spinis
1379 2103 1725 2165 comparatae,
1774 2110 1898 2148 cor-

307 2198 618 2260 rumpentes
648 2197 703 2244 et
742 2189 1119 2260 corruptibiles
1149 2189 1527 2259 perdocentur.
1580 2188 1749 2254 Quam
1780 2203 1901 2242 cor-

307 2281 610 2351 ruptionem
647 2283 887 2338 Ecclesia
929 2282 1122 2346 nescit,
1169 2298 1290 2352 qua:
1331 2282 1561 2336 liliorum
1606 2281 1898 2337 sinceritati

308 2385 635 2445 comparata,
667 2376 809 2430 ultro
834 2375 1077 2445 citroque
1102 2373 1309 2430 redolet
1341 2389 1403 2429 ac
1435 2373 1762 2443 resplendet.

377 2466 534 2521 Num.
562 2466 654 2521 27.
689 2466 836 2523 Sicut
871 2469 1066 2521 malum
1108 2467 1240 2521 inter
1279 2467 1424 2537 ligna
1459 2467 1728 2521 silvarum.
1762 2465 1900 2521 Dicit

308 2558 775 2630 Psalmographus,
829 2560 1073 2629 quoniam
1117 2559 1228 2630 quis
1258 2559 1311 2613 in
1342 2559 1558 2612 nubibus
1607 2560 1900 2629 azquabitur

310 2647 550 2714 Domino,
576 2661 665 2702 aut
693 2649 806 2718 quis
835 2650 1016 2703 similis
1044 2650 1136 2703 erit
1156 2647 1262 2702 Deo
1293 2649 1424 2702 inter
1450 2649 1584 2716 ﬁlios
1601 2649 1696 2702 Dei
1723 2648 1897 2719 (Psal.

308 2739 600 2810 cxxxvm)?
644 2741 754 2796 Illic
783 2741 1095 2810 adoptione,
1142 2739 1231 2794 hic
1273 2749 1464 2794 natura
1510 2753 1591 2796 est
1623 2741 1793 2807 ﬁlius;
1847 2751 1903 2796 et

309 2831 431 2887 ideo
486 2832 664 2887 nullus
708 2833 758 2886 in
807 2835 1028 2899 sanctis,
1063 2830 1151 2887 vel
1180 2831 1232 2886 in
1281 2831 1532 2886 universo
1572 2845 1768 2901 genere
1805 2831 1902 2885 ho-

310 2925 533 2990 minum,
566 2925 860 2996 quamlibet
903 2925 996 2979 ﬁlii
1038 2922 1303 2978 vocabulo
1339 2931 1644 2989 censeatur,
1686 2922 1901 2977 Christo

309 3017 498 3073 similis
529 3021 830 3088 reperitur;
863 3020 952 3088 qui
987 3018 1189 3074 fructus
1217 3017 1302 3073 sui
1333 3016 1616 3074 dulcedine
1649 3015 1902 3073 refectio-

311 3124 484 3181 neque
511 3110 715 3166 electos
746 3109 1154 3181 incomparabili
1204 3110 1402 3166 decore
1424 3107 1697 3180 praecedit.

379 3201 536 3256 Num.
582 3201 672 3256 28.
734 3201 842 3256 Sub
873 3202 1052 3255 umbra
1093 3201 1234 3256 illius
1275 3217 1426 3271 quem
1472 3199 1897 3254 desideraveram.

2005 2004 2190 2045 amore
2219 2005 2278 2045 se
2305 1990 2548 2060 diligant,
2582 1993 2676 2047 sed
2722 1993 2884 2047 etiam
2923 1993 3011 2047 ubi
3053 2009 3274 2050 necesse
3306 1993 3468 2050 fuerit
3509 2010 3604 2050 se-

2005 2084 2265 2153 metipsos
2298 2095 2483 2140 mutuo
2521 2087 2744 2155 expulsa
2789 2088 3172 2156 superstitione
3200 2105 3321 2144 cum
3353 2090 3605 2145 libertate

2005 2175 2320 2244 corripiant,
2351 2177 2644 2232 secundum
2677 2178 2807 2233 illud
2840 2196 2852 2231 :
2890 2178 3111 2234 Meliora
3134 2191 3251 2234 sunt
3283 2184 3498 2240 vulnera
3521 2183 3604 2236 di-

2006 2265 2227 2337 ligentis,
2266 2285 2423 2340 quam
2462 2271 2794 2338 fraudulenta
2838 2274 3015 2326 oscula
3057 2273 3367 2329 blandientis
3418 2274 3604 2347 (Prom

2005 2359 2203 2430 xxvu);
2236 2368 2289 2415 et
2321 2362 2513 2417 iterum
2540 2379 2553 2416 :
2589 2363 2690 2428 Qui
2714 2373 2933 2434 arguunt
2961 2364 3339 2434 laudabuntur,
3372 2377 3416 2420 et
3446 2383 3604 2436 super

2003 2452 2145 2522 ipsos
2174 2453 2337 2506 veniet
2368 2452 2651 2509 benedictio
2691 2455 2874 2527 (Prov.
2910 2458 3080 2529 xxiv).

2077 2546 2239 2600 Num.
2287 2547 2375 2601 51.
2434 2547 2642 2603 Fulcite
2687 2566 2767 2602 me
2792 2551 3029 2618 ﬂoribus,
3075 2554 3261 2622 stipate
3304 2569 3382 2607 me
3426 2553 3604 2608 malis.

2005 2639 2330 2695 Sanctorum
2356 2639 2585 2697 cmtibus
2615 2641 2869 2712 conjungi
2908 2643 2992 2698 vel
3024 2645 3344 2701 circumdari
3391 2646 3602 2701 deside-

2006 2741 2114 2797 rat,
2155 2748 2274 2802 quas
2308 2732 2392 2803 pio
2423 2744 2477 2789 et
2523 2745 2673 2790 casto
2706 2750 2891 2813 amor;
2942 2736 3269 2808 languescit;
3311 2739 3432 2808 quia
3491 2737 3603 2792 lan-

2005 2839 2143 2896 guor
2172 2841 2277 2882 non
2321 2837 2404 2882 est
2432 2828 2625 2894 morbi,
2653 2829 2748 2884 sed
2782 2827 3067 2885 ineﬁ‘abilis
3107 2831 3362 2886 desiderii
3403 2844 3602 2886 secun-

2007 2918 2136 2973 dun
2169 2918 2296 2974 illud
2326 2937 2337 2971 :
2379 2917 2577 2992 Defecit
2607 2921 2660 2974 in
2708 2923 2924 2976 salutari
2957 2931 3044 2976 tuo
3071 2924 3246 2978 anima
3288 2940 3423 2989 mea,
3472 2933 3521 2977 et
3551 2924 3604 2977 in

2004 3012 2214 3065 verbum
2267 3023 2411 3066 tuum
2459 3015 2837 3084 superspcravi,
2871 3017 3163 3086 defecerunt
3206 3018 3345 3072 oculi
3403 3016 3503 3071 mei
3549 3017 3605 3071 in

2007 3101 2270 3173 eloquium
2325 3117 2469 3158 tuum
2526 3107 2748 3161 dicentes
2793 3123 2812 3162 :
2859 3107 3078 3172 Quando
3126 3109 3475 3163 consolaberis
3522 3125 3604 3164 me

2008 3194 2181 3268 (Psal.
2207 3196 2428 3268 cxvm)?
2447 3198 2652 3254 Felices
2679 3199 2754 3254 illi
2783 3200 2872 3271 qui
2893 3203 2980 3256 tali
3013 3201 3254 3272 profectu
3277 3203 3603 3274 proﬁciunt:

312 3293 514 3350 Eodem
547 3301 858 3365 protegente
887 3310 1045 3364 quem
1075 3308 1291 3365 semper
1320 3294 1510 3351 adesse
1538 3292 1779 3366 quaesivi,
1809 3293 1907 3348 hu-
1932 3280 1980 3346 C
2019 3289 2420 3359 quodammodo
2449 3292 2619 3356 enim,
2651 3292 2744 3363 qui
2792 3294 3013 3349 multum
3061 3294 3356 3358 desiderat,
3389 3295 3604 3368 langue-

311 3389 456 3445 milis
483 3405 544 3444 ac
572 3404 759 3446 secura
793 3390 1077 3460 permensi.

381 3481 542 3537 Num.
572 3480 665 3537 29.
699 3480 768 3536 Et
794 3486 990 3553 fructus
1021 3485 1133 3554 ejus
1175 3481 1342 3537 dulcis
1373 3482 1568 3553 gutturi
1611 3497 1744 3537 meo.
1770 3481 1910 3537 Dicit

313 3574 366 3629 in
391 3573 682 3644 Evangelio
728 3574 1022 3630 Dominus:
1057 3573 1171 3648 Ego
1197 3591 1310 3630 sum
1345 3575 1482 3645 vitis,
1512 3591 1600 3630 vos
1640 3577 1762 3632 estis
1795 3577 1910 3647 pal-

313 3668 494 3732 mites;
514 3668 600 3736 qui
632 3678 800 3722 manet
815 3669 868 3722 in
888 3684 986 3735 me,
1021 3677 1069 3721 et
1095 3683 1190 3738 ego
1210 3668 1262 3722 in
1289 3683 1370 3733 eo,
1391 3667 1477 3720 hic
1505 3666 1655 3735 a/fert
1682 3671 1909 3739 fructum

313 3762 556 3828 multum,
587 3762 711 3830 quia
739 3763 849 3816 sine
880 3777 960 3815 me
988 3760 1119 3814 nihil
1147 3762 1357 3831 potestis
1387 3763 1554 3830 facere
1577 3758 1761 3830 (Joan.
1795 3761 1907 3829 xv).

311 3851 566 3920 Quamvis
596 3852 766 3922 igitur
787 3852 995 3906 fructus
1024 3852 1232 3905 oriatur
1261 3851 1317 3905 in
1349 3851 1593 3920 palmite,
1637 3850 1706 3904 ad
1742 3851 1906 3906 vitem

315 3951 494 3998 tamen
516 3942 855 4011 deputandus
902 3951 1003 4009 est,
1036 3959 1102 3998 ex
1143 3942 1297 4010 cujus
1337 3943 1521 3998 radice
1551 3943 1758 4013 palmes
1787 3957 1908 3997 cum

316 4037 494 4094 fructu
519 4036 819 4107 processit;
849 4047 903 4092 et
927 4036 1050 4092 ideo
1080 4035 1335 4107 quidquid
1363 4037 1492 4107 justi
1525 4037 1578 4092 in
1601 4037 1757 4092 bonis
1783 4052 1912 4107 ope-

317 4131 470 4187 ribus
493 4129 836 4198 lructiﬁcant,
858 4139 1028 4184 totum
1058 4139 1142 4184 est
1172 4128 1512 4184 referendum
1535 4130 1599 4184 ad
1612 4128 1908 4185 Christum.

320 4225 378 4281 In
426 4224 579 4295 cujus
625 4223 888 4279 fructibus
918 4221 1356 4292 incomparabilis
1389 4222 1617 4278 dulcedo
1658 4223 1910 4278 sentitur.

319 4316 400 4371 Illi
427 4316 590 4372 etiam
619 4315 792 4371 sancti
817 4315 907 4386 qui
940 4330 1038 4384 per
1081 4315 1310 4384 gutturis
1359 4313 1596 4385 speciem
1636 4314 1912 4371 ruminare

319 4423 437 4480 qua:
466 4417 832 4480 gustaverant,
870 4408 922 4463 id
951 4414 1036 4463 est
1065 4406 1314 4465 meditari
1356 4422 1477 4479 quae
1524 4407 1722 4464 Christi
1764 4417 1910 4478 sunt,

319 4513 752 4567 consueverant,
802 4501 907 4572 ipsi
961 4500 1126 4556 etiam
1176 4499 1399 4557 nimiam
1454 4501 1794 4559 dulcedinem
1846 4518 1912 4558 ex

321 4595 437 4664 ejus
463 4595 638 4651 fructu
663 4593 990 4666 percipiunt.

2014 3385 2122 3440 scit
2147 3392 2202 3439 et
2230 3383 2410 3440 deﬁcit
2440 3385 2612 3441 donec
2641 3395 2822 3455 optata
2852 3389 2933 3442 vel
2959 3387 3181 3457 quaesita
3213 3389 3468 3458 reperiat.

2085 3477 2248 3535 Num.
2273 3477 2361 3534 52.
2395 3478 2550 3535 Laeva
2573 3483 2687 3552 ejus
2709 3481 2803 3535 sub
2839 3484 3006 3553 capite
3027 3500 3155 3537 meo.
3207 3483 3326 3553 Ipse
3352 3484 3608 3541 Salomon

2015 3571 2070 3628 in
2100 3570 2407 3630 Proverbiis
2430 3575 2504 3630 ait
2528 3592 2541 3630 :
2573 3573 2762 3629 Beatus
2781 3575 2934 3630 homo
2960 3579 3048 3645 qui
3069 3579 3260 3632 invenit
3281 3580 3608 3650 sapientiam,

2015 3673 2064 3719 et
2095 3667 2255 3737 affluit
2291 3668 2600 3737 prudentia;
2637 3667 2911 3740 longitudo
2957 3670 3158 3723 dierum
3187 3671 3240 3723 in
3272 3672 3456 3724 dextra
3491 3674 3609 3742 ejus

2016 3768 2063 3814 et
2083 3761 2136 3814 in
2157 3762 2362 3815 sinistra.
2390 3763 2500 3832 ejus
2526 3763 2717 3815 divitite
2746 3772 2792 3816 et
2820 3762 3010 3834 gloria.
3025 3764 3103 3816 Ac
3124 3762 3201 3816 sic
3221 3762 3389 3818 electa
3403 3763 3610 3818 Christi

2019 3849 2259 3904 Ecclesia
2315 3851 2589 3905 sinistram
2649 3852 2852 3907 habens
2908 3853 3007 3906 sub
3054 3854 3247 3923 capite,
3295 3855 3610 3922 temporalia

2017 3944 2117 3999 sibi
2149 3943 2388 4013 subjecta
2419 3947 2707 4014 describit;
2735 3957 2786 4003 et
2822 3949 3011 4004 dextra
3038 3949 3154 4020 ejus
3200 3965 3260 4008 se
3287 3950 3610 4022 amplexari,

2017 4034 2144 4092 dum
2175 4047 2377 4092 :eterna
2405 4041 2756 4110 concupiscit,
2783 4043 3017 4099 edocuit.

2089 4130 2250 4186 Num.
2285 4129 2375 4186 55.
2404 4133 2604 4204 Adjuro
2635 4150 2742 4203 vos,
2782 4135 2906 4203 ﬁlia:
2924 4134 3237 4207 Jerusalem,
3262 4154 3351 4208 per
3374 4154 3610 4209 capreas.

2019 4222 2181 4278 Filias
2207 4224 2526 4292 Jerusalem,
2569 4235 2784 4282 sanctas
2826 4238 2875 4284 et
2910 4228 3158 4298 paciﬁcus
3181 4230 3458 4285 doctorum
3497 4232 3610 4286 ani.

2017 4331 2135 4371 mas
2163 4316 2321 4384 dicit;
2355 4334 2507 4388 quas,
2544 4334 2638 4389 per
2659 4321 2857 4375 munda
2881 4329 2936 4378 et
2966 4322 3172 4377 velocia
3205 4324 3458 4378 animalia
3490 4341 3612 4395 quae

2017 4411 2291 4467 ruminaie
2336 4428 2442 4468 non
2495 4413 2770 4480 desinunt,
2830 4425 2884 4470 et
2930 4417 2982 4472 in
3033 4419 3238 4487 campis
3295 4428 3606 4475 sanctarum

2018 4502 2416 4574 Scripturarum
2450 4507 2687 4573 aluntur,
2719 4508 2983 4578 conjurat.
3016 4527 3078 4564 ne
3104 4513 3347 4566 suscitare
3391 4515 3611 4583 faciant,

2021 4599 2182 4652 donec
2232 4598 2346 4669 ipsa
2395 4601 2719 4671 velit:quod
2773 4602 2992 4658 Paulum
3058 4607 3360 4674 apostolum
3418 4608 3613 4664 fecisse

390 4688 551 4743 Num.
579 4687 670 4742 50.
701 4687 1002 4743 Introduxit
1027 4703 1110 4742 me
1136 4687 1189 4744 in
1209 4690 1393 4744 cellam
1412 4691 1686 4745 vinariam.
1713 4691 1916 4745 Ascen-
1945 4677 1998 4740 D
2023 4695 2423 4761 cognoscimus,
2457 4710 2578 4751 cum
2613 4694 2905 4763 virginibus
2931 4695 2999 4751 de
3017 4699 3380 4752 conservanda
3415 4701 3614 4753 sancti-

326 4794 484 4834 surus
513 4780 566 4832 in
597 4780 765 4835 ctelos
807 4771 1066 4836 Dominus
1104 4783 1348 4852 praecipit
1392 4783 1653 4847 apostolis
1680 4783 1748 4838 ab
1778 4782 1915 4838 Hie-

325 4870 614 4940 rosolymis
645 4884 714 4924 ne
743 4869 1102 4938 discederent,
1147 4872 1337 4928 dicens
1369 4874 1434 4926 ad
1482 4890 1574 4931 eos
1604 4891 1618 4927 :
1657 4873 1910 4943 Gaudete,

326 4963 447 5029 quia
473 4962 571 5015 eici
600 4961 872 5026 mundum,
900 4971 948 5015 et
975 4962 1108 5014 vado
1135 4963 1202 5015 ad
1231 4961 1577 5028 Patrem;vos
1602 4981 1719 5018 vero
1748 4967 1916 5020 sedete

328 5058 381 5111 in
409 5057 608 5112 civitate
635 5056 967 5127 quoadusque
1017 5055 1306 5109 induamini
1343 5058 1526 5112 virtute
1568 5073 1631 5111 ea:
1677 5057 1803 5110 alto.
1849 5057 1918 5112 Et

330 5153 468 5207 sicut
492 5152 543 5206 in
572 5150 795 5206 Actibus
820 5149 1188 5219 apostolorum
1227 5150 1485 5218 scriptum
1518 5159 1627 5206 est:
1659 5149 1806 5205 Tunc
1831 5168 1915 5206 re-

329 5247 458 5302 versi
481 5257 599 5301 sunt
641 5245 696 5298 in
723 5242 1012 5297 Jerusalem
1053 5258 1086 5295 a
1133 5250 1301 5295 monte
1325 5244 1414 5307 qui
1454 5254 1664 5297 vocatur
1711 5243 1920 5310 Oliveti,

329 5339 418 5406 qui
464 5345 537 5392 est
575 5338 734 5409 juxta
763 5334 1072 5400 Jerusalem,
1104 5332 1301 5387 sabbati
1331 5334 1518 5390 habens
1548 5337 1665 5390 iter.
1713 5336 1779 5391 Et
1805 5354 1921 5391 cum

330 5420 603 5485 intrassent
650 5432 701 5486 in
752 5430 1096 5496 camaculum,
1144 5431 1481 5485 ascenderunt
1532 5433 1616 5485 ubi
1648 5434 1922 5486 manebant

338 5521 521 5578 Petrus
569 5534 615 5579 et
661 5525 910 5580 Joannes.
965 5525 1032 5579 Et
1079 5533 1201 5596 post
1228 5539 1420 5595 pauca,
1463 5523 1539 5580 Hi
1570 5536 1717 5579 erant
1747 5542 1920 5580 omnes

333 5617 640 5670 unanimiter
668 5619 964 5691 congregati
1003 5636 1120 5673 cum
1161 5620 1482 5678 mulieribus.
1527 5632 1573 5673 et
1601 5629 1760 5674 matre
1796 5619 1922 5675 Iesu

335 5708 526 5772 Maria,
577 5721 621 5764 et
670 5712 917 5780 fratribus
946 5714 1092 5784 ejus;
1121 5721 1232 5767 erat
1265 5721 1433 5766 autem
1471 5712 1623 5765 turba
1656 5713 1921 5766 hominum

337 5806 442 5874 {ere
479 5811 680 5858 centum
706 5805 884 5877 viginti
913 5809 1049 5876 (Act.
1076 5823 1114 5873 ι,
1147 5805 1206 5876 ιι)
1239 5808 1292 5863 in
1323 5807 1425 5861 hoc
1454 5807 1572 5862 loco
1602 5806 1880 5861 constituti
1905 5823 1920 5874 ;

339 5906 396 5954 et
415 5897 826 5970 superveniente
851 5899 1056 5968 Spiritu
1080 5909 1267 5956 sancto
1289 5900 1478 5973 repleti
1508 5909 1669 5969 sunt;
1709 5907 1765 5957 et
1792 5915 1919 5958 cum

658 5996 937 6060 ΡΑΤιιοι..
970 5996 1224 6060 LXVII.

2025 4783 2226 4850 monia,
2264 4800 2367 4838 non
2401 4797 2745 4855 przeceptum.
2781 4788 2874 4840 sed
2909 4789 3191 4842 consilium
3226 4789 3374 4844 dedit
3408 4788 3462 4857 (1
3489 4789 3610 4843 Cor.

2027 4873 2159 4944 vn);
2191 4884 2243 4930 et
2290 4875 2342 4928 in
2377 4876 2667 4941 Ev:ungelio
2705 4877 2857 4931 diviti
2886 4879 3121 4933 dicitur:
3160 4879 3219 4933 Si
3251 4881 3320 4932 vis
3360 4884 3614 4948 perfectus

2025 4983 2152 5030 esse,
2180 4967 2307 5019 vade
2326 4976 2374 5020 et
2399 4969 2558 5021 vende
2579 4969 2747 5022 omnia
2779 4987 2892 5039 qua:
2914 4971 3086 5034 habes,
3116 4979 3163 5022 et
3205 4971 3270 5022 da
3307 4971 3614 5038 pauperibus

2027 5059 2243 5131 (Matt/1.
2264 5060 2398 5130 xu).
2426 5062 2492 5117 Et
2521 5061 2624 5116 alio
2650 5065 2769 5120 loco
2797 5066 2884 5119 ubi
2914 5065 3167 5132 spadonis
3193 5063 3501 5130 laudantur,
3527 5063 3615 5133 qui

2027 5168 2080 5205 se
2109 5153 2246 5224 ipsas
2286 5163 2628 5209 castraverunt
2656 5167 2864 5228 prepter
2885 5173 3098 5228 regnum
3129 5155 3400 5218 ccelorum;
3427 5166 3481 5210 et
3504 5166 3618 5210 sta-

2027 5245 2120 5298 tim
2145 5243 2410 5314 adjicitur,
2435 5248 2520 5316 qui
2543 5258 2703 5316 potest
2731 5264 2910 5317 capere
2931 5247 3119 5316 capiat.
3158 5246 3224 5299 Et
3247 5246 3438 5300 iterum
3474 5249 3616 5316 Apo-

2028 5340 2218 5405 stolus,
2249 5355 2368 5394 cum
2398 5341 2464 5396 ad
2499 5342 2879 5398 continentiam
2907 5343 3152 5395 hortatur
3181 5360 3191 5393 :
3227 5338 3342 5394 Hoc
3366 5341 3433 5394 ad
3475 5342 3617 5395 utili-

2027 5441 2179 5486 tatem
2201 5445 2417 5488 vestram
2445 5437 2558 5489 dico
2589 5437 2830 5507 (inquit),
2857 5453 2957 5490 non
2980 5447 3032 5489 ut
3054 5437 3290 5507 laqueum
3323 5437 3459 5492 vobis
3486 5439 3588 5511 inji
3612 5474 3618 5479 -

2028 5524 2180 5588 ciam,
2212 5525 2301 5578 sed
2322 5527 2388 5578 ad
2413 5527 2467 5578 id
2490 5528 2622 5596 quod
2645 5527 2909 5581 honestum
2939 5540 3033 5597 est,
3069 5529 3274 5595 hortor,
3304 5542 3348 5583 et
3371 5533 3512 5602 quod
3533 5531 3617 5600 fa-

2022 5625 2259 5678 cultatem
2291 5625 2508 5693 prwbeat
2555 5627 2662 5679 sine
2699 5627 3060 5695 impedimento
3102 5625 3266 5683 Deum
3314 5628 3616 5684 obsecrandi

2025 5715 2078 5786 (1
2102 5716 2223 5772 Cor.
2251 5718 2366 5788 vn).
2406 5719 2467 5772 Et
2491 5733 2675 5774 rursus
2702 5720 2768 5774 ad
2802 5719 3175 5777 Philemonem
3204 5741 3214 5774 :
3248 5722 3374 5778 Sine
3401 5717 3618 5775 consilio

2023 5821 2190 5863 autem
2217 5820 2303 5864 tuo
2327 5810 2454 5863 nihil
2477 5810 2614 5866 volui
2641 5812 2828 5883 facere,
2865 5816 2940 5869 uti
2967 5833 3031 5868 ne
3058 5815 3191 5870 velut
3218 5830 3283 5869 ea:
3318 5814 3618 5868 necessitate

2025 5904 2214 5961 bonum
2253 5912 2396 5960 tuum
2430 5914 2580 5977 esset,
2627 5908 2715 5964 sed
2753 5907 3125 5965 voluntarium.
3161 5908 3313 5966 Tunc
3358 5906 3504 5964 enim
3533 5903 3591 5960 di

3017 6003 3094 6064 31
