4078 6440
530 374 629 432 971

1764 374 1822 436 S.
1861 373 2053 435 JUSTI
2094 325 2584 438 UBGELLENSISC

3730 382 3850 437 9.72

531 499 668 552 lecta
721 495 1068 567 quoadusque
1133 494 1267 552 velit
1328 477 1502 551 ηιὸιιδ
1545 494 1708 550 modo
1779 497 2076 552 suscitatur
2103 535 2118 561 ,
2147 499 2203 558 Α
2298 495 2460 553 Νυω.
2504 495 2594 553 44.
2646 491 2760 551 Vox
2787 495 3003 551 lurluris
3030 494 3208 550 audita
3235 502 3310 549 est
3341 489 3397 548 ist
3427 500 3582 550 terra.
3615 489 3846 561 Anima,

499 589 738 660 quando
782 601 1088 647 sanctorum
1141 599 1265 647 vota
1309 591 1584 649 voluntate
1651 602 1954 664 spontanea
2016 595 2121 650 Do-

528 683 673 739 mino
703 684 1020 739 oﬂ'eruntur.

595 776 757 832 Num.
797 775 888 832 δι.
939 774 1052 832 Vox
1097 777 1268 832 dilecti
1296 778 1415 832 mei.
1449 777 1575 834 litec
1603 792 1708 834 vox
1738 775 1962 844 Christi,
2007 793 2128 849 qua:

517 874 568 927 in
608 873 708 928 hac
734 873 1016 943 prophetia
1044 881 1260 928 tantum
1290 881 1770 940 commemoratur,
1798 887 1904 928 non
1933 872 2126 928 inscite

518 965 583 1017 de
634 965 723 1017 illa
772 963 1033 1034 accipitur
1062 980 1166 1033 qua
1196 980 1364 1034 genus
1395 973 1731 1019 mortuorum
1763 964 2042 1018 hominum
2074 962 2126 1018 in

525 1057 820 1128 I'Ivaugelio
850 1057 1200 1124 suscitantur,
1231 1057 1371 1112 sicut
1401 1058 1514 1126 ipse
1540 1057 1852 1126 pronuntiat
1891 1057 2078 1113 dicens
2107 1073 2124 1111 :

518 1147 684 1200 Amen
725 1164 872 1201 amen
912 1147 1027 1201 dico
1049 1150 1208 1215 vobis,
1236 1151 1356 1218 quia
1387 1152 1546 1205 veniet
1576 1154 1703 1204 hora
1729 1153 1783 1205 in
1824 1168 1926 1221 qua
1955 1168 2127 1207 omnes

518 1242 604 1306 qui
630 1244 682 1296 in
713 1245 1046 1298 monumentis
1074 1253 1191 1298 sunt
1211 1245 1416 1298 audient
1444 1262 1613 1300 vocem
1638 1247 1770 1318 ejus,
1783 1255 1829 1300 et
1856 1248 2128 1315 precedent

523 1333 614 1398 qui
657 1333 789 1386 bona
837 1333 1064 1402 fecerunt
1108 1335 1161 1387 in
1203 1336 1628 1391 resurrectionem
1656 1339 1772 1391 vita:
1815 1335 1994 1404 (Joan.
2043 1339 2123 1410 v).

525 1421 597 1478 Et
629 1426 681 1477 in
704 1426 938 1497 Apocaly
955 1427 1031 1494 psi
1058 1426 1252 1482 dicitur
1277 1445 1289 1480 :
1318 1426 1506 1482 Beatus
1530 1429 1616 1498 qui
1639 1428 1835 1483 habitat
1855 1439 2056 1498 partem
2073 1432 2128 1485 in

525 1517 895 1571 resurrectione
926 1519 1092 1586 prima
1122 1516 1306 1588 (Apoc.
1342 1517 1456 1590 xx).
1486 1518 1579 1574 llle
1627 1520 1682 1573 in
1731 1521 1900 1590 prima
1945 1535 2128 1577 resur-

523 1609 765 1665 rectione
795 1617 999 1678 partem
1027 1610 1250 1678 invenit,
1278 1611 1368 1682 qui
1399 1622 1583 1669 erutus
1614 1612 1683 1669 de
1715 1614 1856 1668 mala
1897 1628 2128 1672 consue-

521 1704 730 1770 tudine,
766 1712 1013 1774 tanquam
1044 1719 1072 1758 a
1101 1713 1275 1761 morte
1301 1704 1522 1762 Christo
1544 1705 1850 1763 viviﬁcante
1873 1708 2123 1778 resurgit.

595 1794 756 1851 Num.
805 1796 894 1851 55.
921 1795 1057 1851 Ecce
1077 1802 1170 1852 iste
1190 1800 1323 1853 venit
1347 1799 1537 1854 saliens
1569 1800 1622 1853 in
1656 1801 1933 1854 montibus.
1968 1800 2127 1856 Venit

2230 590 2285 647 in
2324 591 2638 661 Evangelio,
2670 591 2938 659 octoginta
2967 596 3201 658 quatuor
3231 601 3500 640 annorum
3530 587 3851 642 castissima

2227 689 2411 753 vidua.
2443 703 2547 744 non
2579 687 2840 743 recedens
2871 686 2937 739 de
2969 683 3191 751 templo,
3228 682 3282 736 in
3309 679 3528 752 jejuniis
3551 692 3607 736 et
3634 684 3852 736 oratio-

2233 778 2385 835 nibus
2422 777 2694 834 Christum
2741 776 3006 846 agnoscit,
3035 784 3093 830 et
3125 775 3359 844 loquitur
3390 775 3457 830 de
3488 791 3555 828 eo
3584 774 3851 828 ontnibus

2225 874 2319 944 qui
2351 873 2733 941 exspectabant
2773 867 3196 938 redemptionem
3229 868 3392 922 lsrael
3417 865 3575 939 (Luc.
3606 866 3694 934 tl).
3716 865 3853 918 Ista-

2232 981 2354 1022 rum
2383 980 2594 1035 quoque
2623 964 2805 1018 avium
2834 961 3290 1016 combinationem
3323 960 3375 1014 in
3401 958 3738 1014 sacrifit-ium
3769 955 3854 1008 of-

2230 1057 2360 1114 ferri
2388 1057 2678 1124 mandavit,
2712 1058 2803 1127 qui
2836 1055 2910 1110 nil
2938 1056 3160 1111 omnino
3193 1055 3245 1108 in
3279 1053 3550 1109 oblatione
3586 1052 3678 1105 Dei
3709 1064 3854 1120 pra:-

2229 1153 2458 1217 clarum,
2485 1149 2585 1205 nisi
2613 1165 2735 1204 cum
2763 1149 2950 1205 ﬁdeles
2973 1163 3204 1217 corpore
3224 1157 3279 1202 et
3303 1146 3496 1216 spiritu
3517 1143 3856 1202 sanctilitati

2233 1243 2462 1299 Domino
2490 1241 2810 1298 oﬂerttntur.

2301 1335 2463 1391 Num.
2488 1333 2576 1391 45.
2605 1331 2762 1388 Ficus
2785 1333 2998 1403 protulit
3019 1349 3224 1403 grossos
3244 1348 3384 1386 suos.
3413 1329 3656 1385 Tandem
3677 1328 3853 1384 etiam

2232 1430 2511 1502 Synagoga
2533 1427 2815 1484 credentes
2845 1429 2896 1482 in
2916 1427 3132 1482 Christo
3157 1423 3721 1496 produxitlsraelitas,
3742 1425 3854 1479 sic-

2233 1534 2292 1582 ut
2331 1534 2385 1581 et
2427 1522 2716 1593 Apostolus
2766 1521 2840 1576 ait
2882 1537 2895 1573 :
2929 1519 3075 1574 Nolo
3123 1535 3210 1573 vos
3260 1520 3499 1590 ignorare
3538 1517 3852 1588 mysterium

2233 1615 2350 1683 hoc,
2379 1617 2498 1686 quia
2527 1615 2728 1669 crecitas
2753 1630 2815 1668 ex
2842 1622 2986 1683 parte
3015 1612 3223 1682 contigit
3255 1613 3304 1664 in
3333 1609 3524 1674 Israel,
3545 1611 3715 1664 donec
3738 1610 3851 1678 ple-

2233 1710 2414 1764 nitudo
2444 1709 2671 1780 gentium
2700 1707 2937 1773 intraret,
2963 1715 3013 1760 et
3053 1705 3128 1759 sic
3157 1706 3321 1758 omnis
3348 1703 3518 1758 Israel
3547 1705 3725 1758 salvus
3754 1704 3848 1770 ﬁe-

2232 1814 2309 1860 ret
2339 1805 2520 1878 (llom.
2552 1803 2651 1876 χι).

521 1886 770 1942 Christus
800 1889 990 1944 saliens
1017 1889 1070 1944 in
1097 1892 1370 1959 montibus,
1398 1907 1519 1947 cum
1552 1892 1839 1964 perfectior
1869 1893 2118 1964 perfectis
2148 1888 2198 1951 B
2299 1896 2460 1952 Num.
2504 1894 2594 1949 46.
2644 1895 2819 1948 Vinea:
2839 1897 3078 1964 ﬂorentes
3101 1902 3145 1945 et
3168 1892 3413 1945 dederunt
3438 1891 3671 1944 odorem.
3705 1889 3846 1944 Cou—

522 1981 797 2051 apparuit;
841 1983 1136 2039 transiliens
1175 1985 1355 2054 colles,
1388 2001 1509 2043 cum
1553 2002 1768 2044 onmem
1812 1998 2120 2045 sanctorum

523 2075 856 2132 altitudinem
888 2092 999 2132 suae
1029 2079 1324 2149 maiestatis
1373 2079 1693 2136 excellentia
1715 2081 2010 2151 superavit.

593 2169 752 2226 Num.
786 2171 878 2228 36.
907 2172 1106 2229 Similis
1136 2183 1210 2229 est
1238 2173 1456 2229 dilectus
1487 2192 1624 2231 meus
1664 2192 1885 2246 capreae.
1919 2174 2124 2232 Similis

521 2274 605 2322 est
629 2281 861 2337 capreae,
893 2267 1020 2339 quia
1061 2269 1116 2324 in
1141 2269 1479 2324 similitudine
1515 2272 1684 2324 carnis
1723 2271 1914 2337 peccati
1943 2269 2120 2340 (Rom.

519 2359 662 2428 Vm),
693 2358 846 2415 nobis
867 2355 1148 2430 apparuit;
1179 2361 1370 2417 similis
1396 2361 1562 2418 etiam
1595 2378 1854 2417 cervorum
1882 2359 2122 2429 hinnulo,

523 2453 648 2522 quia
695 2453 764 2510 de
810 2455 1015 2510 sanctis
1056 2454 1146 2525 qui
1195 2464 1504 2527 serpentem
1530 2457 1801 2526 vicerunt,
1825 2457 2121 2517 secundum

524 2562 743 2603 carnem
778 2548 932 2604 duxit
956 2549 1242 2620 originem.

594 2639 752 2697 Num.
791 2637 884 2697 57.
924 2641 1007 2697 Εη
1036 2644 1144 2715 ipse
1192 2651 1296 2699 stat
1347 2655 1458 2714 post
1509 2645 1774 2714 parietem.
1833 2645 1954 2702 Stat
2005 2652 2128 2715 post

523 2735 781 2806 parietem
822 2746 1069 2793 nostrum
1102 2751 1226 2794 cum
1277 2736 1517 2794 induitur
1567 2738 1836 2794 velamine
1880 2736 2126 2808 corporis

525 2828 717 2884 nostri.

595 2919 758 2978 Num.
800 2921 892 2977 38.
935 2923 1232 2995 Respiciens
1271 2938 1364 2993 per
1405 2919 1676 2992 fenestra‘s.
1708 2921 1843 2978 Cum
1873 2919 2126 2991 quiddam

521 3016 603 3071 sui
633 3015 890 3083 occuluit,
923 3015 1178 3087 quiddam
1209 3025 1388 3073 autem
1419 3015 1822 3081 manifestavit;
1847 3013 2000 3084 quasi
2033 3028 2129 3082 per

525 3108 791 3164 fenestras
817 3116 875 3166 et
893 3109 1159 3166 cancellos
1191 3112 1488 3180 prospexit.
1521 3109 1637 3165 Non
1666 3109 1808 3165 enim
1841 3122 1900 3164 se
1921 3123 1985 3164 ex
2015 3116 2127 3163 toto

525 3203 792 3274 praecipue
831 3202 1124 3259 secundum
1169 3203 1339 3260 Deum
1370 3203 1625 3270 ostendit,
1657 3203 1746 3274 qui
1776 3202 1991 3257 Patrem
2041 3201 2127 3256 vi-

2227 1990 2567 2064 gregationes
2612 1989 2955 2048 clericorum,
2989 1985 3375 2038 monachorum
3406 1997 3621 2052 quoque
3650 1995 3706 2035 et
3737 1983 3844 2036 vir-

2227 2087 2411 2157 ginum
2435 2085 2489 2138 in
2521 2081 2763 2138 Ecclesia
2792 2080 3096 2150 proficiunt,
3121 2087 3174 2132 et
3205 2093 3299 2148 per
3328 2078 3526 2132 bonam
3560 2074 3764 2130 famam
3792 2086 3843 2134 et
3899 2093 3910 2102 ο

2228 2176 2694 2235 conversationem
2729 2173 3102 2228 iunotuerunt.

2299 2272 2459 2327 Num.
2503 2269 2592 2323 47.
2634 2270 2818 2340 Surge,
2855 2268 3022 2320 amica
3052 2283 3187 2332 mea,
3220 2275 3266 2320 et
3295 2265 3532 2335 speciosa
3563 2281 3702 2320 mea.
3737 2263 3842 2320 Piis

2231 2363 2683 2438 appellationibus
2726 2376 2942 2431 semper
2973 2360 3221 2415 hortatur
3252 2359 3498 2415 Ecclesia
3527 2366 3588 2415 ut
3635 2357 3842 2414 relictis

2233 2459 2623 2530 temporalibus
2652 2457 2717 2511 ad
2750 2465 2953 2511 aeterna
2982 2456 3240 2523 suspiret.

2305 2554 2467 2609 Num.
2506 2550 2596 2606 48.
2637 2549 2887 2606 Columba
2915 2565 3029 2604 mea
3057 2549 3110 2602 in
3142 2547 3487 2618 foraminibus
3518 2556 3701 2620 parte.
3725 2544 3840 2603 Non

2233 2649 2384 2705 aliud
2419 2645 2658 2703 Ecclesia
2705 2643 2954 2701 columba
2997 2652 3243 2710 vocatur,
3275 2643 3380 2697 nisi
3427 2643 3549 2710 quia
3591 2651 3676 2698 est
3724 2641 3840 2696 sine

2231 2742 2361 2799 dolo
2386 2751 2440 2798 et
2466 2739 2668 2811 Spiritu
2697 2747 2882 2795 sancto
2910 2737 3188 2806 repletur;
3228 2736 3433 2792 habitat
3474 2736 3533 2791 in
3558 2736 3839 2792 foramini-

2234 2839 2336 2894 bus
2372 2849 2557 2908 petras,
2589 2834 2712 2905 quia
2743 2846 2959 2902 semper
3003 2831 3406 2900 receptaculum
3454 2831 3620 2885 habet
3649 2831 3704 2884 in
3735 2830 3836 2897 bis,

2235 2945 2302 2987 ex
2351 2931 2544 2999 quibus
2583 2936 2770 2982 sanata
2818 2934 2920 2989 est,
2953 2924 3264 2980 vulneribus
3309 2922 3534 2979 Christi.
3565 2922 3837 2993 Recipitur

2236 3023 2400 3081 etiam
2430 3022 2481 3076 in
2508 3034 2790 3076 cavernam
2815 3017 3226 3084 maceri;e,cum
3251 3026 3437 3072 sancta
3457 3031 3525 3072 ex
3553 3014 3838 3084 Scripturis

2236 3117 2608 3174 consolatione
2638 3115 2872 3178 fovetur,
2903 3113 2988 3168 vel
3019 3126 3140 3167 cum
3179 3107 3604 3182 praecedentium
3636 3118 3838 3164 βιωτιοη

2236 3227 2356 3266 rum
2386 3210 2596 3265 meritis
2623 3219 2787 3278 atque
2814 3206 3151 3262 orationibus
3179 3221 3246 3262 ex
3287 3213 3402 3260 toto
3432 3202 3754 3274 protegitur.
3787 3201 3839 3258 In

526 3292 658 3350 dere
687 3294 920 3365 cupienti
945 3295 1192 3366 Philippo
1221 3295 1356 3350 dixit
1385 3313 1402 3354 :
1434 3294 1600 3350 Tanto
1623 3305 1844 3365 tempore
1872 3293 2127 3348 vobiscum
2157 3283 2202 3347 C
2235 3304 2322 3360 his
2362 3303 2712 3359 toraminibus
2761 3311 2952 3370 petra,
2996 3299 3233 3356 Thomas
3261 3299 3542 3370 apostolus
3583 3307 3837 3368 tanquam

527 3401 663 3449 sum,
720 3393 765 3440 et
806 3402 906 3440 non
945 3388 1248 3458 cognovistis
1273 3403 1387 3455 me;
1416 3396 1470 3442 et
1509 3387 1612 3444 alio
1641 3387 1759 3442 loco
1785 3403 1798 3440 :
1825 3387 1925 3453 Qui
1956 3386 2125 3458 diligit

527 3495 612 3534 me
643 3481 886 3534 mandata
906 3497 1018 3534 mea
1044 3465 1270 3536 custodit
1300 3491 1348 3537 et
1379 3497 1473 3553 ego
1499 3483 1716 3553 diligam
1747 3497 1860 3536 eum
1882 3490 1928 3536 et
1958 3482 2128 3534 mani-

529 3573 726 3645 festabo
751 3575 795 3628 ei
831 3575 1078 3643 meipsum
1107 3573 1287 3644 (Joan.
1316 3575 1563 3646 xtv).Vel
1597 3585 1721 3631 tunc
1751 3592 1846 3646 per
1869 3577 2130 3631 fenestras

528 3674 584 3722 et
626 3665 894 3722 cancellos
937 3667 1230 3736 prospexit,
1267 3667 1478 3738 quando
1531 3667 1744 3737 plebem
1768 3666 1824 3721 in
1856 3665 2129 3735 parabolis

530 3758 768 3814 edocuit.
805 3756 989 3815 Potest
1019 3760 1179 3814 etiam
1203 3759 1426 3830 intelligi
1458 3758 1599 3830 quod
1615 3769 1740 3814 tunc
1757 3773 1852 3828 per
1869 3757 2130 3812 lenestras

526 3851 826 3923 prospexit,
841 3851 1118 3922 quandoin
1140 3853 1411 3924 passione,
1432 3852 1614 3908 lancea
1641 3851 1910 3920 perforato
1939 3849 2125 3913 latere,

529 3944 789 4012 Sanguine
832 3953 886 3999 et
931 3959 1068 4015 aqua
1097 3953 1368 4014 manante,
1397 3943 1780 4014 redemptionis
1833 3951 1886 3999 et
1929 3940 2130 3998 lavacri

532 4045 886 4091 sacramenta
917 4035 1187 4106 produxit.

599 4127 758 4186 Num.
798 4127 887 4186 59.
931 4128 1157 4184 Dilectus
1186 4146 1329 4186 meus
1356 4128 1581 4200 loquitur
1628 4128 1774 4182 mihi.
1810 4127 2047 4184 Dilectus
2073 4127 2128 4182 in

529 4223 634 4282 hoc
671 4223 808 4280 libro
846 4238 991 4294 saepe
1021 4223 1343 4280 describitur
1378 4241 1391 4276 :
1423 4223 1543 4294 quis
1582 4223 1725 4278 enim
1758 4233 1866 4278 tam
1899 4222 2128 4278 dilectus

530 4317 788 4375 Ecclesia:
841 4333 1000 4387 quam
1045 4316 1135 4372 ille
1177 4324 1396 4387 propter
1426 4331 1584 4387 quem
1625 4325 1890 4387 martyres
1918 4315 2127 4371 animas

527 4411 859 4481 posuerunt?
894 4409 1084 4480 Surge,
1109 4424 1329 4478 propera
1350 4416 1398 4462 et
1421 4408 1531 4461 veni
1559 4424 1576 4461 :
1598 4423 1773 4478 surge,
1790 4409 1982 4472 crede;
2006 4422 2126 4475 pro.

530 4521 676 4576 pera,
708 4512 924 4573 peracto
970 4518 1131 4557 cursu
1185 4502 1258 4572 pii
1310 4502 1510 4556 laboris
1554 4504 1834 4572 prannium
1891 4500 2125 4568 suscipe.

531 4596 712 4652 Amica
740 4613 871 4662 mea,
905 4595 1245 4649 reconciliata
1293 4593 1421 4647 mihi
1456 4609 1549 4662 per
1582 4603 1849 4662 mortem;
1897 4594 2125 4664 formosa

533 4704 668 4754 mea,
700 4687 895 4742 munda
926 4686 1062 4741 facta
1090 4701 1183 4754 per
1215 4688 1504 4741 lavacrum.

605 4781 764 4837 Num.
794 4778 883 4834 40.
915 4778 1037 4833 Jam
1064 4779 1198 4833 enim
1226 4779 1385 4835 hiems
1415 4780 1632 4834 transiit.
1660 4777 1795 4848 Quia
1823 4777 2129 4849 temporalis

532 4877 811 4933 tribulatio
843 4878 1003 4932 linem
1035 4877 1261 4945 accepit.

605 4969 767 5026 Num.
809 4969 901 5024 41.
945 4967 1115 5023 Imber
1145 4969 1270 5022 abiit
1300 4977 1348 5022 et
1378 4970 1602 5024 recessit.
1633 4967 1832 5024 Crebra
1863 4973 1918 5023 et
1947 4967 2131 5023 multi-

532 5065 658 5136 plex
687 5066 934 5133 tentatio,
968 5064 1054 5119 vel
1096 5078 1423 5135 paganorum
1471 5063 1772 5134 persecutio
1798 5063 2018 5134 quievit.

604 5157 766 5214 Num.
808 5156 899 5212 42.
941 5155 1127 5211 Flores
1156 5167 1506 5228 apparuerunt
1550 5157 1603 5210 in
1632 5166 1790 5212 terra.
1822 5157 2007 5212 Sancti
2045 5171 2134 5212 re-

528 5251 913 5306 dundaverunt
959 5252 1010 5304 in
1060 5252 1287 5319 mundo,
1340 5265 1528 5307 mense
1575 5252 1866 5318 Novarum,
1917 5251 2133 5322 quando

535 5345 740 5400 Pascha
767 5345 1090 5413 celebratur,
1120 5345 1330 5413 exorti;
1379 5345 1573 5416 quibus
1616 5345 1906 5414 Aposmlus
1961 5345 2130 5401 dicit:

535 5437 599 5493 Si
626 5441 1018 5494 consurrexistis
1040 5456 1157 5494 cum
1181 5438 1401 5507 Christo,
1431 5457 1545 5512 quae
1570 5457 1774 5496 sursum
1802 5450 1920 5496 sunt
1944 5441 2134 5512 sapite,

535 5546 638 5584 non
669 5547 782 5601 qua:
810 5547 964 5602 super
991 5540 1178 5585 terram
1209 5530 1349 5604 (Col.
1381 5532 1486 5602 tu).

607 5622 766 5678 Nunt.
807 5622 897 5678 45.
941 5622 1161 5695 Tempus
1181 5629 1463 5697 putationis
1485 5628 1710 5684 advenit.
1743 5629 1807 5684 lli
1833 5629 1924 5701 qui
1952 5629 2005 5685 in
2033 5630 2130 5686 d0-

532 5732 626 5774 mo
652 5716 864 5772 Domini
908 5727 1031 5770 sunt
1078 5717 1320 5788 plantati,
1352 5722 1592 5776 adhibita
1639 5722 1936 5792 disciplinae
1976 5722 2132 5790 falce,

533 5812 604 5869 ob
623 5813 768 5867 omni
793 5812 1174 5883 superstitione
1191 5816 1422 5888 purgati,
1449 5819 1686 5875 venturis
1711 5819 1972 5878 fructibus
1996 5833 2136 5890 prsc-

537 5921 816 5984 parantur.

2151 4675 2204 4736 Ι)

2235 3397 2508 3460 columba,
2534 3395 2922 3463 protectionem
2948 3392 3177 3460 invenit,
3192 3407 3314 3447 cum
3339 3399 3462 3462 post
3489 3391 3837 3446 resurrectio-

2235 3506 2359 3549 nem
2389 3489 2735 3546 contrectatis
2754 3484 2953 3543 Christi
2984 3486 3263 3541 vulnerum
3287 3485 3442 3551 locis,
3463 3496 3675 3540 remota
3698 3484 3836 3540 omni

2235 3585 2526 3647 dubietate,
2560 3583 2696 3638 Deus
2723 3596 2864 3635 meus
2893 3588 2941 3635 et
2968 3576 3224 3633 Dominus
3243 3593 3387 3632 meus
3419 3575 3602 3648 (locis.
3632 3578 3750 3647 xx),
3778 3577 3836 3631 li-

2235 3679 2432 3736 deliter
2453 3676 2797 3733 exclamavit.

2307 3772 2466 3828 Num.
2507 3770 2596 3826 49.
2628 3769 2851 3825 Ostende
2881 3768 3005 3824 mihi
3029 3768 3216 3838 faciem
3243 3774 3402 3831 luam,
3429 3763 3584 3820 Sion.
3616 3765 3746 3819 Sion
3771 3766 3837 3818 in-

2241 3873 2577 3936 terpretatur
2597 3863 2918 3932 speculatio,
2942 3875 3062 3932 quas
3096 3860 3291 3916 merito
3315 3859 3369 3914 in
3402 3858 3508 3913 illis
3537 3857 3841 3927 intelligam

2234 3961 2328 4031 qui
2353 3976 2474 4015 cum
2494 3957 2752 4028 Apostolo
2778 3957 2964 4012 dicunt
2988 3973 3003 4010 :
3031 3953 3144 4009 Nos
3161 3964 3329 4008 autem
3352 3951 3580 4024 glorians
3608 3950 3706 4006 Dei
3725 3966 3842 4018 spe-

2235 4053 2484 4119 culantes,
2503 4053 2555 4106 in
2573 4052 2800 4105 eamdem
2821 4050 3093 4120 imaginem
3105 4048 3540 4116 transformamur
3553 4064 3584 4098 a
3597 4046 3842 4099 claritate

2235 4145 2290 4199 in
2303 4144 2584 4199 claritatem
2599 4153 2844 4215 tanquam
2862 4158 2895 4197 a
2913 4141 3120 4196 Domini
3139 4141 3344 4211 spiritu.
3370 4140 3439 4195 Et
3458 4139 3652 4195 iterum
3679 4157 3692 4190 :
3725 4139 3845 4194 Non

2233 4239 2692 4309 contemplantibus
2744 4237 2890 4292 nobis
2964 4251 3080 4306 quae
3135 4233 3373 4288 videntur
3398 4273 3415 4297 ,
3449 4232 3538 4286 sed
3583 4247 3701 4301 gnte
3747 4247 3846 4283 non

2235 4335 2478 4388 videntur
2509 4329 2598 4402 (ll
2631 4331 2753 4386 Cor.
2793 4330 2898 4400 ιιι).
2930 4327 3061 4396 Qua
3091 4326 3234 4382 enim
3260 4325 3510 4381 videntur
3534 4323 3847 4394 temporalia

2236 4435 2384 4491 sunt,
2400 4439 2517 4496 quae
2537 4433 2715 4480 autem
2741 4438 2848 4479 non
2869 4422 3119 4478 videntur
3137 4428 3337 4476 aterna
3355 4431 3501 4473 sunt.
3520 4417 3646 4472 Haec
3670 4419 3847 4484 itaque

2236 4519 2496 4575 invitatur
2522 4529 2581 4573 ut
2635 4532 2850 4587 semper
2875 4527 2999 4572 ante
3047 4516 3214 4571 Deum
3245 4515 3495 4580 assistat,
3531 4512 3673 4568 sicut
3705 4511 3846 4563 Elius

2234 4613 2326 4684 qui
2349 4611 2563 4667 dicebat
2591 4627 2605 4664 ε
2643 4609 2775 4664 Vivit
2793 4609 3062 4673 Dominus,
3079 4609 3131 4660 in
3150 4611 3302 4676 cuius
3329 4615 3602 4676 conspectu
3623 4613 3735 4657 asto
3759 4604 3846 4654 ho-

2235 4704 2318 4758 die
2353 4703 2457 4775 (IV
2489 4704 2620 4776 Reg.
2654 4703 2764 4772 III);
2794 4717 2894 4758 nec
2920 4703 2991 4757 sit
3019 4703 3088 4758 de
3133 4703 3240 4757 illis
3279 4715 3414 4770 quos
3458 4699 3718 4769 propheta
3751 4697 3845 4750 dc-

2237 4805 2390 4853 notat
2439 4796 2626 4851 dicens
2659 4812 2674 4850 ι
2712 4793 2984 4849 Verterunt
3012 4783 3094 4848 ad
3106 4809 3186 4848 me
3216 4802 3418 4862 tergum
3447 4801 3496 4845 et
3531 4807 3635 4844 non
3660 4789 3845 4859 faciem

2240 4888 2488 4963 (lerem.
2537 4903 2572 4942 ιι
2599 4887 2650 4960 );
2683 4896 2760 4953 et,
2806 4903 2903 4941 νοω
2941 4897 3063 4956 tua,
3105 4886 3301 4956 inquit,
3365 4886 3420 4939 iu
3466 4885 3681 4938 auribus
3722 4883 3845 4936 meis

2237 4983 2362 5056 (III
2407 4983 2536 5052 Reg.
2587 4981 2856 5052 xvu);et,
2901 4980 3251 5035 clamauerunt
3297 4981 3444 5049 iusti,
3493 4988 3540 5033 et
3590 4976 3846 5032 Dominus

2239 5076 2497 5133 exaudivit
2524 5090 2608 5130 eos
2638 5085 2684 5129 et
2710 5088 2775 5128 ea:
2799 5072 3038 5128 omnibus
3063 5071 3483 5127 tribulationibus
3511 5085 3692 5124 eorum
3713 5069 3844 5123 libe-

2239 5172 2372 5227 ravit
2396 5187 2480 5226 eos
2509 5167 2684 5240 (Psal.
2709 5169 2928 5238 xxxm).

2313 5265 2476 5321 Nam.
2504 5264 2596 5320 50.
2641 5259 2760 5316 Vox
2785 5261 2924 5316 enim
2959 5269 3050 5314 tua
3089 5259 3277 5314 dulcis.
3310 5257 3596 5313 Orationes
3633 5263 3842 5310 sancto—

2239 5372 2358 5415 rum
2380 5369 2594 5426 semper
2621 5354 2845 5409 Domino
2869 5361 3130 5422 acceptae,
3157 5351 3436 5424 gratiaque
3463 5348 3579 5418 ejus
3603 5361 3816 5418 praisen
3841 5381 3845 5383 λ

2241 5461 2348 5517 tes,
2377 5451 2501 5523 quia
2529 5450 2595 5505 de
2626 5447 2825 5503 Christi
2855 5447 3061 5503 lumine
3089 5454 3436 5515 acceperunt,
3471 5453 3527 5498 ut
3560 5443 3612 5496 in
3644 5440 3844 5494 decore

2239 5545 2458 5618 iustitia:
2483 5547 2883 5613 permanerent.

2313 5636 2477 5692 Num.
2507 5634 2601 5690 51.
2651 5632 2832 5700 Capite
2871 5631 3014 5686 nobis
3053 5630 3230 5702 vulpes
3270 5627 3535 5699 parvulas.
3561 5626 3704 5687 Dicit
3747 5641 3844 5695 per

2240 5729 2550 5801 parabolam
2595 5728 2648 5784 in
2701 5725 2993 5795 Evangelia
3023 5723 3282 5779 Dominus
3321 5720 3535 5791 (Matth.
3568 5720 3688 5787 xm)
3718 5735 3843 5775 eum

2240 5820 2500 5878 crevisset
2526 5819 2715 5883 herba,
2744 5827 2802 5874 et
2841 5818 3073 5872 fructum
3107 5815 3348 5882 fecisset,
3401 5823 3531 5871 tunc
3572 5829 3840 5884 apparue-

2241 5924 2372 5974 runt
2395 5915 2600 5973 sizauia
2627 5930 2642 5970 :
2672 5913 2723 5970 id
2753 5921 2857 5982 est,
2891 5912 3210 5983 proﬁciente
3244 5909 3492 5968 Ecclesia
3533 5921 3844 5966 massa
