4078 6440
322 142 428 200 975

1317 135 1385 196 ΙΝ
1423 133 1718 196 CANTICA
1753 126 2201 191 CANTICORUH
2240 126 2673 189 EXPLICATlO.

3508 117 3614 181 9η

321 257 484 313 etiam
536 255 773 316 houses
804 263 1183 326 surrexerunt,
1209 255 1299 313 vel
1330 256 1389 311 in
1426 256 1518 312 illa
1565 253 1674 310 ﬁde
1713 267 1920 324 perma-
1944 252 2000 313 A
2023 249 2121 305 sed
2167 251 2260 318 qui
2308 250 2512 307 sanctis
2562 246 2836 306 laberibus
2868 241 3286 319 invigilaverint,
3334 240 3439 313 ipsi
3486 256 3612 296 eum

322 360 486 406 neme
515 365 675 420 quam
705 366 867 422 prave
900 351 1165 407 sentirent
1187 350 1517 421 investigata:
1547 359 1692 405 sunt.
1732 348 1822 405 Sic
1861 356 1917 405 et

320 441 416 501 illa
456 442 708 512 Samson,
738 446 828 515 qui
880 445 1265 515 interpretatur
1299 444 1400 509 sol,
1438 444 1612 515 captis
1661 445 1917 499 trecentis

323 536 595 606 vulpibus,
625 553 812 594 eorum
852 539 1041 595 caudis
1081 540 1259 608 ignem
1296 540 1568 609 apposuit,
1610 549 1666 595 et
1711 541 1917 595 fructus

325 629 662 686 inimicorum
693 633 937 687 accendit
964 631 1163 703 (Judic.
1191 633 1305 704 xv).
1331 631 1559 703 Semper
1580 632 1725 689 enim
1748 633 1920 689 haere-

326 722 416 779 tici
446 724 500 778 in
530 724 859 794 primordiis,
891 725 1037 781 velut
1065 726 1186 781 ﬁcta
1217 726 1478 795 religione
1514 728 1819 797 conspicui,
1864 726 1919 783 in

322 818 584 876 extremis
611 817 722 874 suis
748 819 922 889 ignem
953 818 1191 885 trahunt,
1230 819 1493 888 gehenna
1532 818 1781 876 incendio
1822 818 1919 875 deo

327 910 521 981 putati.
552 910 621 967 Et
646 911 769 967 ideo
796 912 974 979 Capite
993 912 1140 968 nobis
1169 912 1346 975 uulpes
1371 929 1390 971 :
1420 913 1726 969 convincite
1751 912 1921 970 haere-

328 1000 489 1070 ticos,
541 1018 837 1072 eorumque
868 1004 1134 1060 versutias
1179 1015 1486 1061 sanctarum
1518 1004 1920 1074 Scripturarum

328 1096 633 1153 concludite
682 1097 1023 1152 testimoniis.
1069 1096 1214 1164 Quos
1257 1097 1444 1166 vulpes
1487 1095 1740 1168 parvulas
1766 1096 1920 1168 dicit,

326 1187 457 1258 quia
512 1186 647 1242 nihil
694 1186 872 1259 magni
914 1187 1209 1244 secundum
1261 1195 1467 1244 rectam
1515 1187 1674 1243 ﬁdem
1725 1187 1924 1244 intelli-

331 1280 507 1352 gendo
527 1281 837 1349 continent;
861 1296 1023 1339 omne
1050 1282 1197 1339 enim
1219 1282 1361 1353 quod
1388 1282 1625 1353 sapiunt,
1643 1281 1918 1349 exhibent;

332 1374 429 1444 qui
456 1373 636 1444 pusilli
663 1382 789 1430 sunt
815 1373 1182 1431 demetiuntur
1200 1374 1411 1442 vineas,
1454 1372 1772 1429 subvertant
1806 1373 1924 1443 ple-

331 1464 454 1531 bes,
489 1466 666 1535 pravis
711 1479 805 1522 eas
846 1465 1228 1522 traditionibus
1264 1473 1696 1536 eorrumpentes.
1760 1462 1927 1520 Vinea

332 1569 511 1616 nostra
556 1562 759 1631 ﬂoruit.
800 1561 1041 1621 Ecclesia
1087 1561 1354 1619 catholica
1384 1558 1757 1618 indeclinabili
1793 1573 1926 1630 aag-

332 1665 520 1712 ωθωο
547 1654 777 1724 proﬁcit.

408 1766 566 1822 Num.
597 1765 691 1822 52.
713 1767 948 1823 Dilectus
974 1782 1117 1823 meus
1142 1767 1292 1838 mihi,
1320 1776 1369 1824 et
1387 1783 1479 1839 ego
1500 1767 1601 1822 illi.
1623 1765 1765 1822 Dicit
1788 1764 1933 1837 Apo-

334 1860 549 1919 stolus:
579 1859 752 1916 Erunt
789 1862 893 1917 duo
936 1863 993 1917 in
1032 1877 1184 1918 carne
1234 1878 1359 1917 una.
1408 1861 1808 1918 Saeramentum
1838 1860 1936 1914 hoc

335 1971 582 2027 magnum
622 1933 716 2023 εἷα,
753 1972 848 2030 ego
872 1963 1042 2013 autem
1091 1957 1208 2012 dico
1244 1958 1302 2011 in
1340 1954 1549 2012 Christo
1603 1962 1653 2010 et
1699 1950 1937 2007 Ecclesia

334 2048 560 2122 (Ephes.
584 2049 663 2123 v).
695 2051 771 2107 De
800 2052 919 2122 ipso
945 2051 1092 2108 enim
1118 2051 1309 2108 eadem
1340 2050 1581 2107 Ecclesia
1620 2048 1749 2105 dicit
1777 2066 1791 2101 :
1823 2046 1934 2101 Do-

340 2146 511 2201 minus
540 2162 659 2216 pars
687 2146 999 2202 hwreditatis
1038 2163 1165 2203 mea:
1192 2145 1418 2219 (Psalm.
1464 2144 1579 2215 xv).
1631 2143 1700 2199 Et
1743 2145 1937 2198 iterum

340 2250 375 2294 ι
403 2238 559 2295 Patre
582 2238 723 2295 Filio
748 2239 944 2295 dicitur
970 2257 983 2295 :
1014 2238 1241 2295 Postulo
1262 2254 1291 2292 a
1316 2253 1419 2305 me,
1451 2247 1498 2293 et
1529 2237 1667 2291 dabo'
1702 2235 1789 2291 tibi
1813 2252 1940 2307 gen-

341 2340 415 2389 tes
444 2334 791 2389 hwreditatem
821 2345 980 2402 tuam,
1026 2344 1073 2390 et
1116 2335 1487 2404 possessionem
1515 2343 1656 2388 tuam
1696 2332 1941 2387 terminos

342 2438 494 2485 teme
523 2428 749 2504 (Psalm.
776 2430 858 2501 ιι).
888 2430 1061 2485 liabet
1088 2432 1250 2501 igitur
1273 2430 1519 2486 Christus
1557 2428 1855 2484 Ecclesium
1886 2428 1940 2482 in

344 2540 448 2581 suo
491 2538 717 2595 corpore
761 2536 815 2581 et
864 2523 1106 2579 Ecclesia
1148 2523 1419 2579 Christum
1468 2522 1521 2577 in
1565 2523 1739 2591 capite
1777 2540 1790 2575 :
1824 2537 1943 2592 quae

347 2619 615 2674 connexio
667 2620 790 2689 quia
831 2619 1108 2676 dissociari
1152 2634 1258 2674 non
1301 2625 1500 2690 potest,
1531 2619 1725 2674 merito
1768 2616 1941 2672 dixit:

346 2708 581 2768 Dilectus
613 2727 751 2766 meus
770 2711 922 2765 mihi.

420 2824 581 2882 Num.
616 2829 704 2884 53.
764 2826 867 2896 Qui
896 2826 1123 2898 pascitur
1148 2827 1283 2881 inter
1335 2826 1466 2882 lilia.
1518 2824 1763 2889 Pascitur
1807 2824 1948 2889 inter

349 2917 464 2979 lilia
486 2920 731 2976 Christus
757 2921 972 2993 quando
1002 2934 1196 2990 corpus
1224 2918 1358 2989 ejus,
1394 2920 1536 2990 quod
1567 2929 1651 2976 est
1683 2917 1946 2988 Ecclesia,

348 3020 662 3096 sanctorum
693 3024 747 3069 et
766 3013 1039 3085 virginum
1070 3014 1298 3069 cratibus
1324 3014 1631 3070 decoratur.

425 3130 589 3187 Num.
622 3128 711 3184 54.
753 3128 928 3185 Donec
957 3131 1179 3201 ezspiret
1218 3129 1348 3199 dies,
1384 3138 1432 3184 et
1478 3129 1794 3184 inclinentur
1836 3144 1954 3184 unt-

356 3223 480 3281 brce.
515 3223 695 3279 Donec
723 3223 1033 3295 evangelica
1066 3223 1283 3279 traditio
1320 3224 1376 3278 in
1416 3223 1647 3279 clariore
1671 3223 1791 3279 luce
1830 3236 1954 3293 pro-

356 3312 521 3382 ﬁciat,
551 3324 608 3372 et
634 3315 816 3386 ﬁgurae
845 3315 1053 3372 Veteris
1082 3314 1446 3382 Testamenti,
1485 3330 1605 3387 quae
1645 3315 1792 3373 velut
1828 3329 1953 3370 um-

354 3410 491 3480 brae,
532 3411 589 3467 in
632 3412 742 3469 ritu
789 3412 1199 3477 sacriﬁciorum,
1240 3410 1434 3485 typicis
1490 3410 1954 3469 observationibus

358 3510 776 3575 praecesserunt,
807 3504 1171 3574 depellantur.

431 3621 591 3677 Num.
621 3622 711 3679 55.
739 3622 1031 3689 Revertere,
1056 3624 1243 3678 similis
1269 3632 1397 3690 esto,
1428 3621 1611 3679 dilecte
1639 3623 1787 3678 mihi.
1818 3623 1955 3681 Dum

354 3710 618 3768 dilectum
675 3714 911 3768 insinuat
957 3714 1193 3783 regredi,
1250 3715 1588 3779 similemque
1637 3728 1849 3784 caprea
1902 3722 1959 3769 et

361 3801 590 3860 hinnqu
618 3802 773 3869 dicit,
800 3802 1004 3857 Christi
1028 3803 1081 3857 in
1105 3803 1274 3859 cmlos
1306 3805 1702 3869 ascensionem,
1742 3804 1960 3861 mundis

354 3906 422 3954 et
462 3895 735 3953 velocibus
781 3896 1103 3953 animalibus
1138 3896 1555 3968 comparandam
1597 3896 1957 3955 demonstrat.

362 3988 495 4048 Haec
523 3994 667 4046 enim
696 3989 858 4046 celeri
888 3989 1053 4057 saltu,
1076 3990 1343 4046 montium
1380 3990 1573 4046 altiora
1602 3990 1954 4060 transiliunt;

364 4097 753 4155 supergressus
784 4092 869 4140 est
897 4093 1078 4140 autem
1122 4083 1372 4140 Christus
1399 4083 1578 4138 omnia
1608 4101 1728 4151 qua:
1771 4084 1959 4140 viden-

367 4179 455 4230 tur
479 4174 714 4239 exeelsa,
745 4172 867 4243 quia
910 4172 979 4229 de
1019 4173 1141 4242 ipso
1185 4174 1475 4244 Apostolus
1515 4174 1683 4230 dicit:
1734 4173 1959 4245 Propter

362 4268 506 4338 quod
528 4267 669 4324 Deus
690 4268 931 4324 exultavit
959 4268 1127 4337 illum,
1156 4277 1204 4323 et
1235 4268 1376 4322 dedit
1404 4268 1484 4322 illi
1512 4284 1695 4323 nomen
1721 4270 1860 4339 quod
1885 4278 1959 4325 est

369 4377 522 4434 super
542 4377 689 4417 omne
708 4378 913 4427 nomen,
938 4364 1066 4416 utin
1086 4362 1290 4417 nomine
1307 4361 1339 4415 Ι
1347 4378 1433 4417 esu
1454 4378 1600 4417 omne
1627 4379 1758 4433 genu
1786 4365 1962 4433 ﬂecta-

1974 3045 2026 3110 (Ξ

2020 346 2323 416 reperiunt.

2090 446 2248 503 Num.
2277 446 2367 502 5⁸1.
2397 447 2627 523 Surgam
2646 454 2696 501 et
2715 430 2936 502 circuibo
2960 445 3240 500 ciuitatem.
3266 434 3618 497 Consideravi

2022 555 2242 598 omnem
2270 542 2496 614 gloriam
2524 542 2807 613 praesentis
2836 539 3045 609 saeculi,
3075 535 3287 609 inspexi
3320 545 3617 607 congrega-

2025 635 2201 692 tiones
2229 634 2529 691 inﬁdelium
2560 643 2615 690 et
2641 633 2884 690 diversas
2911 642 3090 690 sectas
3134 626 3575 702 philosophorum
3616 642 3627 685 ;

2023 729 2121 787 sed
2147 744 2246 785 nec
2265 730 2376 786 illic
2405 729 2581 799 reperi
2613 742 2773 798 quem
2804 727 2984 797 diligit
3014 724 3193 782 anima
3226 738 3368 780 mea.

2095 833 2255 888 Num.
2310 831 2400 888 58.
2459 828 2778 886 Invenerunt
2824 847 2904 884 me
2956 828 3155 899 vigiles;
3207 826 3625 896 Disputaverunt

2027 933 2216 980 contra
2262 938 2349 979 me
2395 922 2578 978 saeculi
2636 922 2909 991 sapientes
2951 919 3323 988 idolorumque
3367 915 3624 978 cultores,

2026 1016 2196 1073 multa
2228 1014 2463 1071 inaniter
2490 1023 2915 1085 perscrutantes,
2946 1012 3231 1082 pluresque
3274 1007 3439 1066 libros
3462 1002 3626 1065 irritis

2026 1108 2301 1167 laboribus
2345 1108 2717 1175 conﬁcientes,
2761 1106 2956 1177 quibus
2999 1101 3112 1158 dixi
3148 1118 3162 1157 :
3204 1099 3316 1155 Cur
3356 1099 3626 1153 incassum

2027 1203 2302 1275 superﬂuo
2331 1210 2525 1259 conatu
2552 1199 2863 1257 vexamini?
2899 1196 3011 1253 Cur
3052 1194 3250 1251 frustra
3278 1192 3629 1249 vehementer

2028 1299 2242 1373 ingenia
2268 1308 2448 1355 vestra
2478 1295 2749 1354 atteritis?
2773 1311 2898 1351 num
2922 1308 3080 1365 quem
3107 1291 3283 1362 diligit
3311 1288 3491 1345 anima
3510 1299 3633 1341 mea

2031 1394 2287 1451 vidistis?
2316 1390 2760 1463 Quandoquidem
2793 1388 2929 1447 falso
2955 1388 3172 1445 nomine
3208 1383 3487 1457 sapientia:
3510 1380 3632 1452 glo-

2032 1489 2270 1554 riamini,
2327 1488 2539 1543 stultam
2594 1487 2718 1558 fecit
2760 1482 2901 1549 Deus
2951 1482 3260 1556 sapientiam
3316 1477 3372 1552 (Ι
3398 1476 3518 1533 Cor.
3571 1474 3634 1547 ιι)

2032 1589 2297 1649 vestram,
2341 1580 2463 1651 quia
2514 1576 2786 1635 Christum
2835 1575 2945 1634 illic
2983 1575 3232 1632 invenire
3275 1569 3496 1627 minime
3543 1582 3635 1635 va-

1960 1650 2013 1713 Β
2042 1672 2238 1729 luiStis.

2113 1776 2275 1834 Num.
2306 1774 2396 1834 59.
2424 1774 2715 1830 Paululum
2748 1790 2862 1829 cum
2906 1781 3314 1843 perlrattstssem.
3344 1766 3480 1833 Cum
3522 1777 3639 1839 per-

2043 1869 2360 1926 transissem
2395 1866 2704 1940 huiusmodi
2750 1866 2997 1923 homines
3026 1866 3115 1937 qui
3156 1862 3210 1918 in
3256 1860 3456 1917 saeculo
3499 1870 3640 1917 vana

2041 1962 2267 2018 scientia
2298 1959 2429 2014 clari
2471 1967 2742 2029 putantur,
2772 1967 2830 2015 et
2856 1973 2978 2014 cum
3017 1970 3207 2021 eorum
3250 1942 3645 2025 superstitiosis

2042 2049 2517 2109 adinventionibus
2568 2050 2926 2121 reStitissem,
2981 2061 3277 2121 eorumque
3325 2043 3643 2115 sapientiam

2043 2146 2261 2201 stultam
2287 2143 2637 2215 judieassem,
2665 2142 2856 2197 invenit
2884 2157 3031 2213 quem
3071 2137 3242 2210 diligit
3277 2136 3453 2190 anima
3497 2150 3632 2189 mea.

2043 2236 2174 2293 Inde
2194 2247 2274 2292 est
2303 2234 2446 2306 quod
2477 2234 2764 2306 Apostolus
2785 2233 2853 2290 de
2878 2234 3070 2288 talibus
3100 2230 3232 2298 dicit
3264 2245 3279 2284 :
3312 2227 3643 2297 Sapientiam

2049 2329 2306 2403 loquimur
2332 2329 2466 2383 inter
2494 2327 2768 2399 perfectos,
2812 2326 3120 2398 sapientiam
3149 2330 3316 2378 autem
3350 2336 3452 2375 non
3487 2319 3646 2392 hujus

2047 2426 2247 2490 saeculi,
2271 2423 2364 2478 sed
2384 2423 2639 2491 loquimur
2665 2419 2759 2474 Dei
2796 2417 3100 2486 sapientiam
3138 2415 3192 2469 in
3219 2414 3485 2485 mysterio,
3531 2425 3648 2483 qua

2049 2513 2352 2569 abscondita
2390 2523 2483 2580 est,
2509 2528 2663 2583 quam
2704 2508 3085 2583 prwdestinavit
3127 2505 3266 2561 Deus
3305 2513 3424 2558 ante
3458 2501 3648 2569 uacula

2050 2611 2106 2667 in
2138 2611 2354 2683 gloriam
2386 2617 2613 2665 nostram
2644 2605 2699 2680 (Ι
2723 2606 2843 2662 Cor.
2866 2613 2907 2676 ι)
2933 2624 2947 2661 :
2976 2614 3029 2661 et
3067 2604 3191 2674 quia
3232 2604 3345 2673 ipsa
3387 2599 3649 2671 sapientia

2053 2721 2172 2775 quae
2194 2703 2443 2759 Christus
2470 2712 2573 2775 est,
2599 2701 2741 2773 apud
2762 2701 2896 2756 tales
2918 2714 3031 2765 non
3050 2696 3340 2769 reperitur,
3364 2697 3608 2765 sequitur
3632 2709 3649 2747 :

2054 2813 2209 2870 quam
2237 2812 2382 2851 nemo
2412 2796 2705 2866 principum
2735 2794 2893 2866 hujus
2929 2790 3106 2845 swculi
3142 2787 3411 2861 cognovit;
3439 2784 3486 2851 si
3513 2783 3654 2839 enim

2055 2893 2434 2967 cognovissent,
2458 2906 2719 2962 nunquam
2744 2887 3017 2949 Dominum
3040 2883 3219 2956 gloriae
3236 2879 3609 2951 cruciﬁrissent
3629 2891 3654 2932 :

2056 2970 2188 3045 sicut
2222 2988 2474 3055 scriptum
2512 2994 2609 3052 est,
2632 2983 2769 3057 quod
2800 2980 2979 3037 oculus
3035 2995 3138 3045 non
3180 2977 3325 3045 vidit,
3372 2991 3462 3037 nec
3506 2971 3652 3037 auris

2057 3082 2277 3150 audivit,
2309 3098 2401 3137 nec
2438 3081 2494 3134 in
2513 3096 2600 3134 cor
2630 3078 2851 3133 hominis
2894 3074 3150 3141 ascendit,
3184 3085 3305 3139 quis
3342 3065 3654 3139 praeparavit

2056 3176 2198 3234 Deus
2238 3176 2319 3241 his
2363 3175 2451 3247 qui
2491 3171 2717 3247 diligunt
2756 3170 2909 3231 illum
2957 3163 3174 3241 (Ibid.).
3216 3160 3325 3221 Sed
3354 3161 3476 3231 quia
3513 3156 3657 3231 apud

2060 3273 2369 3347 spirituales
2402 3272 2613 3329 invenit
2664 3269 2811 3335 illum
2843 3281 3000 3337 quem
3041 3262 3215 3335 diligit
3261 3273 3484 3331 Sponsa,
3529 3254 3658 3315 audi

2058 3369 2189 3443 quid
2217 3378 2471 3441 sequatur
2497 3384 2510 3421 :
2544 3363 2713 3422 Nobis
2735 3371 2906 3427 autem
2927 3357 3169 3415 reuelauit
3194 3355 3335 3413 Deus
3366 3368 3457 3424 per
3487 3350 3661 3422 Spiri—

2061 3474 2173 3520 tum
2194 3478 2381 3529 suum;
2403 3461 2633 3533 Spiritus
2655 3466 2829 3515 autem
2858 3454 3033 3511 omnia
3054 3458 3336 3514 scrutatur,
3358 3446 3513 3515 etiam
3532 3457 3661 3515 pro-

2060 3560 2231 3631 funda
2257 3557 2355 3612 Dei
2379 3551 2595 3628 (Ibid.).
3428 3582 3431 3585 ν

2131 3650 2290 3707 Νιιιιι.
2339 3650 2427 3704 60.
2471 3646 2634 3703 Tenui
2667 3661 2803 3712 um,
2855 3657 2945 3697 nec
2982 3638 3257 3695 dimittam.
3309 3632 3384 3690 Ita
3429 3643 3663 3703 namque

2061 3742 2352 3800 adbterebo
2396 3738 2635 3806 Christo.
2662 3739 2720 3803 in
2749 3735 2868 3807 ejus
2914 3735 3023 3793 ﬁde
3064 3726 3449 3805 perseverabo,
3494 3723 3664 3791 donec

2063 3835 2232 3909 ipsum
2261 3831 2317 3887 in
2347 3830 2646 3904 Synagogte
2673 3826 2885 3900 populis
2912 3833 3165 3894 tanquam
3186 3820 3240 3887 iu
3279 3817 3442 3875 domo
3458 3814 3658 3883 matris

2061 3920 2377 3999 praedicans,
2397 3922 2722 3979 introducam
2741 3920 2795 3974 in
2825 3917 3114 3981 cubiculum
3135 3910 3395 3986 genitricis
3418 3922 3544 3964 mete
3563 3921 3584 3963 :
3598 3912 3664 3979 ut

2062 4018 2258 4087 Judaei,
2290 4016 2381 4089 qui
2407 4031 2533 4072 eum
2564 4014 2827 4069 hactenus
2853 4010 3119 4082 negabant
3151 4020 3279 4072 ore,
3320 4002 3485 4059 corde
3528 4000 3665 4073 reei-

2063 4112 2250 4181 piant;
2285 4108 2713 4178 illuminatisque
2742 4102 2937 4165 mentis
2967 4099 3139 4155 oculis
3164 4110 3377 4163 eorum,
3424 4095 3481 4163 in
3527 4091 3667 4147 cubi-

2065 4202 2261 4271 culum,
2293 4202 2346 4257 in
2376 4208 2590 4257 secreto
2616 4205 2920 4261 sanctarum
2944 4192 3341 4265 Scripturarum
3365 4185 3668 4251 consisten-

2064 4304 2197 4359 tem,
2221 4295 2309 4365 qui
2333 4294 2490 4349 nobis
2514 4293 2639 4348 olim
2662 4289 2931 4348 revelatus
2955 4296 3037 4345 est
3054 4281 3348 4356 aliquando
3370 4278 3662 4351 reperiant.

2073 4387 2171 4445 Vel
2204 4398 2333 4446 tunc
2364 4387 2614 4443 Christus
2644 4386 2697 4440 in
2728 4385 2893 4441 domo
2920 4380 3110 4437 matris
3132 4376 3432 4449 inducitur,
3457 4387 3578 4443 cum
3600 4370 3670 4428 ad

367 4462 473 4521 tur,
529 4455 825 4522 cteleslistm,
867 4455 1182 4510 terrestrium
1220 4464 1269 4510 et
1317 4455 1663 4525 infernarum,
1710 4465 1761 4511 et
1804 4431 2049 4511 omnisD
2074 4482 2371 4540 Jerusalem
2418 4480 2694 4537 οωιεειθη,
2744 4474 3081 4535 Chl-imm“;
3126 4448 3387 4543 populus,
3414 4442 3525 4538 qui
3584 4473 3671 4535 est

371 4546 549 4619 lingua
578 4551 887 4615 conﬁteatur
909 4549 1031 4617 quia
1055 4547 1308 4603 Dominus
1325 4546 1479 4603 Iesus
1498 4548 1553 4603 in
1581 4549 1751 4621 gloria
1770 4559 1847 4604 est
1870 4548 1969 4605 Dei

372 4639 551 4696 Patris
580 4639 782 4711 (Philip
826 4640 911 4711 ιι).
947 4641 1135 4696 Bethel
1165 4650 1344 4697 autem
1373 4641 1759 4710 interpretatur
1772 4643 1969 4698 domus

378 4730 475 4788 Dei
509 4748 525 4786 :
553 4747 682 4801 ergo
708 4747 871 4801 super
900 4741 1111 4788 montes
1140 4732 1355 4798 Bethel,
1381 4735 1505 4802 quia
1544 4735 1794 4791 omnibus
1842 4749 1971 4791 san-

376 4825 479 4881 ctis
508 4823 598 4894 qui
630 4830 682 4877 in
712 4823 853 4880 celo
881 4832 938 4879 et
963 4824 1017 4879 in
1049 4833 1189 4881 terra
1217 4834 1375 4892 sunt,
1404 4825 1677 4882 Christum
1709 4826 1969 4897 praedicat

376 4916 736 4990 potentiorem
1491 4931 1495 4939 ·

320 5026 328 5067 ⁵
446 5033 580 5090 Car.
615 5031 961 5089 lll.-Num.
992 5030 1081 5089 56.
1115 5031 1182 5087 In
1215 5033 1404 5091 lectulo
1434 5048 1526 5106 per
1550 5045 1720 5089 noctes
1741 5035 1972 5107 quwsivi.

382 5126 437 5183 In
465 5130 544 5184 his
590 5128 679 5200 qui
703 5127 759 5183 in
790 5128 895 5184 ﬁde
924 5128 1236 5199 dormitant,
1270 5144 1326 5195 et
1364 5132 1683 5210 ignorantiae
1732 5130 1974 5187 tenebris

368 5220 542 5277 deleti
571 5230 717 5291 sunt,
755 5221 1004 5293 quaesivit
1046 5220 1342 5310 Christum,
1373 5241 1541 5310 quem
1573 5225 1744 5296 diligit
1787 5225 1977 5281 Eccle-

372 5310 497 5431 fia;
523 5285 937 5431 sedeidtle-‘quid
966 5285 1513 5431 ωαῗὶιυιοξόἔηξέξυὶ
1559 5285 1731 5382 illum,
1776 5327 1823 5373 et
1872 5335 1976 5373 non

374 5402 736 5511 inveniibicit
761 5407 1008 5462 Dominus
1031 5406 1092 5511 a'd
1112 5402 1434 5511 Ααὸῆὶκινμ
1464 5414 1668 5482 ,udare
1698 5409 1871 5467 cultus
1898 5413 1977 5467 tui

378 5477 615 5553 comede
644 5515 825 5569 panem
850 5510 985 5554 tuum
1007 5460 1277 5593 (Carm
1304 5460 1491 5593 1:11;;
1523 5507 1672 5567 enim
1724 5503 1813 5574 qui
1847 5504 1980 5560 vitio

376 5591 616 5695 quodam
640 5550 981 5697 ἡ
1003 5550 1277 5697 asyli},
1309 5550 1672 5697 NA

376 5646 540 5763 iunia
567 5684 653 5756 qui
684 5683 749 5744 de
769 5646 895 5742 cosio
915 5646 1184 5804 αθσοεηάὲἦδ
1216 5646 1981 5804 ﬁsi!

1096 5732 1182 5817 3"
1216 5732 1343 5804 [6⁸⁷⁷

1120 5776 1381 5943 (μίαν
1386 5792 1411 5827 ⁷

2073 4590 2273 4646 corpus
2294 4573 2487 4645 ipsius,
2516 4573 2776 4627 sociatur.
2803 4568 2902 4624 Ubi
2926 4574 3010 4627 est
3038 4564 3173 4634 quod
3194 4561 3373 4617 oculus
3386 4574 3497 4621 non
3516 4557 3670 4622 uidit,

2075 4684 2165 4724 nec
2195 4667 2338 4722 auris
2368 4666 2585 4729 audivit,
2615 4680 2704 4717 nec
2730 4665 2784 4715 in
2807 4676 2893 4714 cor
2916 4658 3166 4727 hominis,
3192 4664 3299 4711 etc.

2146 4759 2308 4823 Num.
2341 4758 2431 4813 61.
2462 4759 2661 4831 Adjuro
2689 4771 2775 4809 vos
2817 4754 2956 4822 ﬁlias
3004 4748 3317 4809 Jerusalem.
3365 4743 3515 4801 Hanc
3543 4756 3671 4803 sett-

2077 4852 2298 4909 tentiam
2324 4848 2435 4918 jam
2466 4848 2519 4902 in
2559 4847 2932 4918 superioribus
2978 4840 3282 4909 constituit,
3328 4847 3383 4893 et
3413 4838 3467 4893 in
3498 4849 3667 4907 quan-

2089 4951 2195 4999 tum
2230 4941 2370 4996 Deus
2397 4939 2620 5006 audivit,
2652 4938 2909 4995 adhibitis
2951 4932 3278 4995 testimoniis
3320 4942 3420 4985 nos
3468 4934 3674 4997 pertra-

2084 5043 2258 5091 classe
2287 5033 2651 5088 meminimus.
2682 5030 2789 5089 Sed
2819 5027 3017 5086 idcirco
3060 5026 3259 5083 iterum
3309 5022 3365 5077 in
3412 5020 3514 5077 hoc
3539 5018 3675 5075 libro

2084 5127 2319 5184 arbitror
2348 5126 2657 5196 repetitum,
2686 5138 2758 5181 ne
2788 5121 3074 5194 quisquam
3121 5117 3402 5174 doctorum
3445 5112 3529 5170 vel
3556 5126 3677 5169 mu-

2084 5225 2303 5282 neribus
2334 5224 2602 5289 sollicitet,
2628 5221 2714 5276 vel
2742 5218 2900 5274 minis
2928 5216 3199 5281 deterreat
3226 5208 3550 5274 credituros,
3579 5204 3677 5265 sed

2076 5294 2294 5374 tantum
2323 5332 2442 5387 quae
2470 5325 2655 5370 sancta
2682 5318 2809 5369 sunt
2838 5306 3113 5379 praedicet,
3164 5312 3219 5360 et
3261 5300 3561 5369 voluntarie
3606 5296 3679 5363 ad

2087 5410 2251 5467 ﬁdem
2302 5410 2386 5467 vel
2430 5407 2747 5477 religionem
2781 5400 3084 5459 credituros
3124 5396 3241 5459 sive
3277 5389 3677 5454 convertendos

2087 5504 2333 5561 adducat.
3474 5524 3479 5528 ι

2160 5596 2320 5653 Num.
2353 5594 2443 5651 62.
2480 5593 2608 5660 Quae
2632 5599 2708 5657 est
2736 5591 2834 5659 ista
2855 5585 3228 5663 quia.ch
3274 5597 3368 5655 per
3390 5580 3677 5647 desatura.

2093 5689 2194 5751 Per
2234 5687 2508 5761 desertum
2565 5683 2809 5744 ascendit
2859 5681 3130 5762 Ecclesia,
3179 5673 3395 5753 quando
3451 5666 3682 5744 rerum
