4078 6440
509 338 613 394 975

1721 330 1780 389 S.
1818 330 2007 389 JUSTI
2044 327 2520 390 URGELLENSIS

3706 322 3811 385 976

512 462 766 530 gentium,
822 457 931 514 ﬁde
976 467 1247 526 occupans
1301 451 1635 510 credentium
1688 453 2106 520 multitudinem,
2137 455 2190 513 Α
2216 452 2428 506 sincero
2453 446 2687 520 praediti,
2714 445 2863 504 velut
2885 459 3075 503 aurum
3106 444 3162 502 in
3183 452 3369 504 sancta
3396 446 3818 520 congregatione

512 550 739 623 prolicit.
778 550 850 604 De
870 550 983 619 ipsa
1008 548 1151 604 enim
1184 547 1236 602 in
1269 546 1496 603 Psalmis
1525 546 1735 602 canitur
1763 565 1775 601 :
1808 545 1993 602 Posuit
2016 546 2106 601 de-

450 688 451 693 η
513 652 695 696 sertum
724 642 776 694 in
799 650 979 713 stagno
1004 656 1275 711 agnorunt,
1304 650 1352 693 et
1375 649 1563 692 terram
1583 639 1691 693 sine
1713 656 1845 710 aqua
1865 640 1918 692 in
1942 639 2106 693 exitus

511 749 758 802 aquarum
782 730 1005 802 (Psalm.
1025 747 1114 787 ενι
1144 742 1193 786 et
1222 732 1397 803 exui).
1436 730 1676 803 Virgulta
1707 730 1837 801 fumi
1882 746 1945 785 ex
1989 745 2108 783 aro—

512 822 759 890 motibus,
784 806 1061 879 orationes
1090 823 1218 878 dicit
1245 839 1362 894 qua:
1390 838 1461 885 ex
1485 822 1665 878 cordis
1692 822 2107 892 compunctione

514 915 584 970 ad
614 914 900 970 Dominum
932 917 1229 971 ascendunt
1261 931 1291 970 a
1322 917 1541 971 sanctis.
1576 914 1729 971 Solet
1759 915 1902 971 enim
1930 914 2109 970 fumus

511 1007 777 1079 lacrymas
806 1007 1074 1064 excitare.
1106 1008 1323 1080 Myrrha
1370 1017 1423 1063 et
1446 1008 1587 1069 thus,
1618 1017 1673 1063 et
1714 1007 1954 1063 universi
1990 1008 2109 1075 pul-

511 1101 655 1154 veris
680 1099 970 1170 pigmenta,
1002 1100 1432 1155 mortificationis
1480 1100 1734 1171 insignia,
1762 1100 1846 1154 vel
1892 1099 2112 1154 diversa

513 1194 804 1262 gratiarum
829 1210 950 1264 qua:
984 1195 1035 1248 in
1059 1194 1245 1249 electis
1275 1194 1580 1250 redundant
1606 1194 1768 1261 dona,
1817 1194 2107 1248 insinuant.

582 1283 849 1342 Num.63.
880 1287 959 1338 An
984 1286 1223 1340 lectulum
1252 1286 1571 1341 Salomonis.
1601 1286 1854 1341 Lectulus
1873 1285 2115 1341 Salomo-

522 1376 630 1443 nis,
663 1377 876 1445 requies
920 1375 1117 1431 Christi
1142 1387 1258 1444 est;
1310 1394 1429 1448 qua:
1458 1380 1671 1449 requies
1700 1380 1955 1435 Ecclesia:
1984 1394 2117 1434 con-

515 1469 797 1525 venienter
818 1470 1098 1540 accipitur,
1128 1485 1285 1540 quam
1317 1472 1418 1527 sub
1443 1488 1671 1528 numero
1701 1472 1754 1527 in
1784 1471 2013 1527 Psalmis
2041 1472 2118 1527 le-

517 1563 692 1635 gimus
729 1564 951 1619 electam
1007 1582 1019 1617 :
1079 1564 1356 1632 Quoniam,
1410 1567 1619 1637 inquit,
1664 1568 1813 1639 elegit
1867 1566 2116 1622 Dominus

518 1656 670 1727 Sion,
704 1658 853 1729 elegit
872 1675 984 1712 eam
1009 1660 1064 1713 in
1092 1658 1458 1714 habitationem
1480 1660 1595 1714 sibi.
1627 1659 1757 1715 Haec
1778 1662 1977 1731 requies
2007 1676 2117 1714 mea

515 1751 571 1807 in
599 1752 844 1806 sceculum
874 1752 1072 1819 sa’culi,
1099 1753 1182 1806 hic
1231 1753 1494 1823 habitabo,
1547 1756 1791 1823 quoniam
1844 1753 1976 1824 elegi
2002 1770 2116 1807 eam

2212 543 2498 614 relnlgent.

2280 634 2441 689 Num.
2480 630 2569 686 67.
2601 632 2882 686 Ascensum
2928 646 3263 702 purpureum.
3294 630 3570 686 Ascensus
3607 642 3818 701 purpu-

2209 741 2360 793 reus,
2408 736 2703 797 martyrum
2741 724 2995 781 eximiam
3044 722 3431 795 perfectionem
3463 723 3519 779 in
3551 721 3825 781 eﬁ‘usione

2212 819 2487 889 sanguinis
2516 818 2699 874 docet.

2284 909 2443 965 Num.
2475 907 2565 963 68.
2599 906 2777 962 Media
2806 906 3053 962 charitate
3090 907 3361 963 construit.
3403 907 3473 964 Ut
3501 908 3605 963 ista
3634 908 3824 965 omnia

2216 1006 2471 1063 Ecclesia:
2499 999 2819 1061 ornamenta
2844 1011 3203 1067 construeret,
3222 1001 3372 1057 nulla
3400 1000 3506 1055 alia
3541 1014 3707 1054 causa
3738 1014 3827 1060 est

2216 1105 2317 1159 nisi
2380 1104 2503 1175 quia
2561 1103 2743 1156 dilexit
2794 1118 2887 1156 nos
2942 1111 2989 1155 et
3050 1099 3268 1153 tradidit
3329 1099 3665 1166 semetipsum
3724 1110 3825 1161 pro

2215 1196 2361 1250 nobis
2395 1195 2701 1251 oblationem
2746 1204 2793 1250 et
2824 1195 3045 1250 hostium
3086 1193 3193 1248 Deo
3218 1194 3273 1248 in
3303 1192 3513 1247 odorem
3540 1188 3827 1245 suavitatis

2222 1287 2439 1359 (Ephes.
2467 1292 2544 1357 ν).

2290 1381 2449 1436 Νυω.
2480 1379 2572 1437 69.
2606 1379 2929 1453 Egredimini
2965 1391 3013 1436 et
3042 1381 3227 1447 videte,
3253 1380 3377 1449 ﬁlice
3407 1378 3560 1433 Sion.
3592 1375 3828 1445 Semper

2220 1489 2330 1544 pra:
2358 1473 2528 1529 oculis
2554 1472 2768 1543 habete,
2792 1482 2989 1529 sanctae
3020 1474 3234 1539 animas,
3273 1488 3441 1543 regem
3465 1469 3829 1537 Salomonem,

2222 1564 2506 1636 paciﬁcum
2532 1575 2800 1637 nostrum,
2833 1566 2923 1635 qui
2963 1565 3212 1621 Christus
3235 1574 3338 1630 est,
3371 1560 3831 1634 quemadmodum

2224 1657 2529 1729 passionem
2560 1659 2817 1713 sustinuit
2847 1657 3068 1729 (Mora,
3095 1672 3192 1722 xv;
3226 1654 3384 1712 Joan.
3411 1654 3551 1725 xu),
3574 1664 3633 1709 ut
3652 1666 3831 1725 genus

2227 1754 2521 1810 humanum
2572 1754 2642 1809 ab
2692 1753 2909 1809 interitu
2957 1752 3250 1819 liberaret;
3299 1750 3554 1820 inSpicite
3602 1763 3727 1805 eum
3776 1748 3833 1802 in

520 1841 691 1915 (Psal.
710 1844 889 1914 Lxxv).
908 1843 963 1897 ln
981 1846 1333 1915 sexagenario
1352 1854 1530 1900 autem
1551 1859 1801 1912 numero,
1823 1845 1945 1915 quia
1971 1860 2127 1900 sexa-
2155 1852 2204 1914 Β
2233 1847 2523 1903 diademate
2543 1864 2641 1917 quo
2664 1847 2926 1901 coronauit
2951 1861 3067 1900 eum
3096 1853 3260 1899 mater
3280 1859 3374 1897 sua
3396 1857 3415 1895 :
3436 1841 3490 1896 in
3520 1839 3613 1895 illa
3641 1839 3834 1910 spinea

517 1936 768 2009 genarius
816 1944 957 1991 totus
986 1936 1102 1991 suis
1134 1936 1374 2005 partibus
1415 1946 1657 2005 constat,
1704 1946 1758 1992 et
1805 1952 1903 2006 per
1952 1936 2119 1991 dena-

518 2030 663 2086 rium
693 2029 955 2097 ascendit,
981 2030 1172 2084 merito
1228 2046 1294 2085 ex
1342 2029 1647 2085 fortissimis
1696 2029 1863 2085 Israel
1913 2029 2119 2084 descri-

524 2127 750 2194 buntur,
780 2128 869 2197 qui
898 2136 1165 2197 praesente
1192 2126 1421 2182 Domino
1450 2126 1502 2181 in
1535 2126 1791 2183 Ecclesia:
1819 2124 2120 2181 custodiam

523 2219 871 2290 deputantur.
906 2217 986 2273 Ad
1018 2218 1189 2287 ipsam
1222 2217 1382 2271 etiam
1410 2215 1605 2271 dicitur
1635 2232 1729 2286 per
1756 2216 2069 2286 prophetam
2105 2231 2119 2268 :

522 2312 694 2382 Super
714 2327 885 2365 muros
911 2318 1049 2374 tuos,
1082 2308 1393 2376 Jerusalem,
1444 2309 1674 2363 custodes
1704 2308 1982 2373 constitui;
2012 2316 2122 2361 tota

521 2404 608 2459 die
653 2413 697 2458 et
743 2412 888 2457 nocte
931 2412 1178 2471 perpetuo
1219 2416 1321 2455 non
1371 2402 1627 2458 tacebunt.
1666 2402 1853 2454 Omnes
1902 2408 2123 2454 tenentes

520 2497 741 2568 gladios,
757 2496 823 2550 ad
846 2495 975 2550 bella
992 2494 1294 2549 doctissimi.
1311 2492 1607 2547 Etuniuscu
1605 2493 1792 2564 jusque
1823 2493 1955 2547 ensis
1970 2506 2127 2559 super

521 2591 691 2663 femur
718 2607 866 2645 suum
897 2588 1052 2661 (Isai.
1084 2587 1233 2660 an).
1276 2586 1409 2657 Ipsis
1439 2587 1584 2643 enim
1617 2587 1903 2656 Apostolus
1948 2586 2080 2642 dicit
2108 2601 2124 2640 :

519 2682 674 2741 State
714 2699 835 2753 ergo
865 2682 1110 2737 succincti
1155 2681 1352 2736 lumbos
1383 2690 1575 2736 vestros
1602 2682 1655 2735 in
1684 2682 1919 2747 veritate,
1955 2690 2002 2735 et
2046 2683 2129 2735 in-

522 2776 665 2831 duite
691 2776 904 2832 loricam
925 2768 1165 2848 justitiae,
1197 2784 1245 2829 et
1275 2774 1491 2829 calceoli
1515 2776 1668 2842 pedes
1695 2774 1748 2827 in
1776 2774 2126 2845 praeparatio-

521 2888 635 2927 nem
668 2870 933 2941 Evangelii
959 2870 1123 2941 pacis,
1150 2871 1204 2923 in
1228 2868 1462 2923 omnibus
1502 2879 1755 2922 sumentes
1784 2877 1983 2921 scutum
2005 2866 2129 2936 ﬁdei

521 2964 577 3019 in
604 2979 704 3036 quo
731 2963 933 3033 possitis
961 2963 1132 3017 omnia
1164 2963 1262 3016 tela
1290 2961 1587 3031 nequissimi
1609 2963 1758 3033 ignea
1774 2962 2128 3032 exstinguere;

522 3065 573 3113 et
594 3057 794 3128 galeam
820 3055 1000 3110 salutis
1024 3056 1283 3121 assumite,
1310 3062 1357 3107 et
1390 3054 1621 3125 gladium
1646 3055 1859 3125 spiritus
1887 3056 2027 3126 quod
2054 3064 2130 3111 est

522 3148 731 3204 verbum
752 3146 849 3203 Dei
883 3146 1103 3218 (Ephes.
1133 3144 1234 3218 v1).
1266 3145 1348 3201 Illi
1386 3145 1568 3217 itaque
1611 3154 1733 3200 sunt
1763 3145 1830 3201 ad
1859 3146 1996 3203 bella
2025 3145 2127 3202 do-

2225 1954 2426 1995 corona
2452 1954 2614 2010 quam
2639 1938 2803 2009 capiti
2838 1938 2953 2009 ejus
2981 1938 3260 2010 Synagoga
3287 1934 3633 2006 superposuit
3661 1935 3719 1989 in
3742 1933 3833 1990 die

2223 2033 2657 2103 desponsationis
2682 2032 2819 2103 ejus.
2837 2031 2990 2088 Tunc
3016 2033 3159 2087 enim
3190 2031 3493 2086 universam
3526 2028 3829 2085 Ecclesiam

2225 2128 2325 2183 sibi
2358 2126 2669 2197 despondit,
2717 2127 2933 2196 quando
2988 2126 3041 2180 in
3093 2122 3389 2195 patibulum
3428 2107 3608 2178 c'rucis
3641 2135 3833 2177 ascen-

2226 2222 2381 2286 dens,
2425 2235 2493 2274 ex
2543 2218 2732 2275 eadem
2779 2234 2940 2275 cruce
2982 2219 3193 2291 signum
3253 2216 3306 2271 in
3336 2216 3606 2271 frontibus
3645 2228 3834 2271 omnes

2225 2312 2278 2367 in
2326 2327 2387 2369 se
2427 2311 2712 2367 credentes
2754 2311 2998 2378 edocuit,
3053 2311 3191 2365 sicut
3232 2321 3351 2379 ipse
3398 2308 3519 2362 ait:
3559 2305 3675 2377 Ego
3721 2322 3834 2361 cum

2225 2405 2476 2458 exaltatus
2529 2404 2673 2475 fuero
2719 2420 2750 2457 a
2793 2412 2953 2470 terra,
2994 2401 3190 2456 traham
3245 2400 3419 2455 omnia
3466 2400 3536 2453 ad
3583 2400 3833 2469 meipsum

2227 2496 2410 2571 (Joan.
2436 2497 2559 2569 xit).
2595 2496 2697 2565 Qui
2730 2496 2847 2551 dies
2871 2496 3136 2566 passionis
3164 2493 3263 2549 fuit
3290 2494 3448 2549 etiam
3481 2494 3597 2548 dies
3628 2492 3832 2547 laetitia:

2228 2591 2407 2647 cordis
2438 2590 2589 2660 ejus:
2615 2588 2755 2645 sicut
2786 2588 2928 2644 enim
2958 2586 3205 2643 Christus
3234 2601 3353 2658 quae
3384 2588 3525 2641 bona
3553 2599 3653 2655 per
3683 2598 3831 2640 suam

2230 2686 2655 2757 possessionem,
2703 2683 2757 2739 in
2797 2681 3112 2754 progenies,
3145 2690 3202 2736 et
3224 2679 3388 2735 multa
3427 2688 3677 2749 tempora
3710 2676 3830 2734 tide~

2230 2776 2370 2834 libus
2398 2776 2749 2832 condonavit.

2300 2873 2431 2929 CAP.
2458 2872 2547 2928 IV.
2572 2902 2644 2914 —
2664 2870 2817 2927 Num.
2847 2871 2936 2926 70.
2965 2870 3133 2937 Quam
3162 2867 3379 2940 pulchra
3405 2883 3477 2935 es,
3501 2866 3672 2921 amica
3702 2882 3831 2922 mea.

2230 2967 2503 3039 Repetitio
2531 2964 2801 3023 sermonis
2822 2963 3165 3021 commendat
3196 2962 3651 3034 pulchritudinem
3676 2975 3834 3034 quam

2234 3061 2447 3127 laudat;
2492 3060 2579 3116 vel
2632 3074 2695 3115 ea
2733 3065 3044 3114 sanctorum
3093 3071 3292 3128 genera
3339 3070 3457 3124 quae
3505 3054 3608 3111 sub
3660 3054 3835 3125 specie

2232 3154 2645 3211 similitudinum
2671 3152 3001 3222 intromittit,
3020 3149 3415 3207 consideranda
3431 3154 3835 3221 prtemonstrat.

524 3239 773 3307 ctissimi,
797 3239 889 3309 qui
909 3247 1096 3295 contra
1123 3238 1303 3293 carnis
1328 3252 1439 3294 sua:
1467 3238 1932 3308 concupiscentias
1959 3254 2126 3296 nove-
2156 3235 2205 3302 C
2306 3234 2468 3305 Num,
2500 3250 2592 3305 7t,
2627 3247 2780 3303 oculi
2807 3247 3163 3302 columbarum
3187 3247 3376 3320 absque
3396 3263 3478 3302 εο.
3511 3244 3834 3316 simplicitas

524 3340 655 3387 runt
677 3345 1011 3403 repugnare;
1039 3338 1095 3386 et
1122 3330 1213 3385 ille
1243 3344 1429 3385 ensem
1464 3345 1625 3402 super
1651 3333 1825 3387 femur
1848 3348 2002 3389 suum
2026 3335 2132 3390 uti-

524 3422 653 3478 liter
679 3422 901 3493 bajulat,
932 3422 1025 3493 qui
1046 3422 1292 3477 carnales
1321 3422 1495 3479 ﬂuxus
1528 3433 1690 3495 atque
1730 3424 1982 3483 libidines
2021 3428 2131 3499 spi-

527 3514 674 3570 ritali
698 3515 819 3570 cibo
854 3514 1167 3570 mortiﬁcat.
1194 3515 1509 3586 Quicunque
1540 3516 1704 3588 igitur
1740 3518 2048 3589 hujusmodi
2074 3520 2130 3577 iti

528 3606 771 3664 Ecclesia
800 3610 1163 3679 reperiuntur,
1198 3610 1253 3664 hi
1282 3609 1449 3666 fortes
1499 3626 1565 3667 ex
1614 3612 1922 3671 fortissimis
1942 3615 2127 3683 Israel,

527 3701 943 3773 contemplando
970 3703 1160 3771 Deum,
1192 3718 1315 3761 esse
1341 3714 1658 3762 noscuntur.

600 3792 761 3850 Num.
810 3792 900 3851 64.
951 3791 1237 3850 Ferculum
1283 3797 1405 3867 fecit
1450 3798 1545 3853 sibi
1592 3815 1684 3853 rex
1720 3800 2000 3860 Salomon.
2028 3800 2129 3859 Ubi

528 3888 770 3945 ciborum
796 3888 1058 3944 exhibitio
1078 3890 1353 3958 scribitur,
1380 3890 1513 3947 fides
1534 3892 1648 3949 illic
1670 3893 2003 3950 credentium
2034 3911 2131 3965 per

531 3996 694 4053 quam
716 3979 1291 4045 Christusadvertitur.
1319 3984 1452 4039 Nam
1475 4000 1597 4041 cum
1623 3987 1881 4042 Dominus
1912 3988 2127 4045 mulieri

527 4074 880 4132 Samaritanus
908 4075 975 4131 ad
1005 4086 1223 4148 puteum
1256 4080 1587 4149 loqueretur,
1621 4089 1675 4135 et
1702 4081 1787 4135 illa
1812 4082 2127 4152 regrediens

528 4169 867 4241 majestatem
912 4169 1031 4240 ejus
1068 4171 1284 4227 caeteris
1315 4172 1369 4227 in
1400 4173 1617 4228 civitate
1661 4176 2128 4232 commanentibus

528 4266 853 4332 nuntiasset,
903 4264 1149 4336 discipuli
1197 4266 1313 4337 ejus
1360 4268 1802 4338 supervenientes
1869 4271 2128 4340 rogabant

526 4372 650 4414 eum
682 4360 953 4414 dicentes:
980 4358 1166 4429 Rabbi,
1201 4361 1478 4419 manduca.
1520 4359 1623 4417 Ille
1653 4374 1825 4417 autem
1852 4363 1984 4417 discit
2012 4364 2127 4418 eis:

528 4447 643 4521 Ego
664 4450 830 4504 cibum
851 4449 1012 4506 habeo
1033 4451 1349 4507 manducare
1368 4469 1516 4523 quem
1540 4469 1625 4508 vos
1643 4455 1869 4509 nescitis.
1887 4455 1949 4509 Et
1969 4454 2128 4525 paulo

529 4547 651 4609 post
676 4557 691 4594 :
714 4557 777 4594 ea:
801 4542 1005 4594 ciuitate
1029 4541 1123 4596 illa
1143 4543 1292 4596 multi
1319 4547 1645 4600 crediderunt
1670 4547 1724 4599 in
1747 4564 1861 4600 eum
1890 4548 2122 4602 Samaria

2238 3342 2597 3413 spiritualium
2622 3341 2911 3412 plurimum
2941 3342 3273 3409 veneranda,
3306 3339 3431 3411 quia
3453 3353 3514 3395 se
3537 3353 3639 3394 nec
3668 3336 3833 3394 extol-

2237 3433 2349 3491 lere
2379 3444 2672 3501 noverunt,
2708 3442 2763 3490 et
2793 3434 3008 3489 conscia
3051 3432 3283 3503 puritate
3313 3430 3485 3501 magis
3518 3431 3633 3487 Deo
3679 3443 3832 3501 quam

2242 3527 2554 3585 hominibus
2585 3527 2798 3598 placere
2825 3525 3181 3584 contendunt.

2308 3621 2466 3676 Num.
2493 3621 2583 3675 7‘2.
2618 3619 2805 3691 Capilli
2836 3621 2909 3674 tui
2948 3622 3078 3674 sicut
3120 3635 3298 3691 greges
3342 3634 3643 3690 caprarum.
3672 3618 3831 3673 Docet

2238 3714 2534 3786 Apostolus
2576 3714 2787 3769 mulieri
2825 3714 3051 3785 capillos
3107 3728 3205 3783 pro
3249 3723 3573 3770 ornamento
3602 3712 3753 3769 datos
3779 3706 3832 3781 (I

2235 3807 2359 3862 Cor.
2397 3811 2514 3877 xi);
2558 3815 2611 3862 et
2646 3805 2847 3863 idcirco
2902 3805 3143 3862 Ecclesia
3180 3804 3301 3861 illos
3330 3804 3559 3876 populos
3596 3805 3646 3858 in
3675 3815 3831 3857 orna-

2241 3907 2423 3956 mento
2466 3914 2625 3969 quam
2661 3899 2895 3953 maxime
2940 3902 3122 3963 habet,
3168 3898 3259 3968 qui
3300 3913 3368 3953 ex
3421 3896 3834 3953 circumcisione

2237 3991 2510 4065 primitias
2535 3990 2902 4059 crediderunt,
2933 3990 3026 4061 qui
3057 3991 3289 4044 venditis
3336 3999 3389 4045 et
3433 3989 3487 4045 in
3524 4003 3684 4044 usum
3715 4002 3834 4057 pan-

2234 4100 2421 4156 perum
2445 4082 2748 4155 prorogatis
2773 4082 3118 4139 facultatibus
3139 4083 3254 4138 suis
3282 4081 3539 4137 habebant
3558 4097 3650 4134 cor
3672 4093 3838 4133 unum

2233 4187 2279 4234 et
2323 4180 2552 4233 animum
2585 4193 2741 4231 unam
2765 4177 2905 4249 (Act.
2944 4178 3042 4247 tv).
3084 4174 3159 4229 Hi
3187 4176 3525 4231 ascenderunt
3563 4175 3629 4229 de
3669 4184 3838 4227 monte

2236 4270 2437 4325 Galaad
2460 4287 2478 4324 :
2500 4269 2699 4325 Calaad
2726 4271 3129 4340 interpretatur,
3162 4284 3387 4324 acervus
3430 4268 3751 4333 testimonii,
3776 4280 3838 4322 ac

2233 4366 2279 4422 si
2309 4379 2586 4433 ascensus,
2639 4363 2691 4419 id
2721 4373 2803 4420 est
2833 4364 3103 4434 profectus
3129 4379 3317 4423 eorum
3347 4363 3611 4433 processit
3655 4361 3725 4417 de
3764 4371 3837 4417 te-

2233 4460 2499 4516 stimoniis
2520 4468 2828 4515 sanctarum
2847 4458 3405 4530 Scripturarum,cum
3430 4456 3541 4512 illic
3561 4455 3833 4512 Christum

2233 4552 2619 4610 intellexerunt
2644 4553 2698 4609 in
2729 4570 2887 4625 quem
2928 4563 3115 4624 postea
3142 4553 3512 4609 crediderunt.

530 4641 770 4685 tonorum
795 4631 978 4701 (Joan.
1004 4633 1102 4703 tv).
1130 4634 1333 4689 Horum
1360 4635 1735 4703 fidem,cibum
1761 4638 1863 4693 sibi
1892 4638 2124 4694 futurum
2153 4639 2207 4701 D
2308 4648 2471 4704 Num.
2500 4650 2591 4704 75,
2627 4648 2812 4705 Dente;
2843 4649 2918 4703 tui
2945 4650 3074 4702 sicut
3102 4663 3278 4720 greges
3308 4648 3664 4702 detonsarum.
3697 4645 3832 4700 Den-

530 4723 794 4790 ostendit,
826 4723 1041 4793 quando
1069 4725 1346 4793 discipulis
1377 4726 1479 4781 hoc
1509 4741 1567 4783 se
1592 4739 1953 4785 comesturum
1984 4731 2127 4801 quod

526 4814 607 4872 illi
652 4814 947 4881 nescirent,
977 4816 1135 4886 paulo
1174 4826 1299 4873 ante
1332 4818 1601 4887 prmdixit.
1630 4820 1735 4875 Sed
1768 4822 1821 4876 in
1853 4822 1955 4879 hoc
1983 4826 2124 4893 loco,

528 4914 590 4963 ut
621 4908 904 4979 sequentia
944 4907 1161 4974 docent,
1216 4924 1415 4965 nomen
1457 4910 1665 4976 fercuii,
1721 4914 1890 4984 magis
1934 4914 2129 4971 instru-

524 5014 767 5061 mentum
801 5006 854 5059 in
876 5019 983 5076 quo
1009 5004 1208 5073 aliquid
1239 5004 1530 5072 deferatur,
1562 5006 1671 5076 vel,
1704 5008 1846 5064 sicut
1874 5010 1975 5065 alia
2007 5011 2125 5066 edi-

526 5099 605 5155 tio
634 5098 817 5170 habet,
852 5100 1201 5169 gestatorium
1223 5140 1239 5166 ,
1262 5116 1425 5170 quam
1456 5101 1629 5171 ipsum
1663 5103 1840 5157 cibum
1867 5104 2123 5159 ostendit.

527 5190 606 5247 De
648 5192 801 5262 lignis
840 5190 1027 5245 Libani
1050 5192 1161 5247 :de
1190 5191 1471 5262 praecipuis
1512 5194 1565 5248 in
1613 5193 1855 5250 Ecclesia
1898 5197 2118 5252 sanctis.

596 5282 757 5336 Num.
788 5280 879 5337 65.
917 5283 1199 5337 Columnas
1232 5287 1341 5355 ejus
1370 5285 1490 5354 fecit
1520 5296 1804 5356 argenteas.
1844 5289 2123 5345 Sustenta-

526 5373 651 5428 cula
687 5373 942 5428 Ecclesia!
966 5376 1287 5446 prirparavit
1316 5392 1378 5432 ex
1402 5377 1576 5433 doetis
1600 5379 1679 5434 vel
1701 5381 1957 5448 apostolis
1985 5386 2119 5451 suis,

531 5464 669 5518 sicut
698 5464 895 5518 Paulus
922 5480 1015 5520 vas
1046 5466 1328 5522 electionis
1371 5468 1438 5522 ad
1471 5468 1682 5524 Galatas
1711 5472 1925 5542 scripsit
1955 5492 1965 5526 :
1992 5475 2121 5531 Cum

529 5554 903 5625 agnovissent,
932 5555 1126 5624 inquit,
1163 5560 1379 5627 gratiam
1412 5558 1505 5613 Dei
1544 5561 1795 5631 Jacobus,
1827 5561 2049 5636 Cephas,
2074 5580 2121 5623 et

527 5644 776 5711 Joannes,
806 5646 893 5714 qui
917 5648 1216 5703 uidebantur
1242 5652 1494 5706 columna
1514 5668 1643 5721 esse,
1667 5654 1876 5711 dextras
1908 5658 2034 5712 mihi
2074 5671 2121 5715 et

528 5738 785 5793 Barnabw
816 5738 1060 5795 dederunt
1088 5745 1340 5797 societatis
1366 5743 1509 5817 (Cal.
1534 5744 1616 5817 ιι).

598 5833 757 5891 Num.
784 5835 854 5893 66
878 5854 891 5891 :
916 5838 1322 5897 Reclinatorium
1344 5858 1575 5900 aureum.
1601 5846 1659 5901 In
1685 5848 1793 5905 illis
1821 5851 1961 5909 bene
1991 5868 2122 5924 epu-

527 5924 736 5987 laturus
760 5931 1010 5992 Christus
1032 5932 1433 5994 reclinatorium
1472 5938 1698 6010 invenit,
1725 5944 1816 6013 qui
1844 5944 2121 6006 intellectu

2238 4748 2343 4808 tes,
2392 4740 2775 4810 prtedicatores
2824 4742 2974 4808 dicit,
3030 4741 3121 4812 qui
3166 4755 3229 4797 ea
3286 4754 3404 4811 quae
3458 4748 3830 4809 susceperunt,

2237 4837 2527 4894 salubriter
2573 4838 3071 4905 comminuendum,
3114 4838 3166 4892 in
3209 4850 3402 4907 corpus
3440 4833 3639 4891 Christi
3687 4833 3833 4903 traji-

2236 4930 2404 4987 ciunt.
2458 4930 2523 4985 Hi
2577 4930 2923 4986 detonsarnm
2965 4928 3219 5000 gregibus
3263 4935 3673 4998 comparantur,
3712 4922 3830 4993 quia

2237 5020 2485 5092 deposito
2509 5029 2691 5076 vetere
2722 5020 2966 5087 homine,
2999 5020 3054 5075 in
3084 5020 3321 5075 novitate
3349 5018 3584 5088 Spiritus
3614 5029 3829 5087 proces-

2237 5123 2445 5171 serunt.
2476 5114 2826 5168 Ascenderunt
2856 5128 3069 5184 quoque
3097 5113 3160 5167 de
3201 5112 3430 5180 lavacro,
3462 5126 3587 5166 cum
3614 5116 3829 5179 accepta

2231 5223 2329 5278 per
2352 5208 2675 5278 baptismata
2697 5206 3016 5263 remissione
3038 5212 3381 5277 peccatorum
3410 5203 3751 5275 profecerunt
3775 5200 3828 5255 in

2231 5299 2471 5357 Christo.

2301 5395 2463 5453 Num.
2490 5395 2582 5451 74.
2616 5396 2804 5453 Omnes
2834 5396 3065 5470 gemellis
3096 5396 3301 5467 fetibus.
3334 5394 3539 5450 Omnes
3562 5390 3749 5462 repleti
3774 5389 3826 5445 in

2229 5490 2495 5545 charitate
2537 5488 2740 5545 Christi
2770 5498 2824 5544 et
2856 5490 3120 5559 proximi,
3148 5498 3204 5545 et
3246 5489 3370 5559 quia
3412 5487 3482 5544 ad
3526 5485 3826 5542 misericor-

2227 5580 2369 5636 diam
2399 5582 2658 5650 prompti,
2682 5581 2888 5638 idcirco
2907 5582 3099 5637 sterilis
3122 5599 3268 5637 nemo
3295 5584 3428 5637 inter
3452 5598 3540 5637 eos
3563 5580 3700 5653 (los.
3723 5580 3821 5649 vt).

2299 5671 2457 5727 Num.
2490 5671 2580 5730 75.
2615 5673 2765 5727 Sicut
2794 5675 2919 5730 uitta
2957 5676 3195 5730 coccinea
3231 5674 3370 5729 labia
3414 5683 3526 5728 tua.
3566 5661 3711 5727 Μαι)
3738 5670 3825 5725 illa

2227 5764 2487 5818 meretrix
2534 5779 2653 5833 qua:
2700 5765 2897 5823 salvari
2946 5766 3141 5823 meruit
3192 5777 3246 5822 et
3294 5765 3589 5821 lsraelitico
3630 5762 3825 5834 populo

2228 5856 2513 5925 associari,
2544 5858 2854 5916 coccineum
2884 5860 3177 5917 funiculum
3201 5861 3252 5915 in
3276 5858 3490 5930 signum
3520 5856 3710 5912 salutis
3732 5870 3828 5926 per

2228 5948 2524 6008 fenestram
2551 5963 2665 6008 sua
2705 5950 2900 6012 domus
2938 5953 3214 6028 appendit.
3243 5952 3582 6027 Quapropter
3607 5950 3828 6014 illorum
