4078 6440
342 61 440 116 977

1305 65 1375 123 IN
1412 63 1707 123 CANTICA
1749 59 2190 122 CANTICORUM
2233 64 2658 126 EXPLICATIO.

3535 72 3642 129 978

344 176 407 228 la;
432 175 481 229 ia
517 175 738 247 decora,
788 178 913 249 quia
960 177 1274 249 passionem
1322 179 1485 250 igitur
1530 179 1847 250 pradicant,
1891 188 1946 234 et
1972 179 2025 237 Α
2052 176 2362 234 referuntur
2390 181 2457 236 ad
2490 180 2792 249 Christum,
2824 184 2916 255 qui
2946 197 3081 256 quos
3110 184 3411 254 illuminat,
3441 200 3639 244 conse-

341 284 434 338 pcr
454 269 571 338 ejus
591 271 906 339 sanguinem
930 272 1107 327 datam
1134 272 1563 344 redemptionem
1588 274 1939 337 annuntiant;

344 361 582 431 nihilque
611 361 821 417 dulcius
849 364 990 433 quod
1021 364 1310 435 loquantur
1332 381 1393 420 se
1415 366 1685 421 invenisse
1707 380 1944 438 congau-

344 454 494 521 dent,
548 456 686 510 sicut
716 466 771 511 et
802 458 1090 526 Apostolus
1117 461 1227 513 ait:
1254 457 1407 513 Nihil
1436 475 1513 512 me
1560 459 1784 514 arbitror
1812 459 1944 513 inter

345 565 430 604 vos
476 552 629 617 scire,
673 550 773 605 nisi
820 550 1075 606 Christum
1118 551 1321 621 Iesum,
1368 563 1415 607 et
1459 553 1596 607 hunc
1638 554 1944 625 cruciﬁxum

344 640 399 713 (ι
422 641 538 697 Cor.
569 643 633 714 ι).

419 736 574 790 Νυιιι.
626 733 712 790 76.
760 736 906 799 Sicut
938 742 1167 809 fragmen
1210 740 1334 794 mali
1376 741 1737 813 punicigenaz.
1785 741 1863 796 llli
1891 742 1941 797 in

346 828 484 884 facie
511 827 762 884 Ecclesiae
792 831 1038 885 decorem
1060 831 1317 898 efficiunt,
1340 833 1453 903 qui,
1480 834 1767 887 comitante
1794 848 1945 890 vere-

347 920 573 987 cundia,
609 922 909 978 castitatem
943 922 1272 991 observant;
1306 925 1419 979 sive
1450 925 1623 980 sancti
1656 933 1941 997 martyres,

347 1011 463 1081 qui,
493 1011 764 1066 imitantes
786 1011 986 1069 Chrisri
1020 1015 1347 1082 passionem,
1374 1030 1533 1070 roseo
1559 1016 1836 1087 sanguinis
1862 1019 1944 1072 sui

348 1106 545 1162 decore
571 1107 764 1176 perfusi
798 1118 945 1176 sunt,
972 1110 1161 1182 absque
1201 1127 1258 1166 eo
1284 1110 1422 1181 quod
1450 1112 1755 1166 intrinsecus
1799 1112 1939 1178 latet,

347 1210 547 1270 praeter
574 1204 834 1259 castitatis
867 1212 922 1259 et
956 1205 1199 1274 martyrii
1230 1205 1504 1260 meritum.
1542 1205 1704 1260 Multa
1737 1216 1861 1261 sunt
1892 1214 1945 1260 et

347 1294 455 1352 alia
507 1308 813 1353 sanctorum
843 1300 982 1355 bona
1010 1317 1127 1373 qua:
1158 1302 1248 1359 ille
1277 1302 1431 1359 novit
1459 1304 1549 1375 qui
1579 1318 1641 1360 ea
1674 1303 1728 1358 in
1757 1318 1943 1361 eorum

351 1388 518 1445 corde
542 1392 826 1447 concessit.

420 1480 581 1537 Num.
633 1484 723 1539 77.
768 1482 917 1539 Sicut
948 1486 1105 1539 turris
1147 1484 1316 1541 David
1346 1487 1536 1542 collum
1564 1496 1725 1543 tuum.
1758 1488 1944 1545 Turris

2047 277 2182 335 erat,
2209 270 2459 341 ipsosque
2475 284 2719 343 coronat,
2739 290 2875 345 quos
2895 276 3205 334 illuminans
3219 281 3641 338 consecraverit.

2119 361 2276 417 Num.
2304 362 2393 418 85.
2437 364 2514 419 De
2542 366 2791 423 cubilibus
2832 370 3056 424 leonum.
3102 371 3370 427 Evocatur
3397 372 3641 428 Ecclesia

2047 455 2117 511 de
2150 455 2416 511 cubilibus
2439 456 2653 512 leonum
2684 468 2739 514 et
2778 462 3050 517 montibus
3081 464 3388 531 pardorum,
3420 464 3639 534 quando

2047 550 2235 605 relicta
2283 551 2517 605 elatione
2565 552 2798 621 superba
2844 555 2930 609 vel
2976 554 3311 611 diversarum
3353 557 3642 613 traditione

2048 654 2313 701 sectarum
2341 647 2574 712 simplex
2602 655 2659 702 et
2687 646 2905 704 humilis
2932 650 3080 704 venit
3108 651 3173 705 ad
3200 650 3495 706 Christum.

2119 738 2277 793 Num.
2308 737 2397 792 86.
2430 737 2727 793 Vulnerasti
2764 750 2855 792 cor
2893 756 3082 809 meum,
3107 757 3251 795 soror
3278 758 3409 797 mea.
3438 740 3644 797 Vulnus

2047 829 2189 885 istud
2225 828 2405 884 cordis
2451 828 2665 883 dilectio
2713 837 2817 884 est.
2859 829 3093 899 lugentis
3142 833 3341 887 amoris
3377 834 3555 903 itaque
3586 835 3639 888 in

2050 924 2145 979 illo
2190 924 2368 990 oculo,
2423 923 2665 977 Ecclesia
2716 922 2929 978 Christo
2978 924 3330 993 complacuit;
3386 928 3638 993 quoniam

2050 1032 2158 1072 non
2203 1016 2536 1085 temporalia,
2588 1017 2682 1071 sed
2730 1027 2931 1071 ceterna
2964 1019 3259 1087 prospexit.
3300 1018 3493 1087 Sicque
3528 1020 3640 1089 jam

2050 1113 2104 1167 in
2150 1128 2253 1167 uno
2298 1114 2435 1165 crine
2475 1112 2591 1165 colli
2607 1112 2774 1180 ;quia
2818 1126 2924 1166 non
2968 1113 3149 1167 ornari
3195 1111 3514 1180 visibilihus,
3545 1114 3642 1169 sed

2049 1208 2243 1262 futuris
2274 1205 2509 1271 studuit;
2539 1216 2631 1259 aut
2675 1205 2813 1261 forte
2842 1221 2982 1260 unus
3018 1205 3204 1260 oculus
3230 1216 3284 1261 et
3306 1205 3469 1261 crinis
3494 1204 3643 1271 colli,

2049 1305 2133 1355 est
2178 1297 2445 1355 credentis
2502 1296 2757 1352 Ecclesiae
2802 1296 3033 1367 populus
3081 1313 3239 1367 quem
3289 1295 3533 1354 Christus
3563 1297 3645 1353 sic

2051 1390 2261 1456 dilexit,
2293 1396 2355 1445 ut
2382 1390 2615 1444 animam
2647 1403 2797 1443 suam
2821 1398 3046 1457 poneret
3073 1404 3170 1457 pro
3195 1404 3278 1443 eo.

2120 1481 2279 1536 Num.
2313 1480 2405 1535 87.
2434 1480 2602 1547 Quam
2628 1479 2854 1549 pulchrae
2892 1487 3012 1533 sunt
3056 1466 3291 1533 mamma:
3318 1487 3437 1534 tute.
3470 1477 3642 1546 Quam

350 1572 545 1630 dicitur
570 1575 829 1645 perfectio
877 1581 960 1633 vel
991 1578 1231 1632 doctrina
1259 1588 1591 1649 sanctorum,
1632 1596 1750 1650 qure
1781 1596 1888 1636 non
1914 1595 1945 1635 a
1974 1572 2022 1634 Β
2049 1574 2351 1631 admirandi
2397 1583 2523 1628 sunt
2573 1572 2648 1627 illi
2693 1572 2943 1628 doctores
2984 1571 3075 1640 qui
3128 1580 3415 1628 nascentes
3446 1572 3503 1626 in
3536 1572 3641 1628 lide

349 1679 433 1732 se,
476 1666 567 1721 sed
610 1681 639 1720 a
686 1667 900 1724 Christo
937 1670 1191 1740 azdiﬁcata
1239 1680 1311 1726 est
1355 1688 1470 1727 cum
1517 1672 1941 1744 propugnaculis,

349 1772 473 1815 cum
505 1770 812 1816 sanctarum
842 1762 1239 1833 Scripturarum
1273 1765 1617 1834 teStimoniis,
1642 1766 1832 1836 quibus
1864 1766 1944 1820 in-

352 1856 537 1912 ﬁdeles
571 1858 654 1911 vel
683 1856 921 1913 hazretici
952 1858 1314 1915 debellantur.

423 1950 581 2005 Num.
617 1950 705 2005 78.
742 1952 887 2007 Mille
916 1953 1084 2025 σιειρεὶ
1111 1955 1353 2025 pendent.
1387 1955 1569 2011 Potest
1612 1955 1728 2011 haec
1758 1955 1943 2023 turris,

354 2042 629 2115 Seriptura
661 2047 917 2103 canonica
953 2047 1163 2103 Veteris
1201 2058 1254 2103 et
1281 2049 1416 2104 Novi
1459 2049 1784 2130 Testamenti
1811 2064 1943 2105 con-

352 2137 638 2193 venienter
670 2138 929 2211 intelligi,
961 2156 1081 2210 qum
1113 2156 1211 2211 per
1239 2142 1499 2214 Spiritum
1531 2154 1776 2198 sanctum
1800 2144 1947 2199 velut

354 2231 515 2285 turris
546 2232 779 2299 excelsa,
828 2242 1134 2289 constructa
1181 2244 1287 2290 est.
1336 2234 1485 2290 Mille
1515 2236 1681 2307 clgpei
1723 2238 1947 2308 pendent

352 2337 414 2376 ex
442 2338 522 2375 ea.
555 2323 654 2377 llic
700 2340 959 2379 numerus
1003 2341 1099 2396 per
1142 2327 1531 2397 plenitudinem
1582 2330 1947 2387 universitatis

353 2415 628 2483 accipitur,
676 2416 813 2470 sicut
842 2416 894 2471 in
928 2416 1176 2474 Psalmo:
1212 2420 1358 2474 Verbi
1402 2420 1542 2491 quod
1588 2423 1850 2476 mandavit
1893 2423 1947 2477 in

354 2506 493 2559 mille
532 2507 942 2575 generationibus
991 2508 1215 2579 (Psalm.
1266 2512 1402 2581 cur),
1438 2522 1689 2583 tanquam
1719 2513 1945 2583 diceret,

354 2596 409 2653 in
442 2612 629 2653 omnes
674 2600 1067 2668 generationes.
1103 2601 1283 2671 Itaque
1328 2604 1380 2657 in
1425 2604 1525 2658 hac
1559 2614 1739 2660 sancta
1767 2606 1946 2676 Scrip-

355 2698 495 2755 tura,
550 2692 713 2745 omnis
760 2701 1022 2746 armatura
1060 2693 1274 2763 fortium
1314 2696 1607 2765 reperitur;
1640 2712 1706 2753 ex
1734 2712 1836 2767 qua
1867 2698 1948 2753 vel

355 2794 546 2840 contra
592 2784 893 2852 diabolum,
926 2785 1004 2840 vel
1034 2795 1218 2840 contra
1251 2772 1531 2843 ministros
1573 2789 1690 2860 ejus
1738 2789 1950 2846 fortiter

356 2885 706 2949 repugnatur.
758 2877 893 2932 Nam
940 2887 995 2932 et
1040 2878 1153 2948 ipse
1185 2879 1463 2946 Dominus,
1496 2896 1617 2937 cum
1649 2882 1700 2936 in
1733 2882 1949 2938 deserto

2046 1667 2296 1724 homines
2340 1667 2604 1732 nutriunt,
2664 1674 2719 1720 et
2752 1665 3104 1736 garrientium
3138 1665 3436 1721 carnalium
3466 1664 3640 1721 mole-

2045 1761 2179 1815 stias
2228 1761 2547 1830 populorum
2579 1768 2832 1829 tanquam
2878 1758 2980 1829 pia:
3036 1758 3273 1815 nutrices
3324 1762 3640 1830 perferunt,

2047 1853 2220 1910 donec
2259 1869 2393 1923 quos
2431 1853 2694 1931 spirituali
2742 1853 2881 1909 lacte
2924 1854 3307 1922 educaverint,
3353 1855 3419 1911 ad
3466 1854 3642 1927 perle-

2045 1945 2281 2001 ctionem
2311 1947 2626 2016 perducant.

2116 2036 2277 2093 Num.
2311 2036 2401 2093 88.
2442 2036 2758 2093 Pulchriora
2786 2041 2943 2095 ubera
2990 2050 3079 2095 tua
3121 2043 3258 2097 vino.
3298 2042 3415 2099 Jatu
3456 2058 3639 2115 supra,

2049 2133 2219 2190 ubera
2251 2134 2355 2187 ista
2386 2134 2682 2203 apostolos,
2715 2135 2801 2189 vel
2825 2136 3153 2205 apostolicos
3182 2139 3325 2193 viros
3354 2154 3475 2195 esse
3504 2156 3643 2210 prae-

2049 2229 2309 2295 diximus,
2359 2243 2583 2296 quorum
2615 2227 2861 2283 doctrina
2901 2229 3085 2284 vinum
3117 2230 3377 2286 exuberat
3404 2249 3416 2284 :
3439 2232 3641 2286 veteris

2051 2324 2259 2381 scilicet
2298 2321 2434 2391 legis
2464 2320 2807 2377 traditionem
2836 2328 2995 2391 atque
3022 2331 3372 2393 praeceptum.
3416 2323 3486 2379 Et
3514 2326 3643 2380 odor
3696 2370 3701 2371 ν

2051 2422 2428 2487 unguentorum
2452 2422 2657 2468 tuorum
2685 2429 2840 2484 super
2860 2416 3031 2468 omnia
3052 2426 3302 2471 aromata.
3328 2416 3643 2474 Distributio

2051 2510 2347 2582 gratiarum
2379 2522 2499 2577 qum
2548 2520 2644 2576 per
2673 2504 2931 2577 Spiritum
2973 2517 3216 2563 sanctum
3247 2524 3501 2565 concessa
3536 2521 3640 2577 est,

2052 2616 2211 2673 quam
2242 2599 2531 2671 Apostolus
2562 2598 2797 2655 declarat
2838 2615 2959 2655 cum
2991 2600 3119 2655 dicit
3143 2618 3155 2654 :
3179 2600 3272 2654 alii
3299 2601 3451 2655 datur
3478 2618 3643 2658 sermo

2052 2694 2338 2765 sapientiae,
2383 2692 2476 2745 alii
2514 2692 2734 2746 scientiae
2774 2689 2830 2763 (Ι
2876 2691 3018 2759 Cor.,
3058 2691 3314 2762 xn)etc.,
3346 2694 3398 2747 in
3439 2704 3642 2749 tantum

2053 2788 2392 2859 prteeminet,
2424 2796 2482 2842 ut
2507 2795 2726 2842 cunctas
2753 2787 2938 2843 mundi
2968 2790 3231 2845 vanitates
3262 2800 3571 2862 exsuperet.

2125 2881 2284 2936 Num.
2309 2880 2398 2936 89.
2426 2877 2475 2931 F
2477 2896 2599 2933 avus
2630 2879 2887 2934 distillaus
2912 2878 3048 2932 labia
3079 2890 3186 2946 tua,
3219 2898 3428 2949 sponsa.
3469 2880 3645 2937 Fauus

356 2983 387 3023 a
416 2970 631 3026 diabolo
661 2979 958 3027 tentaretur
986 2971 1200 3043 (Matth.
1226 2973 1326 3045 tv),
1369 2989 1434 3029 ex
1478 2975 1576 3031 hac
1618 2977 1756 3031 turri
1797 2992 1947 3033 arma
1978 2953 2024 3017 Ο
2056 2974 2316 3030 distillans
2340 2974 2474 3027 labia
2502 2983 2612 3041 tua,
2637 2970 3320 3042 expositioScripturarum
3346 2987 3645 3037 sacrarum,

358 3064 626 3133 produxit,
662 3080 785 3120 cum
816 3079 936 3120 eum
967 3065 1189 3135 prolatis
1212 3081 1277 3121 ex
1309 3080 1459 3123 sacra
1491 3066 1767 3137 Scriptura
1796 3070 1947 3125 testi-

363 3156 558 3211 moniis
587 3172 964 3229 usquequaque
989 3157 1205 3215 devicit.

428 3248 586 3304 Num.
613 3248 701 3305 79.
731 3249 849 3306 Duo
873 3252 1031 3307 ubera
1056 3253 1186 3307 sicut
1216 3253 1319 3307 duo
1350 3254 1555 3309 ltinnuli
1582 3271 1801 3326 capreae.
1835 3256 1948 3311 Duo

358 3341 522 3396 ubera
557 3341 814 3397 Ecclesia:
862 3342 970 3398 duo
1000 3353 1125 3398 sunt
1165 3343 1513 3400 Testamenta
1545 3354 1787 3416 coaptata
1816 3346 1950 3402 duo-

359 3432 461 3489 bus
493 3433 732 3490 hinnulis
760 3450 972 3505 caprea:
999 3435 1251 3507 gemellis,
1284 3436 1337 3492 id
1377 3445 1460 3493 est
1485 3437 1696 3493 duobus
1739 3440 1949 3509 populis

361 3525 450 3594 qui
470 3540 533 3581 ex
563 3535 615 3581 te
648 3528 979 3594 nutriuntur,
1010 3526 1438 3584 circumcisionis
1464 3530 1713 3585 videlicet
1736 3539 1787 3585 et
1814 3547 1952 3601 prac-

362 3616 519 3687 putii,
552 3632 617 3670 ex
667 3618 871 3687 peccati
905 3618 1124 3672 traduce
1154 3619 1322 3685 natis;
1365 3635 1482 3689 qua:
1515 3631 1692 3674 tamen
1726 3637 1950 3688 pascun—

361 3719 443 3763 tur
472 3708 523 3760 in
553 3707 696 3773 (iliis,
724 3709 851 3761 dum
877 3718 1184 3763 sanctorum
1227 3710 1511 3778 proﬁciunt
1543 3710 1745 3780 pariter
1770 3728 1952 3766 exem-

364 3800 468 3870 plis
498 3809 553 3855 et
577 3799 859 3857 doctrinis.

433 3896 589 3952 Num.
620 3895 712 3954 80.
747 3896 921 3951 Donec
959 3898 1148 3970 aspiret
1177 3898 1306 3965 dies,
1345 3908 1393 3954 et
1430 3900 1720 3953 inclinetur.
1755 3898 1952 3966 Donec,

362 3988 500 4043 sicut
528 3990 820 4058 Apostolus
853 3989 947 4058 ait,
978 3991 1307 4045 absorbeatur
1336 3992 1474 4062 quod
1502 3992 1717 4045 mortale
1761 4000 1833 4045 est
1864 3990 1916 4044 tl
1925 3990 1948 4044 1

363 4080 485 4137 Cor.
508 4086 585 4153 v).

434 4177 696 4233 Nttm.81.
714 4177 909 4233 Vadam
937 4180 1006 4232 ad
1029 4191 1249 4234 montem
1266 4175 1515 4251 myrrhae.
1541 4182 1849 4253 Conjungar
1872 4183 1953 4239 his

363 4270 453 4341 qui
501 4286 559 4325 se
589 4280 810 4342 prepter
836 4270 1002 4325 Deum
1034 4270 1409 4326 tnortilicando
1441 4283 1753 4342 creverunt,
1787 4289 1953 4344 seque

2055 3066 2157 3121 mel
2188 3076 2234 3121 et
2271 3068 2351 3120 lac
2380 3066 2433 3120 in
2464 3064 2706 3121 doctrina
2740 3073 2848 3129 tua,
2880 3064 2973 3117 sub
3020 3065 3197 3133 lingua
3240 3076 3349 3130 tua,
3397 3080 3464 3122 eo
3502 3066 3647 3135 quod

2055 3160 2191 3215 lacte
2221 3157 2474 3229 parvulos
2504 3158 2695 3223 nutris,
2734 3165 2790 3212 et
2818 3156 2871 3210 in
2905 3156 3062 3211 melle
3088 3156 3425 3214 diversorum
3456 3158 3646 3215 vulne-

2054 3269 2172 3307 rum
2205 3253 2319 3308 sive
2350 3259 2691 3322 pcccatnrum
2721 3250 3035 3321 putredines
3056 3251 3219 3307 tollis.

2126 3344 2284 3400 Num.
2312 3344 2397 3399 90.
2437 3343 2502 3397 Et
2531 3344 2657 3399 odor
2686 3345 3099 3398 vestimentorum
3130 3344 3524 3401 tuorum.‘Dicit
3553 3360 3648 3416 per

2057 3439 2373 3508 prophetam
2406 3436 2473 3490 ad
2502 3435 2798 3492 Jerusalem
2844 3435 2912 3493 de
2930 3437 3183 3509 sanctis:
3216 3435 3342 3491 Viro
3371 3453 3484 3506 ego,
3526 3436 3649 3491 dicit

2060 3528 2326 3596 Dominus,
2357 3530 2475 3596 quia
2495 3527 2728 3580 omnibus
2753 3525 2830 3579 Itis
2860 3527 2992 3579 velut
3022 3535 3318 3578 ornamento
3341 3525 3563 3578 vestieris
3596 3533 3646 3579 et

2055 3621 2398 3675 circumdabis
2424 3620 2510 3672 tibi
2536 3635 2620 3672 eos
2646 3618 2791 3687 quasi
2818 3634 3027 3684 sponsa.
3061 3616 3293 3671 Proinde
3324 3617 3647 3671 vestimenta

2058 3713 2335 3776 Ecclesia},
2381 3726 2569 3765 omnes
2608 3710 2860 3764 videlicet
2903 3709 3073 3763 sancti
3112 3710 3355 3779 praeclari
3383 3710 3437 3766 in
3465 3708 3646 3764 verbis

2058 3817 2112 3863 et
2139 3807 2415 3877 operibus,
2444 3804 2678 3859 reddunt
2705 3804 3019 3858 suavitatem
3043 3804 3249 3864 odoris.

2130 3900 2289 3953 Num.
2318 3897 2407 3953 9i.
2442 3896 2638 3950 Hortus
2666 3896 2938 3950 conclusus
2964 3912 3110 3949 soror
3132 3912 3245 3949 mea
3271 3912 3481 3967 sponsa.
3514 3894 3645 3950 lluic

2058 4008 2293 4064 sponsas,
2326 4007 2443 4061 quae
2476 3991 2621 4045 velut
2648 3989 2835 4043 hortus
2863 3990 3223 4055 concluditur,
3256 3989 3306 4043 id
3340 4000 3421 4044 est
3449 3989 3644 4044 Christi

2058 4088 2251 4157 gratia,
2293 4096 2401 4139 tam
2441 4082 2795 4137 indissolubili
2824 4082 3047 4136 materia
3076 4082 3461 4147 circumdatur,
3492 4091 3550 4135 ut
3579 4082 3645 4137 de

2059 4193 2121 4232 ea
2158 4176 2323 4232 Isaias
2350 4175 2607 4244 propheta
2635 4174 2829 4229 dixerit
2860 4191 2873 4227 :
2903 4173 3023 4227 Non
3056 4174 3265 4245 adjiciet
3299 4183 3353 4227 ut
3383 4184 3643 4245 pertrans-

2060 4282 2139 4325 eat
2166 4286 2256 4341 per
2292 4278 2340 4322 te
2368 4269 2529 4321 omnis
2566 4266 2948 4320 incircumcisus
2974 4276 3023 4320 et
3046 4266 3334 4319 immundus
3362 4264 3495 4335 (Isa.
3528 4264 3648 4337 ιιι).

366 4362 445 4417 illi
469 4362 746 4418 offerendo
775 4362 996 4418 odorem
1029 4364 1217 4434 gratiae
1240 4362 1528 4432 propinare
1548 4378 1652 4418 non
1675 4363 1948 4419 desinunt.
1980 4344 2037 4407 Ῑ)
2063 4362 2247 4417 Potest
2274 4362 2435 4416 etiam
2466 4361 2654 4417 hortus
2679 4362 2961 4414 conclusus
2990 4371 3045 4414 et
3089 4359 3206 4413 fons
3237 4359 3499 4429 signatus,
3530 4374 3645 4429 ipsa

434 4455 589 4509 Num.
624 4454 713 4509 8'2.
748 4454 877 4510 Tota
900 4454 1117 4527 pulchra
1167 4473 1236 4523 es,
1276 4456 1444 4510 amica
1481 4473 1610 4512 mea.
1647 4456 1797 4512 Sicut
1825 4458 1957 4515 dicit

365 4547 673 4615 Apostolus,
706 4558 761 4602 ut
802 4549 1057 4604 exhiberet
1078 4549 1174 4603 sibi
1202 4548 1489 4605 Ecclesium
1527 4552 1635 4607 sine
1680 4553 1879 4607 macula
1908 4560 1955 4607 et

365 4651 491 4707 ruga
516 4634 733 4707 (Ephes.
759 4642 863 4706 ιιι).
896 4640 1006 4693 Nec
1050 4640 1152 4693 hoc
1178 4648 1331 4693 vacat
1359 4641 1500 4708 quod
1543 4640 1636 4707 ait,
1685 4642 1813 4696 Tota
1840 4642 1956 4711 pul-

366 4725 488 4779 chra
519 4742 593 4791 es,
623 4726 673 4779 in
706 4728 955 4781 omnibus
1002 4729 1210 4782 scilicet
1237 4730 1449 4796 pusillis
1481 4738 1531 4782 et
1574 4732 1804 4799 magnis.
1849 4732 1954 4786 Sed

367 4816 464 4883 sic,
496 4831 601 4869 non
631 4815 798 4869 solum
830 4816 881 4869 in
909 4816 1254 4886 martyribus,
1281 4819 1700 4884 confessoribus,
1724 4820 1951 4874 eruditis

366 4910 681 4980 virginibus,
710 4909 802 4965 sed
836 4911 992 4964 etiam
1039 4911 1091 4964 in
1135 4914 1554 4979 continentibus,
1586 4912 1955 4985 eleemosyna-

367 5000 461 5055 riis
507 5015 569 5055 ac
624 5000 1020 5068 pmnitentibus.

441 5090 596 5144 Num.
627 5088 717 5184 85.
756 5090 883 5184 Veni
921 5092 982 5143 de
1024 5089 1233 5179 Libano,
1264 5118 1466 5184 manu
1514 5112 1646 5163 mea,
1682 5097 1814 5152 ueni.
1860 5096 1953 5151 Li-

368 5182 539 5237 banus
575 5181 774 5237 candor
817 5182 1217 5276 interpretatur:
1247 5181 1354 5276 "156i
1401 5192 1556 5258 enim
1599 5188 1717 5257 quis
1757 5187 1955 5243 cando-

369 5289 480 5328 rem
526 5289 678 5329 sacro
717 5275 1017 5343 baptismate
1040 5290 1137 5344 quo
1171 5254 1214 5344 λδ
1244 5234 1354 5344 mil,

1596 5281 1838 5337 remissio
1862 5283 1959 5337 da-

370 5301 480 5328 I‘CIII
526 5301 678 5329 B'dlSI'U
717 5301 1017 5343 uupuarrmw
1040 5301 1137 5344 quo
1349 5301 1552 5377 lora")
1596 5301 1786 5337 τεωιδε

370 5372 480 5469 ιυὲ
503 5364 809 5469 ιδειοέρειίι,
842 5327 1405 5469 ad'ttbrislumbeccfre
1432 5398 1558 5456 l.on
1594 5382 1790 5445 potest.

438 5404 472 5428 .,
539 5404 656 5419 ...νυ
695 5404 809 5433 ν...,
842 5404 1065 5426 ...........ι
1202 5404 1259 5423 υτ
1631 5404 1790 5429 utcas-

438 5404 588 5509 Nuydi.
619 5404 702 5511 8;.
728 5456 1010 5560 Corona'benlr
1027 5404 1157 5553 αξη)
1182 5404 1626 5560 νθηίτξῖἓὲἓαῗ
1651 5466 1768 5525 Seir
1797 5468 1958 5526 inter-

368 5553 600 5615 pretatur
633 5548 851 5611 lucerna;
883 5510 1306 5639 Ηενωολθωξίίί
1342 5510 1568 5639 ΖᾝΞ
1594 5581 1605 5619 ;
1634 5574 1751 5633 qua:
1779 5562 1957 5618 omnia

1032 5596 1069 5727 ι
1107 5594 1211 5727 θαι

1097 5703 1226 5821 θθ¹⁷

2059 4465 2233 4511 mater
2280 4456 2492 4511 Domini
2541 4455 2600 4510 S.
2634 4454 2797 4508 Maria
2848 4453 3091 4522 intelligi,
3132 4468 3249 4523 qum
3282 4455 3429 4522 virgo
3466 4451 3644 4507 conci-

2060 4549 2215 4618 piens
2245 4550 2501 4620 virgnque
2549 4561 2835 4618 generans,
2886 4547 3124 4601 conclusi
3176 4546 3315 4599 horti
3360 4554 3415 4600 et
3451 4544 3645 4613 signati

2060 4641 2224 4695 fontis
2257 4640 2629 4695 intemeratum
2659 4643 2711 4693 in
2741 4654 2799 4694 se
2828 4639 2992 4693 decus
3016 4638 3279 4694 exhibuit.

2133 4733 2291 4786 Num.
2323 4732 2413 4787 92.
2448 4731 2760 4785 Emissiones
2790 4743 2891 4785 tua:
2919 4732 3190 4801 paradisus
3220 4729 3491 4781 malorum.
3518 4726 3649 4783 Pro~

2062 4824 2231 4879 fectus
2270 4824 2384 4890 tui,
2428 4824 2766 4893 congregatio
2817 4835 3122 4877 sanctorum
3174 4828 3493 4889 martyrum,
3528 4835 3645 4873 cum

2061 4930 2331 4987 pomorum
2371 4915 2654 4984 fructibus;
2693 4931 2811 4971 cum
2867 4906 3068 4984 reliqua
3120 4913 3355 4970 fidelium
3404 4912 3645 4968 multitu-

2061 5008 2182 5061 dine
2211 5022 2330 5077 quae
2354 5006 2572 5073 justitire
2602 5009 2885 5064 dulcedine
2912 5008 3214 5061 decoratur.

2133 5100 2289 5154 Num.
2326 5099 2413 5156 93.
2445 5102 2603 5171 Cypri
2630 5117 2745 5154 cum
2785 5101 2977 5164 nardo,
3020 5100 3211 5151 nardus
3252 5108 3299 5153 et
3331 5116 3527 5155 crocus.
3563 5100 3645 5157 ln-

2062 5194 2337 5261 corruptio
2378 5204 2428 5248 et
2482 5193 2738 5247 fortitudo
2766 5191 2976 5245 virtutis
3021 5199 3350 5262 martyrum,
3381 5192 3641 5259 doctrina,

2062 5286 2201 5341 bona
2248 5286 2412 5350 fama,
2451 5286 2789 5355 reperiuntur
2829 5282 2884 5338 in
2914 5282 3181 5338 universis
3208 5283 3416 5353 populis
3442 5283 3643 5357 baptis-

2064 5388 2206 5435 mate
2234 5380 2287 5434 in
2316 5379 2533 5434 Christo
2564 5376 2783 5433 renatis.

2135 5471 2295 5527 Num.
2338 5472 2427 5526 9i.
2475 5468 2689 5540 Myrrha
2726 5485 2791 5523 ex
2841 5468 2955 5524 aloe
2992 5484 3109 5524 cum
3155 5468 3409 5524 omnibus.
3457 5466 3641 5524 Mortis

2066 5560 2263 5619 Christi
2305 5561 2532 5634 insignia
2558 5575 2679 5618 cum
2704 5562 2987 5634 praecipuis
3016 5561 3075 5619 S.
3106 5561 3338 5634 Spiritus
3354 5559 3533 5621 donis.
