4078 6440
485 398 585 454 £79

1737 414 1795 471 S.
1836 412 2024 472 JUSTl
2055 408 2530 475 URGEILENSIS

3676 424 3793 485 980

552 513 711 618 idem.
885 522 1034 618 fons
1082 528 1368 594 hortorum,
1415 537 1597 601 puteus
1632 547 1900 603 aquarum.
1932 528 2076 618 Fons
2102 528 2161 589 Δ
2182 531 2250 589 de
2269 533 2509 604 gentium
2533 541 2871 602 vocalarum;
2904 541 3029 592 tunc
3050 535 3193 592 enim
3208 537 3403 594 ostium
3426 536 3500 594 illi
3521 536 3788 610 aperitur,

483 614 675 675 patens
700 613 934 670 eruditio
959 619 1311 688 populorum;
1347 631 1547 693 puteus,
1583 623 1918 694 profunditas
1943 613 2077 682 doc-

483 698 779 771 trinamm;
811 722 924 776 quia
952 712 1121 781 ﬂuunt
1146 713 1337 785 impetu
1376 720 1438 770 de
1466 714 1681 786 Libano,
1710 733 1831 774 cum
1862 714 2078 777 fervore

481 789 720 861 Spiritus
748 800 1065 860 emittuntur
1092 822 1121 861 a
1154 798 1393 864 Christo.

551 883 711 942 Num.
756 888 848 948 96.
896 892 1082 968 Surge,
1128 900 1335 969 Aquilo,
1386 912 1433 957 et
1483 905 1639 966 venis
1666 906 1869 962 Auster.
1930 905 2075 963 Unus

491 973 740 1049 Spiritus,
772 984 827 1040 id
856 996 974 1054 est,
1007 992 1131 1061 quia
1177 995 1373 1062 Aquilo
1421 1005 1580 1066 atque
1620 999 1814 1054 Auster
1841 1007 1966 1057 sunt
1995 1000 2077 1055 di-

485 1082 632 1166 versa
664 1078 946 1148 vocabula,
979 1086 1135 1141 unius
1162 1084 1394 1157 Spiritus
1434 1092 1604 1146 sancti
1635 1094 1869 1149 insinuat
1896 1095 2033 1150 dona
2054 1137 2073 1166 ,

480 1163 675 1255 Aquilo
716 1169 843 1227 dum
875 1180 1231 1235 aesmantibus
1268 1181 1545 1254 refrigeria
1595 1188 1817 1255 praebet,
1874 1163 2074 1245 Auster

480 1254 609 1312 dum
640 1260 807 1319 duros
836 1267 903 1321 ad
933 1271 1261 1328 credendum
1295 1274 1378 1331 vel
1432 1254 1873 1336 benefaciendum
1904 1282 2074 1337 resol-

483 1349 582 1405 vit.
612 1355 933 1426 Aquilonem
965 1374 1141 1421 autem
1188 1368 1241 1422 in
1285 1369 1481 1427 bonam
1530 1384 1735 1444 partem
1764 1378 1886 1446 poni
1919 1379 2072 1435 Psal-

482 1445 851 1545 mista-docet,
885 1454 1037 1512 Mons
1067 1459 1196 1517 Sion
1224 1463 1385 1519 latera
1413 1466 1685 1538 Aquilonis
1714 1445 1888 1526 ciuitas
1916 1472 2074 1545 Regis

482 1540 847 1635 magniU’sal.
882 1554 1072 1623 vatt).
1126 1554 1191 1610 Et
1224 1574 1436 1615 rursum
1480 1560 1730 1620 Ezechiel
1778 1540 2069 1635 propheta:

481 1627 581 1733 {ist
614 1653 767 1709 super
806 1658 886 1695 me
915 1661 1096 1701 manus
1126 1646 1355 1718 Domini,
1386 1662 1434 1709 et
1464 1656 1587 1725 vidi,
1619 1668 1663 1712 et
1693 1676 1806 1715 ecce
1847 1660 2072 1733 Spiritus

481 1721 692 1826 iulg-ens
721 1735 947 1790 veniebat
989 1741 1050 1793 ab
1084 1743 1332 1805 Aquilone
1360 1721 1583 1819 (Ezech.
1608 1754 1670 1819 ι).
1725 1754 1789 1809 Et
1821 1721 2071 1826 quoniam

479 1815 534 1916 in
567 1819 775 1916 duobus
806 1842 943 1884 unus
975 1832 1305 1905 advertitur,
1356 1857 1462 1896 non
1514 1845 1621 1911 ait,
1674 1815 1937 1916 Perna-te,
1978 1852 2072 1907 sed

2184 628 2400 699 quando
2426 644 2490 686 ea
2518 644 2638 701 quae
2664 630 2926 702 prmcepit
2964 630 3347 701 adimplentur,
3377 633 3457 687 vel
3485 632 3703 703 quando
3734 633 3793 689 in

2182 720 2266 777 his
2292 723 2383 792 qui
2410 721 2754 778 crediderunt
2798 722 2850 778 ei
2880 738 2978 793 per
3020 722 3179 778 ﬁdem
3211 723 3463 779 introitus
3486 736 3788 781 reseratur.

2181 815 2346 874 Soror
2381 816 2579 873 Christi
2600 827 2681 873 est
2726 817 2964 874 Ecclesia
3011 815 3079 873 de
3129 818 3388 889 sanguine
3410 818 3527 886 ejus
3553 836 3568 885 ;
3598 821 3793 883 amica,

2178 910 2300 979 quia
2331 925 2428 979 per
2453 921 2685 966 mortem
2716 909 2834 981 ejus
2855 910 3205 966 reconciliata
3235 928 3248 976 ;
3276 912 3532 977 columba,
3567 911 3637 968 de
3668 912 3795 982 Spi-

2177 1004 2283 1058 ritu
2314 1010 2521 1069 sancto,
2549 1003 2895 1059 immaculata
2926 1003 3179 1074 baptismi
3203 1014 3560 1061 sacramento.

2247 1095 2405 1151 Num.
2451 1096 2574 1154 105.
2619 1098 2757 1166 Quia
2792 1107 2949 1170 caput
2993 1114 3160 1152 meum
3203 1099 3410 1169 plenum
3449 1108 3545 1153 est.
3587 1098 3653 1153 lli
3701 1100 3791 1168 qui

2178 1187 2459 1260 principali
2490 1189 2697 1245 honore
2737 1190 2790 1245 itt
2843 1189 3091 1246 Ecclesia
3126 1191 3479 1262 praeminere
3505 1191 3788 1259 videntur,

2178 1283 2330 1353 quasi
2369 1292 2532 1353 caput
2555 1283 2607 1338 in
2630 1281 2829 1340 Christi
2876 1299 3104 1354 corpore
3118 1283 3503 1350 advertuntur;
3527 1294 3581 1339 et
3616 1283 3710 1354 qui
3741 1285 3792 1339 itt

2177 1373 2288 1442 ipsa
2320 1373 2552 1430 ﬁdelium
2575 1373 2987 1447 congregatione
3006 1386 3342 1431 sacramenta
3372 1375 3602 1431 visibiiia
3621 1376 3798 1430 admi-

2176 1468 2424 1534 nistrant,
2447 1469 2609 1524 veluti
2628 1468 2859 1525 cincinni
2878 1468 3273 1525 describuntur.
3293 1470 3399 1525 Sed
3414 1471 3533 1541 quia
3554 1470 3795 1540 plerum-

2178 1574 2282 1630 que
2306 1562 2563 1617 mortales
2599 1562 2847 1618 homines
2874 1561 3018 1617 vitiis
3048 1562 3132 1617 vel
3157 1562 3500 1619 tenebrarum
3532 1564 3795 1631 operibus

2179 1650 2527 1707 inliciuntur:
2559 1652 2611 1707 hi
2651 1668 2782 1725 ergo
2809 1652 2955 1707 velut
2979 1654 3146 1723 guttis
3176 1653 3411 1707 noctium
3438 1654 3785 1725 prtegravati,

2179 1742 2396 1799 Christo
2423 1742 2577 1814 quasi
2608 1743 2771 1814 capiti
2812 1743 3089 1798 adhaerere
3131 1743 3401 1799 videntur.
3431 1744 3537 1799 Sed
3569 1746 3641 1799 de
3670 1747 3791 1815 qui-

2179 1835 2404 1891 busdam
2445 1836 2733 1903 Apostolus
2752 1836 2828 1891 ait
2852 1854 2866 1891 :
2900 1834 3013 1904 Ipsi
3041 1835 3304 1890 Christum
3331 1854 3432 1890 non
3461 1836 3663 1891 sincere
3684 1855 3786 1890 an-

479 1906 658 2016 Ρενζτα
680 1915 882 1974 hortum
911 1940 1099 1995 meum,
1134 1939 1181 1985 et
1208 1934 1376 2003 ﬂuant
1404 1948 1637 1993 aromata
1665 1941 1803 1997 illius
1827 1961 1847 1999 :
1872 1906 2071 2016 inspira

2185 1931 2413 1986 nuntiant
2446 1928 2669 2001 (Philip.
2699 1929 2761 2001 ι).
2802 1929 3095 2000 Propterea
3123 1945 3224 1984 vox
3250 1946 3486 2002 sponsm,
3520 1932 3672 1987 velut
3698 1947 3795 2002 pro

481 2006 791 2110 credentem
824 2019 1096 2088 populum,
1132 2035 1184 2079 et
1229 2028 1530 2087 redundent
1573 2034 1715 2090 bona
1745 2052 1909 2105 opera
1934 2006 2071 2110 eius.

551 2098 681 2155 CAP.
711 2104 777 2164 V.
800 2134 868 2149 ——
894 2112 1051 2169 Num.
1069 2117 1158 2172 97.
1189 2118 1370 2177 Veniat
1397 2125 1611 2181 dilectus
1633 2098 1845 2185 meus-in
1868 2098 2074 2189 borium

482 2206 651 2249 suum.
701 2197 1038 2270 ingrediatur
1080 2210 1132 2264 in
1192 2212 1485 2271 Eeclesiam
1515 2235 1665 2275 suam
1695 2232 1747 2277 et
1777 2223 2077 2281 delectetur

567 2289 820 2355 operibus
842 2308 1148 2355 sanctorum
1180 2318 1432 2374 suorum;
1460 2310 1566 2376 vel,
1602 2325 1850 2380 pascatur
1879 2332 1907 2369 a
1946 2318 2078 2374 lide-

480 2375 626 2477 libus
668 2384 718 2438 in
763 2391 1109 2461 pauperibus,
1146 2398 1509 2457 retrihuturus
1544 2375 1641 2475 pro
1693 2408 2076 2478 temporalibus

481 2484 705 2543 regnum
730 2487 1012 2538 :eternum.

470 2592 487 2601 -
550 2562 708 2622 Num.
740 2568 831 2626 98.
871 2572 1004 2630 Veni
1035 2577 1086 2632 in
1122 2579 1329 2637 hortum
1370 2602 1559 2654 meum,
1601 2607 1752 2646 soror
1798 2610 1932 2648 mea.
1976 2593 2076 2650 Fe-

483 2655 623 2713 stina
651 2661 716 2715 ad
757 2677 977 2735 regnum
1013 2686 1214 2741 meum,
1249 2677 1399 2746 plebs
1444 2682 1661 2739 nomine
1718 2701 1840 2741 meo
1867 2688 2073 2743 ditata:

481 2766 630 2805 soror
668 2771 802 2823 mea,
858 2760 926 2816 de
974 2766 1233 2837 sanguine
1270 2786 1419 2837 tneo;
1454 2790 1643 2842 sponsa
1686 2794 1820 2845 mea,
1870 2780 1922 2833 iu
1973 2780 2078 2837 lide

480 2859 625 2942 mea,
671 2851 813 2906 sicut
840 2864 892 2909 et
924 2855 1091 2914 Oseas
1130 2864 1393 2934 propheta
1444 2867 1617 2924 dicit:
1650 2868 1984 2942 Desponsabo
2031 2886 2079 2932 te

480 2941 605 2995 mihi
627 2945 675 2999 in
697 2947 801 3014 ﬁde
825 2949 973 3020 (Ose.
998 2953 1080 3026 tt).

551 3034 710 3091 Num.
743 3038 832 3097 99.
867 3042 1063 3103 Messui
1089 3053 1354 3123 myrrham
1404 3072 1571 3111 meam
1601 3076 1714 3115 cum
1762 3063 2079 3120 aromatibus

480 3126 622 3181 meis.
648 3127 880 3228 Suscipe
926 3140 1014 3207 qui
1048 3153 1267 3215 propter
1295 3161 1382 3203 me
1413 3152 1555 3219 passi
1588 3153 1669 3209 vel
1701 3156 1899 3213 mortui
1930 3167 2075 3228 sunt,

480 3230 599 3272 cum
631 3225 835 3282 meritis
866 3243 1073 3298 eorum,
1109 3249 1374 3311 martyres
1405 3259 1574 3301 meos.

2180 2026 2374 2081 talibus
2399 2025 2799 2092 ingemiscentis
2836 2026 3199 2098 subsequitur.

2250 2117 2412 2173 Num.
2458 2118 2581 2173 106.
2624 2117 2863 2188 Spoliaui
2891 2135 2972 2174 me
3002 2120 3174 2173 tunica
3201 2136 3334 2175 mea.
3363 2118 3600 2176 Veniens
3629 2119 3699 2175 ad
3730 2120 3792 2174 li-

2180 2209 2327 2276 dem,
2353 2219 2590 2266 veterem
2616 2210 2889 2266 hominem
2915 2211 3211 2267 secundum
3238 2211 3525 2282 pristinam
3552 2227 3791 2269 conver-

2180 2300 2440 2355 sationem
2464 2300 2710 2371 deposui,
2732 2311 2780 2356 et
2803 2302 2952 2357 indui
2974 2318 3178 2365 novum,
3198 2304 3283 2373 qui
3309 2305 3595 2357 secundum
3626 2304 3788 2358 Deum

2180 2398 2377 2445 creatus
2403 2402 2475 2446 est
2497 2390 2717 2461 (Ephes.
2746 2392 2849 2463 tv).
2877 2392 2933 2448 Si
2957 2392 3081 2463 quid
3115 2395 3273 2448 etiam
3306 2395 3541 2466 contagii
3572 2396 3702 2450 dum
3736 2397 3786 2450 in

2182 2484 2410 2541 terrenis
2438 2487 2673 2556 gradior,
2704 2487 2931 2557 pedibus
2973 2488 3107 2543 meis
3152 2490 3403 2556 accessit,
3442 2488 3667 2545 Christo
3699 2491 3781 2546 ia-

2180 2590 2339 2635 vante
2365 2582 2602 2637 ablutum
2632 2591 2715 2637 est
2742 2600 2756 2649 ;
2787 2590 2839 2637 et
2861 2590 2988 2637 tunc
3016 2584 3294 2639 ministros
3323 2594 3780 2639 sacramentorum

2181 2688 2280 2744 per
2306 2689 2441 2745 quos
2469 2676 2648 2731 ornari
2677 2676 2868 2744 debeo,
2894 2675 3204 2732 carnalibus
3236 2676 3461 2733 infectos
3492 2679 3641 2733 vitiis
3676 2694 3779 2733 non

2183 2767 2298 2823 sine
2330 2783 2565 2823 mmrore
2593 2769 2886 2838 conspicio.
2920 2768 2987 2823 Et
3020 2768 3222 2824 idcirco
3251 2769 3370 2837 quia
3404 2770 3559 2825 malis
3590 2769 3783 2839 quibus

2181 2862 2635 2929 renuntiaveram,
2696 2862 2751 2918 in
2801 2862 3154 2932 quorumdam
3205 2863 3654 2932 przevaricatione
3700 2878 3782 2917 me

2182 2956 2377 3012 fuscari
2409 2958 2694 3027 perscntio,
2736 2954 2970 3026 Spoliavi
3008 2971 3087 3010 me
3128 2956 3302 3008 tunica
3341 2971 3475 3020 mea,
3524 2954 3779 3023 quomodo

2181 3053 2371 3107 induar
2400 3051 2530 3106 illa?
2558 3051 2683 3106 Lavi
2707 3051 2860 3120 pedes
2888 3068 3044 3116 meos,
3072 3050 3327 3121 quomodo
3345 3048 3623 3118 inquinabo
3655 3048 3780 3102 eos?

2181 3142 2419 3215 Lugubri
2448 3141 2612 3197 corde
2640 3141 2945 3209 pronuntio,
2976 3148 3229 3211 tanquam
3259 3138 3495 3209 apertius
3523 3138 3776 3208 loquens:

2182 3236 2427 3307 Nunquid
2458 3234 2720 3290 condecet
2737 3242 2794 3289 ut
2818 3232 3057 3289 vestibus
3076 3240 3417 3304 peccatorum
3441 3232 3631 3301 quibus
3655 3247 3777 3287 creo

550 3313 711 3371 Νυω-
749 3320 870 3416 100.
903 3321 1123 3383 Comede
1155 3333 1326 3401 [animi
1354 3352 1466 3390 cum
1506 3340 1660 3396 ηιειιε
1688 3358 1818 3398 meo.
1853 3344 1954 3400 Eos
1983 3346 2074 3416 qui
2100 3318 2149 3382 C
2182 3328 2317 3385 deus
2368 3344 2454 3384 me
2484 3327 2636 3397 exui,
2670 3327 2863 3384 iterum
2903 3326 3141 3381 induar?
3169 3326 3275 3381 Aut
3304 3324 3556 3379 sordibus
3585 3323 3776 3394 quibus

480 3410 665 3464 tenera
712 3414 798 3469 vel
849 3417 1257 3481 vehementiore
1301 3427 1545 3485 doctrina
1587 3433 1798 3491 Veteris
1846 3446 1901 3492 et
1940 3410 2073 3494 Novi

481 3497 816 3595 Testamenti
847 3508 1039 3565 eruditi
1070 3523 1215 3583 sunt,
1247 3520 1461 3591 suscipe
1490 3523 1543 3577 in
1575 3540 1805 3595 corpore
1832 3545 1973 3585 meo.

546 3590 711 3651 Nutu.
741 3597 863 3653 iOt.
911 3602 1194 3677 Comedile,
1239 3590 1412 3682 amici,
1446 3625 1491 3669 et
1520 3590 1689 3674 bibite;
1733 3622 1869 3677 Dicit
1900 3624 2077 3680 Domi-

481 3698 585 3742 nus
632 3687 688 3777 in
717 3688 1008 3765 Evangelia
1052 3701 1118 3755 ad
1167 3706 1623 3773 apostoloszlam
1678 3728 1781 3766 non
1831 3714 1946 3769 dico
1990 3734 2076 3771 vos

481 3794 675 3876 servos,
705 3788 799 3841 sed
826 3791 1016 3846 amicos
1046 3793 1225 3863 (Joan.
1266 3798 1378 3865 xv).
1429 3801 1587 3857 Petro
1612 3813 1790 3860 autem
1833 3809 2078 3876 apostolo

478 3873 536 3928 in
559 3874 652 3931 illo
680 3892 806 3935 vase
833 3881 900 3936 de
933 3884 1087 3940 cteiis
1113 3887 1313 3944 emisso
1344 3890 1396 3945 in
1421 3907 1527 3963 quo
1555 3896 1603 3951 ei
1636 3896 1848 3953 diversa
1870 3873 2077 3970 genera

479 3970 793 4029 animalium
846 3987 972 4032 sont
1019 3988 1265 4051 ostensa,
1300 3984 1501 4040 dictum
1532 3998 1614 4043 est
1643 4006 1655 4041 :
1685 3988 1868 4057 Petre,
1909 4000 2078 4047 macta

480 4074 529 4118 et
556 4068 808 4123 manduca
837 4070 977 4134 (Act.
1005 4072 1062 4144 χ)
1088 4090 1101 4126 :
1129 4073 1180 4128 id
1214 4085 1326 4143 cst,
1350 4080 1647 4150 mortifica;
1680 4084 1821 4153 quod
1847 4096 1992 4153 sunt,
2024 4096 2076 4144 et

482 4158 624 4226 quod
652 4159 770 4230 ipse
800 4177 881 4227 es,
912 4163 1086 4221 cllice.
1117 4166 1260 4239 Ergo
1282 4172 1568 4240 comedite,
1596 4176 1777 4243 amici,
1809 4187 1864 4232 et
1891 4178 2077 4236 bibite.

482 4248 569 4306 Sit
596 4254 748 4311 vobis
775 4256 958 4313 laetitia
998 4259 1066 4316 de
1095 4265 1504 4322 conversatione
1534 4269 1852 4339 pOpulorum
1887 4272 1938 4327 in
1988 4289 2080 4330 ve—

483 4356 654 4405 stram
689 4356 1077 4411 transeuntium
1105 4360 1390 4414 unitatem.

555 4441 713 4498 Num.
736 4443 853 4499 102.
884 4444 997 4516 Ego
1025 4449 1417 4512 dormio,etcor
1438 4470 1606 4508 meum
1627 4455 1822 4530 vigilat.
1853 4458 2082 4531 Propter

482 4534 758 4591 Christum
791 4541 925 4593 mori
972 4553 1187 4607 paratus
1215 4560 1355 4612 sum,
1387 4547 1479 4601 sed
1522 4558 1642 4615 pest
1685 4560 1913 4606 mortem
1957 4568 2080 4607 cum

482 4628 606 4698 ipso
633 4642 977 4699 regnaturum
1010 4649 1096 4689 me
1119 4651 1239 4691 esse
1270 4637 1452 4695 credo.
1485 4641 1596 4710 Ego
1627 4643 1787 4696 etiam
1813 4659 1842 4696 a
1875 4654 2082 4714 tempo-

2179 3420 2360 3477 abittta
2390 3434 2531 3488 sum,
2570 3434 2759 3475 rursus
2792 3419 2931 3473 male
2968 3418 3201 3471 vivendo
3240 3417 3506 3486 inquinari
3549 3432 3637 3471 ttte
3682 3432 3774 3484 pa-

2180 3515 2315 3574 tiar?
2347 3515 2428 3571 vel
2476 3515 2522 3571 si
2553 3523 2764 3583 Oportet
2797 3523 2855 3569 ut
2882 3529 2910 3567 a
2944 3514 3187 3584 proiectu
3216 3511 3283 3565 ad
3311 3510 3602 3580 defectum,
3636 3512 3719 3567 vel
3743 3526 3773 3566 a

2180 3611 2355 3665 nitore
2382 3609 2609 3680 justitiae
2633 3608 2701 3662 ad
2736 3616 3077 3679 peccatorum
3112 3604 3443 3676 nigredinem
3483 3604 3625 3658 male
3650 3618 3773 3658 con-

2180 3704 2447 3761 versando
2471 3703 2781 3775 regrediar?

2251 3796 2408 3853 Num.
2453 3797 2574 3853 107.
2619 3796 2852 3852 Dilectus
2883 3813 3022 3850 meus
3075 3794 3210 3849 misit
3240 3810 3449 3847 manum
3488 3807 3649 3846 suam.
3677 3789 3740 3844 Mi

2183 3891 2253 3946 sit
2284 3907 2500 3946 manum
2529 3907 2682 3947 suam
2705 3906 2795 3961 per
2817 3889 3070 3959 foramen,
3099 3888 3312 3959 quando
3334 3902 3421 3941 me
3445 3901 3540 3956 per
3560 3882 3768 3957 passio-

2182 4002 2309 4041 num
2366 3987 2651 4057 angustias
2707 3986 2941 4040 transire
2985 3981 3301 4054 perdocuit;
3332 3990 3381 4036 et
3429 3988 3599 4034 venter
3638 3993 3773 4031 meus

2182 4080 2512 4135 conturbatus
2532 4087 2605 4134 est
2632 4079 2700 4133 ad
2723 4088 2915 4133 tactum
2940 4081 3072 4150 ejus,
3087 4071 3301 4147 quando
3322 4073 3391 4127 im
3401 4072 3639 4126 minente
3657 4086 3776 4138 per-

2182 4172 2460 4227 secutione
2502 4170 2827 4225 inﬁrmiores
2860 4168 2963 4225 mei
3008 4166 3305 4223 conturbati
3338 4167 3778 4219 contremuerunt

2181 4262 2475 4318 acerbitate
2496 4275 2774 4330 poenarum
2794 4274 2913 4329 quae
2930 4258 3061 4314 mihi
3090 4258 3253 4312 illatae
3275 4264 3487 4311 suntex
3514 4250 3780 4323 permissu

2183 4354 2320 4425 ejus.
2350 4354 2546 4408 Tactus
2575 4361 2754 4408 autem
2796 4352 2918 4419 iste,
2950 4349 3281 4404 advenientis
3320 4347 3488 4416 plagae
3526 4341 3781 4411 intelligi-

2184 4457 2271 4503 tur
2296 4448 2586 4511 cruciatus,
2617 4442 2913 4500 secundum
2945 4441 3073 4497 illud
3105 4442 3155 4496 in
3184 4440 3305 4503 Job,
3339 4438 3554 4494 dicente
3583 4438 3779 4492 Satana

2176 4538 2250 4593 ad
2282 4538 2562 4593 Dominum
2591 4555 2603 4591 :
2641 4534 2842 4603 Alioqui
2869 4545 3019 4605 tange
3046 4551 3181 4599 ossa,
3215 4542 3262 4586 et
3291 4540 3495 4585 carnem
3519 4533 3653 4596 eius,
3686 4530 3779 4583 nisi

2182 4633 2235 4687 in
2265 4632 2449 4703 faciem
2472 4631 2775 4686 benedixerit
2798 4628 2888 4684 tibi
2920 4627 3041 4699 (Job
3065 4627 3125 4697 ι).

482 4720 691 4777 raiibus
720 4721 1185 4796 delectationibus,
1214 4734 1507 4803 consopitis
1532 4735 1930 4804 quodammodo
1953 4754 2078 4795 se“.
2103 4720 2161 4782 Ι)
2259 4722 2418 4777 Num.
2462 4724 2585 4777 108.
2621 4721 2841 4777 δαννεεῑί
2861 4728 2913 4773 ut
2936 4720 3187 4787 aperirem
3219 4717 3407 4770 dilecto
3438 4732 3573 4769 meo.
3606 4716 3780 4786 Evigi-

485 4814 660 4885 sibus,
701 4818 1059 4889 conquiesco;
1110 4824 1203 4879 sed
1261 4825 1434 4881 futura
1482 4827 1732 4886 desidero
1776 4839 2087 4905 aeternaque

486 4925 770 4982 conquiro.

557 5002 718 5062 Num.
751 5007 1003 5064 105.Vox
1028 5012 1199 5067 dilecti
1220 5012 1489 5083 pulsantis.
1519 5016 1653 5071 Dicit
1678 5018 1729 5072 in
1761 5018 2083 5092 Apocalypsi

485 5095 601 5165 ipse
630 5098 921 5155 Dominus:
950 5098 1061 5172 Ego
1105 5110 1182 5156 sto
1220 5104 1288 5156 ad
1338 5107 1523 5159 ostium
1565 5116 1612 5161 et
1662 5110 1847 5178 pulso;
1888 5112 1931 5165 si
1970 5114 2084 5183 quis

484 5192 741 5259 aperuerit
773 5191 920 5259 mihi,
956 5193 1176 5247 introibo
1213 5210 1329 5248 cum
1362 5194 1453 5249 illo
1481 5206 1528 5251 et
1558 5200 1765 5253 coenalm
1795 5218 1907 5254 cum
1940 5206 2073 5274 ipso,

485 5290 536 5336 et
561 5282 672 5350 ipse
699 5299 892 5338 mecum
935 5285 1123 5355 (Apoc.
1171 5286 1276 5355 ιιι).
1318 5286 1503 5342 Pulsat
1551 5287 1815 5347 Dominus
1863 5296 2079 5363 quando

489 5388 606 5441 qum
635 5374 774 5430 bona
796 5385 945 5445 sunt,
978 5378 1060 5432 vel
1090 5393 1184 5447 per
1215 5377 1513 5435 doetrinam
1540 5380 1720 5447 docet,
1756 5386 1835 5438 vel
1868 5386 2079 5441 occulta

488 5463 843 5534 inspiratione
894 5479 1202 5526 sanctorum
1254 5473 1415 5529 corda
1463 5474 1531 5529 ad
1581 5474 1717 5529 bene
1771 5475 2079 5534 iaciendum

486 5556 725 5627 instigat.
755 5560 848 5616 Vel
872 5562 986 5619 haec
1005 5574 1087 5620 est
1115 5580 1215 5621 vox
1248 5568 1507 5636 pulsantis
1532 5568 1586 5623 in
1616 5568 1908 5638 Evangelio
1933 5589 1944 5626 :
1979 5571 2079 5625 Ve-

487 5651 593 5706 nite
619 5652 688 5705 αα
712 5668 793 5708 me
818 5669 993 5710 omnes
1034 5658 1121 5728 qui
1160 5658 1404 5716 laboratis
1429 5669 1475 5715 et
1505 5663 1704 5716 onerati
1735 5662 1878 5731 estis,
1898 5671 1964 5725 ,ει
1990 5678 2083 5733 ego

487 5744 717 5814 reﬁciam
745 5762 832 5801 vos
862 5746 1080 5820 (Matth.
1112 5747 1212 5822 xl).

463 5892 468 5897 .
564 5841 719 5900 Nunt.
744 5842 869 5899 104.
892 5847 1047 5914 Aperi
1069 5846 1215 5915 mihi,
1232 5861 1377 5901 soror
1397 5849 1702 5911 mea,amica
1726 5865 1856 5904 mea.
1872 5847 2084 5919 Aperiri

452 6011 463 6021 Ι
488 5931 593 5989 sibi
614 5937 748 6006 petit
771 5937 1039 6017 Christus,
1062 5941 1147 5999 vel
1168 5940 1471 5999 obedientia
1494 5942 1805 6011 inﬁdelium,
1828 5944 1910 6000 vel
1939 5942 1993 6000 in
2018 5944 2083 6000 li-

2192 4815 2310 4870 lans
2363 4813 2525 4868 corde
2570 4812 2843 4869 Christum
2883 4809 3133 4867 confessa
3175 4824 3326 4875 sunt,
3377 4821 3478 4861 nec
3527 4806 3781 4862 deterrita

2190 4906 2468 4978 suppliciis
2498 4906 2874 4977 corporalibus
2904 4906 2955 4959 in
2994 4902 3333 4975 passionibus
3360 4913 3409 4955 et
3438 4901 3494 4955 in
3536 4900 3782 4971 operibus

2192 5004 2351 5068 meis,
2374 5000 2745 5056 confessorum
2772 4997 3135 5063 mortiﬁcatio,
3156 5004 3211 5051 et
3234 4997 3284 5048 in
3309 4994 3495 5049 Cit‘CllS
3508 4994 3782 5063 apparuit:

2192 5092 2259 5147 In
2291 5102 2562 5165 conspectu
2586 5090 2795 5145 Domini
2820 5106 2956 5145 mors
2987 5088 3209 5159 pretiosa
3230 5095 3526 5143 sanctorum
3558 5084 3779 5155 (Psalm.

2190 5185 2418 5334 “123.11.
2456 5277 2578 5333 109.
2609 5276 2883 5331 Pessulum
2913 5274 3028 5328 ostii
3057 5270 3383 5341 meiaperui.
3414 5268 3570 5323 Omni
3603 5265 3779 5321 dubie“

2191 5380 2301 5427 tate
2320 5380 2548 5438 remota,
2574 5369 2789 5425 Christo
2811 5365 3043 5433 credidi,
3062 5380 3297 5435 eumque
3318 5361 3575 5418 inell‘abiii
3601 5373 3781 5414 amore

2192 5468 2392 5535 dilexi,
2437 5476 2493 5523 et
2533 5468 2672 5523 clara
2704 5480 2833 5521 voce
2862 5465 2916 5518 in
2948 5462 3253 5517 nationibus
3284 5455 3595 5530 praédicavi,
3624 5464 3781 5525 atque

2191 5575 2249 5620 ut
2279 5562 2407 5620 milti
2441 5562 2656 5615 adesset
2682 5560 2733 5614 in
2770 5553 3202 5612 tribulationibus
3234 5549 3500 5608 invocavi.

2186 5688 2191 5693 ·
2262 5656 2422 5712 Num.
2457 5654 2580 5709 110.
2606 5655 2671 5706 At
2699 5653 2784 5706 ille
2829 5650 3189 5706 declinaverat.
3214 5645 3271 5702 ltt
3302 5644 3405 5701 hoc
3435 5640 3588 5714 quasi
3618 5636 3778 5697 decli-

2192 5750 2340 5805 navit
2366 5757 2526 5818 atque
2556 5745 2835 5813 transivit,
2864 5758 2985 5800 cum
3015 5758 3100 5797 me
3142 5738 3589 5810 persequentibus
3620 5732 3777 5790 tradi-

2192 5843 2270 5898 dit
2296 5851 2349 5896 ιιι
2370 5840 2594 5911 iniquis,
2622 5849 2677 5897 et
2705 5848 2762 5895 ut
2793 5841 2845 5893 in
2868 5850 3052 5893 meum
3081 5848 3277 5903 corpus
3295 5830 3638 5893 desaevirent,
3665 5825 3776 5894 ipse

2192 5937 2454 6011 permisit.
