  <div class='ocr_page' id='page_1' title='image "/cluster/home/n/w/nwhite01/storage/ocr_20150623/67/hvd.32044015547185/498.png"; bbox 0 0 4078 6440; ppageno 0'>
   <div class='ocr_carea' id='block_1_1' title="bbox 321 327 420 382">
    <p class='ocr_par' dir='ltr' id='par_1_1' title="bbox 321 327 420 382">
     <span class='ocr_line' id='line_1_1' title="bbox 321 327 420 382; baseline 0 -1"><span class='ocrx_word' id='word_1_1' title='bbox 321 327 420 382; x_wconf 62' lang='grc' dir='ltr'><strong>ῩἩ</strong></span> 
     </span>
    </p>
   </div>
   <div class='ocr_carea' id='block_1_2' title="bbox 1290 311 2646 376">
    <p class='ocr_par' dir='ltr' id='par_1_2' title="bbox 1290 311 2646 376">
     <span class='ocr_line' id='line_1_2' title="bbox 1290 311 2646 376; baseline -0.006 0"><span class='ocrx_word' id='word_1_2' title='bbox 1290 321 1356 376; x_wconf 82' lang='grc' dir='ltr'><strong>ΙΝ</strong></span> <span class='ocrx_word' id='word_1_3' title='bbox 1393 318 1687 375; x_wconf 79' lang='lat' dir='ltr'><strong>CANTICA</strong></span> <span class='ocrx_word' id='word_1_4' title='bbox 1724 311 2173 372; x_wconf 81' lang='lat' dir='ltr'><strong>CANTICORUM</strong></span> <span class='ocrx_word' id='word_1_5' title='bbox 2213 311 2646 370; x_wconf 80' lang='lat' dir='ltr'><strong>EXPLICATIO.</strong></span> 
     </span>
    </p>
   </div>
   <div class='ocr_carea' id='block_1_3' title="bbox 3516 318 3622 375">
    <p class='ocr_par' dir='ltr' id='par_1_3' title="bbox 3516 318 3622 375">
     <span class='ocr_line' id='line_1_3' title="bbox 3516 318 3622 375; baseline 0.019 -1"><span class='ocrx_word' id='word_1_6' title='bbox 3516 318 3622 375; x_wconf 72' lang='grc'><strong>982</strong></span> 
     </span>
    </p>
   </div>
   <div class='ocr_carea' id='block_1_4' title="bbox 399 428 3628 508">
    <p class='ocr_par' dir='ltr' id='par_1_4' title="bbox 399 428 3628 508">
     <span class='ocr_line' id='line_1_4' title="bbox 399 428 3628 508; baseline -0.002 -13"><span class='ocrx_word' id='word_1_7' title='bbox 399 440 565 496; x_wconf 84' lang='lat' dir='ltr'><strong>Num.</strong></span> <span class='ocrx_word' id='word_1_8' title='bbox 592 439 718 496; x_wconf 83' lang='grc'><strong>111.</strong></span> <span class='ocrx_word' id='word_1_9' title='bbox 755 440 940 494; x_wconf 82' lang='lat' dir='ltr'><strong>Anima</strong></span> <span class='ocrx_word' id='word_1_10' title='bbox 968 454 1082 493; x_wconf 89' lang='lat' dir='ltr'><strong>mea</strong></span> <span class='ocrx_word' id='word_1_11' title='bbox 1115 437 1390 508; x_wconf 82' lang='lat' dir='ltr'><strong>liquefacta</strong></span> <span class='ocrx_word' id='word_1_12' title='bbox 1419 443 1509 489; x_wconf 82' lang='lat' dir='ltr'><strong>est.</strong></span> <span class='ocrx_word' id='word_1_13' title='bbox 1536 430 1928 488; x_wconf 79' lang='lat' dir='ltr'><strong>Promissiones</strong></span> <span class='ocrx_word' id='word_1_14' title='bbox 1957 430 2012 490; x_wconf 77' lang='grc' dir='ltr'>Α</span> <span class='ocrx_word' id='word_1_15' title='bbox 2040 428 2184 484; x_wconf 90' lang='lat' dir='ltr'><strong>tallis</strong></span> <span class='ocrx_word' id='word_1_16' title='bbox 2223 428 2374 501; x_wconf 16' lang='lat' dir='ltr'><strong>nihil,</strong></span> <span class='ocrx_word' id='word_1_17' title='bbox 2407 430 2584 486; x_wconf 83' lang='lat' dir='ltr'><strong>simile</strong></span> <span class='ocrx_word' id='word_1_18' title='bbox 2623 444 2793 500; x_wconf 88' lang='lat' dir='ltr'><strong>auro,</strong></span> <span class='ocrx_word' id='word_1_19' title='bbox 2822 431 2894 487; x_wconf 88' lang='lat' dir='ltr'><strong>ita</strong></span> <span class='ocrx_word' id='word_1_20' title='bbox 2955 445 3057 488; x_wconf 89' lang='lat' dir='ltr'><strong>nec</strong></span> <span class='ocrx_word' id='word_1_21' title='bbox 3083 431 3139 489; x_wconf 90' lang='lat' dir='ltr'><strong>in</strong></span> <span class='ocrx_word' id='word_1_22' title='bbox 3170 431 3435 491; x_wconf 85' lang='lat' dir='ltr'><strong>creaturis</strong></span> <span class='ocrx_word' id='word_1_23' title='bbox 3471 436 3628 504; x_wconf 86' lang='lat' dir='ltr'><strong>quid-</strong></span> 
     </span>
    </p>
   </div>
   <div class='ocr_carea' id='block_1_5' title="bbox 324 526 1922 602">
    <p class='ocr_par' dir='ltr' id='par_1_5' title="bbox 324 526 1922 602">
     <span class='ocr_line' id='line_1_5' title="bbox 324 526 1922 602; baseline -0.004 -20"><span class='ocrx_word' id='word_1_24' title='bbox 324 532 444 602; x_wconf 73' lang='lat' dir='ltr'><strong>t-jus</strong></span> <span class='ocrx_word' id='word_1_25' title='bbox 483 532 707 587; x_wconf 87' lang='lat' dir='ltr'><strong>audiens</strong></span> <span class='ocrx_word' id='word_1_26' title='bbox 737 531 957 587; x_wconf 81' lang='lat' dir='ltr'><strong>aestuavi</strong></span> <span class='ocrx_word' id='word_1_27' title='bbox 987 530 1290 593; x_wconf 84' lang='lat' dir='ltr'><strong>desiderio,</strong></span> <span class='ocrx_word' id='word_1_28' title='bbox 1323 526 1539 596; x_wconf 84' lang='lat' dir='ltr'><strong>quando</strong></span> <span class='ocrx_word' id='word_1_29' title='bbox 1579 526 1767 580; x_wconf 88' lang='lat' dir='ltr'><strong>beatos</strong></span> <span class='ocrx_word' id='word_1_30' title='bbox 1800 536 1922 577; x_wconf 87' lang='lat' dir='ltr'><strong>esse</strong></span> 
     </span>
    </p>
   </div>
   <div class='ocr_carea' id='block_1_6' title="bbox 327 617 1927 695">
    <p class='ocr_par' dir='ltr' id='par_1_6' title="bbox 327 617 1927 695">
     <span class='ocr_line' id='line_1_6' title="bbox 327 617 1927 695; baseline -0.008 -16"><span class='ocrx_word' id='word_1_31' title='bbox 327 626 412 681; x_wconf 68' lang='lat' dir='ltr'><strong>mi</strong></span> <span class='ocrx_word' id='word_1_32' title='bbox 445 625 846 695; x_wconf 72' lang='lat' dir='ltr'><strong>persecutionem</strong></span> <span class='ocrx_word' id='word_1_33' title='bbox 868 625 1131 694; x_wconf 84' lang='lat' dir='ltr'><strong>patiuntur</strong></span> <span class='ocrx_word' id='word_1_34' title='bbox 1157 629 1364 693; x_wconf 88' lang='lat' dir='ltr'><strong>propter</strong></span> <span class='ocrx_word' id='word_1_35' title='bbox 1374 619 1656 692; x_wconf 83' lang='lat' dir='ltr'><strong>justitiam,</strong></span> <span class='ocrx_word' id='word_1_36' title='bbox 1679 617 1927 687; x_wconf 81' lang='lat' dir='ltr'><strong>quoniam</strong></span> 
     </span>
    </p>
   </div>
   <div class='ocr_carea' id='block_1_7' title="bbox 330 711 1927 791">
    <p class='ocr_par' dir='ltr' id='par_1_7' title="bbox 330 711 1927 791">
     <span class='ocr_line' id='line_1_7' title="bbox 330 711 1927 791; baseline -0.003 -19"><span class='ocrx_word' id='word_1_37' title='bbox 330 723 564 791; x_wconf 76' lang='lat' dir='ltr'><strong>ipsorum</strong></span> <span class='ocrx_word' id='word_1_38' title='bbox 595 729 666 774; x_wconf 91' lang='lat' dir='ltr'><strong>est</strong></span> <span class='ocrx_word' id='word_1_39' title='bbox 689 735 905 789; x_wconf 83' lang='lat' dir='ltr'><strong>regnum</strong></span> <span class='ocrx_word' id='word_1_40' title='bbox 949 717 1194 773; x_wconf 76' lang='lat' dir='ltr'><strong>ctzlorum</strong></span> <span class='ocrx_word' id='word_1_41' title='bbox 1221 713 1436 786; x_wconf 76' lang='lat' dir='ltr'><strong>(Matth.</strong></span> <span class='ocrx_word' id='word_1_42' title='bbox 1470 712 1551 783; x_wconf 70' lang='grc' dir='ltr'><strong>ν),</strong></span> <span class='ocrx_word' id='word_1_43' title='bbox 1582 711 1772 768; x_wconf 84' lang='lat' dir='ltr'><strong>eodem</strong></span> <span class='ocrx_word' id='word_1_44' title='bbox 1804 723 1927 782; x_wconf 80' lang='lat' dir='ltr'><strong>pro-</strong></span> 
     </span>
    </p>
   </div>
   <div class='ocr_carea' id='block_1_8' title="bbox 329 812 860 882">
    <p class='ocr_par' dir='ltr' id='par_1_8' title="bbox 329 812 860 882">
     <span class='ocr_line' id='line_1_8' title="bbox 329 812 860 882; baseline -0.002 -13"><span class='ocrx_word' id='word_1_45' title='bbox 329 816 584 869; x_wconf 72' lang='lat' dir='ltr'><strong>mittente</strong></span> <span class='ocrx_word' id='word_1_46' title='bbox 609 812 860 882; x_wconf 80' lang='lat' dir='ltr'><strong>cognovi.</strong></span> 
     </span>
    </p>
   </div>
   <div class='ocr_carea' id='block_1_9' title="bbox 405 895 1928 970">
    <p class='ocr_par' dir='ltr' id='par_1_9' title="bbox 405 895 1928 970">
     <span class='ocr_line' id='line_1_9' title="bbox 405 895 1928 970; baseline -0.007 -10"><span class='ocrx_word' id='word_1_47' title='bbox 405 905 565 960; x_wconf 80' lang='lat' dir='ltr'><strong>Num.</strong></span> <span class='ocrx_word' id='word_1_48' title='bbox 595 905 719 961; x_wconf 71' lang='lat'><strong>“2.</strong></span> <span class='ocrx_word' id='word_1_49' title='bbox 752 904 978 970; x_wconf 61' lang='lat' dir='ltr'><strong>Quaesivi</strong></span> <span class='ocrx_word' id='word_1_50' title='bbox 1005 911 1052 957; x_wconf 87' lang='lat' dir='ltr'><strong>et</strong></span> <span class='ocrx_word' id='word_1_51' title='bbox 1080 919 1180 957; x_wconf 83' lang='lat' dir='ltr'><strong>non</strong></span> <span class='ocrx_word' id='word_1_52' title='bbox 1210 900 1378 956; x_wconf 71' lang='lat' dir='ltr'><strong>inveni</strong></span> <span class='ocrx_word' id='word_1_53' title='bbox 1403 900 1571 954; x_wconf 83' lang='lat' dir='ltr'><strong>illum.</strong></span> <span class='ocrx_word' id='word_1_54' title='bbox 1598 899 1687 956; x_wconf 91' lang='lat' dir='ltr'><strong>Sic</strong></span> <span class='ocrx_word' id='word_1_55' title='bbox 1711 895 1765 952; x_wconf 90' lang='lat' dir='ltr'><strong>in</strong></span> <span class='ocrx_word' id='word_1_56' title='bbox 1795 910 1928 952; x_wconf 86' lang='lat' dir='ltr'><strong>con-</strong></span> 
     </span>
    </p>
   </div>
   <div class='ocr_carea' id='block_1_10' title="bbox 332 989 1934 1066">
    <p class='ocr_par' dir='ltr' id='par_1_10' title="bbox 332 989 1934 1066">
     <span class='ocr_line' id='line_1_10' title="bbox 332 989 1934 1066; baseline -0.004 -17"><span class='ocrx_word' id='word_1_57' title='bbox 332 997 643 1052; x_wconf 83' lang='lat' dir='ltr'><strong>culcatione</strong></span> <span class='ocrx_word' id='word_1_58' title='bbox 685 995 1094 1066; x_wconf 82' lang='lat' dir='ltr'><strong>malignantium</strong></span> <span class='ocrx_word' id='word_1_59' title='bbox 1136 992 1396 1048; x_wconf 85' lang='lat' dir='ltr'><strong>derelicta</strong></span> <span class='ocrx_word' id='word_1_60' title='bbox 1447 1005 1564 1046; x_wconf 93' lang='lat' dir='ltr'><strong>sum</strong></span> <span class='ocrx_word' id='word_1_61' title='bbox 1596 989 1748 1060; x_wconf 87' lang='lat' dir='ltr'><strong>quasi</strong></span> <span class='ocrx_word' id='word_1_62' title='bbox 1781 989 1934 1044; x_wconf 78' lang='lat' dir='ltr'><strong>auxi-</strong></span> 
     </span>
    </p>
   </div>
   <div class='ocr_carea' id='block_1_11' title="bbox 336 1080 1934 1157">
    <p class='ocr_par' dir='ltr' id='par_1_11' title="bbox 336 1080 1934 1157">
     <span class='ocr_line' id='line_1_11' title="bbox 336 1080 1934 1157; baseline -0.004 -15"><span class='ocrx_word' id='word_1_63' title='bbox 336 1087 498 1144; x_wconf 87' lang='lat' dir='ltr'><strong>liator</strong></span> <span class='ocrx_word' id='word_1_64' title='bbox 524 1102 632 1142; x_wconf 90' lang='lat' dir='ltr'><strong>non</strong></span> <span class='ocrx_word' id='word_1_65' title='bbox 660 1097 835 1152; x_wconf 89' lang='lat' dir='ltr'><strong>esset;</strong></span> <span class='ocrx_word' id='word_1_66' title='bbox 870 1096 925 1141; x_wconf 92' lang='lat' dir='ltr'><strong>et</strong></span> <span class='ocrx_word' id='word_1_67' title='bbox 947 1085 1037 1157; x_wconf 88' lang='lat' dir='ltr'><strong>qui</strong></span> <span class='ocrx_word' id='word_1_68' title='bbox 1081 1085 1149 1142; x_wconf 90' lang='lat' dir='ltr'><strong>ab</strong></span> <span class='ocrx_word' id='word_1_69' title='bbox 1173 1083 1409 1140; x_wconf 90' lang='lat' dir='ltr'><strong>inimicis</strong></span> <span class='ocrx_word' id='word_1_70' title='bbox 1445 1080 1780 1147; x_wconf 87' lang='lat' dir='ltr'><strong>defenderet,</strong></span> <span class='ocrx_word' id='word_1_71' title='bbox 1807 1080 1934 1136; x_wconf 88' lang='lat' dir='ltr'><strong>sub-</strong></span> 
     </span>
    </p>
   </div>
   <div class='ocr_carea' id='block_1_12' title="bbox 337 1176 1934 1250">
    <p class='ocr_par' dir='ltr' id='par_1_12' title="bbox 337 1176 1934 1250">
     <span class='ocr_line' id='line_1_12' title="bbox 337 1176 1934 1250; baseline -0.003 -15"><span class='ocrx_word' id='word_1_72' title='bbox 337 1182 524 1236; x_wconf 72' lang='lat' dir='ltr'><strong>venire</strong></span> <span class='ocrx_word' id='word_1_73' title='bbox 567 1196 674 1236; x_wconf 93' lang='lat' dir='ltr'><strong>non</strong></span> <span class='ocrx_word' id='word_1_74' title='bbox 707 1189 910 1250; x_wconf 78' lang='lat' dir='ltr'><strong>posset,</strong></span> <span class='ocrx_word' id='word_1_75' title='bbox 955 1181 1094 1238; x_wconf 91' lang='lat' dir='ltr'><strong>sicut</strong></span> <span class='ocrx_word' id='word_1_76' title='bbox 1133 1191 1188 1237; x_wconf 92' lang='lat' dir='ltr'><strong>et</strong></span> <span class='ocrx_word' id='word_1_77' title='bbox 1236 1179 1426 1236; x_wconf 86' lang='lat' dir='ltr'><strong>beatus</strong></span> <span class='ocrx_word' id='word_1_78' title='bbox 1467 1177 1568 1233; x_wconf 87' lang='lat' dir='ltr'><strong>Job</strong></span> <span class='ocrx_word' id='word_1_79' title='bbox 1598 1177 1648 1230; x_wconf 94' lang='lat' dir='ltr'><strong>in</strong></span> <span class='ocrx_word' id='word_1_80' title='bbox 1682 1176 1934 1245; x_wconf 82' lang='lat' dir='ltr'><strong>passione</strong></span> 
     </span>
    </p>
   </div>
   <div class='ocr_carea' id='block_1_13' title="bbox 337 1271 1935 1344">
    <p class='ocr_par' dir='ltr' id='par_1_13' title="bbox 337 1271 1935 1344">
     <span class='ocr_line' id='line_1_13' title="bbox 337 1271 1935 1344; baseline -0.004 -17"><span class='ocrx_word' id='word_1_81' title='bbox 337 1275 548 1344; x_wconf 86' lang='lat' dir='ltr'><strong>positus</strong></span> <span class='ocrx_word' id='word_1_82' title='bbox 577 1273 749 1329; x_wconf 80' lang='lat' dir='ltr'><strong>dixit:</strong></span> <span class='ocrx_word' id='word_1_83' title='bbox 777 1272 953 1327; x_wconf 90' lang='lat' dir='ltr'><strong>Clamo</strong></span> <span class='ocrx_word' id='word_1_84' title='bbox 994 1273 1064 1326; x_wconf 92' lang='lat' dir='ltr'><strong>ad</strong></span> <span class='ocrx_word' id='word_1_85' title='bbox 1092 1281 1138 1328; x_wconf 85' lang='lat' dir='ltr'><strong>te</strong></span> <span class='ocrx_word' id='word_1_86' title='bbox 1163 1281 1211 1327; x_wconf 88' lang='lat' dir='ltr'><strong>et</strong></span> <span class='ocrx_word' id='word_1_87' title='bbox 1245 1287 1346 1324; x_wconf 84' lang='lat' dir='ltr'><strong>non</strong></span> <span class='ocrx_word' id='word_1_88' title='bbox 1375 1271 1587 1324; x_wconf 76' lang='lat' dir='ltr'><strong>exaudis</strong></span> <span class='ocrx_word' id='word_1_89' title='bbox 1626 1285 1735 1336; x_wconf 89' lang='lat' dir='ltr'><strong>me,</strong></span> <span class='ocrx_word' id='word_1_90' title='bbox 1762 1279 1807 1321; x_wconf 85' lang='lat' dir='ltr'><strong>et</strong></span> <span class='ocrx_word' id='word_1_91' title='bbox 1831 1284 1935 1321; x_wconf 89' lang='lat' dir='ltr'><strong>non</strong></span> 
     </span>
    </p>
   </div>
   <div class='ocr_carea' id='block_1_14' title="bbox 335 1362 1938 1436">
    <p class='ocr_par' dir='ltr' id='par_1_14' title="bbox 335 1362 1938 1436">
     <span class='ocr_line' id='line_1_14' title="bbox 335 1362 1938 1436; baseline -0.002 -17"><span class='ocrx_word' id='word_1_92' title='bbox 335 1367 556 1436; x_wconf 81' lang='lat' dir='ltr'><strong>respicis</strong></span> <span class='ocrx_word' id='word_1_93' title='bbox 583 1382 696 1432; x_wconf 88' lang='lat' dir='ltr'><strong>me;</strong></span> <span class='ocrx_word' id='word_1_94' title='bbox 719 1367 1015 1422; x_wconf 90' lang='lat' dir='ltr'><strong>immutatus</strong></span> <span class='ocrx_word' id='word_1_95' title='bbox 1031 1382 1082 1420; x_wconf 88' lang='lat' dir='ltr'><strong>es</strong></span> <span class='ocrx_word' id='word_1_96' title='bbox 1104 1364 1232 1419; x_wconf 89' lang='lat' dir='ltr'><strong>mihi</strong></span> <span class='ocrx_word' id='word_1_97' title='bbox 1254 1365 1309 1418; x_wconf 85' lang='lat' dir='ltr'><strong>in</strong></span> <span class='ocrx_word' id='word_1_98' title='bbox 1333 1363 1612 1428; x_wconf 80' lang='lat' dir='ltr'><strong>crudelem,</strong></span> <span class='ocrx_word' id='word_1_99' title='bbox 1630 1370 1675 1416; x_wconf 89' lang='lat' dir='ltr'><strong>et</strong></span> <span class='ocrx_word' id='word_1_100' title='bbox 1698 1362 1747 1416; x_wconf 85' lang='lat' dir='ltr'><strong>in</strong></span> <span class='ocrx_word' id='word_1_101' title='bbox 1764 1362 1938 1431; x_wconf 89' lang='lat' dir='ltr'><strong>furore</strong></span> 
     </span>
    </p>
   </div>
   <div class='ocr_carea' id='block_1_15' title="bbox 261 1459 1147 1516">
    <p class='ocr_par' dir='ltr' id='par_1_15' title="bbox 261 1459 1147 1516">
     <span class='ocr_line' id='line_1_15' title="bbox 261 1459 1147 1516; baseline 0.002 -5"><span class='ocrx_word' id='word_1_102' title='bbox 261 1506 271 1511; x_wconf 86' lang='lat'><strong>-</strong></span> <span class='ocrx_word' id='word_1_103' title='bbox 336 1477 525 1516; x_wconf 83' lang='lat' dir='ltr'><strong>manus</strong></span> <span class='ocrx_word' id='word_1_104' title='bbox 552 1471 657 1515; x_wconf 71' lang='lat' dir='ltr'><strong>tua:</strong></span> <span class='ocrx_word' id='word_1_105' title='bbox 680 1461 967 1516; x_wconf 81' lang='lat' dir='ltr'><strong>aduersaris</strong></span> <span class='ocrx_word' id='word_1_106' title='bbox 997 1459 1147 1515; x_wconf 81' lang='lat' dir='ltr'><strong>mihi.</strong></span> 
     </span>
    </p>
   </div>
   <div class='ocr_carea' id='block_1_16' title="bbox 417 1546 1940 1617">
    <p class='ocr_par' dir='ltr' id='par_1_16' title="bbox 417 1546 1940 1617">
     <span class='ocr_line' id='line_1_16' title="bbox 417 1546 1940 1617; baseline -0.003 -11"><span class='ocrx_word' id='word_1_107' title='bbox 417 1552 577 1608; x_wconf 82' lang='lat' dir='ltr'><strong>Num.</strong></span> <span class='ocrx_word' id='word_1_108' title='bbox 604 1552 726 1608; x_wconf 78' lang='grc'><strong>115.</strong></span> <span class='ocrx_word' id='word_1_109' title='bbox 752 1550 1069 1606; x_wconf 73' lang='lat' dir='ltr'><strong>Invenerunt</strong></span> <span class='ocrx_word' id='word_1_110' title='bbox 1097 1567 1178 1606; x_wconf 89' lang='lat' dir='ltr'><strong>me</strong></span> <span class='ocrx_word' id='word_1_111' title='bbox 1206 1550 1468 1606; x_wconf 80' lang='lat' dir='ltr'><strong>custodes.</strong></span> <span class='ocrx_word' id='word_1_112' title='bbox 1497 1546 1940 1617; x_wconf 88' lang='lat' dir='ltr'><strong>Comprehende-</strong></span> 
     </span>
    </p>
   </div>
   <div class='ocr_carea' id='block_1_17' title="bbox 336 1639 1942 1715">
    <p class='ocr_par' dir='ltr' id='par_1_17' title="bbox 336 1639 1942 1715">
     <span class='ocr_line' id='line_1_17' title="bbox 336 1639 1942 1715; baseline -0.002 -15"><span class='ocrx_word' id='word_1_113' title='bbox 336 1656 474 1700; x_wconf 81' lang='lat' dir='ltr'><strong>runt</strong></span> <span class='ocrx_word' id='word_1_114' title='bbox 528 1658 615 1699; x_wconf 90' lang='lat' dir='ltr'><strong>me</strong></span> <span class='ocrx_word' id='word_1_115' title='bbox 658 1643 841 1699; x_wconf 65' lang='lat' dir='ltr'><strong>saeculi</strong></span> <span class='ocrx_word' id='word_1_116' title='bbox 887 1650 1203 1714; x_wconf 79' lang='lat' dir='ltr'><strong>potestates,</strong></span> <span class='ocrx_word' id='word_1_117' title='bbox 1237 1643 1328 1715; x_wconf 91' lang='lat' dir='ltr'><strong>qui</strong></span> <span class='ocrx_word' id='word_1_118' title='bbox 1370 1641 1522 1712; x_wconf 87' lang='lat' dir='ltr'><strong>quasi</strong></span> <span class='ocrx_word' id='word_1_119' title='bbox 1554 1639 1942 1710; x_wconf 85' lang='lat' dir='ltr'><strong>rempublicam</strong></span> 
     </span>
    </p>
   </div>
   <div class='ocr_carea' id='block_1_18' title="bbox 342 1746 876 1806">
    <p class='ocr_par' dir='ltr' id='par_1_18' title="bbox 342 1746 876 1806">
     <span class='ocr_line' id='line_1_18' title="bbox 342 1746 876 1806; baseline -0.004 -13"><span class='ocrx_word' id='word_1_120' title='bbox 342 1753 538 1806; x_wconf 80' lang='lat' dir='ltr'><strong>regere</strong></span> <span class='ocrx_word' id='word_1_121' title='bbox 563 1746 876 1793; x_wconf 89' lang='lat' dir='ltr'><strong>noscuntur.</strong></span> 
     </span>
    </p>
   </div>
   <div class='ocr_carea' id='block_1_19' title="bbox 2033 525 3630 601">
    <p class='ocr_par' dir='ltr' id='par_1_19' title="bbox 2033 525 3630 601">
     <span class='ocr_line' id='line_1_19' title="bbox 2033 525 3630 601; baseline 0.006 -26"><span class='ocrx_word' id='word_1_122' title='bbox 2033 536 2196 591; x_wconf 87' lang='lat' dir='ltr'><strong>quam</strong></span> <span class='ocrx_word' id='word_1_123' title='bbox 2219 525 2625 593; x_wconf 85' lang='lat' dir='ltr'><strong>comparabitur</strong></span> <span class='ocrx_word' id='word_1_124' title='bbox 2645 526 2904 582; x_wconf 82' lang='lat' dir='ltr'><strong>Creatori.</strong></span> <span class='ocrx_word' id='word_1_125' title='bbox 2927 528 3024 583; x_wconf 85' lang='lat' dir='ltr'><strong>Est</strong></span> <span class='ocrx_word' id='word_1_126' title='bbox 3041 539 3218 586; x_wconf 88' lang='lat' dir='ltr'><strong>autem</strong></span> <span class='ocrx_word' id='word_1_127' title='bbox 3239 538 3401 601; x_wconf 80' lang='lat' dir='ltr'><strong>caput</strong></span> <span class='ocrx_word' id='word_1_128' title='bbox 3424 529 3630 586; x_wconf 81' lang='lat' dir='ltr'><strong>Christi</strong></span> 
     </span>
    </p>
   </div>
   <div class='ocr_carea' id='block_1_20' title="bbox 2035 613 3633 697">
    <p class='ocr_par' dir='ltr' id='par_1_20' title="bbox 2035 613 3633 697">
     <span class='ocr_line' id='line_1_20' title="bbox 2035 613 3633 697; baseline 0.007 -28"><span class='ocrx_word' id='word_1_129' title='bbox 2035 613 2200 683; x_wconf 85' lang='lat' dir='ltr'><strong>Deus,</strong></span> <span class='ocrx_word' id='word_1_130' title='bbox 2228 619 2521 674; x_wconf 86' lang='lat' dir='ltr'><strong>secundum</strong></span> <span class='ocrx_word' id='word_1_131' title='bbox 2549 621 2689 691; x_wconf 86' lang='lat' dir='ltr'><strong>quod</strong></span> <span class='ocrx_word' id='word_1_132' title='bbox 2723 623 2880 691; x_wconf 88' lang='lat' dir='ltr'><strong>paulo</strong></span> <span class='ocrx_word' id='word_1_133' title='bbox 2906 633 3032 680; x_wconf 84' lang='lat' dir='ltr'><strong>ante</strong></span> <span class='ocrx_word' id='word_1_134' title='bbox 3057 639 3122 679; x_wconf 81' lang='lat' dir='ltr'><strong>ex</strong></span> <span class='ocrx_word' id='word_1_135' title='bbox 3155 624 3452 697; x_wconf 79' lang='lat' dir='ltr'><strong>Evangelia</strong></span> <span class='ocrx_word' id='word_1_136' title='bbox 3479 639 3633 681; x_wconf 85' lang='lat' dir='ltr'><strong>eom-</strong></span> 
     </span>
    </p>
   </div>
   <div class='ocr_carea' id='block_1_21' title="bbox 2035 710 3414 784">
    <p class='ocr_par' dir='ltr' id='par_1_21' title="bbox 2035 710 3414 784">
     <span class='ocr_line' id='line_1_21' title="bbox 2035 710 3414 784; baseline 0.008 -20"><span class='ocrx_word' id='word_1_137' title='bbox 2035 711 2473 780; x_wconf 80' lang='lat' dir='ltr'><strong>memoravimus,</strong></span> <span class='ocrx_word' id='word_1_138' title='bbox 2515 710 2584 768; x_wconf 79' lang='lat' dir='ltr'><strong>In</strong></span> <span class='ocrx_word' id='word_1_139' title='bbox 2613 717 2866 784; x_wconf 69' lang='lat' dir='ltr'><strong>principio</strong></span> <span class='ocrx_word' id='word_1_140' title='bbox 2893 729 3005 771; x_wconf 85' lang='lat' dir='ltr'><strong>erat</strong></span> <span class='ocrx_word' id='word_1_141' title='bbox 3045 716 3283 784; x_wconf 78' lang='lat' dir='ltr'><strong>Verbum,</strong></span> <span class='ocrx_word' id='word_1_142' title='bbox 3307 727 3414 775; x_wconf 83' lang='lat' dir='ltr'><strong>etc.</strong></span> 
     </span>
    </p>
   </div>
   <div class='ocr_carea' id='block_1_22' title="bbox 2105 801 3628 883">
    <p class='ocr_par' dir='ltr' id='par_1_22' title="bbox 2105 801 3628 883">
     <span class='ocr_line' id='line_1_22' title="bbox 2105 801 3628 883; baseline 0.007 -28"><span class='ocrx_word' id='word_1_143' title='bbox 2105 801 2263 855; x_wconf 88' lang='lat' dir='ltr'><strong>Num.</strong></span> <span class='ocrx_word' id='word_1_144' title='bbox 2283 802 2404 856; x_wconf 69' lang='lat'><strong>120.</strong></span> <span class='ocrx_word' id='word_1_145' title='bbox 2422 802 2591 857; x_wconf 75' lang='lat' dir='ltr'><strong>Coma:</strong></span> <span class='ocrx_word' id='word_1_146' title='bbox 2605 807 2716 875; x_wconf 83' lang='lat' dir='ltr'><strong>ejus</strong></span> <span class='ocrx_word' id='word_1_147' title='bbox 2732 806 2860 859; x_wconf 81' lang='lat' dir='ltr'><strong>sicut</strong></span> <span class='ocrx_word' id='word_1_148' title='bbox 2884 805 3030 862; x_wconf 73' lang='lat' dir='ltr'><strong>elattz</strong></span> <span class='ocrx_word' id='word_1_149' title='bbox 3048 808 3358 877; x_wconf 77' lang='lat' dir='ltr'><strong>palatorum.</strong></span> <span class='ocrx_word' id='word_1_150' title='bbox 3387 809 3455 866; x_wconf 71' lang='lat' dir='ltr'><strong>lii</strong></span> <span class='ocrx_word' id='word_1_151' title='bbox 3474 815 3594 883; x_wconf 82' lang='lat' dir='ltr'><strong>equi</strong></span> <span class='ocrx_word' id='word_1_152' title='bbox 3609 843 3628 856; x_wconf 79' lang='grc' dir='ltr'><strong><em>ο</em></strong></span> 
     </span>
    </p>
   </div>
   <div class='ocr_carea' id='block_1_23' title="bbox 2037 895 3630 969">
    <p class='ocr_par' dir='ltr' id='par_1_23' title="bbox 2037 895 3630 969">
     <span class='ocr_line' id='line_1_23' title="bbox 2037 895 3630 969; baseline 0.003 -17"><span class='ocrx_word' id='word_1_153' title='bbox 2037 895 2159 954; x_wconf 86' lang='lat' dir='ltr'><strong>dem</strong></span> <span class='ocrx_word' id='word_1_154' title='bbox 2213 897 2384 953; x_wconf 82' lang='lat' dir='ltr'><strong>sancti</strong></span> <span class='ocrx_word' id='word_1_155' title='bbox 2415 896 2574 964; x_wconf 85' lang='lat' dir='ltr'><strong>capiti</strong></span> <span class='ocrx_word' id='word_1_156' title='bbox 2615 912 2732 965; x_wconf 89' lang='lat' dir='ltr'><strong>suo,</strong></span> <span class='ocrx_word' id='word_1_157' title='bbox 2767 897 2820 953; x_wconf 92' lang='lat' dir='ltr'><strong>id</strong></span> <span class='ocrx_word' id='word_1_158' title='bbox 2849 909 2931 954; x_wconf 91' lang='lat' dir='ltr'><strong>est</strong></span> <span class='ocrx_word' id='word_1_159' title='bbox 2957 900 3192 969; x_wconf 85' lang='lat' dir='ltr'><strong>Christo,</strong></span> <span class='ocrx_word' id='word_1_160' title='bbox 3225 903 3503 960; x_wconf 62' lang='lat' dir='ltr'><strong>adhaerere</strong></span> <span class='ocrx_word' id='word_1_161' title='bbox 3533 920 3630 958; x_wconf 85' lang='lat' dir='ltr'><strong>no-</strong></span> 
     </span>
    </p>
   </div>
   <div class='ocr_carea' id='block_1_24' title="bbox 2036 988 3630 1072">
    <p class='ocr_par' dir='ltr' id='par_1_24' title="bbox 2036 988 3630 1072">
     <span class='ocr_line' id='line_1_24' title="bbox 2036 988 3630 1072; baseline 0.006 -27"><span class='ocrx_word' id='word_1_162' title='bbox 2036 997 2258 1045; x_wconf 84' lang='lat' dir='ltr'><strong>senatur</strong></span> <span class='ocrx_word' id='word_1_163' title='bbox 2279 989 2389 1058; x_wconf 84' lang='lat' dir='ltr'><strong>qui,</strong></span> <span class='ocrx_word' id='word_1_164' title='bbox 2411 989 2463 1044; x_wconf 89' lang='lat' dir='ltr'><strong>ia</strong></span> <span class='ocrx_word' id='word_1_165' title='bbox 2485 988 2838 1045; x_wconf 88' lang='lat' dir='ltr'><strong>similitudine</strong></span> <span class='ocrx_word' id='word_1_166' title='bbox 2860 995 3028 1061; x_wconf 80' lang='lat' dir='ltr'><strong>corvi,</strong></span> <span class='ocrx_word' id='word_1_167' title='bbox 3045 1010 3103 1050; x_wconf 88' lang='lat' dir='ltr'><strong>se</strong></span> <span class='ocrx_word' id='word_1_168' title='bbox 3133 1007 3444 1064; x_wconf 86' lang='lat' dir='ltr'><strong>peceatores</strong></span> <span class='ocrx_word' id='word_1_169' title='bbox 3464 1013 3630 1072; x_wconf 83' lang='lat' dir='ltr'><strong>agno-</strong></span> 
     </span>
    </p>
   </div>
   <div class='ocr_carea' id='block_1_25' title="bbox 2037 1083 3634 1161">
    <p class='ocr_par' dir='ltr' id='par_1_25' title="bbox 2037 1083 3634 1161">
     <span class='ocr_line' id='line_1_25' title="bbox 2037 1083 3634 1161; baseline 0.005 -21"><span class='ocrx_word' id='word_1_170' title='bbox 2037 1093 2224 1140; x_wconf 88' lang='lat' dir='ltr'><strong>scunt:</strong></span> <span class='ocrx_word' id='word_1_171' title='bbox 2248 1083 2315 1140; x_wconf 92' lang='lat' dir='ltr'><strong>de</strong></span> <span class='ocrx_word' id='word_1_172' title='bbox 2337 1084 2527 1156; x_wconf 81' lang='lat' dir='ltr'><strong>quibus</strong></span> <span class='ocrx_word' id='word_1_173' title='bbox 2549 1094 2633 1142; x_wconf 90' lang='lat' dir='ltr'><strong>est</strong></span> <span class='ocrx_word' id='word_1_174' title='bbox 2648 1085 2734 1144; x_wconf 85' lang='lat' dir='ltr'><strong>ille</strong></span> <span class='ocrx_word' id='word_1_175' title='bbox 2755 1086 2843 1157; x_wconf 88' lang='lat' dir='ltr'><strong>qui</strong></span> <span class='ocrx_word' id='word_1_176' title='bbox 2870 1087 3028 1143; x_wconf 88' lang='lat' dir='ltr'><strong>dicit:</strong></span> <span class='ocrx_word' id='word_1_177' title='bbox 3050 1089 3110 1145; x_wconf 94' lang='lat' dir='ltr'><strong>Si</strong></span> <span class='ocrx_word' id='word_1_178' title='bbox 3129 1093 3330 1161; x_wconf 85' lang='lat' dir='ltr'><strong>justum</strong></span> <span class='ocrx_word' id='word_1_179' title='bbox 3357 1112 3436 1149; x_wconf 78' lang='lat' dir='ltr'><strong>me</strong></span> <span class='ocrx_word' id='word_1_180' title='bbox 3458 1096 3634 1152; x_wconf 80' lang='lat' dir='ltr'><strong>volue-</strong></span> 
     </span>
    </p>
   </div>
   <div class='ocr_carea' id='block_1_26' title="bbox 2037 1176 3629 1260">
    <p class='ocr_par' dir='ltr' id='par_1_26' title="bbox 2037 1176 3629 1260">
     <span class='ocr_line' id='line_1_26' title="bbox 2037 1176 3629 1260; baseline 0.008 -30"><span class='ocrx_word' id='word_1_181' title='bbox 2037 1176 2136 1230; x_wconf 82' lang='lat' dir='ltr'><strong>rim</strong></span> <span class='ocrx_word' id='word_1_182' title='bbox 2159 1176 2326 1246; x_wconf 81' lang='lat' dir='ltr'><strong>facere</strong></span> <span class='ocrx_word' id='word_1_183' title='bbox 2352 1193 2526 1231; x_wconf 85' lang='lat' dir='ltr'><strong>coram</strong></span> <span class='ocrx_word' id='word_1_184' title='bbox 2551 1186 2619 1248; x_wconf 88' lang='lat' dir='ltr'><strong>te,</strong></span> <span class='ocrx_word' id='word_1_185' title='bbox 2649 1195 2704 1234; x_wconf 84' lang='lat' dir='ltr'><strong>os</strong></span> <span class='ocrx_word' id='word_1_186' title='bbox 2719 1195 2886 1234; x_wconf 78' lang='lat' dir='ltr'><strong>meum</strong></span> <span class='ocrx_word' id='word_1_187' title='bbox 2899 1181 3253 1240; x_wconf 83' lang='lat' dir='ltr'><strong>condemnabit</strong></span> <span class='ocrx_word' id='word_1_188' title='bbox 3277 1205 3355 1242; x_wconf 85' lang='lat' dir='ltr'><strong>me</strong></span> <span class='ocrx_word' id='word_1_189' title='bbox 3385 1188 3506 1260; x_wconf 84' lang='lat' dir='ltr'><strong>(Job</strong></span> <span class='ocrx_word' id='word_1_190' title='bbox 3529 1188 3629 1260; x_wconf 61' lang='grc' dir='ltr'><strong>ιχ).</strong></span> 
     </span>
    </p>
   </div>
   <div class='ocr_carea' id='block_1_27' title="bbox 2041 1269 3630 1352">
    <p class='ocr_par' dir='ltr' id='par_1_27' title="bbox 2041 1269 3630 1352">
     <span class='ocr_line' id='line_1_27' title="bbox 2041 1269 3630 1352; baseline 0.007 -26"><span class='ocrx_word' id='word_1_191' title='bbox 2041 1269 2106 1326; x_wconf 87' lang='lat' dir='ltr'><strong>Et</strong></span> <span class='ocrx_word' id='word_1_192' title='bbox 2122 1284 2332 1328; x_wconf 86' lang='lat' dir='ltr'><strong>rursum</strong></span> <span class='ocrx_word' id='word_1_193' title='bbox 2350 1270 2488 1325; x_wconf 84' lang='lat' dir='ltr'><strong>alius</strong></span> <span class='ocrx_word' id='word_1_194' title='bbox 2508 1288 2521 1324; x_wconf 89' lang='lat'><strong>:</strong></span> <span class='ocrx_word' id='word_1_195' title='bbox 2545 1272 2805 1339; x_wconf 86' lang='lat' dir='ltr'><strong>Quoniam</strong></span> <span class='ocrx_word' id='word_1_196' title='bbox 2826 1273 3145 1343; x_wconf 81' lang='lat' dir='ltr'><strong>iniquitatem</strong></span> <span class='ocrx_word' id='word_1_197' title='bbox 3161 1294 3254 1349; x_wconf 85' lang='lat' dir='ltr'><strong>ego</strong></span> <span class='ocrx_word' id='word_1_198' title='bbox 3275 1297 3493 1352; x_wconf 86' lang='lat' dir='ltr'><strong>agnosco</strong></span> <span class='ocrx_word' id='word_1_199' title='bbox 3511 1290 3522 1334; x_wconf 79' lang='lat' dir='ltr'><strong>t</strong></span> <span class='ocrx_word' id='word_1_200' title='bbox 3537 1283 3630 1338; x_wconf 85' lang='lat' dir='ltr'><strong>Ps.</strong></span> 
     </span>
    </p>
   </div>
   <div class='ocr_carea' id='block_1_28' title="bbox 2041 1362 3701 1442">
    <p class='ocr_par' dir='ltr' id='par_1_28' title="bbox 2041 1362 3701 1442">
     <span class='ocr_line' id='line_1_28' title="bbox 2041 1362 3701 1442; baseline 0.007 -24"><span class='ocrx_word' id='word_1_201' title='bbox 2041 1362 2097 1433; x_wconf 81' lang='grc' dir='ltr'><em>ι)</em></span> <span class='ocrx_word' id='word_1_202' title='bbox 2139 1365 2207 1418; x_wconf 89' lang='lat' dir='ltr'><strong>Et</strong></span> <span class='ocrx_word' id='word_1_203' title='bbox 2234 1379 2470 1420; x_wconf 89' lang='lat' dir='ltr'><strong>consona</strong></span> <span class='ocrx_word' id='word_1_204' title='bbox 2499 1379 2628 1421; x_wconf 91' lang='lat' dir='ltr'><strong>voce</strong></span> <span class='ocrx_word' id='word_1_205' title='bbox 2657 1365 2892 1422; x_wconf 82' lang='lat' dir='ltr'><strong>Joannes</strong></span> <span class='ocrx_word' id='word_1_206' title='bbox 2918 1381 3037 1424; x_wconf 88' lang='lat' dir='ltr'><strong>cum</strong></span> <span class='ocrx_word' id='word_1_207' title='bbox 3068 1369 3254 1425; x_wconf 86' lang='lat' dir='ltr'><strong>electis</strong></span> <span class='ocrx_word' id='word_1_208' title='bbox 3282 1374 3592 1442; x_wconf 88' lang='lat' dir='ltr'><strong>pronuntiat</strong></span> <span class='ocrx_word' id='word_1_209' title='bbox 3617 1393 3631 1432; x_wconf 89' lang='lat'><strong>:</strong></span> <span class='ocrx_word' id='word_1_210' title='bbox 3690 1388 3701 1429; x_wconf 90' lang='lat' dir='ltr'><strong>l</strong></span> 
     </span>
    </p>
   </div>
   <div class='ocr_carea' id='block_1_29' title="bbox 2044 1455 3637 1536">
    <p class='ocr_par' dir='ltr' id='par_1_29' title="bbox 2044 1455 3637 1536">
     <span class='ocr_line' id='line_1_29' title="bbox 2044 1455 3637 1536; baseline 0.008 -26"><span class='ocrx_word' id='word_1_211' title='bbox 2044 1455 2107 1511; x_wconf 88' lang='lat' dir='ltr'><strong>Si</strong></span> <span class='ocrx_word' id='word_1_212' title='bbox 2132 1458 2548 1529; x_wconf 70' lang='lat' dir='ltr'><strong>dixerimusquia</strong></span> <span class='ocrx_word' id='word_1_213' title='bbox 2577 1469 2841 1531; x_wconf 84' lang='lat' dir='ltr'><strong>peccatum</strong></span> <span class='ocrx_word' id='word_1_214' title='bbox 2860 1477 2962 1518; x_wconf 83' lang='lat' dir='ltr'><strong>non</strong></span> <span class='ocrx_word' id='word_1_215' title='bbox 2974 1463 3233 1532; x_wconf 84' lang='lat' dir='ltr'><strong>habemus,</strong></span> <span class='ocrx_word' id='word_1_216' title='bbox 3264 1483 3357 1521; x_wconf 82' lang='lat' dir='ltr'><strong>nos</strong></span> <span class='ocrx_word' id='word_1_217' title='bbox 3380 1467 3518 1536; x_wconf 89' lang='lat' dir='ltr'><strong>ipsos</strong></span> <span class='ocrx_word' id='word_1_218' title='bbox 3557 1485 3637 1522; x_wconf 84' lang='lat' dir='ltr'><strong>se-</strong></span> 
     </span>
    </p>
   </div>
   <div class='ocr_carea' id='block_1_30' title="bbox 2044 1549 3640 1632">
    <p class='ocr_par' dir='ltr' id='par_1_30' title="bbox 2044 1549 3640 1632">
     <span class='ocr_line' id='line_1_30' title="bbox 2044 1549 3640 1632; baseline 0.009 -28"><span class='ocrx_word' id='word_1_219' title='bbox 2044 1549 2299 1616; x_wconf 81' lang='lat' dir='ltr'><strong>ducimus,</strong></span> <span class='ocrx_word' id='word_1_220' title='bbox 2329 1561 2377 1605; x_wconf 89' lang='lat' dir='ltr'><strong>et</strong></span> <span class='ocrx_word' id='word_1_221' title='bbox 2424 1554 2604 1608; x_wconf 83' lang='lat' dir='ltr'><strong>reritas</strong></span> <span class='ocrx_word' id='word_1_222' title='bbox 2640 1554 2692 1608; x_wconf 88' lang='lat' dir='ltr'><strong>in</strong></span> <span class='ocrx_word' id='word_1_223' title='bbox 2733 1555 2876 1610; x_wconf 84' lang='lat' dir='ltr'><strong>nobis</strong></span> <span class='ocrx_word' id='word_1_224' title='bbox 2915 1572 3016 1611; x_wconf 88' lang='lat' dir='ltr'><strong>non</strong></span> <span class='ocrx_word' id='word_1_225' title='bbox 3044 1566 3135 1623; x_wconf 86' lang='lat' dir='ltr'><strong>est,</strong></span> <span class='ocrx_word' id='word_1_226' title='bbox 3175 1560 3222 1614; x_wconf 87' lang='lat' dir='ltr'><strong>si</strong></span> <span class='ocrx_word' id='word_1_227' title='bbox 3264 1576 3379 1616; x_wconf 88' lang='lat' dir='ltr'><strong>vero</strong></span> <span class='ocrx_word' id='word_1_228' title='bbox 3419 1564 3640 1632; x_wconf 77' lang='lat' dir='ltr'><strong>confessi</strong></span> 
     </span>
    </p>
   </div>
   <div class='ocr_carea' id='block_1_31' title="bbox 2046 1642 3642 1727">
    <p class='ocr_par' dir='ltr' id='par_1_31' title="bbox 2046 1642 3642 1727">
     <span class='ocr_line' id='line_1_31' title="bbox 2046 1642 3642 1727; baseline 0.01 -29"><span class='ocrx_word' id='word_1_229' title='bbox 2046 1642 2294 1710; x_wconf 89' lang='lat' dir='ltr'><strong>fuerimus</strong></span> <span class='ocrx_word' id='word_1_230' title='bbox 2322 1657 2528 1715; x_wconf 86' lang='lat' dir='ltr'><strong>peccata</strong></span> <span class='ocrx_word' id='word_1_231' title='bbox 2565 1657 2762 1716; x_wconf 80' lang='lat' dir='ltr'><strong>nostra,</strong></span> <span class='ocrx_word' id='word_1_232' title='bbox 2788 1649 2955 1718; x_wconf 83' lang='lat' dir='ltr'><strong>fidelis</strong></span> <span class='ocrx_word' id='word_1_233' title='bbox 2979 1660 3026 1705; x_wconf 90' lang='lat' dir='ltr'><strong>et</strong></span> <span class='ocrx_word' id='word_1_234' title='bbox 3058 1655 3232 1724; x_wconf 87' lang='lat' dir='ltr'><strong>justus</strong></span> <span class='ocrx_word' id='word_1_235' title='bbox 3263 1664 3334 1710; x_wconf 84' lang='lat' dir='ltr'><strong>est</strong></span> <span class='ocrx_word' id='word_1_236' title='bbox 3379 1658 3470 1727; x_wconf 80' lang='lat' dir='ltr'><strong>qui</strong></span> <span class='ocrx_word' id='word_1_237' title='bbox 3498 1661 3642 1714; x_wconf 86' lang='lat' dir='ltr'><strong>nobis</strong></span> 
     </span>
    </p>
   </div>
   <div class='ocr_carea' id='block_1_32' title="bbox 2047 1741 3640 1821">
    <p class='ocr_par' dir='ltr' id='par_1_32' title="bbox 2047 1741 3640 1821">
     <span class='ocr_line' id='line_1_32' title="bbox 2047 1741 3640 1821; baseline 0.006 -27"><span class='ocrx_word' id='word_1_238' title='bbox 2047 1748 2261 1808; x_wconf 86' lang='lat' dir='ltr'><strong>peccata</strong></span> <span class='ocrx_word' id='word_1_239' title='bbox 2285 1741 2509 1795; x_wconf 84' lang='lat' dir='ltr'><strong>dimittat</strong></span> <span class='ocrx_word' id='word_1_240' title='bbox 2535 1750 2583 1795; x_wconf 90' lang='lat' dir='ltr'><strong>el</strong></span> <span class='ocrx_word' id='word_1_241' title='bbox 2625 1745 2836 1798; x_wconf 85' lang='lat' dir='ltr'><strong>mundet</strong></span> <span class='ocrx_word' id='word_1_242' title='bbox 2871 1761 2966 1800; x_wconf 83' lang='lat' dir='ltr'><strong>nos</strong></span> <span class='ocrx_word' id='word_1_243' title='bbox 2993 1745 3057 1799; x_wconf 91' lang='lat' dir='ltr'><strong>ab</strong></span> <span class='ocrx_word' id='word_1_244' title='bbox 3100 1747 3238 1800; x_wconf 87' lang='lat' dir='ltr'><strong>omni</strong></span> <span class='ocrx_word' id='word_1_245' title='bbox 3265 1748 3527 1813; x_wconf 86' lang='lat' dir='ltr'><strong>iniquitate</strong></span> <span class='ocrx_word' id='word_1_246' title='bbox 3560 1754 3577 1821; x_wconf 91' lang='lat'>(</span> <span class='ocrx_word' id='word_1_247' title='bbox 3617 1751 3640 1804; x_wconf 86' lang='grc'><strong>1</strong></span> 
     </span>
    </p>
   </div>
   <div class='ocr_carea' id='block_1_33' title="bbox 414 1829 3684 1908">
    <p class='ocr_par' dir='ltr' id='par_1_33' title="bbox 414 1829 3684 1908">
     <span class='ocr_line' id='line_1_33' title="bbox 414 1829 3684 1908; baseline 0.001 -12"><span class='ocrx_word' id='word_1_248' title='bbox 414 1839 573 1896; x_wconf 82' lang='lat' dir='ltr'><strong>Num.</strong></span> <span class='ocrx_word' id='word_1_249' title='bbox 595 1841 719 1896; x_wconf 72' lang='lat' dir='ltr'><strong>lu.</strong></span> <span class='ocrx_word' id='word_1_250' title='bbox 748 1839 1140 1908; x_wconf 85' lang='lat' dir='ltr'><strong>Percusserunt,</strong></span> <span class='ocrx_word' id='word_1_251' title='bbox 1163 1840 1498 1894; x_wconf 85' lang='lat' dir='ltr'><strong>vulnerarunt</strong></span> <span class='ocrx_word' id='word_1_252' title='bbox 1534 1853 1614 1894; x_wconf 88' lang='lat' dir='ltr'><strong>me</strong></span> <span class='ocrx_word' id='word_1_253' title='bbox 1644 1837 1834 1908; x_wconf 80' lang='lat' dir='ltr'><strong>plagis.</strong></span> <span class='ocrx_word' id='word_1_254' title='bbox 1877 1836 1947 1893; x_wconf 86' lang='lat' dir='ltr'><strong>Et</strong></span> <span class='ocrx_word' id='word_1_255' title='bbox 1975 1843 2024 1903; x_wconf 82' lang='grc' dir='ltr'><strong>Β</strong></span> <span class='ocrx_word' id='word_1_256' title='bbox 2050 1829 2298 1903; x_wconf 72' lang='lat' dir='ltr'><strong>10mm).</strong></span> <span class='ocrx_word' id='word_1_257' title='bbox 2339 1833 2601 1892; x_wconf 87' lang='lat' dir='ltr'><strong>Similiter</strong></span> <span class='ocrx_word' id='word_1_258' title='bbox 2644 1844 2700 1891; x_wconf 91' lang='lat' dir='ltr'><strong>et</strong></span> <span class='ocrx_word' id='word_1_259' title='bbox 2737 1836 2936 1896; x_wconf 84' lang='lat' dir='ltr'><strong>Paulus</strong></span> <span class='ocrx_word' id='word_1_260' title='bbox 2968 1856 2980 1891; x_wconf 91' lang='lat'>:</span> <span class='ocrx_word' id='word_1_261' title='bbox 3036 1836 3270 1894; x_wconf 74' lang='lat' dir='ltr'><strong>Christus</strong></span> <span class='ocrx_word' id='word_1_262' title='bbox 3321 1838 3474 1896; x_wconf 87' lang='lat' dir='ltr'><strong>Jesus</strong></span> <span class='ocrx_word' id='word_1_263' title='bbox 3510 1846 3643 1900; x_wconf 78' lang='lat' dir='ltr'><strong>venit</strong></span> <span class='ocrx_word' id='word_1_264' title='bbox 3673 1857 3684 1868; x_wconf 83' lang='lat'><strong><em>‘</em></strong></span> 
     </span>
    </p>
   </div>
   <div class='ocr_carea' id='block_1_34' title="bbox 345 1931 1948 2004">
    <p class='ocr_par' dir='ltr' id='par_1_34' title="bbox 345 1931 1948 2004">
     <span class='ocr_line' id='line_1_34' title="bbox 345 1931 1948 2004; baseline 0 -18"><span class='ocrx_word' id='word_1_265' title='bbox 345 1933 626 2003; x_wconf 81' lang='lat' dir='ltr'><strong>suppliciis</strong></span> <span class='ocrx_word' id='word_1_266' title='bbox 653 1933 709 1989; x_wconf 91' lang='lat' dir='ltr'><strong>in</strong></span> <span class='ocrx_word' id='word_1_267' title='bbox 736 1947 964 2004; x_wconf 90' lang='lat' dir='ltr'><strong>corpore</strong></span> <span class='ocrx_word' id='word_1_268' title='bbox 988 1948 1108 1989; x_wconf 85' lang='lat' dir='ltr'><strong>meo</strong></span> <span class='ocrx_word' id='word_1_269' title='bbox 1129 1931 1442 1990; x_wconf 89' lang='lat' dir='ltr'><strong>debacchati</strong></span> <span class='ocrx_word' id='word_1_270' title='bbox 1461 1939 1617 1998; x_wconf 86' lang='lat' dir='ltr'><strong>sunt;</strong></span> <span class='ocrx_word' id='word_1_271' title='bbox 1646 1939 1948 1987; x_wconf 87' lang='lat' dir='ltr'><strong>etoneran-</strong></span> 
     </span>
    </p>
   </div>
   <div class='ocr_carea' id='block_1_35' title="bbox 347 2025 1949 2098">
    <p class='ocr_par' dir='ltr' id='par_1_35' title="bbox 347 2025 1949 2098">
     <span class='ocr_line' id='line_1_35' title="bbox 347 2025 1949 2098; baseline 0.002 -20"><span class='ocrx_word' id='word_1_272' title='bbox 347 2035 429 2080; x_wconf 91' lang='lat' dir='ltr'><strong>tes</strong></span> <span class='ocrx_word' id='word_1_273' title='bbox 449 2025 702 2093; x_wconf 85' lang='lat' dir='ltr'><strong>vinculis,</strong></span> <span class='ocrx_word' id='word_1_274' title='bbox 725 2027 780 2082; x_wconf 92' lang='lat' dir='ltr'><strong>in</strong></span> <span class='ocrx_word' id='word_1_275' title='bbox 802 2027 1111 2083; x_wconf 86' lang='lat' dir='ltr'><strong>carceribus</strong></span> <span class='ocrx_word' id='word_1_276' title='bbox 1139 2027 1543 2083; x_wconf 87' lang='lat' dir='ltr'><strong>concluserunt.</strong></span> <span class='ocrx_word' id='word_1_277' title='bbox 1564 2025 1949 2098; x_wconf 83' lang='lat' dir='ltr'><strong>Prolongantes</strong></span> 
     </span>
    </p>
   </div>
   <div class='ocr_carea' id='block_1_36' title="bbox 350 2119 1952 2188">
    <p class='ocr_par' dir='ltr' id='par_1_36' title="bbox 350 2119 1952 2188">
     <span class='ocr_line' id='line_1_36' title="bbox 350 2119 1952 2188; baseline 0.002 -14"><span class='ocrx_word' id='word_1_278' title='bbox 350 2119 635 2188; x_wconf 86' lang='lat' dir='ltr'><strong>exquisitis</strong></span> <span class='ocrx_word' id='word_1_279' title='bbox 664 2121 994 2176; x_wconf 87' lang='lat' dir='ltr'><strong>cruciatibus</strong></span> <span class='ocrx_word' id='word_1_280' title='bbox 1021 2119 1188 2175; x_wconf 83' lang='lat' dir='ltr'><strong>vitam</strong></span> <span class='ocrx_word' id='word_1_281' title='bbox 1215 2135 1317 2177; x_wconf 92' lang='lat' dir='ltr'><strong>nec</strong></span> <span class='ocrx_word' id='word_1_282' title='bbox 1339 2128 1574 2176; x_wconf 87' lang='lat' dir='ltr'><strong>mortem</strong></span> <span class='ocrx_word' id='word_1_283' title='bbox 1599 2121 1850 2176; x_wconf 87' lang='lat' dir='ltr'><strong>celeriter</strong></span> <span class='ocrx_word' id='word_1_284' title='bbox 1868 2120 1952 2177; x_wconf 78' lang='grc' dir='ltr'><strong>ἰη-</strong></span> 
     </span>
    </p>
   </div>
   <div class='ocr_carea' id='block_1_37' title="bbox 349 2211 1836 2284">
    <p class='ocr_par' dir='ltr' id='par_1_37' title="bbox 349 2211 1836 2284">
     <span class='ocr_line' id='line_1_37' title="bbox 349 2211 1836 2284; baseline 0.001 -18"><span class='ocrx_word' id='word_1_285' title='bbox 349 2212 612 2277; x_wconf 89' lang='lat' dir='ltr'><strong>ferentes,</strong></span> <span class='ocrx_word' id='word_1_286' title='bbox 636 2227 704 2268; x_wconf 93' lang='lat' dir='ltr'><strong>ne</strong></span> <span class='ocrx_word' id='word_1_287' title='bbox 729 2211 960 2268; x_wconf 80' lang='lat' dir='ltr'><strong>faciliter</strong></span> <span class='ocrx_word' id='word_1_288' title='bbox 978 2213 1046 2268; x_wconf 87' lang='lat' dir='ltr'><strong>ab</strong></span> <span class='ocrx_word' id='word_1_289' title='bbox 1075 2213 1235 2270; x_wconf 84' lang='lat' dir='ltr'><strong>illatis</strong></span> <span class='ocrx_word' id='word_1_290' title='bbox 1257 2214 1432 2283; x_wconf 73' lang='lat' dir='ltr'><strong>pmnis</strong></span> <span class='ocrx_word' id='word_1_291' title='bbox 1455 2213 1576 2268; x_wconf 83' lang='lat' dir='ltr'><strong>exui</strong></span> <span class='ocrx_word' id='word_1_292' title='bbox 1601 2227 1836 2284; x_wconf 90' lang='lat' dir='ltr'><strong>possem.</strong></span> 
     </span>
    </p>
   </div>
   <div class='ocr_carea' id='block_1_38' title="bbox 421 2311 1951 2386">
    <p class='ocr_par' dir='ltr' id='par_1_38' title="bbox 421 2311 1951 2386">
     <span class='ocr_line' id='line_1_38' title="bbox 421 2311 1951 2386; baseline 0.005 -20"><span class='ocrx_word' id='word_1_293' title='bbox 421 2311 584 2368; x_wconf 84' lang='lat' dir='ltr'><strong>Num.</strong></span> <span class='ocrx_word' id='word_1_294' title='bbox 621 2311 744 2370; x_wconf 85' lang='grc'><strong>115.</strong></span> <span class='ocrx_word' id='word_1_295' title='bbox 772 2312 1021 2369; x_wconf 83' lang='lat' dir='ltr'><strong>Tulerunt</strong></span> <span class='ocrx_word' id='word_1_296' title='bbox 1054 2314 1267 2384; x_wconf 78' lang='lat' dir='ltr'><strong>pallium</strong></span> <span class='ocrx_word' id='word_1_297' title='bbox 1293 2331 1480 2370; x_wconf 85' lang='lat' dir='ltr'><strong>meum.</strong></span> <span class='ocrx_word' id='word_1_298' title='bbox 1498 2315 1709 2372; x_wconf 88' lang='lat' dir='ltr'><strong>Etenim</strong></span> <span class='ocrx_word' id='word_1_299' title='bbox 1735 2317 1951 2386; x_wconf 89' lang='lat' dir='ltr'><strong>quando</strong></span> 
     </span>
    </p>
   </div>
   <div class='ocr_carea' id='block_1_39' title="bbox 350 2405 1950 2478">
    <p class='ocr_par' dir='ltr' id='par_1_39' title="bbox 350 2405 1950 2478">
     <span class='ocr_line' id='line_1_39' title="bbox 350 2405 1950 2478; baseline 0.004 -18"><span class='ocrx_word' id='word_1_300' title='bbox 350 2405 606 2461; x_wconf 85' lang='lat' dir='ltr'><strong>ecclesias</strong></span> <span class='ocrx_word' id='word_1_301' title='bbox 652 2405 720 2462; x_wconf 88' lang='lat' dir='ltr'><strong>ad</strong></span> <span class='ocrx_word' id='word_1_302' title='bbox 764 2405 940 2462; x_wconf 87' lang='lat' dir='ltr'><strong>solum</strong></span> <span class='ocrx_word' id='word_1_303' title='bbox 989 2421 1156 2478; x_wconf 90' lang='lat' dir='ltr'><strong>usque</strong></span> <span class='ocrx_word' id='word_1_304' title='bbox 1200 2407 1446 2464; x_wconf 88' lang='lat' dir='ltr'><strong>demoliti</strong></span> <span class='ocrx_word' id='word_1_305' title='bbox 1489 2416 1634 2476; x_wconf 91' lang='lat' dir='ltr'><strong>sunt,</strong></span> <span class='ocrx_word' id='word_1_306' title='bbox 1663 2417 1718 2464; x_wconf 91' lang='lat' dir='ltr'><strong>et</strong></span> <span class='ocrx_word' id='word_1_307' title='bbox 1764 2408 1950 2466; x_wconf 85' lang='lat' dir='ltr'><strong>altaria</strong></span> 
     </span>
    </p>
   </div>
   <div class='ocr_carea' id='block_1_40' title="bbox 350 2498 1952 2573">
    <p class='ocr_par' dir='ltr' id='par_1_40' title="bbox 350 2498 1952 2573">
     <span class='ocr_line' id='line_1_40' title="bbox 350 2498 1952 2573; baseline 0.003 -21"><span class='ocrx_word' id='word_1_308' title='bbox 350 2499 510 2552; x_wconf 87' lang='lat' dir='ltr'><strong>simul</strong></span> <span class='ocrx_word' id='word_1_309' title='bbox 533 2515 654 2554; x_wconf 90' lang='lat' dir='ltr'><strong>cum</strong></span> <span class='ocrx_word' id='word_1_310' title='bbox 677 2498 984 2569; x_wconf 84' lang='lat' dir='ltr'><strong>Evangeliis</strong></span> <span class='ocrx_word' id='word_1_311' title='bbox 1009 2508 1065 2555; x_wconf 88' lang='lat' dir='ltr'><strong>et</strong></span> <span class='ocrx_word' id='word_1_312' title='bbox 1087 2501 1299 2556; x_wconf 68' lang='lat' dir='ltr'><strong>caeteris</strong></span> <span class='ocrx_word' id='word_1_313' title='bbox 1321 2500 1471 2556; x_wconf 85' lang='lat' dir='ltr'><strong>libris</strong></span> <span class='ocrx_word' id='word_1_314' title='bbox 1486 2501 1784 2565; x_wconf 87' lang='lat' dir='ltr'><strong>canonicis,</strong></span> <span class='ocrx_word' id='word_1_315' title='bbox 1815 2500 1952 2573; x_wconf 82' lang='lat' dir='ltr'><strong>igni-</strong></span> 
     </span>
    </p>
   </div>
   <div class='ocr_carea' id='block_1_41' title="bbox 359 2590 1952 2660">
    <p class='ocr_par' dir='ltr' id='par_1_41' title="bbox 359 2590 1952 2660">
     <span class='ocr_line' id='line_1_41' title="bbox 359 2590 1952 2660; baseline 0.001 -14"><span class='ocrx_word' id='word_1_316' title='bbox 359 2590 460 2646; x_wconf 88' lang='lat' dir='ltr'><strong>bus</strong></span> <span class='ocrx_word' id='word_1_317' title='bbox 500 2599 918 2657; x_wconf 87' lang='lat' dir='ltr'><strong>cremaverunt;</strong></span> <span class='ocrx_word' id='word_1_318' title='bbox 945 2591 1160 2660; x_wconf 87' lang='lat' dir='ltr'><strong>quando</strong></span> <span class='ocrx_word' id='word_1_319' title='bbox 1208 2593 1517 2649; x_wconf 80' lang='lat' dir='ltr'><strong>sacerdotes</strong></span> <span class='ocrx_word' id='word_1_320' title='bbox 1570 2595 1952 2650; x_wconf 86' lang='lat' dir='ltr'><strong>concluserunt</strong></span> 
     </span>
    </p>
   </div>
   <div class='ocr_carea' id='block_1_42' title="bbox 349 2681 1952 2755">
    <p class='ocr_par' dir='ltr' id='par_1_42' title="bbox 349 2681 1952 2755">
     <span class='ocr_line' id='line_1_42' title="bbox 349 2681 1952 2755; baseline 0.004 -19"><span class='ocrx_word' id='word_1_321' title='bbox 349 2681 421 2737; x_wconf 86' lang='lat' dir='ltr'><strong>ad</strong></span> <span class='ocrx_word' id='word_1_322' title='bbox 451 2681 669 2737; x_wconf 88' lang='lat' dir='ltr'><strong>metalla</strong></span> <span class='ocrx_word' id='word_1_323' title='bbox 698 2682 1106 2750; x_wconf 89' lang='lat' dir='ltr'><strong>condemnatos,</strong></span> <span class='ocrx_word' id='word_1_324' title='bbox 1131 2685 1348 2755; x_wconf 87' lang='lat' dir='ltr'><strong>quando</strong></span> <span class='ocrx_word' id='word_1_325' title='bbox 1384 2699 1484 2742; x_wconf 88' lang='lat' dir='ltr'><strong>nec</strong></span> <span class='ocrx_word' id='word_1_326' title='bbox 1505 2686 1845 2742; x_wconf 83' lang='lat' dir='ltr'><strong>sacrificandi</strong></span> <span class='ocrx_word' id='word_1_327' title='bbox 1870 2687 1952 2742; x_wconf 90' lang='lat' dir='ltr'><strong>lo-</strong></span> 
     </span>
    </p>
   </div>
   <div class='ocr_carea' id='block_1_43' title="bbox 352 2775 1953 2844">
    <p class='ocr_par' dir='ltr' id='par_1_43' title="bbox 352 2775 1953 2844">
     <span class='ocr_line' id='line_1_43' title="bbox 352 2775 1953 2844; baseline 0.006 -16"><span class='ocrx_word' id='word_1_328' title='bbox 352 2788 453 2829; x_wconf 85' lang='lat' dir='ltr'><strong>cus</strong></span> <span class='ocrx_word' id='word_1_329' title='bbox 474 2816 488 2840; x_wconf 94' lang='lat'><strong>,</strong></span> <span class='ocrx_word' id='word_1_330' title='bbox 513 2788 612 2830; x_wconf 91' lang='lat' dir='ltr'><strong>nec</strong></span> <span class='ocrx_word' id='word_1_331' title='bbox 640 2775 944 2843; x_wconf 85' lang='lat' dir='ltr'><strong>baptizandi</strong></span> <span class='ocrx_word' id='word_1_332' title='bbox 972 2777 1214 2844; x_wconf 84' lang='lat' dir='ltr'><strong>libertas,</strong></span> <span class='ocrx_word' id='word_1_333' title='bbox 1241 2794 1343 2834; x_wconf 91' lang='lat' dir='ltr'><strong>nec</strong></span> <span class='ocrx_word' id='word_1_334' title='bbox 1391 2779 1825 2836; x_wconf 86' lang='lat' dir='ltr'><strong>communicandi</strong></span> <span class='ocrx_word' id='word_1_335' title='bbox 1867 2787 1953 2838; x_wconf 81' lang='lat' dir='ltr'><strong>est</strong></span> 
     </span>
    </p>
   </div>
   <div class='ocr_carea' id='block_1_44' title="bbox 352 2867 1953 2946">
    <p class='ocr_par' dir='ltr' id='par_1_44' title="bbox 352 2867 1953 2946">
     <span class='ocr_line' id='line_1_44' title="bbox 352 2867 1953 2946; baseline 0.005 -23"><span class='ocrx_word' id='word_1_336' title='bbox 352 2867 610 2924; x_wconf 85' lang='lat' dir='ltr'><strong>attributa</strong></span> <span class='ocrx_word' id='word_1_337' title='bbox 638 2869 888 2937; x_wconf 85' lang='lat' dir='ltr'><strong>licentia;</strong></span> <span class='ocrx_word' id='word_1_338' title='bbox 917 2885 1040 2927; x_wconf 90' lang='lat' dir='ltr'><strong>cum</strong></span> <span class='ocrx_word' id='word_1_339' title='bbox 1073 2873 1187 2928; x_wconf 70' lang='lat' dir='ltr'><strong>haec</strong></span> <span class='ocrx_word' id='word_1_340' title='bbox 1216 2873 1395 2930; x_wconf 89' lang='lat' dir='ltr'><strong>omnia</strong></span> <span class='ocrx_word' id='word_1_341' title='bbox 1424 2883 1798 2944; x_wconf 80' lang='lat' dir='ltr'><strong>persecutores</strong></span> <span class='ocrx_word' id='word_1_342' title='bbox 1827 2889 1953 2946; x_wconf 79' lang='lat' dir='ltr'><strong>sge-</strong></span> 
     </span>
    </p>
   </div>
   <div class='ocr_carea' id='block_1_45' title="bbox 354 2963 1953 3035">
    <p class='ocr_par' dir='ltr' id='par_1_45' title="bbox 354 2963 1953 3035">
     <span class='ocr_line' id='line_1_45' title="bbox 354 2963 1953 3035; baseline 0.003 -19"><span class='ocrx_word' id='word_1_343' title='bbox 354 2970 500 3029; x_wconf 82' lang='lat' dir='ltr'><strong>rent,</strong></span> <span class='ocrx_word' id='word_1_344' title='bbox 535 2970 663 3019; x_wconf 91' lang='lat' dir='ltr'><strong>tunc</strong></span> <span class='ocrx_word' id='word_1_345' title='bbox 683 2963 1080 3034; x_wconf 89' lang='lat' dir='ltr'><strong>quodammodo</strong></span> <span class='ocrx_word' id='word_1_346' title='bbox 1103 2980 1314 3035; x_wconf 65' lang='lat' dir='ltr'><strong>sponsio</strong></span> <span class='ocrx_word' id='word_1_347' title='bbox 1335 2965 1556 3033; x_wconf 84' lang='lat' dir='ltr'><strong>Christi,</strong></span> <span class='ocrx_word' id='word_1_348' title='bbox 1584 2966 1637 3022; x_wconf 90' lang='lat' dir='ltr'><strong>id</strong></span> <span class='ocrx_word' id='word_1_349' title='bbox 1658 2974 1742 3022; x_wconf 87' lang='lat' dir='ltr'><strong>est</strong></span> <span class='ocrx_word' id='word_1_350' title='bbox 1767 2965 1953 3022; x_wconf 84' lang='lat' dir='ltr'><strong>Eccle-</strong></span> 
     </span>
    </p>
   </div>
   <div class='ocr_carea' id='block_1_46' title="bbox 353 3055 1588 3127">
    <p class='ocr_par' dir='ltr' id='par_1_46' title="bbox 353 3055 1588 3127">
     <span class='ocr_line' id='line_1_46' title="bbox 353 3055 1588 3127; baseline 0.004 -18"><span class='ocrx_word' id='word_1_351' title='bbox 353 3055 476 3122; x_wconf 73' lang='lat' dir='ltr'><strong>siae,</strong></span> <span class='ocrx_word' id='word_1_352' title='bbox 509 3055 657 3123; x_wconf 89' lang='lat' dir='ltr'><strong>quasi</strong></span> <span class='ocrx_word' id='word_1_353' title='bbox 685 3057 956 3126; x_wconf 85' lang='lat' dir='ltr'><strong>quoddam</strong></span> <span class='ocrx_word' id='word_1_354' title='bbox 984 3058 1201 3127; x_wconf 86' lang='lat' dir='ltr'><strong>pallium</strong></span> <span class='ocrx_word' id='word_1_355' title='bbox 1232 3059 1588 3116; x_wconf 88' lang='lat' dir='ltr'><strong>abstulerunt.</strong></span> 
     </span>
    </p>
   </div>
   <div class='ocr_carea' id='block_1_47' title="bbox 429 3154 1952 3229">
    <p class='ocr_par' dir='ltr' id='par_1_47' title="bbox 429 3154 1952 3229">
     <span class='ocr_line' id='line_1_47' title="bbox 429 3154 1952 3229; baseline 0.007 -21"><span class='ocrx_word' id='word_1_356' title='bbox 429 3154 587 3210; x_wconf 85' lang='lat' dir='ltr'><strong>Num.</strong></span> <span class='ocrx_word' id='word_1_357' title='bbox 615 3154 742 3211; x_wconf 90' lang='grc'><strong>116.</strong></span> <span class='ocrx_word' id='word_1_358' title='bbox 770 3156 972 3228; x_wconf 83' lang='lat' dir='ltr'><strong>Adjuro</strong></span> <span class='ocrx_word' id='word_1_359' title='bbox 1014 3175 1100 3214; x_wconf 84' lang='lat' dir='ltr'><strong>vos</strong></span> <span class='ocrx_word' id='word_1_360' title='bbox 1127 3200 1142 3224; x_wconf 93' lang='lat'><strong>,</strong></span> <span class='ocrx_word' id='word_1_361' title='bbox 1195 3160 1319 3229; x_wconf 75' lang='lat' dir='ltr'><strong>ﬁliae</strong></span> <span class='ocrx_word' id='word_1_362' title='bbox 1363 3159 1676 3219; x_wconf 83' lang='lat' dir='ltr'><strong>Jerusalem.</strong></span> <span class='ocrx_word' id='word_1_363' title='bbox 1726 3161 1952 3219; x_wconf 83' lang='lat' dir='ltr'><strong>Sanctos</strong></span> 
     </span>
    </p>
   </div>
   <div class='ocr_carea' id='block_1_48' title="bbox 2054 1929 3644 2006">
    <p class='ocr_par' dir='ltr' id='par_1_48' title="bbox 2054 1929 3644 2006">
     <span class='ocr_line' id='line_1_48' title="bbox 2054 1929 3644 2006; baseline 0.006 -23"><span class='ocrx_word' id='word_1_364' title='bbox 2054 1931 2107 1983; x_wconf 91' lang='lat' dir='ltr'><strong>in</strong></span> <span class='ocrx_word' id='word_1_365' title='bbox 2140 1929 2275 1982; x_wconf 90' lang='lat' dir='ltr'><strong>hunc</strong></span> <span class='ocrx_word' id='word_1_366' title='bbox 2304 1930 2552 1983; x_wconf 89' lang='lat' dir='ltr'><strong>mundum</strong></span> <span class='ocrx_word' id='word_1_367' title='bbox 2580 1942 2867 2001; x_wconf 86' lang='lat' dir='ltr'><strong>peccatores</strong></span> <span class='ocrx_word' id='word_1_368' title='bbox 2894 1933 3060 1987; x_wconf 86' lang='lat' dir='ltr'><strong>salvos</strong></span> <span class='ocrx_word' id='word_1_369' title='bbox 3085 1934 3273 2003; x_wconf 89' lang='lat' dir='ltr'><strong>facere,</strong></span> <span class='ocrx_word' id='word_1_370' title='bbox 3302 1951 3517 2004; x_wconf 87' lang='lat' dir='ltr'><strong>quorum</strong></span> <span class='ocrx_word' id='word_1_371' title='bbox 3539 1940 3644 2006; x_wconf 61' lang='lat' dir='ltr'><strong>pria</strong></span> 
     </span>
    </p>
   </div>
   <div class='ocr_carea' id='block_1_49' title="bbox 2054 2022 3643 2098">
    <p class='ocr_par' dir='ltr' id='par_1_49' title="bbox 2054 2022 3643 2098">
     <span class='ocr_line' id='line_1_49' title="bbox 2054 2022 3643 2098; baseline 0.008 -22"><span class='ocrx_word' id='word_1_372' title='bbox 2054 2039 2167 2078; x_wconf 90' lang='lat' dir='ltr'><strong>mus</strong></span> <span class='ocrx_word' id='word_1_373' title='bbox 2195 2038 2284 2093; x_wconf 87' lang='lat' dir='ltr'><strong>ego</strong></span> <span class='ocrx_word' id='word_1_374' title='bbox 2325 2040 2436 2077; x_wconf 89' lang='lat' dir='ltr'><strong>sum</strong></span> <span class='ocrx_word' id='word_1_375' title='bbox 2467 2022 2520 2095; x_wconf 90' lang='grc' dir='ltr'><strong>(Ι</strong></span> <span class='ocrx_word' id='word_1_376' title='bbox 2549 2022 2681 2078; x_wconf 84' lang='lat' dir='ltr'><strong>Tim.</strong></span> <span class='ocrx_word' id='word_1_377' title='bbox 2728 2025 2791 2098; x_wconf 83' lang='grc' dir='ltr'><strong>ι).</strong></span> <span class='ocrx_word' id='word_1_378' title='bbox 2848 2025 2915 2081; x_wconf 86' lang='lat' dir='ltr'><strong>Et</strong></span> <span class='ocrx_word' id='word_1_379' title='bbox 2957 2027 3082 2098; x_wconf 89' lang='lat' dir='ltr'><strong>quia</strong></span> <span class='ocrx_word' id='word_1_380' title='bbox 3127 2029 3310 2095; x_wconf 84' lang='lat' dir='ltr'><strong>omnis,</strong></span> <span class='ocrx_word' id='word_1_381' title='bbox 3346 2033 3643 2088; x_wconf 86' lang='lat' dir='ltr'><strong>secundum</strong></span> 
     </span>
    </p>
   </div>
   <div class='ocr_carea' id='block_1_50' title="bbox 2053 2116 3646 2193">
    <p class='ocr_par' dir='ltr' id='par_1_50' title="bbox 2053 2116 3646 2193">
     <span class='ocr_line' id='line_1_50' title="bbox 2053 2116 3646 2193; baseline 0.005 -21"><span class='ocrx_word' id='word_1_382' title='bbox 2053 2116 2421 2187; x_wconf 87' lang='lat' dir='ltr'><strong>Evangelium,</strong></span> <span class='ocrx_word' id='word_1_383' title='bbox 2438 2119 2524 2186; x_wconf 86' lang='lat' dir='ltr'><strong>qui</strong></span> <span class='ocrx_word' id='word_1_384' title='bbox 2536 2135 2587 2172; x_wconf 88' lang='lat' dir='ltr'><strong>se</strong></span> <span class='ocrx_word' id='word_1_385' title='bbox 2602 2119 2839 2173; x_wconf 87' lang='lat' dir='ltr'><strong>humiliat</strong></span> <span class='ocrx_word' id='word_1_386' title='bbox 2853 2128 2902 2174; x_wconf 87' lang='lat' dir='ltr'><strong>et</strong></span> <span class='ocrx_word' id='word_1_387' title='bbox 2922 2119 3262 2191; x_wconf 72' lang='lat' dir='ltr'><strong>exaltabitur(</strong></span> <span class='ocrx_word' id='word_1_388' title='bbox 3269 2121 3458 2179; x_wconf 82' lang='lat' dir='ltr'><strong>Matth.</strong></span> <span class='ocrx_word' id='word_1_389' title='bbox 3475 2141 3646 2193; x_wconf 80' lang='lat' dir='ltr'><strong>xxttt;</strong></span> 
     </span>
    </p>
   </div>
   <div class='ocr_carea' id='block_1_51' title="bbox 2053 2206 3644 2290">
    <p class='ocr_par' dir='ltr' id='par_1_51' title="bbox 2053 2206 3644 2290">
     <span class='ocr_line' id='line_1_51' title="bbox 2053 2206 3644 2290; baseline 0.007 -26"><span class='ocrx_word' id='word_1_390' title='bbox 2053 2210 2182 2264; x_wconf 88' lang='lat' dir='ltr'><strong>Luc.</strong></span> <span class='ocrx_word' id='word_1_391' title='bbox 2200 2227 2272 2277; x_wconf 85' lang='lat' dir='ltr'><strong>tv,</strong></span> <span class='ocrx_word' id='word_1_392' title='bbox 2291 2206 2447 2279; x_wconf 81' lang='lat' dir='ltr'><strong>xvtu)</strong></span> <span class='ocrx_word' id='word_1_393' title='bbox 2467 2226 2481 2263; x_wconf 89' lang='lat'>:</span> <span class='ocrx_word' id='word_1_394' title='bbox 2501 2210 2552 2266; x_wconf 92' lang='lat' dir='ltr'><strong>hi</strong></span> <span class='ocrx_word' id='word_1_395' title='bbox 2578 2211 2666 2281; x_wconf 89' lang='lat' dir='ltr'><strong>qui</strong></span> <span class='ocrx_word' id='word_1_396' title='bbox 2686 2227 2743 2267; x_wconf 91' lang='lat' dir='ltr'><strong>se</strong></span> <span class='ocrx_word' id='word_1_397' title='bbox 2774 2213 3115 2270; x_wconf 79' lang='lat' dir='ltr'><strong>confessione</strong></span> <span class='ocrx_word' id='word_1_398' title='bbox 3147 2218 3349 2285; x_wconf 88' lang='lat' dir='ltr'><strong>peccati</strong></span> <span class='ocrx_word' id='word_1_399' title='bbox 3369 2217 3644 2290; x_wconf 90' lang='lat' dir='ltr'><strong>dejiciunt,</strong></span> 
     </span>
    </p>
   </div>
   <div class='ocr_carea' id='block_1_52' title="bbox 2053 2305 3646 2380">
    <p class='ocr_par' dir='ltr' id='par_1_52' title="bbox 2053 2305 3646 2380">
     <span class='ocr_line' id='line_1_52' title="bbox 2053 2305 3646 2380; baseline 0.005 -19"><span class='ocrx_word' id='word_1_400' title='bbox 2053 2305 2348 2362; x_wconf 89' lang='lat' dir='ltr'><strong>secundum</strong></span> <span class='ocrx_word' id='word_1_401' title='bbox 2369 2305 2510 2376; x_wconf 91' lang='lat' dir='ltr'><strong>quod</strong></span> <span class='ocrx_word' id='word_1_402' title='bbox 2535 2307 2588 2360; x_wconf 93' lang='lat' dir='ltr'><strong>in</strong></span> <span class='ocrx_word' id='word_1_403' title='bbox 2618 2306 2720 2362; x_wconf 92' lang='lat' dir='ltr'><strong>hoc</strong></span> <span class='ocrx_word' id='word_1_404' title='bbox 2747 2307 2883 2363; x_wconf 90' lang='lat' dir='ltr'><strong>libro</strong></span> <span class='ocrx_word' id='word_1_405' title='bbox 2898 2308 3166 2374; x_wconf 88' lang='lat' dir='ltr'><strong>scribitur,</strong></span> <span class='ocrx_word' id='word_1_406' title='bbox 3197 2311 3494 2380; x_wconf 89' lang='lat' dir='ltr'><strong>palmarum</strong></span> <span class='ocrx_word' id='word_1_407' title='bbox 3521 2329 3646 2375; x_wconf 86' lang='lat' dir='ltr'><strong>pro-</strong></span> 
     </span>
    </p>
   </div>
   <div class='ocr_carea' id='block_1_53' title="bbox 2054 2398 3116 2470">
    <p class='ocr_par' dir='ltr' id='par_1_53' title="bbox 2054 2398 3116 2470">
     <span class='ocr_line' id='line_1_53' title="bbox 2054 2398 3116 2470; baseline 0.005 -18"><span class='ocrx_word' id='word_1_408' title='bbox 2054 2398 2262 2454; x_wconf 89' lang='lat' dir='ltr'><strong>ceritati</strong></span> <span class='ocrx_word' id='word_1_409' title='bbox 2283 2413 2388 2452; x_wconf 88' lang='lat' dir='ltr'><strong>non</strong></span> <span class='ocrx_word' id='word_1_410' title='bbox 2414 2400 2684 2454; x_wconf 90' lang='lat' dir='ltr'><strong>immerito</strong></span> <span class='ocrx_word' id='word_1_411' title='bbox 2715 2411 3116 2470; x_wconf 88' lang='lat' dir='ltr'><strong>comparantur.</strong></span> 
     </span>
    </p>
   </div>
   <div class='ocr_carea' id='block_1_54' title="bbox 2126 2491 3648 2568">
    <p class='ocr_par' dir='ltr' id='par_1_54' title="bbox 2126 2491 3648 2568">
     <span class='ocr_line' id='line_1_54' title="bbox 2126 2491 3648 2568; baseline 0.007 -22"><span class='ocrx_word' id='word_1_412' title='bbox 2126 2491 2290 2547; x_wconf 86' lang='lat' dir='ltr'><strong>Num.</strong></span> <span class='ocrx_word' id='word_1_413' title='bbox 2313 2491 2440 2548; x_wconf 74' lang='lat' dir='ltr'><strong>I21.</strong></span> <span class='ocrx_word' id='word_1_414' title='bbox 2467 2492 2616 2546; x_wconf 85' lang='lat' dir='ltr'><strong>Oculi</strong></span> <span class='ocrx_word' id='word_1_415' title='bbox 2645 2493 2757 2566; x_wconf 83' lang='lat' dir='ltr'><strong>ejus</strong></span> <span class='ocrx_word' id='word_1_416' title='bbox 2784 2495 2913 2548; x_wconf 84' lang='lat' dir='ltr'><strong>sicut</strong></span> <span class='ocrx_word' id='word_1_417' title='bbox 2935 2495 3202 2551; x_wconf 65' lang='lat' dir='ltr'><strong>columbas.</strong></span> <span class='ocrx_word' id='word_1_418' title='bbox 3234 2496 3436 2568; x_wconf 90' lang='lat' dir='ltr'><strong>Spiritu</strong></span> <span class='ocrx_word' id='word_1_419' title='bbox 3461 2510 3648 2556; x_wconf 89' lang='lat' dir='ltr'><strong>sancto</strong></span> 
     </span>
    </p>
   </div>
   <div class='ocr_carea' id='block_1_55' title="bbox 2057 2587 3650 2668">
    <p class='ocr_par' dir='ltr' id='par_1_55' title="bbox 2057 2587 3650 2668">
     <span class='ocr_line' id='line_1_55' title="bbox 2057 2587 3650 2668; baseline 0.006 -23"><span class='ocrx_word' id='word_1_420' title='bbox 2057 2589 2270 2660; x_wconf 90' lang='lat' dir='ltr'><strong>repleti,</strong></span> <span class='ocrx_word' id='word_1_421' title='bbox 2293 2587 2451 2644; x_wconf 88' lang='lat' dir='ltr'><strong>electi</strong></span> <span class='ocrx_word' id='word_1_422' title='bbox 2479 2587 2598 2658; x_wconf 83' lang='lat' dir='ltr'><strong>ejus</strong></span> <span class='ocrx_word' id='word_1_423' title='bbox 2633 2589 2835 2658; x_wconf 87' lang='lat' dir='ltr'><strong>absque</strong></span> <span class='ocrx_word' id='word_1_424' title='bbox 2864 2590 2971 2646; x_wconf 92' lang='lat' dir='ltr'><strong>ullo</strong></span> <span class='ocrx_word' id='word_1_425' title='bbox 2993 2589 3116 2647; x_wconf 89' lang='lat' dir='ltr'><strong>felle</strong></span> <span class='ocrx_word' id='word_1_426' title='bbox 3139 2593 3511 2652; x_wconf 87' lang='lat' dir='ltr'><strong>amaritudinis</strong></span> <span class='ocrx_word' id='word_1_427' title='bbox 3527 2613 3650 2668; x_wconf 82' lang='lat' dir='ltr'><strong>per-</strong></span> 
     </span>
    </p>
   </div>
   <div class='ocr_carea' id='block_1_56' title="bbox 2056 2681 3647 2755">
    <p class='ocr_par' dir='ltr' id='par_1_56' title="bbox 2056 2681 3647 2755">
     <span class='ocr_line' id='line_1_56' title="bbox 2056 2681 3647 2755; baseline 0.004 -16"><span class='ocrx_word' id='word_1_428' title='bbox 2056 2691 2298 2750; x_wconf 86' lang='lat' dir='ltr'><strong>manent,</strong></span> <span class='ocrx_word' id='word_1_429' title='bbox 2327 2691 2381 2737; x_wconf 92' lang='lat' dir='ltr'><strong>et</strong></span> <span class='ocrx_word' id='word_1_430' title='bbox 2422 2681 2822 2752; x_wconf 89' lang='lat' dir='ltr'><strong>Scripturarum</strong></span> <span class='ocrx_word' id='word_1_431' title='bbox 2856 2684 3044 2740; x_wconf 89' lang='lat' dir='ltr'><strong>rivulis</strong></span> <span class='ocrx_word' id='word_1_432' title='bbox 3079 2685 3336 2755; x_wconf 86' lang='lat' dir='ltr'><strong>populum</strong></span> <span class='ocrx_word' id='word_1_433' title='bbox 3377 2687 3647 2745; x_wconf 90' lang='lat' dir='ltr'><strong>imbuunt.</strong></span> 
     </span>
    </p>
   </div>
   <div class='ocr_carea' id='block_1_57' title="bbox 2127 2774 3651 2842">
    <p class='ocr_par' dir='ltr' id='par_1_57' title="bbox 2127 2774 3651 2842">
     <span class='ocr_line' id='line_1_57' title="bbox 2127 2774 3651 2842; baseline 0.004 -11"><span class='ocrx_word' id='word_1_434' title='bbox 2127 2775 2287 2831; x_wconf 84' lang='lat' dir='ltr'><strong>Num.</strong></span> <span class='ocrx_word' id='word_1_435' title='bbox 2322 2774 2448 2832; x_wconf 84' lang='lat' dir='ltr'><strong>l22.</strong></span> <span class='ocrx_word' id='word_1_436' title='bbox 2482 2774 2612 2842; x_wconf 65' lang='lat' dir='ltr'><strong>Quae</strong></span> <span class='ocrx_word' id='word_1_437' title='bbox 2638 2775 2769 2828; x_wconf 87' lang='lat' dir='ltr'><strong>lacte</strong></span> <span class='ocrx_word' id='word_1_438' title='bbox 2788 2785 2903 2830; x_wconf 88' lang='lat' dir='ltr'><strong>sunt</strong></span> <span class='ocrx_word' id='word_1_439' title='bbox 2931 2777 3069 2832; x_wconf 65' lang='lat' dir='ltr'><strong>lotae.</strong></span> <span class='ocrx_word' id='word_1_440' title='bbox 3102 2777 3312 2833; x_wconf 85' lang='lat' dir='ltr'><strong>Exinde</strong></span> <span class='ocrx_word' id='word_1_441' title='bbox 3337 2781 3651 2838; x_wconf 87' lang='lat' dir='ltr'><strong>mundiores</strong></span> 
     </span>
    </p>
   </div>
   <div class='ocr_carea' id='block_1_58' title="bbox 2057 2867 3652 2940">
    <p class='ocr_par' dir='ltr' id='par_1_58' title="bbox 2057 2867 3652 2940">
     <span class='ocr_line' id='line_1_58' title="bbox 2057 2867 3652 2940; baseline 0.001 -14"><span class='ocrx_word' id='word_1_442' title='bbox 2057 2868 2257 2938; x_wconf 82' lang='lat' dir='ltr'><strong>eﬁ&#39;ecti,</strong></span> <span class='ocrx_word' id='word_1_443' title='bbox 2290 2868 2414 2940; x_wconf 90' lang='lat' dir='ltr'><strong>quia</strong></span> <span class='ocrx_word' id='word_1_444' title='bbox 2444 2867 2717 2923; x_wconf 89' lang='lat' dir='ltr'><strong>Christum</strong></span> <span class='ocrx_word' id='word_1_445' title='bbox 2759 2869 2811 2923; x_wconf 92' lang='lat' dir='ltr'><strong>in</strong></span> <span class='ocrx_word' id='word_1_446' title='bbox 2842 2883 3005 2924; x_wconf 89' lang='lat' dir='ltr'><strong>carne</strong></span> <span class='ocrx_word' id='word_1_447' title='bbox 3036 2880 3240 2937; x_wconf 89' lang='lat' dir='ltr'><strong>natum,</strong></span> <span class='ocrx_word' id='word_1_448' title='bbox 3281 2872 3387 2929; x_wconf 87' lang='lat' dir='ltr'><strong>fide</strong></span> <span class='ocrx_word' id='word_1_449' title='bbox 3418 2889 3527 2930; x_wconf 92' lang='lat' dir='ltr'><strong>non</strong></span> <span class='ocrx_word' id='word_1_450' title='bbox 3554 2875 3652 2930; x_wconf 85' lang='lat' dir='ltr'><strong>du-</strong></span> 
     </span>
    </p>
   </div>
   <div class='ocr_carea' id='block_1_59' title="bbox 2056 2964 3672 3035">
    <p class='ocr_par' dir='ltr' id='par_1_59' title="bbox 2056 2964 3672 3035">
     <span class='ocr_line' id='line_1_59' title="bbox 2056 2964 3672 3035; baseline 0.004 -15"><span class='ocrx_word' id='word_1_451' title='bbox 2056 2965 2145 3021; x_wconf 90' lang='lat' dir='ltr'><strong>bia</strong></span> <span class='ocrx_word' id='word_1_452' title='bbox 2173 2964 2402 3020; x_wconf 91' lang='lat' dir='ltr'><strong>credunt</strong></span> <span class='ocrx_word' id='word_1_453' title='bbox 2431 2980 2445 3029; x_wconf 94' lang='lat'><strong>;</strong></span> <span class='ocrx_word' id='word_1_454' title='bbox 2479 2971 2530 3018; x_wconf 91' lang='lat' dir='ltr'><strong>et</strong></span> <span class='ocrx_word' id='word_1_455' title='bbox 2573 2972 2914 3019; x_wconf 88' lang='lat' dir='ltr'><strong>sacramento</strong></span> <span class='ocrx_word' id='word_1_456' title='bbox 2941 2964 3137 3020; x_wconf 91' lang='lat' dir='ltr'><strong>visibili</strong></span> <span class='ocrx_word' id='word_1_457' title='bbox 3181 2980 3240 3021; x_wconf 89' lang='lat' dir='ltr'><strong>se</strong></span> <span class='ocrx_word' id='word_1_458' title='bbox 3273 2977 3512 3035; x_wconf 90' lang='lat' dir='ltr'><strong>renatos,</strong></span> <span class='ocrx_word' id='word_1_459' title='bbox 3550 2966 3672 3026; x_wconf 68' lang='lat' dir='ltr'><strong>ab-&#39;</strong></span> 
     </span>
    </p>
   </div>
   <div class='ocr_carea' id='block_1_60' title="bbox 2058 3055 3652 3132">
    <p class='ocr_par' dir='ltr' id='par_1_60' title="bbox 2058 3055 3652 3132">
     <span class='ocr_line' id='line_1_60' title="bbox 2058 3055 3652 3132; baseline 0.004 -21"><span class='ocrx_word' id='word_1_460' title='bbox 2058 3056 2200 3112; x_wconf 91' lang='lat' dir='ltr'><strong>lutos</strong></span> <span class='ocrx_word' id='word_1_461' title='bbox 2221 3064 2274 3112; x_wconf 91' lang='lat' dir='ltr'><strong>et</strong></span> <span class='ocrx_word' id='word_1_462' title='bbox 2300 3055 2526 3112; x_wconf 90' lang='lat' dir='ltr'><strong>nutritos</strong></span> <span class='ocrx_word' id='word_1_463' title='bbox 2553 3065 2869 3126; x_wconf 80' lang='lat' dir='ltr'><strong>agnoscunt,</strong></span> <span class='ocrx_word' id='word_1_464' title='bbox 2888 3056 3126 3112; x_wconf 87' lang='lat' dir='ltr'><strong>resident</strong></span> <span class='ocrx_word' id='word_1_465' title='bbox 3143 3055 3294 3127; x_wconf 83' lang='lat' dir='ltr'><strong>juxta</strong></span> <span class='ocrx_word' id='word_1_466' title='bbox 3317 3058 3517 3116; x_wconf 86' lang='lat' dir='ltr'><strong>ﬂuenta</strong></span> <span class='ocrx_word' id='word_1_467' title='bbox 3540 3059 3652 3132; x_wconf 87' lang='lat' dir='ltr'><strong>ple-</strong></span> 
     </span>
    </p>
   </div>
   <div class='ocr_carea' id='block_1_61' title="bbox 2058 3146 3652 3218">
    <p class='ocr_par' dir='ltr' id='par_1_61' title="bbox 2058 3146 3652 3218">
     <span class='ocr_line' id='line_1_61' title="bbox 2058 3146 3652 3218; baseline 0.006 -16"><span class='ocrx_word' id='word_1_468' title='bbox 2058 3147 2303 3215; x_wconf 91' lang='lat' dir='ltr'><strong>nissima,</strong></span> <span class='ocrx_word' id='word_1_469' title='bbox 2319 3147 2372 3204; x_wconf 90' lang='lat' dir='ltr'><strong>id</strong></span> <span class='ocrx_word' id='word_1_470' title='bbox 2385 3156 2466 3203; x_wconf 89' lang='lat' dir='ltr'><strong>est</strong></span> <span class='ocrx_word' id='word_1_471' title='bbox 2479 3147 2616 3203; x_wconf 87' lang='lat' dir='ltr'><strong>inter</strong></span> <span class='ocrx_word' id='word_1_472' title='bbox 2633 3148 2806 3203; x_wconf 89' lang='lat' dir='ltr'><strong>sancti</strong></span> <span class='ocrx_word' id='word_1_473' title='bbox 2826 3147 3054 3218; x_wconf 90' lang='lat' dir='ltr'><strong>Spiritus</strong></span> <span class='ocrx_word' id='word_1_474' title='bbox 3069 3146 3264 3206; x_wconf 84' lang='lat' dir='ltr'><strong>affluen</strong></span> <span class='ocrx_word' id='word_1_475' title='bbox 3275 3152 3474 3208; x_wconf 89' lang='lat' dir='ltr'><strong>tissima</strong></span> <span class='ocrx_word' id='word_1_476' title='bbox 3488 3154 3652 3211; x_wconf 84' lang='lat' dir='ltr'><strong>dona.</strong></span> 
     </span>
    </p>
   </div>
   <div class='ocr_carea' id='block_1_62' title="bbox 357 3240 3653 3328">
    <p class='ocr_par' dir='ltr' id='par_1_62' title="bbox 357 3240 3653 3328">
     <span class='ocr_line' id='line_1_62' title="bbox 357 3240 3653 3328; baseline 0.003 -25"><span class='ocrx_word' id='word_1_477' title='bbox 357 3255 599 3319; x_wconf 80' lang='lat' dir='ltr'><strong>quosque</strong></span> <span class='ocrx_word' id='word_1_478' title='bbox 621 3250 866 3320; x_wconf 89' lang='lat' dir='ltr'><strong>conjurat</strong></span> <span class='ocrx_word' id='word_1_479' title='bbox 884 3252 932 3307; x_wconf 92' lang='lat' dir='ltr'><strong>si</strong></span> <span class='ocrx_word' id='word_1_480' title='bbox 959 3268 1055 3322; x_wconf 86' lang='lat' dir='ltr'><strong>per</strong></span> <span class='ocrx_word' id='word_1_481' title='bbox 1082 3253 1212 3308; x_wconf 85' lang='lat' dir='ltr'><strong>istas</strong></span> <span class='ocrx_word' id='word_1_482' title='bbox 1239 3253 1630 3321; x_wconf 88' lang='lat' dir='ltr'><strong>tribulationes,</strong></span> <span class='ocrx_word' id='word_1_483' title='bbox 1656 3256 1720 3311; x_wconf 90' lang='lat' dir='ltr'><strong>ad</strong></span> <span class='ocrx_word' id='word_1_484' title='bbox 1752 3256 1948 3328; x_wconf 87' lang='lat' dir='ltr'><strong>ipsum,</strong></span> <span class='ocrx_word' id='word_1_485' title='bbox 1981 3244 2030 3309; x_wconf 85' lang='lat' dir='ltr'><strong>C</strong></span> <span class='ocrx_word' id='word_1_486' title='bbox 2132 3241 2290 3297; x_wconf 75' lang='grc' dir='ltr'><strong>Νυωο</strong></span> <span class='ocrx_word' id='word_1_487' title='bbox 2326 3240 2448 3297; x_wconf 66' lang='grc' dir='ltr'><strong>ηδ·</strong></span> <span class='ocrx_word' id='word_1_488' title='bbox 2477 3240 2631 3296; x_wconf 61' lang='grc' dir='ltr'><strong>(θεηαῖ</strong></span> <span class='ocrx_word' id='word_1_489' title='bbox 2658 3240 2799 3296; x_wconf 56' lang='lat' dir='ltr'><strong>“(ius</strong></span> <span class='ocrx_word' id='word_1_490' title='bbox 2825 3243 2956 3297; x_wconf 61' lang='grc' dir='ltr'><strong>δίεπε</strong></span> <span class='ocrx_word' id='word_1_491' title='bbox 2983 3243 3171 3298; x_wconf 72' lang='grc' dir='ltr'><strong>ανεοίιε</strong></span> <span class='ocrx_word' id='word_1_492' title='bbox 3196 3256 3506 3303; x_wconf 59' lang='lat' dir='ltr'><strong>“romam”!-</strong></span> <span class='ocrx_word' id='word_1_493' title='bbox 3533 3248 3653 3306; x_wconf 69' lang='lat' dir='ltr'><strong>Sie-</strong></span> 
     </span>
    </p>
   </div>
   <div class='ocr_carea' id='block_1_63' title="bbox 358 3344 1952 3416">
    <p class='ocr_par' dir='ltr' id='par_1_63' title="bbox 358 3344 1952 3416">
     <span class='ocr_line' id='line_1_63' title="bbox 358 3344 1952 3416; baseline 0.006 -21"><span class='ocrx_word' id='word_1_494' title='bbox 358 3349 666 3413; x_wconf 90' lang='lat' dir='ltr'><strong>eontempta</strong></span> <span class='ocrx_word' id='word_1_495' title='bbox 696 3344 805 3399; x_wconf 83' lang='lat' dir='ltr'><strong>vita</strong></span> <span class='ocrx_word' id='word_1_496' title='bbox 826 3345 1042 3413; x_wconf 88' lang='lat' dir='ltr'><strong>mundi,</strong></span> <span class='ocrx_word' id='word_1_497' title='bbox 1075 3348 1394 3416; x_wconf 85' lang='lat' dir='ltr'><strong>perveniant</strong></span> <span class='ocrx_word' id='word_1_498' title='bbox 1425 3365 1438 3400; x_wconf 90' lang='lat'>:</span> <span class='ocrx_word' id='word_1_499' title='bbox 1472 3357 1527 3402; x_wconf 91' lang='lat' dir='ltr'><strong>ut</strong></span> <span class='ocrx_word' id='word_1_500' title='bbox 1549 3347 1824 3404; x_wconf 87' lang='lat' dir='ltr'><strong>insinuent</strong></span> <span class='ocrx_word' id='word_1_501' title='bbox 1847 3349 1952 3406; x_wconf 81' lang='lat' dir='ltr'><strong>Ec-</strong></span> 
     </span>
    </p>
   </div>
   <div class='ocr_carea' id='block_1_64' title="bbox 357 3435 1951 3510">
    <p class='ocr_par' dir='ltr' id='par_1_64' title="bbox 357 3435 1951 3510">
     <span class='ocr_line' id='line_1_64' title="bbox 357 3435 1951 3510; baseline 0.004 -18"><span class='ocrx_word' id='word_1_502' title='bbox 357 3435 580 3493; x_wconf 89' lang='lat' dir='ltr'><strong>clesiam</strong></span> <span class='ocrx_word' id='word_1_503' title='bbox 610 3439 664 3494; x_wconf 89' lang='lat' dir='ltr'><strong>in</strong></span> <span class='ocrx_word' id='word_1_504' title='bbox 693 3439 778 3495; x_wconf 90' lang='lat' dir='ltr'><strong>his</strong></span> <span class='ocrx_word' id='word_1_505' title='bbox 804 3441 1270 3510; x_wconf 88' lang='lat' dir='ltr'><strong>persecutionibus</strong></span> <span class='ocrx_word' id='word_1_506' title='bbox 1297 3443 1663 3508; x_wconf 85' lang='lat' dir='ltr'><strong>constitutam,</strong></span> <span class='ocrx_word' id='word_1_507' title='bbox 1695 3443 1951 3498; x_wconf 74' lang='lat' dir='ltr'><strong>ineffabili</strong></span> 
     </span>
    </p>
   </div>
   <div class='ocr_carea' id='block_1_65' title="bbox 357 3529 1954 3605">
    <p class='ocr_par' dir='ltr' id='par_1_65' title="bbox 357 3529 1954 3605">
     <span class='ocr_line' id='line_1_65' title="bbox 357 3529 1954 3605; baseline 0.007 -21"><span class='ocrx_word' id='word_1_508' title='bbox 357 3530 499 3586; x_wconf 86' lang='lat' dir='ltr'><strong>circa</strong></span> <span class='ocrx_word' id='word_1_509' title='bbox 540 3529 711 3588; x_wconf 88' lang='lat' dir='ltr'><strong>Deum</strong></span> <span class='ocrx_word' id='word_1_510' title='bbox 750 3533 1040 3590; x_wconf 88' lang='lat' dir='ltr'><strong>dilectione</strong></span> <span class='ocrx_word' id='word_1_511' title='bbox 1066 3531 1389 3605; x_wconf 86' lang='lat' dir='ltr'><strong>ferventem,</strong></span> <span class='ocrx_word' id='word_1_512' title='bbox 1428 3550 1526 3591; x_wconf 91' lang='lat' dir='ltr'><strong>nec</strong></span> <span class='ocrx_word' id='word_1_513' title='bbox 1569 3537 1730 3592; x_wconf 84' lang='lat' dir='ltr'><strong>tantis</strong></span> <span class='ocrx_word' id='word_1_514' title='bbox 1765 3545 1820 3592; x_wconf 91' lang='lat' dir='ltr'><strong>et</strong></span> <span class='ocrx_word' id='word_1_515' title='bbox 1849 3546 1954 3596; x_wconf 86' lang='lat' dir='ltr'><strong>tam</strong></span> 
     </span>
    </p>
   </div>
   <div class='ocr_carea' id='block_1_66' title="bbox 359 3623 1689 3700">
    <p class='ocr_par' dir='ltr' id='par_1_66' title="bbox 359 3623 1689 3700">
     <span class='ocr_line' id='line_1_66' title="bbox 359 3623 1689 3700; baseline 0.005 -22"><span class='ocrx_word' id='word_1_516' title='bbox 359 3623 645 3681; x_wconf 80' lang='lat' dir='ltr'><strong>horrendis</strong></span> <span class='ocrx_word' id='word_1_517' title='bbox 664 3628 928 3697; x_wconf 84' lang='lat' dir='ltr'><strong>angustiis</strong></span> <span class='ocrx_word' id='word_1_518' title='bbox 960 3628 1068 3684; x_wconf 91' lang='lat' dir='ltr'><strong>ullo</strong></span> <span class='ocrx_word' id='word_1_519' title='bbox 1098 3629 1260 3684; x_wconf 91' lang='lat' dir='ltr'><strong>modo</strong></span> <span class='ocrx_word' id='word_1_520' title='bbox 1285 3627 1689 3700; x_wconf 83' lang='lat' dir='ltr'><strong>frigesceutem.</strong></span> 
     </span>
    </p>
   </div>
   <div class='ocr_carea' id='block_1_67' title="bbox 429 3727 1958 3797">
    <p class='ocr_par' dir='ltr' id='par_1_67' title="bbox 429 3727 1958 3797">
     <span class='ocr_line' id='line_1_67' title="bbox 429 3727 1958 3797; baseline 0.006 -15"><span class='ocrx_word' id='word_1_521' title='bbox 429 3727 589 3783; x_wconf 85' lang='lat' dir='ltr'><strong>Num.</strong></span> <span class='ocrx_word' id='word_1_522' title='bbox 613 3729 739 3784; x_wconf 86' lang='grc'><strong>117.</strong></span> <span class='ocrx_word' id='word_1_523' title='bbox 771 3731 948 3797; x_wconf 85' lang='lat' dir='ltr'><strong>Qualis</strong></span> <span class='ocrx_word' id='word_1_524' title='bbox 1005 3741 1077 3786; x_wconf 88' lang='lat' dir='ltr'><strong>est</strong></span> <span class='ocrx_word' id='word_1_525' title='bbox 1111 3733 1322 3787; x_wconf 86' lang='lat' dir='ltr'><strong>dilectus</strong></span> <span class='ocrx_word' id='word_1_526' title='bbox 1366 3745 1479 3789; x_wconf 86' lang='lat' dir='ltr'><strong>tuus</strong></span> <span class='ocrx_word' id='word_1_527' title='bbox 1502 3737 1528 3788; x_wconf 72' lang='grc' dir='ltr'><strong><em>Ρ</em></strong></span> <span class='ocrx_word' id='word_1_528' title='bbox 1564 3734 1680 3790; x_wconf 83' lang='lat' dir='ltr'><strong>Vox</strong></span> <span class='ocrx_word' id='word_1_529' title='bbox 1731 3736 1958 3792; x_wconf 85' lang='lat' dir='ltr'><strong>interro-</strong></span> 
     </span>
    </p>
   </div>
   <div class='ocr_carea' id='block_1_68' title="bbox 357 3817 1958 3895">
    <p class='ocr_par' dir='ltr' id='par_1_68' title="bbox 357 3817 1958 3895">
     <span class='ocr_line' id='line_1_68' title="bbox 357 3817 1958 3895; baseline 0.007 -24"><span class='ocrx_word' id='word_1_530' title='bbox 357 3817 596 3887; x_wconf 82' lang='lat' dir='ltr'><strong>gantium</strong></span> <span class='ocrx_word' id='word_1_531' title='bbox 625 3819 948 3886; x_wconf 89' lang='lat' dir='ltr'><strong>electorum,</strong></span> <span class='ocrx_word' id='word_1_532' title='bbox 994 3832 1047 3875; x_wconf 90' lang='lat' dir='ltr'><strong>et</strong></span> <span class='ocrx_word' id='word_1_533' title='bbox 1098 3823 1255 3877; x_wconf 83' lang='lat' dir='ltr'><strong>ﬁdem</strong></span> <span class='ocrx_word' id='word_1_534' title='bbox 1306 3823 1563 3879; x_wconf 66' lang='lat' dir='ltr'><strong>Ecclesia:</strong></span> <span class='ocrx_word' id='word_1_535' title='bbox 1596 3839 1663 3878; x_wconf 81' lang='lat' dir='ltr'><strong>ex</strong></span> <span class='ocrx_word' id='word_1_536' title='bbox 1722 3825 1840 3895; x_wconf 86' lang='lat' dir='ltr'><strong>ejus</strong></span> <span class='ocrx_word' id='word_1_537' title='bbox 1868 3843 1958 3883; x_wconf 88' lang='lat' dir='ltr'><strong>re-</strong></span> 
     </span>
    </p>
   </div>
   <div class='ocr_carea' id='block_1_69' title="bbox 359 3914 1960 3984">
    <p class='ocr_par' dir='ltr' id='par_1_69' title="bbox 359 3914 1960 3984">
     <span class='ocr_line' id='line_1_69' title="bbox 359 3914 1960 3984; baseline 0.005 -16"><span class='ocrx_word' id='word_1_538' title='bbox 359 3914 650 3983; x_wconf 84' lang='lat' dir='ltr'><strong>sponsione</strong></span> <span class='ocrx_word' id='word_1_539' title='bbox 681 3915 1082 3984; x_wconf 84' lang='lat' dir='ltr'><strong>inquirentium.</strong></span> <span class='ocrx_word' id='word_1_540' title='bbox 1140 3918 1322 3982; x_wconf 85' lang='lat' dir='ltr'><strong>Qualis</strong></span> <span class='ocrx_word' id='word_1_541' title='bbox 1346 3928 1419 3973; x_wconf 87' lang='lat' dir='ltr'><strong>est</strong></span> <span class='ocrx_word' id='word_1_542' title='bbox 1470 3918 1688 3971; x_wconf 87' lang='lat' dir='ltr'><strong>dilectus</strong></span> <span class='ocrx_word' id='word_1_543' title='bbox 1736 3929 1853 3973; x_wconf 89' lang='lat' dir='ltr'><strong>tuus</strong></span> <span class='ocrx_word' id='word_1_544' title='bbox 1899 3937 1960 3976; x_wconf 76' lang='lat' dir='ltr'><strong>ea:</strong></span> 
     </span>
    </p>
   </div>
   <div class='ocr_carea' id='block_1_70' title="bbox 363 4003 1960 4074">
    <p class='ocr_par' dir='ltr' id='par_1_70' title="bbox 363 4003 1960 4074">
     <span class='ocr_line' id='line_1_70' title="bbox 363 4003 1960 4074; baseline 0.006 -16"><span class='ocrx_word' id='word_1_545' title='bbox 363 4004 593 4060; x_wconf 82' lang='lat' dir='ltr'><strong>dilecto?</strong></span> <span class='ocrx_word' id='word_1_546' title='bbox 626 4003 679 4059; x_wconf 89' lang='lat' dir='ltr'><strong>id</strong></span> <span class='ocrx_word' id='word_1_547' title='bbox 707 4013 820 4068; x_wconf 89' lang='lat' dir='ltr'><strong>est,</strong></span> <span class='ocrx_word' id='word_1_548' title='bbox 852 4005 1024 4074; x_wconf 86' lang='lat' dir='ltr'><strong>qualis</strong></span> <span class='ocrx_word' id='word_1_549' title='bbox 1061 4013 1144 4061; x_wconf 86' lang='lat' dir='ltr'><strong>est</strong></span> <span class='ocrx_word' id='word_1_550' title='bbox 1174 4007 1317 4062; x_wconf 82' lang='lat' dir='ltr'><strong>Deus</strong></span> <span class='ocrx_word' id='word_1_551' title='bbox 1344 4023 1410 4062; x_wconf 82' lang='lat' dir='ltr'><strong>ex</strong></span> <span class='ocrx_word' id='word_1_552' title='bbox 1442 4007 1575 4074; x_wconf 90' lang='lat' dir='ltr'><strong>Deo,</strong></span> <span class='ocrx_word' id='word_1_553' title='bbox 1605 4009 1690 4063; x_wconf 88' lang='lat' dir='ltr'><strong>vel</strong></span> <span class='ocrx_word' id='word_1_554' title='bbox 1725 4009 1888 4064; x_wconf 84' lang='lat' dir='ltr'><strong>Filius</strong></span> <span class='ocrx_word' id='word_1_555' title='bbox 1929 4027 1960 4067; x_wconf 89' lang='lat' dir='ltr'><strong>a</strong></span> 
     </span>
    </p>
   </div>
   <div class='ocr_carea' id='block_1_71' title="bbox 360 4097 1962 4169">
    <p class='ocr_par' dir='ltr' id='par_1_71' title="bbox 360 4097 1962 4169">
     <span class='ocr_line' id='line_1_71' title="bbox 360 4097 1962 4169; baseline 0.002 -15"><span class='ocrx_word' id='word_1_556' title='bbox 360 4097 566 4154; x_wconf 79' lang='lat' dir='ltr'><strong>Patre?</strong></span> <span class='ocrx_word' id='word_1_557' title='bbox 612 4098 666 4152; x_wconf 92' lang='lat' dir='ltr'><strong>in</strong></span> <span class='ocrx_word' id='word_1_558' title='bbox 707 4097 1057 4153; x_wconf 90' lang='lat' dir='ltr'><strong>similitudine</strong></span> <span class='ocrx_word' id='word_1_559' title='bbox 1101 4098 1343 4153; x_wconf 90' lang='lat' dir='ltr'><strong>omnium</strong></span> <span class='ocrx_word' id='word_1_560' title='bbox 1392 4099 1752 4169; x_wconf 84' lang='lat' dir='ltr'><strong>aequalitatem</strong></span> <span class='ocrx_word' id='word_1_561' title='bbox 1783 4101 1962 4157; x_wconf 84' lang='lat' dir='ltr'><strong>decla-</strong></span> 
     </span>
    </p>
   </div>
   <div class='ocr_carea' id='block_1_72' title="bbox 361 4190 1961 4260">
    <p class='ocr_par' dir='ltr' id='par_1_72' title="bbox 361 4190 1961 4260">
     <span class='ocr_line' id='line_1_72' title="bbox 361 4190 1961 4260; baseline 0.002 -14"><span class='ocrx_word' id='word_1_562' title='bbox 361 4202 490 4246; x_wconf 80' lang='lat' dir='ltr'><strong>rans</strong></span> <span class='ocrx_word' id='word_1_563' title='bbox 544 4204 920 4260; x_wconf 88' lang='lat' dir='ltr'><strong>personarum.</strong></span> <span class='ocrx_word' id='word_1_564' title='bbox 971 4190 1075 4258; x_wconf 82' lang='lat' dir='ltr'><strong>Qui</strong></span> <span class='ocrx_word' id='word_1_565' title='bbox 1123 4192 1266 4246; x_wconf 88' lang='lat' dir='ltr'><strong>enim</strong></span> <span class='ocrx_word' id='word_1_566' title='bbox 1315 4207 1420 4246; x_wconf 93' lang='lat' dir='ltr'><strong>non</strong></span> <span class='ocrx_word' id='word_1_567' title='bbox 1468 4191 1854 4247; x_wconf 86' lang='lat' dir='ltr'><strong>discernuntur</strong></span> <span class='ocrx_word' id='word_1_568' title='bbox 1908 4195 1961 4250; x_wconf 91' lang='lat' dir='ltr'><strong>in</strong></span> 
     </span>
    </p>
   </div>
   <div class='ocr_carea' id='block_1_73' title="bbox 364 4284 1962 4357">
    <p class='ocr_par' dir='ltr' id='par_1_73' title="bbox 364 4284 1962 4357">
     <span class='ocr_line' id='line_1_73' title="bbox 364 4284 1962 4357; baseline 0.001 -17"><span class='ocrx_word' id='word_1_569' title='bbox 364 4285 524 4340; x_wconf 87' lang='lat' dir='ltr'><strong>unius</strong></span> <span class='ocrx_word' id='word_1_570' title='bbox 554 4299 677 4340; x_wconf 87' lang='lat' dir='ltr'><strong>esse</strong></span> <span class='ocrx_word' id='word_1_571' title='bbox 703 4293 935 4352; x_wconf 70' lang='lat' dir='ltr'><strong>naturas,</strong></span> <span class='ocrx_word' id='word_1_572' title='bbox 955 4293 1011 4341; x_wconf 90' lang='lat' dir='ltr'><strong>et</strong></span> <span class='ocrx_word' id='word_1_573' title='bbox 1039 4286 1094 4342; x_wconf 89' lang='lat' dir='ltr'><strong>in</strong></span> <span class='ocrx_word' id='word_1_574' title='bbox 1115 4284 1304 4342; x_wconf 89' lang='lat' dir='ltr'><strong>eadem</strong></span> <span class='ocrx_word' id='word_1_575' title='bbox 1326 4299 1644 4357; x_wconf 87' lang='lat' dir='ltr'><strong>permanere</strong></span> <span class='ocrx_word' id='word_1_576' title='bbox 1670 4287 1962 4342; x_wconf 90' lang='lat' dir='ltr'><strong>creduntur</strong></span> 
     </span>
    </p>
   </div>
   <div class='ocr_carea' id='block_1_74' title="bbox 362 4378 881 4450">
    <p class='ocr_par' dir='ltr' id='par_1_74' title="bbox 362 4378 881 4450">
     <span class='ocr_line' id='line_1_74' title="bbox 362 4378 881 4450; baseline -0.002 -15"><span class='ocrx_word' id='word_1_577' title='bbox 362 4379 531 4450; x_wconf 87' lang='lat' dir='ltr'><strong>gloria</strong></span> <span class='ocrx_word' id='word_1_578' title='bbox 562 4378 881 4450; x_wconf 88' lang='lat' dir='ltr'><strong>majestatis.</strong></span> 
     </span>
    </p>
   </div>
   <div class='ocr_carea' id='block_1_75' title="bbox 432 4479 1958 4539">
    <p class='ocr_par' dir='ltr' id='par_1_75' title="bbox 432 4479 1958 4539">
     <span class='ocr_line' id='line_1_75' title="bbox 432 4479 1958 4539; baseline 0.001 -4"><span class='ocrx_word' id='word_1_579' title='bbox 432 4479 591 4536; x_wconf 83' lang='lat' dir='ltr'><strong>Num.</strong></span> <span class='ocrx_word' id='word_1_580' title='bbox 625 4481 748 4536; x_wconf 89' lang='grc'><strong>118.</strong></span> <span class='ocrx_word' id='word_1_581' title='bbox 791 4479 1021 4537; x_wconf 83' lang='lat' dir='ltr'><strong>Dilectus</strong></span> <span class='ocrx_word' id='word_1_582' title='bbox 1048 4481 1298 4539; x_wconf 87' lang='lat' dir='ltr'><strong>candidus</strong></span> <span class='ocrx_word' id='word_1_583' title='bbox 1343 4489 1394 4537; x_wconf 88' lang='lat' dir='ltr'><strong>et</strong></span> <span class='ocrx_word' id='word_1_584' title='bbox 1426 4480 1758 4537; x_wconf 84' lang='lat' dir='ltr'><strong>rubicundus.</strong></span> <span class='ocrx_word' id='word_1_585' title='bbox 1817 4482 1958 4537; x_wconf 88' lang='lat' dir='ltr'><strong>Can-</strong></span> 
     </span>
    </p>
   </div>
   <div class='ocr_carea' id='block_1_76' title="bbox 364 4571 2033 4644">
    <p class='ocr_par' dir='ltr' id='par_1_76' title="bbox 364 4571 2033 4644">
     <span class='ocr_line' id='line_1_76' title="bbox 364 4571 2033 4644; baseline -0.002 -17"><span class='ocrx_word' id='word_1_586' title='bbox 364 4571 523 4628; x_wconf 86' lang='lat' dir='ltr'><strong>didus</strong></span> <span class='ocrx_word' id='word_1_587' title='bbox 547 4573 667 4644; x_wconf 85' lang='lat' dir='ltr'><strong>quia</strong></span> <span class='ocrx_word' id='word_1_588' title='bbox 700 4574 752 4626; x_wconf 90' lang='lat' dir='ltr'><strong>in</strong></span> <span class='ocrx_word' id='word_1_589' title='bbox 766 4575 1020 4644; x_wconf 77' lang='lat' dir='ltr'><strong>principio</strong></span> <span class='ocrx_word' id='word_1_590' title='bbox 1043 4583 1154 4629; x_wconf 87' lang='lat' dir='ltr'><strong>erat</strong></span> <span class='ocrx_word' id='word_1_591' title='bbox 1189 4573 1435 4639; x_wconf 86' lang='lat' dir='ltr'><strong>Verbum,</strong></span> <span class='ocrx_word' id='word_1_592' title='bbox 1455 4584 1502 4629; x_wconf 87' lang='lat' dir='ltr'><strong>et</strong></span> <span class='ocrx_word' id='word_1_593' title='bbox 1536 4574 1675 4629; x_wconf 89' lang='lat' dir='ltr'><strong>Deus</strong></span> <span class='ocrx_word' id='word_1_594' title='bbox 1701 4584 1810 4628; x_wconf 87' lang='lat' dir='ltr'><strong>erat</strong></span> <span class='ocrx_word' id='word_1_595' title='bbox 1843 4575 1964 4630; x_wconf 85' lang='lat' dir='ltr'><strong>Ver-</strong></span> <span class='ocrx_word' id='word_1_596' title='bbox 1988 4619 2033 4644; x_wconf 81' lang='lat'><strong>_.</strong></span> 
     </span>
    </p>
   </div>
   <div class='ocr_carea' id='block_1_77' title="bbox 2062 3333 3656 3408">
    <p class='ocr_par' dir='ltr' id='par_1_77' title="bbox 2062 3333 3656 3408">
     <span class='ocr_line' id='line_1_77' title="bbox 2062 3333 3656 3408; baseline 0.003 -14"><span class='ocrx_word' id='word_1_597' title='bbox 2062 3343 2121 3394; x_wconf 88' lang='lat' dir='ltr'><strong>ut</strong></span> <span class='ocrx_word' id='word_1_598' title='bbox 2155 3334 2298 3392; x_wconf 90' lang='lat' dir='ltr'><strong>enim</strong></span> <span class='ocrx_word' id='word_1_599' title='bbox 2321 3334 2374 3390; x_wconf 90' lang='lat' dir='ltr'><strong>in</strong></span> <span class='ocrx_word' id='word_1_600' title='bbox 2405 3333 2576 3390; x_wconf 89' lang='lat' dir='ltr'><strong>oculis</strong></span> <span class='ocrx_word' id='word_1_601' title='bbox 2611 3333 3004 3404; x_wconf 88' lang='lat' dir='ltr'><strong>columbarum,</strong></span> <span class='ocrx_word' id='word_1_602' title='bbox 3045 3334 3167 3407; x_wconf 86' lang='lat' dir='ltr'><strong>jure</strong></span> <span class='ocrx_word' id='word_1_603' title='bbox 3213 3339 3486 3408; x_wconf 91' lang='lat' dir='ltr'><strong>apostolos</strong></span> <span class='ocrx_word' id='word_1_604' title='bbox 3514 3341 3656 3398; x_wconf 89' lang='lat' dir='ltr'><strong>acci-</strong></span> 
     </span>
    </p>
   </div>
   <div class='ocr_carea' id='block_1_78' title="bbox 2061 3426 3657 3504">
    <p class='ocr_par' dir='ltr' id='par_1_78' title="bbox 2061 3426 3657 3504">
     <span class='ocr_line' id='line_1_78' title="bbox 2061 3426 3657 3504; baseline 0.006 -22"><span class='ocrx_word' id='word_1_605' title='bbox 2061 3428 2242 3500; x_wconf 91' lang='lat' dir='ltr'><strong>pimus</strong></span> <span class='ocrx_word' id='word_1_606' title='bbox 2289 3426 2494 3498; x_wconf 88' lang='lat' dir='ltr'><strong>Spiritu</strong></span> <span class='ocrx_word' id='word_1_607' title='bbox 2519 3434 2709 3482; x_wconf 85' lang='lat' dir='ltr'><strong>sancto</strong></span> <span class='ocrx_word' id='word_1_608' title='bbox 2738 3427 2996 3497; x_wconf 86' lang='lat' dir='ltr'><strong>repletos,</strong></span> <span class='ocrx_word' id='word_1_609' title='bbox 3027 3428 3102 3484; x_wconf 89' lang='lat' dir='ltr'><strong>ita</strong></span> <span class='ocrx_word' id='word_1_610' title='bbox 3152 3437 3206 3485; x_wconf 91' lang='lat' dir='ltr'><strong>et</strong></span> <span class='ocrx_word' id='word_1_611' title='bbox 3234 3429 3288 3484; x_wconf 91' lang='lat' dir='ltr'><strong>in</strong></span> <span class='ocrx_word' id='word_1_612' title='bbox 3329 3432 3482 3501; x_wconf 82' lang='lat' dir='ltr'><strong>genis</strong></span> <span class='ocrx_word' id='word_1_613' title='bbox 3534 3449 3657 3504; x_wconf 67' lang='lat' dir='ltr'><strong>qua</strong></span> 
     </span>
    </p>
   </div>
   <div class='ocr_carea' id='block_1_79' title="bbox 2062 3519 3660 3596">
    <p class='ocr_par' dir='ltr' id='par_1_79' title="bbox 2062 3519 3660 3596">
     <span class='ocr_line' id='line_1_79' title="bbox 2062 3519 3660 3596; baseline 0.005 -21"><span class='ocrx_word' id='word_1_614' title='bbox 2062 3521 2253 3576; x_wconf 73' lang='lat' dir='ltr'><strong>vicinae</strong></span> <span class='ocrx_word' id='word_1_615' title='bbox 2288 3529 2411 3575; x_wconf 89' lang='lat' dir='ltr'><strong>sunt</strong></span> <span class='ocrx_word' id='word_1_616' title='bbox 2447 3519 2641 3587; x_wconf 91' lang='lat' dir='ltr'><strong>oculis,</strong></span> <span class='ocrx_word' id='word_1_617' title='bbox 2669 3534 2761 3576; x_wconf 88' lang='lat' dir='ltr'><strong>eas</strong></span> <span class='ocrx_word' id='word_1_618' title='bbox 2794 3519 3063 3578; x_wconf 88' lang='lat' dir='ltr'><strong>Ecclesias</strong></span> <span class='ocrx_word' id='word_1_619' title='bbox 3093 3538 3211 3591; x_wconf 72' lang='lat' dir='ltr'><strong>quae</strong></span> <span class='ocrx_word' id='word_1_620' title='bbox 3243 3537 3340 3594; x_wconf 90' lang='lat' dir='ltr'><strong>per</strong></span> <span class='ocrx_word' id='word_1_621' title='bbox 3382 3529 3660 3596; x_wconf 84' lang='lat' dir='ltr'><strong>apostolos</strong></span> 
     </span>
    </p>
   </div>
   <div class='ocr_carea' id='block_1_80' title="bbox 2063 3615 3656 3686">
    <p class='ocr_par' dir='ltr' id='par_1_80' title="bbox 2063 3615 3656 3686">
     <span class='ocr_line' id='line_1_80' title="bbox 2063 3615 3656 3686; baseline 0.001 -12"><span class='ocrx_word' id='word_1_622' title='bbox 2063 3615 2408 3674; x_wconf 90' lang='lat' dir='ltr'><strong>crediderunt</strong></span> <span class='ocrx_word' id='word_1_623' title='bbox 2449 3629 2570 3686; x_wconf 73' lang='lat' dir='ltr'><strong>quae</strong></span> <span class='ocrx_word' id='word_1_624' title='bbox 2600 3615 2750 3673; x_wconf 86' lang='lat' dir='ltr'><strong>velut</strong></span> <span class='ocrx_word' id='word_1_625' title='bbox 2784 3615 2984 3672; x_wconf 81' lang='lat' dir='ltr'><strong>areolae</strong></span> <span class='ocrx_word' id='word_1_626' title='bbox 3023 3625 3347 3683; x_wconf 89' lang='lat' dir='ltr'><strong>aromatum,</strong></span> <span class='ocrx_word' id='word_1_627' title='bbox 3395 3618 3656 3675; x_wconf 84' lang='lat' dir='ltr'><strong>suavissi-</strong></span> 
     </span>
    </p>
   </div>
   <div class='ocr_carea' id='block_1_81' title="bbox 2063 3709 3655 3779">
    <p class='ocr_par' dir='ltr' id='par_1_81' title="bbox 2063 3709 3655 3779">
     <span class='ocr_line' id='line_1_81' title="bbox 2063 3709 3655 3779; baseline 0.001 -14"><span class='ocrx_word' id='word_1_628' title='bbox 2063 3725 2209 3766; x_wconf 91' lang='lat' dir='ltr'><strong>mum</strong></span> <span class='ocrx_word' id='word_1_629' title='bbox 2252 3710 2473 3765; x_wconf 91' lang='lat' dir='ltr'><strong>odorem</strong></span> <span class='ocrx_word' id='word_1_630' title='bbox 2513 3724 2577 3763; x_wconf 83' lang='lat' dir='ltr'><strong>ex</strong></span> <span class='ocrx_word' id='word_1_631' title='bbox 2630 3717 2817 3764; x_wconf 88' lang='lat' dir='ltr'><strong>sancta</strong></span> <span class='ocrx_word' id='word_1_632' title='bbox 2862 3709 3270 3765; x_wconf 86' lang='lat' dir='ltr'><strong>conversatione</strong></span> <span class='ocrx_word' id='word_1_633' title='bbox 3311 3713 3655 3779; x_wconf 89' lang='lat' dir='ltr'><strong>producunt:</strong></span> 
     </span>
    </p>
   </div>
   <div class='ocr_carea' id='block_1_82' title="bbox 2062 3803 3654 3876">
    <p class='ocr_par' dir='ltr' id='par_1_82' title="bbox 2062 3803 3654 3876">
     <span class='ocr_line' id='line_1_82' title="bbox 2062 3803 3654 3876; baseline 0.004 -18"><span class='ocrx_word' id='word_1_634' title='bbox 2062 3804 2272 3859; x_wconf 82' lang='lat' dir='ltr'><strong>consita:</strong></span> <span class='ocrx_word' id='word_1_635' title='bbox 2311 3820 2342 3857; x_wconf 91' lang='lat' dir='ltr'><strong>a</strong></span> <span class='ocrx_word' id='word_1_636' title='bbox 2373 3804 2723 3875; x_wconf 85' lang='lat' dir='ltr'><strong>pigmentariis</strong></span> <span class='ocrx_word' id='word_1_637' title='bbox 2749 3819 2770 3858; x_wconf 93' lang='lat'><strong><em>:</em></strong></span> <span class='ocrx_word' id='word_1_638' title='bbox 2800 3803 2905 3872; x_wconf 90' lang='lat' dir='ltr'><strong>piis</strong></span> <span class='ocrx_word' id='word_1_639' title='bbox 2935 3804 3144 3858; x_wconf 89' lang='lat' dir='ltr'><strong>scilicet</strong></span> <span class='ocrx_word' id='word_1_640' title='bbox 3181 3804 3654 3876; x_wconf 68' lang='lat' dir='ltr'><strong>prmdicatoribus,</strong></span> 
     </span>
    </p>
   </div>
   <div class='ocr_carea' id='block_1_83' title="bbox 2063 3895 3656 3969">
    <p class='ocr_par' dir='ltr' id='par_1_83' title="bbox 2063 3895 3656 3969">
     <span class='ocr_line' id='line_1_83' title="bbox 2063 3895 3656 3969; baseline 0.003 -17"><span class='ocrx_word' id='word_1_641' title='bbox 2063 3899 2129 3952; x_wconf 88' lang='lat' dir='ltr'><strong>ad</strong></span> <span class='ocrx_word' id='word_1_642' title='bbox 2154 3913 2286 3966; x_wconf 90' lang='lat' dir='ltr'><strong>quos</strong></span> <span class='ocrx_word' id='word_1_643' title='bbox 2317 3897 2606 3967; x_wconf 80' lang='lat' dir='ltr'><strong>Apostolus</strong></span> <span class='ocrx_word' id='word_1_644' title='bbox 2631 3898 2736 3952; x_wconf 86' lang='lat' dir='ltr'><strong>ait:</strong></span> <span class='ocrx_word' id='word_1_645' title='bbox 2764 3895 2846 3949; x_wconf 90' lang='lat' dir='ltr'><strong>Tu</strong></span> <span class='ocrx_word' id='word_1_646' title='bbox 2875 3906 3048 3952; x_wconf 86' lang='lat' dir='ltr'><strong>autem</strong></span> <span class='ocrx_word' id='word_1_647' title='bbox 3090 3913 3204 3951; x_wconf 88' lang='lat' dir='ltr'><strong>cum</strong></span> <span class='ocrx_word' id='word_1_648' title='bbox 3257 3896 3476 3955; x_wconf 86' lang='lat' dir='ltr'><strong>oleaster</strong></span> <span class='ocrx_word' id='word_1_649' title='bbox 3503 3919 3656 3969; x_wconf 85' lang='lat' dir='ltr'><strong>esses,</strong></span> 
     </span>
    </p>
   </div>
   <div class='ocr_carea' id='block_1_84' title="bbox 2063 3987 3661 4064">
    <p class='ocr_par' dir='ltr' id='par_1_84' title="bbox 2063 3987 3661 4064">
     <span class='ocr_line' id='line_1_84' title="bbox 2063 3987 3661 4064; baseline 0.004 -21"><span class='ocrx_word' id='word_1_650' title='bbox 2063 3989 2285 4043; x_wconf 85' lang='lat' dir='ltr'><strong>insertus</strong></span> <span class='ocrx_word' id='word_1_651' title='bbox 2312 4003 2364 4042; x_wconf 89' lang='lat' dir='ltr'><strong>es</strong></span> <span class='ocrx_word' id='word_1_652' title='bbox 2416 3987 2470 4040; x_wconf 89' lang='lat' dir='ltr'><strong>in</strong></span> <span class='ocrx_word' id='word_1_653' title='bbox 2499 3987 2640 4053; x_wconf 89' lang='lat' dir='ltr'><strong>illis,</strong></span> <span class='ocrx_word' id='word_1_654' title='bbox 2695 3995 2741 4042; x_wconf 87' lang='lat' dir='ltr'><strong>et</strong></span> <span class='ocrx_word' id='word_1_655' title='bbox 2783 3987 2953 4042; x_wconf 82' lang='lat' dir='ltr'><strong>socius</strong></span> <span class='ocrx_word' id='word_1_656' title='bbox 3001 3989 3196 4044; x_wconf 88' lang='lat' dir='ltr'><strong>radicis</strong></span> <span class='ocrx_word' id='word_1_657' title='bbox 3239 3997 3286 4044; x_wconf 88' lang='lat' dir='ltr'><strong>et</strong></span> <span class='ocrx_word' id='word_1_658' title='bbox 3333 3991 3661 4064; x_wconf 82' lang='lat' dir='ltr'><strong>pinguedinis</strong></span> 
     </span>
    </p>
   </div>
   <div class='ocr_carea' id='block_1_85' title="bbox 2065 4077 2818 4151">
    <p class='ocr_par' dir='ltr' id='par_1_85' title="bbox 2065 4077 2818 4151">
     <span class='ocr_line' id='line_1_85' title="bbox 2065 4077 2818 4151; baseline -0.004 -15"><span class='ocrx_word' id='word_1_659' title='bbox 2065 4081 2214 4136; x_wconf 80' lang='lat' dir='ltr'><strong>olivte</strong></span> <span class='ocrx_word' id='word_1_660' title='bbox 2243 4083 2408 4150; x_wconf 82' lang='lat' dir='ltr'><strong>factus</strong></span> <span class='ocrx_word' id='word_1_661' title='bbox 2433 4095 2485 4134; x_wconf 91' lang='lat' dir='ltr'><strong>es</strong></span> <span class='ocrx_word' id='word_1_662' title='bbox 2515 4079 2695 4151; x_wconf 76' lang='lat' dir='ltr'><strong>(Rom.</strong></span> <span class='ocrx_word' id='word_1_663' title='bbox 2717 4077 2818 4148; x_wconf 76' lang='grc' dir='ltr'><strong>ιι).</strong></span> 
     </span>
    </p>
   </div>
   <div class='ocr_carea' id='block_1_86' title="bbox 2139 4178 3659 4253">
    <p class='ocr_par' dir='ltr' id='par_1_86' title="bbox 2139 4178 3659 4253">
     <span class='ocr_line' id='line_1_86' title="bbox 2139 4178 3659 4253; baseline 0.005 -17"><span class='ocrx_word' id='word_1_664' title='bbox 2139 4181 2299 4238; x_wconf 84' lang='lat' dir='ltr'><strong>Num.</strong></span> <span class='ocrx_word' id='word_1_665' title='bbox 2325 4181 2448 4237; x_wconf 72' lang='grc'><strong>124.</strong></span> <span class='ocrx_word' id='word_1_666' title='bbox 2503 4181 2667 4236; x_wconf 88' lang='lat' dir='ltr'><strong>Labia</strong></span> <span class='ocrx_word' id='word_1_667' title='bbox 2700 4180 2844 4236; x_wconf 85' lang='lat' dir='ltr'><strong>illius</strong></span> <span class='ocrx_word' id='word_1_668' title='bbox 2881 4178 3189 4237; x_wconf 85' lang='lat' dir='ltr'><strong>distillantia</strong></span> <span class='ocrx_word' id='word_1_669' title='bbox 3216 4182 3501 4253; x_wconf 79' lang='lat' dir='ltr'><strong>myrrham.</strong></span> <span class='ocrx_word' id='word_1_670' title='bbox 3551 4185 3659 4243; x_wconf 77' lang='lat' dir='ltr'><strong>Do-</strong></span> 
     </span>
    </p>
   </div>
   <div class='ocr_carea' id='block_1_87' title="bbox 2066 4273 3662 4345">
    <p class='ocr_par' dir='ltr' id='par_1_87' title="bbox 2066 4273 3662 4345">
     <span class='ocr_line' id='line_1_87' title="bbox 2066 4273 3662 4345; baseline 0.001 -14"><span class='ocrx_word' id='word_1_671' title='bbox 2066 4284 2246 4331; x_wconf 88' lang='lat' dir='ltr'><strong>ctores</strong></span> <span class='ocrx_word' id='word_1_672' title='bbox 2276 4275 2395 4344; x_wconf 87' lang='lat' dir='ltr'><strong>ejus</strong></span> <span class='ocrx_word' id='word_1_673' title='bbox 2423 4273 2626 4344; x_wconf 86' lang='lat' dir='ltr'><strong>Spiritu</strong></span> <span class='ocrx_word' id='word_1_674' title='bbox 2654 4275 2741 4330; x_wconf 87' lang='lat' dir='ltr'><strong>vel</strong></span> <span class='ocrx_word' id='word_1_675' title='bbox 2768 4273 2930 4329; x_wconf 89' lang='lat' dir='ltr'><strong>etiam</strong></span> <span class='ocrx_word' id='word_1_676' title='bbox 2959 4287 3124 4330; x_wconf 85' lang='lat' dir='ltr'><strong>carne</strong></span> <span class='ocrx_word' id='word_1_677' title='bbox 3156 4274 3424 4345; x_wconf 78' lang='lat' dir='ltr'><strong>Virginis;</strong></span> <span class='ocrx_word' id='word_1_678' title='bbox 3456 4277 3511 4332; x_wconf 93' lang='lat' dir='ltr'><strong>in</strong></span> <span class='ocrx_word' id='word_1_679' title='bbox 3539 4278 3662 4334; x_wconf 73' lang='lat' dir='ltr'><strong>hoc~</strong></span> 
     </span>
    </p>
   </div>
   <div class='ocr_carea' id='block_1_88' title="bbox 2066 4366 3660 4441">
    <p class='ocr_par' dir='ltr' id='par_1_88' title="bbox 2066 4366 3660 4441">
     <span class='ocr_line' id='line_1_88' title="bbox 2066 4366 3660 4441; baseline 0.003 -19"><span class='ocrx_word' id='word_1_680' title='bbox 2066 4382 2172 4438; x_wconf 89' lang='lat' dir='ltr'><strong>que</strong></span> <span class='ocrx_word' id='word_1_681' title='bbox 2195 4368 2497 4437; x_wconf 89' lang='lat' dir='ltr'><strong>passionem</strong></span> <span class='ocrx_word' id='word_1_682' title='bbox 2521 4367 2638 4438; x_wconf 83' lang='lat' dir='ltr'><strong>ejus</strong></span> <span class='ocrx_word' id='word_1_683' title='bbox 2664 4366 3021 4436; x_wconf 65' lang='lat' dir='ltr'><strong>praedicantes</strong></span> <span class='ocrx_word' id='word_1_684' title='bbox 3041 4408 3058 4435; x_wconf 92' lang='lat'><strong>,</strong></span> <span class='ocrx_word' id='word_1_685' title='bbox 3092 4376 3151 4422; x_wconf 91' lang='lat' dir='ltr'><strong>ut</strong></span> <span class='ocrx_word' id='word_1_686' title='bbox 3189 4382 3288 4439; x_wconf 89' lang='lat' dir='ltr'><strong>pro</strong></span> <span class='ocrx_word' id='word_1_687' title='bbox 3317 4368 3414 4425; x_wconf 89' lang='lat' dir='ltr'><strong>illo</strong></span> <span class='ocrx_word' id='word_1_688' title='bbox 3439 4372 3529 4440; x_wconf 89' lang='lat' dir='ltr'><strong>qui</strong></span> <span class='ocrx_word' id='word_1_689' title='bbox 3560 4384 3660 4441; x_wconf 81' lang='lat' dir='ltr'><strong>pro</strong></span> 
     </span>
    </p>
   </div>
   <div class='ocr_carea' id='block_1_89' title="bbox 2066 4463 3285 4518">
    <p class='ocr_par' dir='ltr' id='par_1_89' title="bbox 2066 4463 3285 4518">
     <span class='ocr_line' id='line_1_89' title="bbox 2066 4463 3285 4518; baseline -0.002 0"><span class='ocrx_word' id='word_1_690' title='bbox 2066 4463 2222 4518; x_wconf 82' lang='lat' dir='ltr'><strong>nobis</strong></span> <span class='ocrx_word' id='word_1_691' title='bbox 2245 4473 2487 4518; x_wconf 90' lang='lat' dir='ltr'><strong>mortuus</strong></span> <span class='ocrx_word' id='word_1_692' title='bbox 2515 4470 2595 4516; x_wconf 90' lang='lat' dir='ltr'><strong>est</strong></span> <span class='ocrx_word' id='word_1_693' title='bbox 2621 4477 2728 4516; x_wconf 90' lang='lat' dir='ltr'><strong>non</strong></span> <span class='ocrx_word' id='word_1_694' title='bbox 2752 4469 3004 4518; x_wconf 88' lang='lat' dir='ltr'><strong>recusent</strong></span> <span class='ocrx_word' id='word_1_695' title='bbox 3035 4473 3285 4518; x_wconf 89' lang='lat' dir='ltr'><strong>mortem.</strong></span> 
     </span>
    </p>
   </div>
   <div class='ocr_carea' id='block_1_90' title="bbox 2140 4563 3662 4623">
    <p class='ocr_par' dir='ltr' id='par_1_90' title="bbox 2140 4563 3662 4623">
     <span class='ocr_line' id='line_1_90' title="bbox 2140 4563 3662 4623; baseline 0.003 -4"><span class='ocrx_word' id='word_1_696' title='bbox 2140 4564 2299 4620; x_wconf 84' lang='lat' dir='ltr'><strong>Num.</strong></span> <span class='ocrx_word' id='word_1_697' title='bbox 2331 4564 2455 4620; x_wconf 73' lang='grc'><strong>125.</strong></span> <span class='ocrx_word' id='word_1_698' title='bbox 2490 4563 2679 4619; x_wconf 73' lang='lat' dir='ltr'><strong>Manus</strong></span> <span class='ocrx_word' id='word_1_699' title='bbox 2704 4564 2845 4618; x_wconf 88' lang='lat' dir='ltr'><strong>illius</strong></span> <span class='ocrx_word' id='word_1_700' title='bbox 2868 4564 3134 4620; x_wconf 79' lang='lat' dir='ltr'><strong>lornaliles</strong></span> <span class='ocrx_word' id='word_1_701' title='bbox 3161 4580 3353 4622; x_wconf 68' lang='lat' dir='ltr'><strong>aurea.</strong></span> <span class='ocrx_word' id='word_1_702' title='bbox 3395 4565 3453 4621; x_wconf 87' lang='lat' dir='ltr'><strong>In</strong></span> <span class='ocrx_word' id='word_1_703' title='bbox 3482 4567 3662 4623; x_wconf 84' lang='lat' dir='ltr'><strong>mani-</strong></span> 
     </span>
    </p>
   </div>
   <div class='ocr_carea' id='block_1_91' title="bbox 364 4640 3662 4738">
    <p class='ocr_par' dir='ltr' id='par_1_91' title="bbox 364 4640 3662 4738">
     <span class='ocr_line' id='line_1_91' title="bbox 364 4640 3662 4738; baseline -0.001 -19"><span class='ocrx_word' id='word_1_704' title='bbox 364 4665 481 4720; x_wconf 88' lang='lat' dir='ltr'><strong>bum</strong></span> <span class='ocrx_word' id='word_1_705' title='bbox 506 4640 686 4736; x_wconf 79' lang='lat' dir='ltr'><strong>(Joan.</strong></span> <span class='ocrx_word' id='word_1_706' title='bbox 719 4640 782 4737; x_wconf 72' lang='grc' dir='ltr'><strong>ι).</strong></span> <span class='ocrx_word' id='word_1_707' title='bbox 808 4640 1176 4735; x_wconf 82' lang='lat' dir='ltr'><strong>Rubicundus,</strong></span> <span class='ocrx_word' id='word_1_708' title='bbox 1210 4669 1332 4737; x_wconf 88' lang='lat' dir='ltr'><strong>quia</strong></span> <span class='ocrx_word' id='word_1_709' title='bbox 1363 4682 1426 4723; x_wconf 84' lang='lat' dir='ltr'><strong>ex</strong></span> <span class='ocrx_word' id='word_1_710' title='bbox 1477 4667 1691 4738; x_wconf 82' lang='lat' dir='ltr'><strong>Virgine</strong></span> <span class='ocrx_word' id='word_1_711' title='bbox 1721 4669 1956 4738; x_wconf 81' lang='lat' dir='ltr'><strong>genitus,</strong></span> <span class='ocrx_word' id='word_1_712' title='bbox 1987 4640 2042 4702; x_wconf 80' lang='lat' dir='ltr'><strong>D</strong></span> <span class='ocrx_word' id='word_1_713' title='bbox 2068 4658 2169 4715; x_wconf 86' lang='lat' dir='ltr'><strong>bus</strong></span> <span class='ocrx_word' id='word_1_714' title='bbox 2190 4658 2387 4714; x_wconf 91' lang='lat' dir='ltr'><strong>Christi</strong></span> <span class='ocrx_word' id='word_1_715' title='bbox 2415 4659 2740 4728; x_wconf 89' lang='lat' dir='ltr'><strong>deputantur</strong></span> <span class='ocrx_word' id='word_1_716' title='bbox 2767 4656 2858 4728; x_wconf 92' lang='lat' dir='ltr'><strong>qui</strong></span> <span class='ocrx_word' id='word_1_717' title='bbox 2886 4671 2946 4713; x_wconf 91' lang='lat' dir='ltr'><strong>ea</strong></span> <span class='ocrx_word' id='word_1_718' title='bbox 2969 4673 3089 4728; x_wconf 87' lang='lat' dir='ltr'><strong>quae</strong></span> <span class='ocrx_word' id='word_1_719' title='bbox 3118 4658 3257 4714; x_wconf 86' lang='lat' dir='ltr'><strong>bona</strong></span> <span class='ocrx_word' id='word_1_720' title='bbox 3285 4667 3410 4714; x_wconf 90' lang='lat' dir='ltr'><strong>sunt</strong></span> <span class='ocrx_word' id='word_1_721' title='bbox 3446 4659 3662 4729; x_wconf 85' lang='lat' dir='ltr'><strong>operari</strong></span> 
     </span>
    </p>
   </div>
   <div class='ocr_carea' id='block_1_92' title="bbox 369 4755 1959 4827">
    <p class='ocr_par' dir='ltr' id='par_1_92' title="bbox 369 4755 1959 4827">
     <span class='ocr_line' id='line_1_92' title="bbox 369 4755 1959 4827; baseline 0.006 -20"><span class='ocrx_word' id='word_1_722' title='bbox 369 4755 591 4809; x_wconf 83' lang='lat' dir='ltr'><strong>Verbum</strong></span> <span class='ocrx_word' id='word_1_723' title='bbox 614 4773 733 4809; x_wconf 89' lang='lat' dir='ltr'><strong>caro</strong></span> <span class='ocrx_word' id='word_1_724' title='bbox 762 4758 957 4826; x_wconf 89' lang='lat' dir='ltr'><strong>factum</strong></span> <span class='ocrx_word' id='word_1_725' title='bbox 981 4768 1053 4813; x_wconf 86' lang='lat' dir='ltr'><strong>est</strong></span> <span class='ocrx_word' id='word_1_726' title='bbox 1079 4801 1096 4827; x_wconf 91' lang='lat'><strong>,</strong></span> <span class='ocrx_word' id='word_1_727' title='bbox 1127 4769 1174 4813; x_wconf 89' lang='lat' dir='ltr'><strong>et</strong></span> <span class='ocrx_word' id='word_1_728' title='bbox 1196 4759 1441 4814; x_wconf 83' lang='lat' dir='ltr'><strong>habitavit</strong></span> <span class='ocrx_word' id='word_1_729' title='bbox 1467 4761 1519 4814; x_wconf 88' lang='lat' dir='ltr'><strong>in</strong></span> <span class='ocrx_word' id='word_1_730' title='bbox 1555 4761 1719 4815; x_wconf 87' lang='lat' dir='ltr'><strong>nobis.</strong></span> <span class='ocrx_word' id='word_1_731' title='bbox 1762 4758 1959 4816; x_wconf 85' lang='lat' dir='ltr'><strong>Caudi-</strong></span> 
     </span>
    </p>
   </div>
   <div class='ocr_carea' id='block_1_93' title="bbox 365 4844 1959 4920">
    <p class='ocr_par' dir='ltr' id='par_1_93' title="bbox 365 4844 1959 4920">
     <span class='ocr_line' id='line_1_93' title="bbox 365 4844 1959 4920; baseline 0.004 -20"><span class='ocrx_word' id='word_1_732' title='bbox 365 4844 557 4902; x_wconf 80' lang='lat' dir='ltr'><strong>dus.in</strong></span> <span class='ocrx_word' id='word_1_733' title='bbox 589 4845 917 4915; x_wconf 81' lang='lat' dir='ltr'><strong>virginitate,</strong></span> <span class='ocrx_word' id='word_1_734' title='bbox 945 4850 1277 4905; x_wconf 89' lang='lat' dir='ltr'><strong>rubicundus</strong></span> <span class='ocrx_word' id='word_1_735' title='bbox 1322 4852 1377 4904; x_wconf 91' lang='lat' dir='ltr'><strong>in</strong></span> <span class='ocrx_word' id='word_1_736' title='bbox 1414 4851 1662 4920; x_wconf 87' lang='lat' dir='ltr'><strong>passione</strong></span> <span class='ocrx_word' id='word_1_737' title='bbox 1696 4869 1709 4904; x_wconf 92' lang='lat'><strong>:</strong></span> <span class='ocrx_word' id='word_1_738' title='bbox 1745 4853 1884 4907; x_wconf 82' lang='lat' dir='ltr'><strong>sicut</strong></span> <span class='ocrx_word' id='word_1_739' title='bbox 1907 4862 1959 4907; x_wconf 89' lang='lat' dir='ltr'><strong>et</strong></span> 
     </span>
    </p>
   </div>
   <div class='ocr_carea' id='block_1_94' title="bbox 366 4937 1961 5012">
    <p class='ocr_par' dir='ltr' id='par_1_94' title="bbox 366 4937 1961 5012">
     <span class='ocr_line' id='line_1_94' title="bbox 366 4937 1961 5012; baseline 0.004 -21"><span class='ocrx_word' id='word_1_740' title='bbox 366 4937 628 5007; x_wconf 86' lang='lat' dir='ltr'><strong>propheta</strong></span> <span class='ocrx_word' id='word_1_741' title='bbox 658 4937 725 4992; x_wconf 88' lang='lat' dir='ltr'><strong>de</strong></span> <span class='ocrx_word' id='word_1_742' title='bbox 753 4939 942 4993; x_wconf 90' lang='lat' dir='ltr'><strong>eodem</strong></span> <span class='ocrx_word' id='word_1_743' title='bbox 984 4941 1111 4995; x_wconf 91' lang='lat' dir='ltr'><strong>dicit</strong></span> <span class='ocrx_word' id='word_1_744' title='bbox 1145 4958 1160 4995; x_wconf 85' lang='lat'><strong>:</strong></span> <span class='ocrx_word' id='word_1_745' title='bbox 1200 4942 1328 5008; x_wconf 84' lang='lat' dir='ltr'><strong>Quis</strong></span> <span class='ocrx_word' id='word_1_746' title='bbox 1352 4953 1423 4995; x_wconf 85' lang='lat' dir='ltr'><strong>est</strong></span> <span class='ocrx_word' id='word_1_747' title='bbox 1456 4945 1550 4996; x_wconf 86' lang='lat' dir='ltr'><strong>iste</strong></span> <span class='ocrx_word' id='word_1_748' title='bbox 1587 4946 1674 5012; x_wconf 88' lang='lat' dir='ltr'><strong>qui</strong></span> <span class='ocrx_word' id='word_1_749' title='bbox 1713 4945 1845 4997; x_wconf 84' lang='lat' dir='ltr'><strong>venit</strong></span> <span class='ocrx_word' id='word_1_750' title='bbox 1898 4946 1961 4998; x_wconf 91' lang='lat' dir='ltr'><strong>de</strong></span> 
     </span>
    </p>
   </div>
   <div class='ocr_carea' id='block_1_95' title="bbox 370 5030 1954 5107">
    <p class='ocr_par' dir='ltr' id='par_1_95' title="bbox 370 5030 1954 5107">
     <span class='ocr_line' id='line_1_95' title="bbox 370 5030 1954 5107; baseline 0.004 -22"><span class='ocrx_word' id='word_1_751' title='bbox 370 5030 558 5097; x_wconf 79' lang='lat' dir='ltr'><strong>Edoni,</strong></span> <span class='ocrx_word' id='word_1_752' title='bbox 591 5032 760 5086; x_wconf 86' lang='lat' dir='ltr'><strong>tinctis</strong></span> <span class='ocrx_word' id='word_1_753' title='bbox 798 5033 1014 5087; x_wconf 85' lang='lat' dir='ltr'><strong>uestibus</strong></span> <span class='ocrx_word' id='word_1_754' title='bbox 1042 5036 1106 5089; x_wconf 91' lang='lat' dir='ltr'><strong>de</strong></span> <span class='ocrx_word' id='word_1_755' title='bbox 1155 5034 1320 5088; x_wconf 88' lang='lat' dir='ltr'><strong>Bosra</strong></span> <span class='ocrx_word' id='word_1_756' title='bbox 1378 5034 1510 5105; x_wconf 88' lang='lat' dir='ltr'><strong>(Isa.</strong></span> <span class='ocrx_word' id='word_1_757' title='bbox 1547 5037 1734 5107; x_wconf 80' lang='lat' dir='ltr'><strong>Lxm)?</strong></span> <span class='ocrx_word' id='word_1_758' title='bbox 1761 5037 1954 5105; x_wconf 85' lang='lat' dir='ltr'><strong>Edom,</strong></span> 
     </span>
    </p>
   </div>
   <div class='ocr_carea' id='block_1_96' title="bbox 369 5124 1957 5194">
    <p class='ocr_par' dir='ltr' id='par_1_96' title="bbox 369 5124 1957 5194">
     <span class='ocr_line' id='line_1_96' title="bbox 369 5124 1957 5194; baseline 0.004 -18"><span class='ocrx_word' id='word_1_759' title='bbox 369 5124 587 5193; x_wconf 75' lang='lat' dir='ltr'><strong>sanguis</strong></span> <span class='ocrx_word' id='word_1_760' title='bbox 619 5124 1034 5194; x_wconf 86' lang='lat' dir='ltr'><strong>interpretatur;</strong></span> <span class='ocrx_word' id='word_1_761' title='bbox 1065 5134 1117 5180; x_wconf 91' lang='lat' dir='ltr'><strong>et</strong></span> <span class='ocrx_word' id='word_1_762' title='bbox 1176 5126 1372 5181; x_wconf 90' lang='lat' dir='ltr'><strong>idcirco</strong></span> <span class='ocrx_word' id='word_1_763' title='bbox 1400 5129 1467 5182; x_wconf 88' lang='lat' dir='ltr'><strong>ab</strong></span> <span class='ocrx_word' id='word_1_764' title='bbox 1517 5128 1778 5183; x_wconf 76' lang='lat' dir='ltr'><strong>effusione</strong></span> <span class='ocrx_word' id='word_1_765' title='bbox 1832 5144 1957 5182; x_wconf 85' lang='lat' dir='ltr'><strong>san-</strong></span> 
     </span>
    </p>
   </div>
   <div class='ocr_carea' id='block_1_97' title="bbox 367 5217 1960 5292">
    <p class='ocr_par' dir='ltr' id='par_1_97' title="bbox 367 5217 1960 5292">
     <span class='ocr_line' id='line_1_97' title="bbox 367 5217 1960 5292; baseline 0.003 -22"><span class='ocrx_word' id='word_1_766' title='bbox 367 5217 539 5285; x_wconf 58' lang='lat' dir='ltr'><strong>guinis</strong></span> <span class='ocrx_word' id='word_1_767' title='bbox 568 5217 919 5271; x_wconf 86' lang='lat' dir='ltr'><strong>rubicundus.</strong></span> <span class='ocrx_word' id='word_1_768' title='bbox 951 5217 1056 5272; x_wconf 84' lang='lat' dir='ltr'><strong>Iste</strong></span> <span class='ocrx_word' id='word_1_769' title='bbox 1087 5223 1344 5288; x_wconf 81' lang='lat' dir='ltr'><strong>formosus</strong></span> <span class='ocrx_word' id='word_1_770' title='bbox 1374 5220 1426 5274; x_wconf 87' lang='lat' dir='ltr'><strong>in</strong></span> <span class='ocrx_word' id='word_1_771' title='bbox 1451 5221 1583 5274; x_wconf 88' lang='lat' dir='ltr'><strong>stola</strong></span> <span class='ocrx_word' id='word_1_772' title='bbox 1610 5237 1702 5274; x_wconf 88' lang='lat' dir='ltr'><strong>sua</strong></span> <span class='ocrx_word' id='word_1_773' title='bbox 1725 5222 1960 5292; x_wconf 84' lang='lat' dir='ltr'><strong>gradiens</strong></span> 
     </span>
    </p>
   </div>
   <div class='ocr_carea' id='block_1_98' title="bbox 367 5311 1959 5382">
    <p class='ocr_par' dir='ltr' id='par_1_98' title="bbox 367 5311 1959 5382">
     <span class='ocr_line' id='line_1_98' title="bbox 367 5311 1959 5382; baseline 0.003 -18"><span class='ocrx_word' id='word_1_774' title='bbox 367 5311 419 5365; x_wconf 86' lang='lat' dir='ltr'><strong>in</strong></span> <span class='ocrx_word' id='word_1_775' title='bbox 477 5312 811 5366; x_wconf 86' lang='lat' dir='ltr'><strong>multitudine</strong></span> <span class='ocrx_word' id='word_1_776' title='bbox 843 5313 1163 5382; x_wconf 79' lang='lat' dir='ltr'><strong>fortitudinis</strong></span> <span class='ocrx_word' id='word_1_777' title='bbox 1191 5329 1320 5367; x_wconf 66' lang='lat' dir='ltr'><strong>suat.</strong></span> <span class='ocrx_word' id='word_1_778' title='bbox 1372 5312 1575 5368; x_wconf 86' lang='lat' dir='ltr'><strong>Electus</strong></span> <span class='ocrx_word' id='word_1_779' title='bbox 1606 5330 1669 5367; x_wconf 78' lang='lat' dir='ltr'><strong>ea:</strong></span> <span class='ocrx_word' id='word_1_780' title='bbox 1712 5314 1959 5368; x_wconf 88' lang='lat' dir='ltr'><strong>millibus.</strong></span> 
     </span>
    </p>
   </div>
   <div class='ocr_carea' id='block_1_99' title="bbox 367 5400 1964 5473">
    <p class='ocr_par' dir='ltr' id='par_1_99' title="bbox 367 5400 1964 5473">
     <span class='ocr_line' id='line_1_99' title="bbox 367 5400 1964 5473; baseline 0.004 -16"><span class='ocrx_word' id='word_1_781' title='bbox 367 5400 485 5469; x_wconf 86' lang='lat' dir='ltr'><strong>Ipse</strong></span> <span class='ocrx_word' id='word_1_782' title='bbox 515 5413 596 5458; x_wconf 90' lang='lat' dir='ltr'><strong>est</strong></span> <span class='ocrx_word' id='word_1_783' title='bbox 619 5404 686 5458; x_wconf 89' lang='lat' dir='ltr'><strong>de</strong></span> <span class='ocrx_word' id='word_1_784' title='bbox 709 5419 815 5473; x_wconf 92' lang='lat' dir='ltr'><strong>quo</strong></span> <span class='ocrx_word' id='word_1_785' title='bbox 834 5405 884 5458; x_wconf 91' lang='lat' dir='ltr'><strong>in</strong></span> <span class='ocrx_word' id='word_1_786' title='bbox 911 5403 1135 5459; x_wconf 86' lang='lat' dir='ltr'><strong>Psalmis</strong></span> <span class='ocrx_word' id='word_1_787' title='bbox 1164 5422 1176 5458; x_wconf 91' lang='lat'><strong>:</strong></span> <span class='ocrx_word' id='word_1_788' title='bbox 1219 5405 1344 5472; x_wconf 88' lang='lat' dir='ltr'><strong>Quis</strong></span> <span class='ocrx_word' id='word_1_789' title='bbox 1374 5406 1556 5460; x_wconf 86' lang='lat' dir='ltr'><strong>similis</strong></span> <span class='ocrx_word' id='word_1_790' title='bbox 1579 5408 1670 5462; x_wconf 87' lang='lat' dir='ltr'><strong>erit</strong></span> <span class='ocrx_word' id='word_1_791' title='bbox 1696 5407 1801 5461; x_wconf 86' lang='lat' dir='ltr'><strong>Deo</strong></span> <span class='ocrx_word' id='word_1_792' title='bbox 1832 5413 1964 5463; x_wconf 82' lang='lat' dir='ltr'><strong>inter</strong></span> 
     </span>
    </p>
   </div>
   <div class='ocr_carea' id='block_1_100' title="bbox 323 5494 1962 5571">
    <p class='ocr_par' dir='ltr' id='par_1_100' title="bbox 323 5494 1962 5571">
     <span class='ocr_line' id='line_1_100' title="bbox 323 5494 1962 5571; baseline 0.005 -25"><span class='ocrx_word' id='word_1_793' title='bbox 323 5561 328 5571; x_wconf 38' lang='lat'><strong><em>&#39;</em></strong></span> <span class='ocrx_word' id='word_1_794' title='bbox 371 5494 504 5561; x_wconf 78' lang='lat' dir='ltr'><strong>ﬁlios</strong></span> <span class='ocrx_word' id='word_1_795' title='bbox 533 5495 629 5551; x_wconf 85' lang='lat' dir='ltr'><strong>Dei</strong></span> <span class='ocrx_word' id='word_1_796' title='bbox 670 5495 839 5567; x_wconf 88' lang='lat' dir='ltr'><strong>(Psal.</strong></span> <span class='ocrx_word' id='word_1_797' title='bbox 869 5497 1058 5567; x_wconf 70' lang='lat' dir='ltr'><strong>stuv)?</strong></span> <span class='ocrx_word' id='word_1_798' title='bbox 1099 5507 1152 5552; x_wconf 92' lang='lat' dir='ltr'><strong>et</strong></span> <span class='ocrx_word' id='word_1_799' title='bbox 1200 5497 1430 5563; x_wconf 88' lang='lat' dir='ltr'><strong>iterum,</strong></span> <span class='ocrx_word' id='word_1_800' title='bbox 1485 5500 1758 5570; x_wconf 87' lang='lat' dir='ltr'><strong>Speciosus</strong></span> <span class='ocrx_word' id='word_1_801' title='bbox 1791 5503 1962 5570; x_wconf 83' lang='lat' dir='ltr'><strong>forma</strong></span> 
     </span>
    </p>
   </div>
   <div class='ocr_carea' id='block_1_101' title="bbox 371 5585 1864 5662">
    <p class='ocr_par' dir='ltr' id='par_1_101' title="bbox 371 5585 1864 5662">
     <span class='ocr_line' id='line_1_101' title="bbox 371 5585 1864 5662; baseline 0.007 -26"><span class='ocrx_word' id='word_1_802' title='bbox 371 5601 479 5650; x_wconf 81' lang='lat' dir='ltr'><strong>pra:</strong></span> <span class='ocrx_word' id='word_1_803' title='bbox 511 5585 634 5654; x_wconf 86' lang='lat' dir='ltr'><strong>filiis</strong></span> <span class='ocrx_word' id='word_1_804' title='bbox 661 5587 946 5655; x_wconf 84' lang='lat' dir='ltr'><strong>hominum,</strong></span> <span class='ocrx_word' id='word_1_805' title='bbox 982 5588 1171 5656; x_wconf 73' lang='lat' dir='ltr'><strong>cli/fusa</strong></span> <span class='ocrx_word' id='word_1_806' title='bbox 1203 5599 1276 5643; x_wconf 86' lang='lat' dir='ltr'><strong>est</strong></span> <span class='ocrx_word' id='word_1_807' title='bbox 1301 5591 1467 5662; x_wconf 88' lang='lat' dir='ltr'><strong>gratia</strong></span> <span class='ocrx_word' id='word_1_808' title='bbox 1498 5591 1550 5644; x_wconf 89' lang='lat' dir='ltr'><strong>in</strong></span> <span class='ocrx_word' id='word_1_809' title='bbox 1574 5591 1721 5644; x_wconf 88' lang='lat' dir='ltr'><strong>labiis</strong></span> <span class='ocrx_word' id='word_1_810' title='bbox 1746 5592 1864 5646; x_wconf 90' lang='lat' dir='ltr'><strong>tuis.</strong></span> 
     </span>
    </p>
   </div>
   <div class='ocr_carea' id='block_1_102' title="bbox 441 5684 1967 5761">
    <p class='ocr_par' dir='ltr' id='par_1_102' title="bbox 441 5684 1967 5761">
     <span class='ocr_line' id='line_1_102' title="bbox 441 5684 1967 5761; baseline 0.005 -22"><span class='ocrx_word' id='word_1_811' title='bbox 441 5684 601 5740; x_wconf 85' lang='lat' dir='ltr'><strong>Num.</strong></span> <span class='ocrx_word' id='word_1_812' title='bbox 637 5686 756 5742; x_wconf 88' lang='grc'><strong>119.</strong></span> <span class='ocrx_word' id='word_1_813' title='bbox 786 5687 953 5758; x_wconf 86' lang='lat' dir='ltr'><strong>Caput</strong></span> <span class='ocrx_word' id='word_1_814' title='bbox 985 5691 1094 5761; x_wconf 84' lang='lat' dir='ltr'><strong>ejus</strong></span> <span class='ocrx_word' id='word_1_815' title='bbox 1132 5706 1315 5745; x_wconf 88' lang='lat' dir='ltr'><strong>aurum</strong></span> <span class='ocrx_word' id='word_1_816' title='bbox 1343 5691 1608 5761; x_wconf 77' lang='lat' dir='ltr'><strong>Optimum.</strong></span> <span class='ocrx_word' id='word_1_817' title='bbox 1643 5689 1892 5761; x_wconf 82' lang='lat' dir='ltr'><strong>Legimus</strong></span> <span class='ocrx_word' id='word_1_818' title='bbox 1912 5691 1967 5747; x_wconf 91' lang='lat' dir='ltr'><strong>in</strong></span> 
     </span>
    </p>
   </div>
   <div class='ocr_carea' id='block_1_103' title="bbox 371 5777 1962 5856">
    <p class='ocr_par' dir='ltr' id='par_1_103' title="bbox 371 5777 1962 5856">
     <span class='ocr_line' id='line_1_103' title="bbox 371 5777 1962 5856; baseline 0.003 -22"><span class='ocrx_word' id='word_1_819' title='bbox 371 5777 949 5848; x_wconf 72' lang='lat' dir='ltr'><strong>ApostolozCaputuiri</strong></span> <span class='ocrx_word' id='word_1_820' title='bbox 966 5780 1227 5846; x_wconf 80' lang='lat' dir='ltr'><strong>Christus;</strong></span> <span class='ocrx_word' id='word_1_821' title='bbox 1254 5791 1406 5856; x_wconf 85' lang='lat' dir='ltr'><strong>caput</strong></span> <span class='ocrx_word' id='word_1_822' title='bbox 1429 5793 1600 5838; x_wconf 84' lang='lat' dir='ltr'><strong>autem</strong></span> <span class='ocrx_word' id='word_1_823' title='bbox 1626 5783 1854 5837; x_wconf 85' lang='lat' dir='ltr'><strong>mulieris</strong></span> <span class='ocrx_word' id='word_1_824' title='bbox 1867 5784 1962 5851; x_wconf 77' lang='lat' dir='ltr'><strong>uir,</strong></span> 
     </span>
    </p>
   </div>
   <div class='ocr_carea' id='block_1_104' title="bbox 367 5869 1966 5956">
    <p class='ocr_par' dir='ltr' id='par_1_104' title="bbox 367 5869 1966 5956">
     <span class='ocr_line' id='line_1_104' title="bbox 367 5869 1966 5956; baseline 0.008 -31"><span class='ocrx_word' id='word_1_825' title='bbox 367 5877 534 5946; x_wconf 71' lang='lat' dir='ltr'><strong>caput</strong></span> <span class='ocrx_word' id='word_1_826' title='bbox 557 5884 675 5926; x_wconf 78' lang='lat' dir='ltr'><strong>vero</strong></span> <span class='ocrx_word' id='word_1_827' title='bbox 692 5869 878 5930; x_wconf 87' lang='lat' dir='ltr'><strong>Christi</strong></span> <span class='ocrx_word' id='word_1_828' title='bbox 908 5873 1048 5931; x_wconf 84' lang='lat' dir='ltr'><strong>Deus</strong></span> <span class='ocrx_word' id='word_1_829' title='bbox 1069 5875 1126 5948; x_wconf 87' lang='grc' dir='ltr'><strong>(Ι</strong></span> <span class='ocrx_word' id='word_1_830' title='bbox 1135 5876 1260 5940; x_wconf 88' lang='lat' dir='ltr'><strong>Cor.</strong></span> <span class='ocrx_word' id='word_1_831' title='bbox 1289 5882 1361 5956; x_wconf 80' lang='grc' dir='ltr'><strong>ι).</strong></span> <span class='ocrx_word' id='word_1_832' title='bbox 1382 5877 1449 5936; x_wconf 83' lang='grc' dir='ltr'><em>Ει</em></span> <span class='ocrx_word' id='word_1_833' title='bbox 1475 5876 1598 5936; x_wconf 87' lang='lat' dir='ltr'><strong>ideo</strong></span> <span class='ocrx_word' id='word_1_834' title='bbox 1614 5878 1752 5935; x_wconf 85' lang='lat' dir='ltr'><strong>sicut</strong></span> <span class='ocrx_word' id='word_1_835' title='bbox 1771 5876 1826 5938; x_wconf 87' lang='lat' dir='ltr'><strong>in</strong></span> <span class='ocrx_word' id='word_1_836' title='bbox 1853 5891 1966 5937; x_wconf 86' lang='lat' dir='ltr'><strong>me-</strong></span> 
     </span>
    </p>
   </div>
   <div class='ocr_carea' id='block_1_105' title="bbox 2063 4750 3657 4821">
    <p class='ocr_par' dir='ltr' id='par_1_105' title="bbox 2063 4750 3657 4821">
     <span class='ocr_line' id='line_1_105' title="bbox 2063 4750 3657 4821; baseline 0 -14"><span class='ocrx_word' id='word_1_837' title='bbox 2063 4767 2172 4807; x_wconf 91' lang='lat' dir='ltr'><strong>non</strong></span> <span class='ocrx_word' id='word_1_838' title='bbox 2202 4751 2474 4807; x_wconf 89' lang='lat' dir='ltr'><strong>desinunt.</strong></span> <span class='ocrx_word' id='word_1_839' title='bbox 2503 4750 2708 4806; x_wconf 88' lang='lat' dir='ltr'><strong>Idcirco</strong></span> <span class='ocrx_word' id='word_1_840' title='bbox 2747 4751 3011 4805; x_wconf 89' lang='lat' dir='ltr'><strong>lornaliles</strong></span> <span class='ocrx_word' id='word_1_841' title='bbox 3039 4767 3230 4815; x_wconf 67' lang='lat' dir='ltr'><strong>aureae,</strong></span> <span class='ocrx_word' id='word_1_842' title='bbox 3255 4752 3379 4821; x_wconf 88' lang='lat' dir='ltr'><strong>quia</strong></span> <span class='ocrx_word' id='word_1_843' title='bbox 3402 4751 3467 4806; x_wconf 85' lang='lat' dir='ltr'><strong>ad</strong></span> <span class='ocrx_word' id='word_1_844' title='bbox 3494 4765 3657 4807; x_wconf 87' lang='lat' dir='ltr'><strong>omne</strong></span> 
     </span>
    </p>
   </div>
   <div class='ocr_carea' id='block_1_106' title="bbox 2062 4842 3664 4912">
    <p class='ocr_par' dir='ltr' id='par_1_106' title="bbox 2062 4842 3664 4912">
     <span class='ocr_line' id='line_1_106' title="bbox 2062 4842 3664 4912; baseline -0.001 -14"><span class='ocrx_word' id='word_1_845' title='bbox 2062 4858 2198 4912; x_wconf 80' lang='lat' dir='ltr'><strong>Opus</strong></span> <span class='ocrx_word' id='word_1_846' title='bbox 2223 4843 2423 4898; x_wconf 88' lang='lat' dir='ltr'><strong>bonum</strong></span> <span class='ocrx_word' id='word_1_847' title='bbox 2442 4857 2655 4911; x_wconf 86' lang='lat' dir='ltr'><strong>semper</strong></span> <span class='ocrx_word' id='word_1_848' title='bbox 2677 4853 2876 4910; x_wconf 63' lang='lat' dir='ltr'><strong>parata:</strong></span> <span class='ocrx_word' id='word_1_849' title='bbox 2902 4858 2916 4906; x_wconf 90' lang='lat'><strong>;</strong></span> <span class='ocrx_word' id='word_1_850' title='bbox 2944 4842 3108 4911; x_wconf 68' lang='lat' dir='ltr'><strong>plenae</strong></span> <span class='ocrx_word' id='word_1_851' title='bbox 3127 4843 3442 4912; x_wconf 77' lang='lat' dir='ltr'><strong>hyacinthis,</strong></span> <span class='ocrx_word' id='word_1_852' title='bbox 3467 4857 3664 4897; x_wconf 82' lang='lat' dir='ltr'><strong>secun-</strong></span> 
     </span>
    </p>
   </div>
   <div class='ocr_carea' id='block_1_107' title="bbox 2064 4932 3663 5004">
    <p class='ocr_par' dir='ltr' id='par_1_107' title="bbox 2064 4932 3663 5004">
     <span class='ocr_line' id='line_1_107' title="bbox 2064 4932 3663 5004; baseline -0.003 -12"><span class='ocrx_word' id='word_1_853' title='bbox 2064 4936 2192 4992; x_wconf 89' lang='lat' dir='ltr'><strong>dum</strong></span> <span class='ocrx_word' id='word_1_854' title='bbox 2227 4935 2356 4990; x_wconf 87' lang='lat' dir='ltr'><strong>illud</strong></span> <span class='ocrx_word' id='word_1_855' title='bbox 2384 4935 2627 5004; x_wconf 84' lang='lat' dir='ltr'><strong>Apostoli</strong></span> <span class='ocrx_word' id='word_1_856' title='bbox 2657 4952 2667 4987; x_wconf 93' lang='lat'>:</span> <span class='ocrx_word' id='word_1_857' title='bbox 2703 4934 2896 4988; x_wconf 83' lang='lat' dir='ltr'><strong>Diuites</strong></span> <span class='ocrx_word' id='word_1_858' title='bbox 2928 4935 2981 4988; x_wconf 90' lang='lat' dir='ltr'><strong>in</strong></span> <span class='ocrx_word' id='word_1_859' title='bbox 3007 4936 3241 5004; x_wconf 80' lang='lat' dir='ltr'><strong>operibus</strong></span> <span class='ocrx_word' id='word_1_860' title='bbox 3291 4933 3453 4995; x_wconf 87' lang='lat' dir='ltr'><strong>bonis,</strong></span> <span class='ocrx_word' id='word_1_861' title='bbox 3508 4932 3663 5000; x_wconf 83' lang='lat' dir='ltr'><strong>facile</strong></span> 
     </span>
    </p>
   </div>
   <div class='ocr_carea' id='block_1_108' title="bbox 2064 5025 3665 5094">
    <p class='ocr_par' dir='ltr' id='par_1_108' title="bbox 2064 5025 3665 5094">
     <span class='ocr_line' id='line_1_108' title="bbox 2064 5025 3665 5094; baseline -0.002 -12"><span class='ocrx_word' id='word_1_862' title='bbox 2064 5029 2364 5093; x_wconf 87' lang='lat' dir='ltr'><strong>tribuentes,</strong></span> <span class='ocrx_word' id='word_1_863' title='bbox 2393 5035 2440 5081; x_wconf 87' lang='lat' dir='ltr'><strong>et</strong></span> <span class='ocrx_word' id='word_1_864' title='bbox 2486 5027 2887 5082; x_wconf 74' lang='lat' dir='ltr'><strong>thesaurisanles</strong></span> <span class='ocrx_word' id='word_1_865' title='bbox 2913 5026 3010 5080; x_wconf 89' lang='lat' dir='ltr'><strong>sibi</strong></span> <span class='ocrx_word' id='word_1_866' title='bbox 3055 5025 3446 5094; x_wconf 85' lang='lat' dir='ltr'><strong>fundamentum</strong></span> <span class='ocrx_word' id='word_1_867' title='bbox 3477 5025 3665 5079; x_wconf 90' lang='lat' dir='ltr'><strong>bonum</strong></span> 
     </span>
    </p>
   </div>
   <div class='ocr_carea' id='block_1_109' title="bbox 2074 5115 3614 5191">
    <p class='ocr_par' dir='ltr' id='par_1_109' title="bbox 2074 5115 3614 5191">
     <span class='ocr_line' id='line_1_109' title="bbox 2074 5115 3614 5191; baseline -0.001 -16"><span class='ocrx_word' id='word_1_868' title='bbox 2074 5122 2128 5175; x_wconf 89' lang='lat' dir='ltr'><strong>in</strong></span> <span class='ocrx_word' id='word_1_869' title='bbox 2156 5126 2348 5191; x_wconf 82' lang='lat' dir='ltr'><strong>futuro,</strong></span> <span class='ocrx_word' id='word_1_870' title='bbox 2384 5129 2436 5174; x_wconf 90' lang='lat' dir='ltr'><strong>ut</strong></span> <span class='ocrx_word' id='word_1_871' title='bbox 2467 5119 2852 5191; x_wconf 85' lang='lat' dir='ltr'><strong>apprehendant</strong></span> <span class='ocrx_word' id='word_1_872' title='bbox 2888 5133 3057 5174; x_wconf 82' lang='lat' dir='ltr'><strong>veram</strong></span> <span class='ocrx_word' id='word_1_873' title='bbox 3086 5119 3239 5171; x_wconf 74' lang='lat' dir='ltr'><strong>vitam</strong></span> <span class='ocrx_word' id='word_1_874' title='bbox 3262 5115 3317 5188; x_wconf 88' lang='grc'><strong>(1</strong></span> <span class='ocrx_word' id='word_1_875' title='bbox 3351 5115 3485 5173; x_wconf 87' lang='lat' dir='ltr'><strong>Tim.</strong></span> <span class='ocrx_word' id='word_1_876' title='bbox 3510 5117 3614 5187; x_wconf 67' lang='grc' dir='ltr'><strong>γι).</strong></span> 
     </span>
    </p>
   </div>
   <div class='ocr_carea' id='block_1_110' title="bbox 2146 5218 3666 5294">
    <p class='ocr_par' dir='ltr' id='par_1_110' title="bbox 2146 5218 3666 5294">
     <span class='ocr_line' id='line_1_110' title="bbox 2146 5218 3666 5294; baseline -0.003 -17"><span class='ocrx_word' id='word_1_877' title='bbox 2146 5221 2302 5277; x_wconf 82' lang='grc' dir='ltr'><strong>Νυω.</strong></span> <span class='ocrx_word' id='word_1_878' title='bbox 2337 5221 2460 5278; x_wconf 71' lang='lat'><strong>126.</strong></span> <span class='ocrx_word' id='word_1_879' title='bbox 2500 5222 2687 5277; x_wconf 85' lang='lat' dir='ltr'><strong>Venter</strong></span> <span class='ocrx_word' id='word_1_880' title='bbox 2715 5226 2826 5294; x_wconf 88' lang='lat' dir='ltr'><strong>ejus</strong></span> <span class='ocrx_word' id='word_1_881' title='bbox 2865 5223 3132 5275; x_wconf 85' lang='lat' dir='ltr'><strong>eburneus.</strong></span> <span class='ocrx_word' id='word_1_882' title='bbox 3165 5219 3220 5274; x_wconf 90' lang='lat' dir='ltr'><strong>In</strong></span> <span class='ocrx_word' id='word_1_883' title='bbox 3266 5226 3454 5273; x_wconf 88' lang='lat' dir='ltr'><strong>ventre</strong></span> <span class='ocrx_word' id='word_1_884' title='bbox 3498 5218 3666 5288; x_wconf 83' lang='lat' dir='ltr'><strong>ipsius</strong></span> 
     </span>
    </p>
   </div>
   <div class='ocr_carea' id='block_1_111' title="bbox 2074 5313 3668 5388">
    <p class='ocr_par' dir='ltr' id='par_1_111' title="bbox 2074 5313 3668 5388">
     <span class='ocr_line' id='line_1_111' title="bbox 2074 5313 3668 5388; baseline -0.002 -17"><span class='ocrx_word' id='word_1_885' title='bbox 2074 5317 2418 5386; x_wconf 89' lang='lat' dir='ltr'><strong>deputantur,</strong></span> <span class='ocrx_word' id='word_1_886' title='bbox 2436 5318 2524 5388; x_wconf 91' lang='lat' dir='ltr'><strong>qui</strong></span> <span class='ocrx_word' id='word_1_887' title='bbox 2548 5318 2832 5372; x_wconf 88' lang='lat' dir='ltr'><strong>credentes</strong></span> <span class='ocrx_word' id='word_1_888' title='bbox 2854 5316 2907 5369; x_wconf 94' lang='lat' dir='ltr'><strong>in</strong></span> <span class='ocrx_word' id='word_1_889' title='bbox 2937 5314 3040 5369; x_wconf 84' lang='lat' dir='ltr'><strong>fide</strong></span> <span class='ocrx_word' id='word_1_890' title='bbox 3069 5313 3410 5381; x_wconf 85' lang='lat' dir='ltr'><strong>parturiunt;</strong></span> <span class='ocrx_word' id='word_1_891' title='bbox 3437 5321 3494 5368; x_wconf 90' lang='lat' dir='ltr'><strong>et</strong></span> <span class='ocrx_word' id='word_1_892' title='bbox 3506 5313 3668 5368; x_wconf 86' lang='lat' dir='ltr'><strong>ebur-</strong></span> 
     </span>
    </p>
   </div>
   <div class='ocr_carea' id='block_1_112' title="bbox 2075 5407 3671 5482">
    <p class='ocr_par' dir='ltr' id='par_1_112' title="bbox 2075 5407 3671 5482">
     <span class='ocr_line' id='line_1_112' title="bbox 2075 5407 3671 5482; baseline -0.003 -14"><span class='ocrx_word' id='word_1_893' title='bbox 2075 5427 2206 5469; x_wconf 87' lang='lat' dir='ltr'><strong>neus</strong></span> <span class='ocrx_word' id='word_1_894' title='bbox 2232 5412 2395 5468; x_wconf 89' lang='lat' dir='ltr'><strong>etiam</strong></span> <span class='ocrx_word' id='word_1_895' title='bbox 2439 5412 2554 5482; x_wconf 91' lang='lat' dir='ltr'><strong>ipse</strong></span> <span class='ocrx_word' id='word_1_896' title='bbox 2582 5417 2803 5476; x_wconf 89' lang='lat' dir='ltr'><strong>venter,</strong></span> <span class='ocrx_word' id='word_1_897' title='bbox 2835 5407 2956 5464; x_wconf 81' lang='lat' dir='ltr'><strong>fons</strong></span> <span class='ocrx_word' id='word_1_898' title='bbox 2987 5407 3235 5477; x_wconf 84' lang='lat' dir='ltr'><strong>baptismi</strong></span> <span class='ocrx_word' id='word_1_899' title='bbox 3265 5421 3330 5463; x_wconf 81' lang='lat' dir='ltr'><strong>ex</strong></span> <span class='ocrx_word' id='word_1_900' title='bbox 3366 5422 3472 5477; x_wconf 92' lang='lat' dir='ltr'><strong>quo</strong></span> <span class='ocrx_word' id='word_1_901' title='bbox 3510 5420 3671 5463; x_wconf 76' lang='lat' dir='ltr'><strong>rena-</strong></span> 
     </span>
    </p>
   </div>
   <div class='ocr_carea' id='block_1_113' title="bbox 2075 5499 3662 5571">
    <p class='ocr_par' dir='ltr' id='par_1_113' title="bbox 2075 5499 3662 5571">
     <span class='ocr_line' id='line_1_113' title="bbox 2075 5499 3662 5571; baseline -0.004 -9"><span class='ocrx_word' id='word_1_902' title='bbox 2075 5507 2277 5562; x_wconf 90' lang='lat' dir='ltr'><strong>scimur</strong></span> <span class='ocrx_word' id='word_1_903' title='bbox 2310 5521 2414 5561; x_wconf 91' lang='lat' dir='ltr'><strong>non</strong></span> <span class='ocrx_word' id='word_1_904' title='bbox 2446 5503 2885 5559; x_wconf 89' lang='lat' dir='ltr'><strong>inconvenienter</strong></span> <span class='ocrx_word' id='word_1_905' title='bbox 2906 5501 3199 5571; x_wconf 81' lang='lat' dir='ltr'><strong>accipitur;</strong></span> <span class='ocrx_word' id='word_1_906' title='bbox 3231 5509 3287 5556; x_wconf 89' lang='lat' dir='ltr'><strong>et</strong></span> <span class='ocrx_word' id='word_1_907' title='bbox 3316 5499 3440 5570; x_wconf 76' lang='lat' dir='ltr'><strong>quia</strong></span> <span class='ocrx_word' id='word_1_908' title='bbox 3460 5500 3662 5567; x_wconf 86' lang='lat' dir='ltr'><strong>eboris,</strong></span> 
     </span>
    </p>
   </div>
   <div class='ocr_carea' id='block_1_114' title="bbox 2074 5593 3668 5665">
    <p class='ocr_par' dir='ltr' id='par_1_114' title="bbox 2074 5593 3668 5665">
     <span class='ocr_line' id='line_1_114' title="bbox 2074 5593 3668 5665; baseline -0.006 -8"><span class='ocrx_word' id='word_1_909' title='bbox 2074 5601 2311 5657; x_wconf 89' lang='lat' dir='ltr'><strong>defuncti</strong></span> <span class='ocrx_word' id='word_1_910' title='bbox 2364 5597 2652 5654; x_wconf 85' lang='lat' dir='ltr'><strong>animantis</strong></span> <span class='ocrx_word' id='word_1_911' title='bbox 2697 5597 2936 5665; x_wconf 89' lang='lat' dir='ltr'><strong>speciosa</strong></span> <span class='ocrx_word' id='word_1_912' title='bbox 2980 5604 3034 5650; x_wconf 90' lang='lat' dir='ltr'><strong>et</strong></span> <span class='ocrx_word' id='word_1_913' title='bbox 3073 5593 3506 5665; x_wconf 84' lang='lat' dir='ltr'><strong>incorruptibilia</strong></span> <span class='ocrx_word' id='word_1_914' title='bbox 3543 5606 3668 5647; x_wconf 88' lang='lat' dir='ltr'><strong>ossa</strong></span> 
     </span>
    </p>
   </div>
   <div class='ocr_carea' id='block_1_115' title="bbox 2073 5685 3669 5764">
    <p class='ocr_par' dir='ltr' id='par_1_115' title="bbox 2073 5685 3669 5764">
     <span class='ocr_line' id='line_1_115' title="bbox 2073 5685 3669 5764; baseline -0.008 -12"><span class='ocrx_word' id='word_1_915' title='bbox 2073 5704 2391 5761; x_wconf 89' lang='lat' dir='ltr'><strong>noscuntur,</strong></span> <span class='ocrx_word' id='word_1_916' title='bbox 2443 5701 2728 5764; x_wconf 88' lang='lat' dir='ltr'><strong>propterea</strong></span> <span class='ocrx_word' id='word_1_917' title='bbox 2761 5693 2915 5748; x_wconf 92' lang='lat' dir='ltr'><strong>nobis</strong></span> <span class='ocrx_word' id='word_1_918' title='bbox 2941 5693 3009 5748; x_wconf 85' lang='lat' dir='ltr'><strong>ab</strong></span> <span class='ocrx_word' id='word_1_919' title='bbox 3038 5691 3296 5761; x_wconf 85' lang='lat' dir='ltr'><strong>Apostolo</strong></span> <span class='ocrx_word' id='word_1_920' title='bbox 3316 5689 3511 5745; x_wconf 89' lang='lat' dir='ltr'><strong>dicitur</strong></span> <span class='ocrx_word' id='word_1_921' title='bbox 3542 5704 3556 5740; x_wconf 92' lang='lat'><strong>:</strong></span> <span class='ocrx_word' id='word_1_922' title='bbox 3589 5685 3669 5740; x_wconf 76' lang='lat' dir='ltr'><strong>An</strong></span> 
     </span>
    </p>
   </div>
   <div class='ocr_carea' id='block_1_116' title="bbox 2071 5778 3668 5861">
    <p class='ocr_par' dir='ltr' id='par_1_116' title="bbox 2071 5778 3668 5861">
     <span class='ocr_line' id='line_1_116' title="bbox 2071 5778 3668 5861; baseline -0.008 -19"><span class='ocrx_word' id='word_1_923' title='bbox 2071 5789 2322 5861; x_wconf 82' lang='lat' dir='ltr'><strong>ignoratis</strong></span> <span class='ocrx_word' id='word_1_924' title='bbox 2369 5789 2490 5857; x_wconf 82' lang='lat' dir='ltr'><strong>quia</strong></span> <span class='ocrx_word' id='word_1_925' title='bbox 2531 5787 2815 5857; x_wconf 83' lang='lat' dir='ltr'><strong>quicunque</strong></span> <span class='ocrx_word' id='word_1_926' title='bbox 2866 5785 3119 5853; x_wconf 38' lang='lat' dir='ltr'><strong>baptizari,</strong></span> <span class='ocrx_word' id='word_1_927' title='bbox 3142 5799 3317 5842; x_wconf 80' lang='lat' dir='ltr'><strong>sumus</strong></span> <span class='ocrx_word' id='word_1_928' title='bbox 3363 5782 3416 5834; x_wconf 87' lang='lat' dir='ltr'><strong>in</strong></span> <span class='ocrx_word' id='word_1_929' title='bbox 3463 5778 3668 5833; x_wconf 85' lang='lat' dir='ltr'><strong>Christo</strong></span> 
     </span>
    </p>
   </div>
   <div class='ocr_carea' id='block_1_117' title="bbox 2071 5872 3674 5951">
    <p class='ocr_par' dir='ltr' id='par_1_117' title="bbox 2071 5872 3674 5951">
     <span class='ocr_line' id='line_1_117' title="bbox 2071 5872 3674 5951; baseline -0.005 -11"><span class='ocrx_word' id='word_1_930' title='bbox 2071 5880 2107 5940; x_wconf 72' lang='grc' dir='ltr'><em>Ι</em></span> <span class='ocrx_word' id='word_1_931' title='bbox 2112 5897 2222 5951; x_wconf 87' lang='lat' dir='ltr'><strong>esu,</strong></span> <span class='ocrx_word' id='word_1_932' title='bbox 2253 5883 2308 5936; x_wconf 87' lang='lat' dir='ltr'><strong>in</strong></span> <span class='ocrx_word' id='word_1_933' title='bbox 2329 5887 2489 5938; x_wconf 87' lang='lat' dir='ltr'><strong>morte</strong></span> <span class='ocrx_word' id='word_1_934' title='bbox 2513 5879 2676 5951; x_wconf 81' lang='lat' dir='ltr'><strong>ipsius</strong></span> <span class='ocrx_word' id='word_1_935' title='bbox 2702 5878 2946 5950; x_wconf 72' lang='lat' dir='ltr'><strong>baptizari</strong></span> <span class='ocrx_word' id='word_1_936' title='bbox 2973 5894 3149 5936; x_wconf 87' lang='lat' dir='ltr'><strong>sumus</strong></span> <span class='ocrx_word' id='word_1_937' title='bbox 3169 5879 3193 5934; x_wconf 73' lang='grc' dir='ltr'><strong>ι</strong></span> <span class='ocrx_word' id='word_1_938' title='bbox 3217 5872 3512 5948; x_wconf 68' lang='grc' dir='ltr'><strong>(ἴοηεοριιιιὶ</strong></span> <span class='ocrx_word' id='word_1_939' title='bbox 3534 5872 3674 5932; x_wconf 70' lang='lat' dir='ltr'><strong>enim</strong></span> 
     </span>
    </p>
   </div>
  </div>
