4078 6440
500 296 608 357 983

1734 293 1792 348 S.
1831 290 2016 348 JUSTI
2060 287 2536 348 UBGELLENSIS

3684 281 3792 344 985

498 399 673 470 fumus
698 428 812 466 cum
834 427 924 466 tuo
949 427 1001 464 tu
1033 411 1336 480 baptismum
1367 423 1457 475 per
1483 415 1698 460 mortem
1719 414 1807 472 ,ut
1829 404 2084 476 quomodo
2114 405 2169 466 Α
2193 403 2261 461 Ut
2288 405 2542 476 regnetin
2571 405 2855 477 gentibus,
2890 405 2969 462 vel
2994 406 3047 462 in
3067 405 3326 463 Ecclesiis
3351 405 3654 462 delectetur
3688 421 3704 462 :
3733 413 3794 461 ut

502 509 726 563 surrexit
748 506 980 560 Christus
1005 521 1096 576 per
1135 504 1350 576 gloriam
1384 502 1580 567 Patris,
1614 501 1687 555 ita
1717 510 1764 554 et
1796 516 1888 554 nos
1911 500 1964 554 in
1994 515 2088 553 no-

500 604 655 656 vitate
680 604 792 654 vita:
822 599 1139 654 ambulemus
1171 597 1324 667 (Gal.
1355 600 1457 663 nt).
1483 595 1771 648 Distinctus
1797 593 2091 664 sappltiris;

498 695 796 751 adornatus
823 709 889 749 ex
918 709 977 748 se
1007 692 1301 763 progenitis
1347 699 1400 745 et
1426 689 1479 745 in
1533 685 1878 745 confessione
1904 685 2090 741 claris~
2114 708 2116 710 ·

496 786 654 842 simis
678 785 896 841 sanctis.

568 905 730 961 Num.
758 905 875 959 127.
908 906 1074 959 Crura
1116 904 1256 958 illius
1277 904 1530 958 columna:
1557 917 1875 956 marmoreis.
1919 897 2091 954 Crura

497 1015 618 1070 quae
648 1008 816 1055 totum
848 1013 1042 1067 corpus
1068 998 1331 1064 bajulant,
1366 997 1464 1066 ipsi
1495 1007 1620 1052 sunt
1668 995 1838 1050 sancti
1870 994 1960 1064 qui
2001 993 2093 1048 do-

499 1107 647 1147 mum
703 1090 989 1154 Ecclesiae,
1037 1101 1090 1145 et
1115 1091 1259 1144 velut
1308 1103 1624 1144 marmoreae
1677 1089 1942 1143 columna:
1969 1084 2094 1141 fun-

497 1184 639 1240 datae
666 1197 829 1252 super
857 1182 1014 1236 bases
1048 1196 1240 1236 aureas
1265 1181 1662 1235 describuntur.
1699 1179 1762 1234 Hi
1796 1179 1936 1234 enim
1960 1180 2091 1251 justi

498 1276 841 1348 quicasteros
883 1276 1148 1330 charitatc
1196 1284 1532 1344 supportant,
1582 1282 1636 1328 et
1689 1273 2089 1343 Scripturarum

499 1370 959 1426 consolationibus
994 1368 1237 1430 fulciunt,
1281 1370 1422 1424 sicut
1452 1370 1525 1423 ait
1550 1368 1842 1436 Apostolus
1871 1384 1886 1422 :
1931 1367 2086 1424 Debe-

498 1480 613 1517 mus
641 1481 733 1518 nos
757 1465 1008 1532 ﬁrmiores
1034 1463 1437 1516 imbecillitatem
1475 1463 1800 1532 infirmorum
1821 1463 2091 1529 sustinere,

499 1563 547 1610 et
577 1573 677 1609 non
706 1556 848 1610 nobis
887 1557 1106 1627 placere.
1135 1555 1200 1608 Et
1242 1554 1400 1625 paulo
1449 1563 1591 1624 post,
1639 1565 1892 1623 tanquam
1941 1555 2095 1608 bases

499 1657 692 1702 aureas
719 1647 1024 1716 Scripturas
1059 1657 1272 1703 sanctas
1314 1647 1548 1702 insinuat
1575 1647 1762 1703 dicens
1793 1667 1806 1701 :
1843 1648 2096 1714 Qua’cun-

499 1756 595 1811 que
614 1742 803 1811 scripta
829 1752 966 1808 sunt,
1002 1741 1071 1794 ad
1098 1753 1328 1796 nostram
1373 1742 1658 1796 doctrinam
1711 1742 1902 1811 scripta
1954 1751 2091 1808 sunt,

471 1828 557 1887 ’ω
576 1850 666 1902 per
682 1836 980 1903 patientiam
1004 1843 1048 1886 et
1087 1835 1489 1888 consolationem
1521 1833 1909 1904 Scripturarum
1954 1851 2095 1904 spem
2128 1804 2175 1865 Β

500 1925 776 1979 habeamus
800 1925 981 1996 (Rom.
1008 1925 1120 1997 xv).

573 2036 731 2093 Num.
769 2039 890 2094 128.
927 2039 1135 2110 Species
1162 2041 1270 2109 ejus
1301 2049 1356 2094 ut
1387 2039 1593 2107 Libani,
1625 2041 1813 2096 electus
1846 2052 1902 2095 ut
1931 2041 2092 2096 cedri.

500 2131 702 2187 Omnes
724 2132 890 2186 sancti
921 2132 1009 2201 qui
1033 2133 1407 2187 suavissimum
1431 2134 1654 2188 odorem
1687 2149 1755 2189 ex
1789 2135 1925 2188 bona
1959 2151 2060 2189 con

500 2225 803 2280 versatione
835 2225 1134 2289 dederunt,
1186 2225 1321 2280 etin
1377 2227 1737 2296 corruptionis
1789 2227 2098 2297 integritate

499 2317 818 2390 perdurant,
848 2318 956 2374 Deo
982 2327 1221 2388 auctore,
1257 2327 1524 2374 tantorum
1555 2320 1818 2375 bonorum
1866 2319 2094 2389 gratiam

502 2421 887 2482 perceperunt.

574 2505 732 2561 Num.
753 2504 872 2559 I29.
891 2503 1230 2559 Gutturillius
1247 2504 1632 2558 suavissimum.
1649 2504 1710 2558 Ili
1727 2505 1814 2574 qui
1841 2504 2096 2576 mysteria

502 2595 622 2666 ejus
651 2605 944 2666 exponunt,
971 2597 1101 2651 etin
1131 2596 1248 2667 lege
1278 2597 1444 2665 ipsius
1471 2597 1708 2665 quotidie
1739 2597 2093 2664 meditantur,

499 2688 555 2745 in
569 2701 719 2742 sacra
748 2687 988 2741 doctrina
1021 2702 1267 2758 saporem
1296 2687 1671 2742 suavissimum
1695 2688 2094 2744 administrant.

498 2784 568 2838 Et
596 2793 728 2837 totus
756 2784 1126 2837 desiderabilis.
1153 2783 1252 2839 Ubi
1281 2783 1406 2837 illud
1441 2783 1825 2854 adimplebitttr
1853 2784 1996 2854 quod
2031 2784 2090 2838 Β.

499 2876 656 2933 Joan.
693 2877 745 2932 in
781 2878 1016 2948 Epistula
1047 2893 1140 2932 sua
1165 2877 1322 2932 dicit:
1347 2877 1642 2932 Charissimi
1665 2921 1676 2940 ,
1706 2894 1839 2932 nunc
1871 2877 1971 2946 ﬁlii
2005 2877 2097 2932 Dei

498 2990 699 3038 sumus,
731 2983 778 3026 et
815 2974 1042 3027 nondum
1064 2973 1301 3042 apparuit
1323 2973 1460 3042 quod
1484 2976 1689 3027 trimus.
1727 2973 1934 3026 Scimus
1978 2973 2098 3042 quia

498 3082 613 3120 cum
642 3067 960 3137 apparuerit,
980 3065 1169 3120 similes
1198 3067 1244 3119 ei
1273 3066 1462 3122 erimus
1484 3076 1526 3120 et
1559 3067 1834 3120 videbimus
1864 3083 1978 3121 eum
2000 3068 2099 3120 sic-

498 3163 574 3213 uti
602 3171 672 3214 est
698 3159 748 3230 (Ι
779 3160 936 3214 Joan.
973 3163 1076 3227 ιιι).

2197 515 2262 556 ex
2291 501 2369 556 eis
2402 501 2636 571 virgines
2655 501 2737 557 vel
2765 509 2983 558 sanctos
3012 516 3255 572 quosque
3284 511 3544 556 assumat.

2269 615 2427 671 Num.
2472 616 2594 672 154.
2624 614 2735 689 Ego
2766 618 2954 671 dilecto
2985 633 3096 672 meo
3116 659 3130 683 ,
3158 629 3206 672 et
3236 593 3451 672 dilectus
3475 635 3616 673 meus
3642 619 3793 671 mihi.

2196 709 2312 782 Ego
2340 711 2535 767 Christi
2591 726 2815 782 regnum
2859 721 2914 767 et
2951 711 3044 768 ille
3088 725 3182 766 rex
3214 727 3394 777 meus;
3449 727 3552 781 ego
3596 728 3796 781 corpus

2195 803 2363 873 Ipsius
2387 815 2441 860 et
2469 806 2580 874 ipse
2601 815 2762 876 caput
2787 820 2987 862 meum.
3018 804 3262 859 Pascitur
3281 806 3414 860 inter
3430 805 3566 869 lilia,
3585 820 3710 860 cum
3744 807 3797 859 iu

2194 897 2361 952 corde
2385 898 2650 968 virginum
2682 897 2992 968 requiescit,
3023 897 3105 952 vel
3131 913 3252 952 cum
3282 899 3387 953 illic
3417 912 3512 966 per
3540 897 3796 967 gratiam,

2195 1004 2352 1061 quam
2385 990 2500 1061 ipse
2529 989 2735 1053 tribuit,
2761 989 3001 1060 quotidie
3029 997 3252 1060 augetur
3280 997 3334 1044 et
3365 988 3600 1058 prolicit.

2267 1103 2426 1159 Num.
2463 1103 2586 1160 135.
2618 1102 2849 1158 Pulchra
2869 1120 2923 1158 es
2943 1105 3108 1158 amica
3138 1121 3266 1167 mea,
3287 1105 3526 1175 pulchra,
3551 1114 3653 1160 etc.
3677 1103 3800 1160 Pul-

2195 1195 2327 1251 chra
2355 1211 2449 1266 per
2473 1195 2768 1266 justitiam;
2794 1198 2976 1252 suavis
3002 1207 3056 1252 et
3084 1197 3276 1262 amica,
3303 1199 3427 1267 quia
3460 1213 3679 1267 semper
3712 1215 3799 1268 pa-

2196 1291 2371 1360 cifica,
2387 1292 2584 1348 decora
2607 1293 2744 1347 sicut
2765 1292 3086 1349 Jerusalem.
3120 1294 3252 1348 Dicit
3277 1294 3533 1349 Dominus
3552 1297 3603 1350 in
3626 1297 3803 1352 Evan-

2196 1385 2338 1454 gelio
2366 1401 2380 1440 :
2414 1383 2481 1440 In
2501 1387 2866 1440 resurrectione
2883 1402 2985 1440 non
3016 1385 3205 1440 nubent
3234 1403 3390 1456 neque
3410 1387 3686 1452 nubatur,
3711 1394 3802 1443 sed

2197 1490 2345 1535 erunt
2382 1481 2512 1534 sicut
2545 1480 2717 1551 angeli
2750 1481 2801 1533 in
2834 1480 2959 1533 coelo
3004 1478 3221 1547 (Matth.
3258 1495 3360 1544 xu;
3397 1478 3527 1534 an.
3560 1480 3640 1548 κ).
3693 1482 3803 1536 Me-

2199 1573 2306 1628 rito
2334 1583 2514 1627 autem
2549 1573 2791 1628 Ecclesia
2812 1615 2828 1640 ,
2861 1574 2997 1627 sicut
3028 1572 3328 1627 Jerusalem
3367 1574 3564 1627 decora
3596 1575 3799 1629 descri-

2200 1665 2362 1731 bitur,
2389 1665 2472 1719 cui
2500 1665 2552 1719 in
2579 1673 2838 1720 aeternum
2863 1663 3155 1718 similitudo
3180 1663 3495 1734 angelorum
3513 1681 3542 1719 a
3573 1667 3797 1722 Domino

2199 1758 2558 1813 condonatur.

2272 1849 2432 1905 Num.
2469 1848 2593 1906 156.
2625 1849 2891 1904 Terribilis
2931 1850 3064 1904 sicut
3097 1863 3387 1905 castrorum
3416 1853 3574 1906 acies.
3606 1852 3797 1920 Quanti

2198 1944 2412 2016 tyranni
2443 1953 2496 1998 ct
2524 1953 2897 2013 persecutores
2920 1960 3024 1999 una
3055 1961 3174 1999 cum
3198 1957 3416 2001 auctore
3438 1963 3537 2002 suo
3559 1947 3794 2014 diabolo,

2199 2037 2378 2092 conati
2413 2046 2540 2090 sunt
2573 2036 2830 2092 Ecclesia
2871 2037 3123 2091 virtutem
3161 2037 3474 2106 dirumpere
3506 2049 3556 2093 et
3593 2057 3798 2108 prteru-

2199 2131 2311 2186 lere
2351 2130 2498 2185 nullo
2535 2131 2696 2185 modo
2735 2141 3047 2201 potuerunt.
3081 2131 3248 2192 Habet
3277 2134 3421 2187 enim
3454 2133 3514 2188 S.
3550 2133 3792 2188 Ecclesia

2198 2232 2495 2280 castrorum
2526 2224 2696 2278 aciem
2723 2224 3044 2294 ordinatam,
3069 2226 3284 2295 quando
3308 2227 3624 2281 imminente
3650 2225 3798 2281 Chri-

2201 2325 2310 2384 sto,
2347 2333 2448 2373 nec
2492 2329 2756 2389 martyres
2784 2321 3124 2387 persecutio,
3168 2333 3267 2374 nec
3303 2319 3538 2390 virgines
3571 2321 3796 2376 carnalis

2199 2411 2484 2468 delectatio
2515 2453 2529 2474 ,
2566 2426 2664 2467 nec
2695 2411 3072 2469 misericordes
3104 2413 3390 2481 cupiditas,
3428 2429 3529 2469 nec
3571 2415 3796 2470 humiles

2202 2503 2523 2574 temporalis
2550 2505 2739 2574 glorize
2769 2504 3007 2561 devincit
3026 2505 3266 2561 ambitio.

2273 2596 2430 2651 Num.
2475 2597 2599 2653 157.
2647 2596 2800 2652 Verte
2838 2599 3014 2652 oculos
3051 2610 3166 2653 tuos
3204 2618 3236 2654 a
3265 2615 3365 2665 me,
3386 2601 3526 2672 quia.
3571 2600 3687 2655 Non
3715 2616 3793 2657 me

2200 2703 2417 2759 semper
2448 2689 2499 2744 in
2515 2704 2742 2759 corpore
2766 2689 3205 2757 conSpiciendum
3231 2692 3492 2762 requiras,
3513 2708 3672 2763 quem
3694 2694 3791 2763 spi-

2201 2779 2308 2833 ritu
2341 2793 2435 2848 per
2471 2777 2631 2833 tidem
2663 2778 2856 2834 melius
2884 2778 3085 2834 cernis.
3120 2778 3328 2835 Idcirco
3358 2781 3557 2837 etenim
3611 2783 3664 2836 in
3693 2799 3792 2838 cte-

2202 2868 2284 2925 los
2313 2870 2528 2925 asceudi
2548 2910 2564 2933 ,
2588 2879 2648 2926 ut
2676 2885 2783 2926 non
2809 2886 3023 2940 semper
3051 2873 3236 2928 localis
3264 2873 3358 2927 tibi
3389 2890 3677 2944 appaream
3709 2877 3793 2947 qui

2201 2963 2279 3017 sic
2305 2965 2483 3018 omnia
2509 2963 2829 3034 (divinitatis
2860 2980 2993 3019 meae
3025 2966 3330 3033 prazsentia}
3365 2968 3568 3036 repleo,
3602 2977 3658 3022 ut
3687 2970 3792 3023 ubi-

2202 3072 2308 3128 que
2345 3056 2551 3123 adsim,
2602 3069 2903 3127 cuuctaque
2937 3058 3276 3124 contineam,
3343 3070 3396 3115 et
3431 3076 3460 3115 a
3500 3062 3651 3117 nullo
3682 3064 3793 3119 loco

2207 3150 2504 3204 continear.

1108 3264 1179 3307 εει
1202 3254 1414 3307 ducem;
1444 3269 1606 3307 meus,
1643 3251 1720 3305 Ad
1753 3252 1848 3305 ha;
1897 3253 2095 3323 gratia-
2122 3211 2170 3276 Ο
2272 3242 2428 3297 Num.
2447 3240 2570 3297 158.
2597 3243 2785 3313 Capilli
2808 3243 3013 3300 tuisicut
3030 3263 3206 3318 greges
3227 3263 3519 3318 caprarum,
3541 3249 3714 3303 dentes
3731 3259 3794 3302 llt‘

500 3358 620 3399 rum
663 3346 984 3410 varietates,
1029 3357 1082 3400 et
1108 3345 1173 3399 ad
1220 3347 1318 3400 ista
1351 3345 1728 3416 mysteriorum
1781 3353 2098 3400 ornamenta

502 3433 674 3504 justos
716 3437 994 3492 intendere
1025 3438 1330 3506 persuadet,
1369 3453 1491 3492 cum
1526 3438 1708 3506 sponsi
1741 3437 1995 3492 decorem
2045 3439 2097 3493 in

502 3525 619 3594 ejus
651 3528 910 3581 membris
940 3529 1413 3598 contemplandum
1439 3528 1695 3582 insinuat.

578 3619 737 3672 Num.
767 3620 888 3673 151.
913 3620 1025 3686 Quo
1047 3620 1172 3673 abiit
1199 3621 1417 3674 dilectus
1440 3623 1601 3674 tuus?
1630 3621 1904 3690 Tanquam
1950 3635 2100 3676 scru-

503 3721 680 3768 tantes
717 3723 876 3782 atque
924 3714 1168 3770 dicentes
1198 3731 1212 3772 :
1244 3715 1376 3783 Quia
1409 3723 1608 3769 tantam
1639 3714 2097 3784 pulchritudinem

501 3804 619 3874 ejus
649 3806 969 3875 exposuisti,
1004 3815 1060 3860 ut
1086 3807 1151 3861 ad
1181 3807 1528 3877 quaerendum
1561 3823 1704 3869 eum,
1740 3819 1983 3863 nostrum
2005 3825 2099 3863 cor

501 3899 700 3954 ardens
730 3897 1054 3962 efﬁceretur,
1099 3915 1240 3955 nunc
1263 3900 1489 3955 ostende
1515 3915 1621 3969 quo
1653 3901 1867 3965 abierit,
1899 3903 1979 3956 vel
2008 3903 2097 3958 ubi

504 3994 886 4048 declinaverit.
925 3995 1066 4048 Bene
1101 4005 1277 4050 autem
1308 3996 1610 4066 appellatur
1643 3995 1885 4050 Ecclesia
1914 3996 2093 4065 virgo,

503 4085 849 4153 pulcherrima
873 4087 1165 4152 mulierum,
1189 4089 1312 4156 quia
1337 4088 1402 4142 de
1429 4103 1490 4142 ea
1515 4087 1714 4141 Paulus
1739 4088 1817 4141 sic
1851 4087 2098 4142 lidelibus

502 4173 765 4245 loquitur:
789 4175 1049 4245 Despondi
1078 4196 1164 4233 vos
1187 4181 1277 4233 uni
1303 4181 1432 4246 viro,
1451 4189 1504 4232 ut
1526 4180 1772 4250 virginem
1795 4191 1986 4234 castam
2015 4197 2100 4233 ca:-

503 4268 722 4324 biberem
749 4269 952 4324 Christo
981 4269 1034 4341 (I
1055 4271 1173 4325 Cor.
1197 4271 1295 4342 ιι).
1319 4271 1384 4324 Et
1403 4287 1641 4344 congrue
1655 4273 1721 4326 de
1744 4275 1860 4342 ipso
1876 4273 2095 4328 dicunt:

503 4364 618 4432 Quo
641 4368 785 4431 abiit,
813 4385 911 4436 quo
932 4369 1202 4422 declinavit
1224 4369 1436 4423 dilectus
1457 4379 1593 4424 tuus.
1626 4371 1927 4426 Declinavit
1955 4376 2097 4428 enim

504 4458 804 4525 quodatnm.
829 4458 896 4511 du
920 4475 1035 4512 cum
1056 4461 1108 4513 in
1158 4462 1326 4529 forma
1360 4460 1451 4515 Dei
1479 4471 1625 4527 esset,
1660 4473 1706 4517 et
1729 4482 1828 4518 non
1861 4468 2099 4532 rapinam

506 4549 779 4602 arbitratus
803 4561 875 4603 est
902 4568 1007 4605 esse
1031 4571 1082 4607 se
1104 4556 1350 4622 (aqualem
1380 4553 1616 4619 Deo,sed
1640 4559 1958 4628 semetipsum
1985 4562 2092 4613 erci-

507 4641 703 4692 nanivit
727 4644 944 4710 formam
972 4646 1101 4698 servi
1128 4647 1407 4714 accipiens,
1434 4649 1484 4699 in
1515 4649 1908 4704 similitudinem
1932 4655 2094 4706 homi-

508 4748 629 4784 num
659 4736 824 4803 factus
847 4746 891 4787 et
938 4736 1112 4790 habitu
1154 4739 1385 4792 inventus
1427 4751 1482 4793 ut
1511 4742 1692 4806 homo;
1735 4743 2023 4799 humiliavit
2045 4763 2098 4801 se

507 4841 666 4894 usque
695 4828 764 4879 ad
791 4839 1000 4882 mortem
1022 4871 1035 4895 ,
1094 4840 1308 4884 mortem
1340 4842 1514 4886 autem
1544 4835 1711 4889 crucis
1738 4835 1972 4907 (Philip.
2006 4840 2092 4908 ιι).

507 4920 667 4990 Igitur
684 4924 772 4990 qui
804 4927 1073 4978 excelsum
1091 4927 1361 4994 quaesierit
1393 4928 1444 4982 in
1479 4927 1648 4983 forma
1682 4929 1799 4997 Dei,
1834 4948 1936 4986 non
1969 4950 2092 4989 eum

507 5015 737 5082 reperiet
767 5015 867 5069 nisi
903 5017 1087 5070 credat
1127 5019 1178 5071 in
1203 5015 1428 5073 formam
1478 5022 1616 5075 servi
1651 5039 1663 5073 :
1717 5022 1768 5076 in
1798 5038 1905 5092 qua
1932 5039 1990 5079 se
2018 5026 2096 5079 id-

506 5107 646 5162 eirco
667 5106 984 5170 humiliavit,
1010 5119 1065 5162 ut
1095 5125 1192 5163 uos
1217 5107 1460 5179 jaceutes
1491 5113 1741 5180 erigeret.

571 5198 1029 5255 Car.VI.--Num.
1048 5201 1171 5257 152.
1195 5201 1417 5257 Dilectus
1444 5219 1584 5258 meus
1605 5205 1861 5260 descendit
1880 5208 1949 5259 ad
1977 5207 2096 5260 lior-

506 5301 636 5345 tum.
671 5292 957 5346 Descendit
985 5293 1052 5348 ad
1087 5295 1298 5349 hortum
1323 5311 1500 5361 suum,
1529 5296 1746 5365 quando
1779 5300 2008 5353 visitavit
2038 5301 2090 5355 in

508 5380 734 5434 adventu
758 5397 854 5438 suo
883 5383 1043 5439 Israel
1065 5386 1318 5454 pepulum
1332 5402 1508 5452 suum,
1541 5388 1680 5442 sicut
1705 5389 1818 5456 ipsc
1833 5390 1907 5443 ait
1934 5407 1946 5442 :
1969 5390 2089 5445 Non

510 5487 616 5526 tum
643 5473 826 5528 missus
871 5477 972 5530 nisi
1001 5479 1069 5530 ad
1094 5494 1206 5532 oves
1257 5496 1372 5550 qua:
1400 5481 1656 5550 perierunt
1709 5481 1888 5536 domus
1921 5483 2089 5539 Israel

510 5565 713 5637 (Matth.
749 5569 828 5638 χ).
864 5571 1111 5624 Areolam
1160 5582 1336 5626 autem
1385 5576 1661 5641 aromatis,
1694 5575 1861 5644 ipsam
1899 5577 1955 5632 S.
1979 5578 2088 5632 Ma-

511 5660 634 5712 riam
662 5659 930 5724 Virginem
951 5664 1348 5732 intelligendam
1372 5668 1691 5734 accipimus:
1715 5684 1781 5724 ex
1812 5685 1871 5724 ea
1893 5671 2088 5741 quippe

503 5756 658 5810 nobis
682 5753 1049 5825 ordojustitiaa
1079 5768 1226 5811 ortus
1249 5770 1330 5814 est
1355 5761 1612 5817 Dominus
1641 5762 1795 5819 Iesus
1821 5765 2086 5819 Christus.

454 5859 485 5926 ,ξ
573 5846 730 5902 Num.
764 5847 888 5903 155.
931 5846 999 5902 Ut
1049 5859 1288 5916 pascatur
1319 5853 1372 5906 in
1397 5851 1579 5922 hortis,
1626 5864 1672 5909 et
1717 5855 1830 5911 lilia
1855 5856 2085 5928 colligat.

2123 4599 2174 4659 D

2199 3336 2330 3389 sicut
2351 3351 2477 3403 grex
2500 3337 2667 3390 ovium
2698 3353 2813 3406 qum
2833 3354 3005 3393 omnes
3035 3341 3261 3408 gemellis
3290 3341 3494 3411 fetibus,
3513 3351 3561 3395 et
3590 3343 3793 3409 sterilis,

2201 3438 2307 3486 etc.
2335 3429 2674 3485 Sicutcortea:
2695 3431 2816 3485 mali
2852 3433 3045 3499 punici.
3075 3433 3183 3488 llos
3208 3444 3437 3504 quatuor
3473 3449 3686 3500 versus,
3720 3436 3792 3491 bis

2202 3525 2256 3578 in
2289 3523 2391 3578 hoc
2414 3524 2534 3579 loco
2561 3533 2776 3579 constat
2799 3539 2919 3580 esse
2932 3525 3252 3595 descriptos,
3273 3541 3410 3596 quos
3431 3526 3543 3582 Deo
3565 3527 3792 3582 donante

2197 3615 2311 3685 jam
2358 3615 2410 3670 in
2440 3617 2704 3685 superiori
2735 3616 2856 3672 Ioco
2895 3618 3240 3674 tractavimus
3276 3637 3288 3673 :
3316 3619 3366 3673 in
3392 3620 3587 3689 quibus
3619 3630 3790 3676 tamen

2203 3707 2511 3765 Judaeorum
2571 3719 2623 3766 et
2657 3711 2936 3781 gentiliqu
2971 3713 3198 3782 populos
3235 3714 3631 3769 convertendos
3672 3729 3788 3768 cum

2203 3806 2432 3876 gemina:
2462 3805 2773 3861 dilectionis
2800 3806 2974 3862 fructu
3005 3807 3277 3876 pra-dixit,
3300 3816 3354 3863 et
3375 3819 3662 3880 martyrum
3677 3808 3785 3879 gloo

2205 3898 2337 3951 riam
2369 3912 2490 3952 cum
2519 3913 2703 3952 eorum
2734 3897 2938 3952 meritis
2965 3897 3285 3954 declaravit.

2275 3988 2432 4043 Num.
2471 3988 2590 4044 159.
2626 3989 2908 4060 Sexaginta
2927 4000 3045 4043 sunt
3069 3991 3280 4062 reginae,
3317 4002 3364 4046 et
3392 3994 3651 4063 octoginta
3677 4008 3791 4046 con-

2205 4083 2424 4137 cubium.
2471 4082 2526 4136 In
2557 4084 2906 4152 sexagenario
2950 4098 3191 4150 numero,
3225 4085 3314 4154 qui
3343 4085 3672 4140 ascendente
3714 4101 3793 4141 se-

2205 4177 2358 4230 nario
2403 4191 2498 4244 per
2535 4175 2816 4230 denariutu
2862 4176 3185 4247 aditnpletur
3211 4218 3226 4243 ,
3258 4193 3474 4234 omnem
3532 4180 3795 4235 bonorum

2206 4267 2592 4337 perfectionem
2624 4283 2745 4338 quae
2775 4283 2840 4324 ex
2873 4269 3005 4339 legis
3056 4272 3340 4341 prmeeptis
3368 4283 3795 4341 consummatur,

2203 4361 2569 4430 agnoscimus.
2593 4361 3060 4429 Quemadmodum
3081 4371 3259 4419 autem
3300 4365 3416 4434 ipse
3440 4367 3692 4422 senarius
3718 4377 3795 4422 to-

2207 4455 2274 4508 tis
2303 4455 2417 4510 suis
2445 4455 2685 4524 partibus
2706 4465 2937 4522 constet,
2956 4456 3188 4513 breviter
3209 4457 3434 4515 adverte
3457 4477 3470 4513 :
3492 4477 3616 4516 nam
3649 4473 3794 4516 sexta

2208 4562 2330 4617 pars
2354 4547 2471 4617 ejus
2514 4565 2696 4611 unum,
2759 4548 2912 4602 tertia
2942 4549 3071 4615 duo,
3114 4551 3289 4605 media
3339 4563 3517 4606 autem
3547 4554 3649 4608 tria
3676 4568 3794 4610 esse

2204 4641 2478 4709 probatur.
2504 4639 2678 4694 Unum
2707 4649 2906 4705 autem,
2942 4648 2996 4694 et
3022 4641 3150 4708 duo,
3181 4652 3235 4697 et
3267 4643 3386 4708 tria,
3419 4659 3512 4700 sex
3537 4661 3663 4701 esse
3680 4648 3793 4714 quis

2202 4733 2450 4789 nesciat?
2478 4734 2618 4802 quod
2649 4734 2700 4788 in
2733 4732 2839 4788 alio
2868 4748 3112 4798 numero,
3146 4735 3450 4791 distributis
3473 4739 3712 4808 partibus
3743 4748 3792 4794 et

2204 4826 2259 4880 in
2299 4841 2466 4881 unum
2506 4826 2763 4892 reductis,
2806 4829 2878 4883 ita
2908 4828 3189 4898 adimpleri
3232 4827 3449 4884 difﬁcile
3505 4832 3790 4887 invenitur.

2205 4919 2389 4988 Itaque
2437 4921 2628 4991 regina:
2677 4919 2927 4990 perfectae
2971 4931 3278 4976 sanctorum
3309 4923 3504 4977 animae
3541 4940 3658 4995 quze
3688 4941 3789 4980 non

2204 5021 2330 5066 sunt
2361 5021 2703 5081 peccatorum
2733 5015 2965 5080 ancillae,
2991 5015 3243 5070 dicuntur
3273 5032 3288 5068 :
3322 5016 3401 5070 sic
3431 5017 3576 5070 enim
3605 5019 3790 5072 scribi-

2205 5113 2309 5159 tur.
2341 5105 2440 5160 Ubi
2469 5106 2680 5175 spiritus
2704 5106 2938 5175 Domini,
2977 5108 3046 5161 ibi
3075 5109 3278 5162 libertas
3302 5107 3351 5175 (1
3374 5106 3496 5162 Cor.
3517 5110 3621 5176 ιιι).
3660 5108 3790 5164 Con-

2199 5200 2411 5257 cubinte
2437 5211 2640 5270 autem,
2690 5216 2832 5271 qum,
2863 5203 2998 5257 sicut
3033 5203 3193 5273 Agar,
3240 5202 3294 5255 in
3332 5203 3623 5256 servitutem
3649 5219 3778 5273 gene

2199 5303 2318 5346 rant
2342 5293 2483 5360 (Gal.
2519 5295 2616 5362 ιν),
2661 5294 2710 5347 in
2745 5292 2849 5347 illis
2881 5294 2968 5360 qtti
2998 5304 3246 5362 suscepto
3274 5295 3484 5350 semine
3516 5295 3661 5349 verbi
3696 5296 3789 5351 Dei

2199 5400 2304 5440 non
2321 5384 2615 5454 spiritualia
2631 5384 2727 5439 sed
2742 5384 2976 5439 carnalia
2989 5385 3222 5453 sapiunt,
3237 5386 3428 5440 merito
3442 5385 3732 5455 deputantu
3743 5403 3785 5440 ε.

2199 5481 2715 5535 Adolescentularum
2762 5489 2941 5534 autem
2990 5494 3216 5549 quarum
3249 5496 3350 5534 non
3393 5489 3466 5534 est
3521 5497 3782 5543 numerus,

2198 5587 2384 5628 eorum
2412 5571 2791 5628 estmultitudo
2818 5573 2906 5641 qui
2935 5587 3053 5643 quae
3081 5587 3298 5642 semper
3324 5581 3511 5628 sancta
3543 5583 3667 5627 sunt
3687 5587 3788 5626 au-
3827 5569 3832 5585 '

2196 5667 2312 5722 dire
2343 5667 2509 5736 parati
2560 5676 2703 5732 sunt,
2736 5681 2833 5721 nec
2864 5662 3042 5720 tamen
3089 5681 3206 5734 qua:
3238 5665 3502 5729 audiunt,
3534 5665 3786 5733 operibus

2195 5761 2496 5829 adimplere
2528 5760 2862 5815 contendunt
2889 5805 2902 5829 ,
2945 5761 3014 5814 de
3047 5760 3237 5829 quibus
3290 5759 3579 5828 Apostolus
3608 5759 3737 5814 dicit
3767 5775 3780 5811 :

2197 5855 2413 5927 Semper
2457 5855 2724 5922 discentes,
2773 5863 2822 5910 et
2851 5870 3111 5924 nunquam
3158 5854 3226 5908 ad
3253 5854 3515 5908 scientiam
3559 5852 3782 5908 ueritatis
