4078 6440
310 328 416 389 985

1278 327 1348 385 IN
1384 324 1680 385 CANTICA
1722 323 2166 387 CANTICORUM
2205 324 2639 385 EXPLICATIO.

3496 326 3603 384 θοι

311 442 661 515 pervenientes
685 442 741 516 (Ι
771 443 909 499 Tim.
939 442 1043 517 tu).
1066 442 1141 498 Et
1158 443 1288 500 licet
1308 440 1410 497 ista
1432 442 1544 495 sint
1571 452 1771 511 genera
1806 438 1903 494 ho-
1928 439 1984 501 Α
2007 439 2112 507 bis,
2140 439 2261 507 quia
2279 440 2450 494 nescio
2471 456 2559 495 vos
2603 426 2820 512 (Matth.
2852 436 2989 509 vn):
3038 450 3146 495 non
3168 438 3312 511 quod
3341 452 3437 496 eos
3461 454 3599 511 qua-

310 536 518 590 minam
559 536 647 607 qui
680 534 895 590 Christo
949 546 1203 606 tanquam
1262 548 1359 603 per
1405 530 1703 586 doctrinam
1736 530 1905 601 ipsius

310 628 607 694 sociantur,
640 638 873 684 attamen
895 630 1016 699 quia
1040 630 1091 683 in
1114 628 1303 683 electis
1333 641 1439 680 non
1471 624 1777 692 diversitas,
1808 623 1905 679 sed

310 722 491 778 unitas
518 721 949 789 commendatur,
980 721 1102 776 audi
1132 720 1261 790 quid
1291 718 1554 790 sequitur.

379 814 540 870 Num.
568 816 689 871 MO.
721 814 838 871 Una
867 824 937 870 est
964 815 1196 870 columba
1224 831 1335 870 mea
1356 818 1605 886 perfecta.
1634 810 1906 877 Columba,

310 910 436 979 quia
460 910 691 979 simplex
713 919 819 977 est,
850 921 904 965 et
928 909 1280 980 spiritualiter
1300 909 1441 979 sapit
1467 925 1480 974 ;
1512 908 1760 979 perfecta,
1783 905 1907 976 quia

309 1006 571 1061 mundum
603 1006 934 1076 relinquens,
980 1020 1068 1061 me
1092 1003 1262 1074 magis
1292 1018 1451 1073 quam
1482 1000 1796 1071 temporalia
1817 1006 1910 1054 aut

309 1113 372 1157 se
396 1099 595 1168 diligit,
624 1100 920 1154 secundum
946 1100 1077 1155 illud
1103 1120 1117 1155 :
1144 1098 1207 1154 Si
1234 1100 1307 1153 vis
1326 1099 1575 1169 perfectus
1609 1112 1715 1151 esse
1738 1136 1752 1160 ,
1785 1094 1911 1148 vade

310 1190 547 1253 etvende
584 1193 755 1245 omnia
782 1207 897 1261 quia
926 1190 1081 1246 habes
1110 1201 1155 1246 ct
1178 1191 1244 1244 da
1272 1191 1582 1262 pauperibus
1606 1231 1621 1255 ,
1647 1198 1694 1244 et
1721 1188 1833 1242 veni
1861 1195 1909 1241 et

311 1300 519 1356 sequere
540 1302 618 1339 me
646 1285 862 1358 (Matth.
894 1286 1029 1355 xu).

382 1378 543 1433 Num.
578 1378 700 1433 141.
734 1379 850 1434 Una
892 1389 963 1434 est
1004 1380 1183 1434 matris
1221 1395 1329 1434 sua:
1356 1378 1537 1434 electa.
1589 1376 1770 1432 Matris
1800 1390 1911 1432 suae

310 1472 549 1530 celestis
573 1471 893 1540 Jerusalem,
926 1473 992 1529 de
1022 1487 1126 1543 qua
1158 1473 1445 1542 Apostolus
1470 1472 1603 1526 dicit
1630 1489 1642 1523 :
1679 1471 1913 1535 Quicun-

312 1579 413 1622 tem
435 1582 643 1619 sursum
673 1578 745 1620 est
766 1564 1078 1634 Jerusalem,
1107 1575 1271 1620 mater
1296 1574 1472 1619 nostra
1523 1574 1596 1621 est
1635 1564 1776 1634 (Gal.
1811 1561 1909 1633 tv).

313 1655 432 1714 Una
462 1666 547 1713 est
577 1673 706 1726 ergo
742 1658 837 1722 illi,
886 1660 1008 1730 quia
1060 1659 1113 1712 in
1172 1659 1349 1712 futura
1381 1656 1738 1721 beatitudine,
1798 1655 1911 1723 ipsa

313 1752 690 1808 tantummodo
721 1752 1121 1807 consociabitur
1146 1752 1244 1807 illi.

2012 533 2092 589 les
2122 540 2305 588 essent
2341 532 2597 599 nesciret,
2627 531 2724 588 sed
2754 532 2879 604 quia
2894 531 3024 587 nihil
3050 531 3177 587 boni
3203 547 3267 588 ex
3296 533 3425 602 ipsis
3455 541 3601 590 esset

2010 625 2283 696 cognovit.
2312 625 2500 678 Anima
2524 641 2637 678 mea
2660 627 2977 681 conturbavit
2992 642 3071 681 me
3096 637 3303 700 propter
3325 629 3605 699 quadrigas

2010 715 2321 771 Aminadab.
2351 715 2652 771 Aminadab
2681 717 2844 773 istum
2894 734 3107 789 quoque
3147 720 3201 775 in
3252 720 3466 777 Christo
3500 737 3596 792 ge-

2011 811 2296 882 nealogice
2335 812 2657 881 reperimus.
2690 812 2847 870 Unde
2899 823 2955 869 et
2982 814 3079 870 has
3109 815 3394 888 quadrigas
3420 816 3473 871 in
3507 816 3607 871 bo-

2011 922 2138 964 nam
2162 915 2371 977 partem
2408 907 2760 977 accipiendas
2797 923 2921 965 esse
2948 912 3325 980 cognoscimus
3352 930 3366 966 :
3402 912 3457 967 in
3487 911 3604 983 qui-

2011 1000 2114 1057 bus
2152 1000 2515 1072 evangelistas
2571 1015 2677 1055 non
2735 1000 3028 1073 incongrue
3073 1003 3386 1074 accipimus.
3439 1004 3607 1059 Porro

2013 1102 2195 1150 autem
2223 1092 2365 1165 quod
2386 1095 2483 1157 ait,
2508 1092 2694 1147 Anima
2722 1110 2833 1147 mea
2869 1095 3185 1149 conturbavit
3217 1114 3317 1167 me,
3345 1097 3459 1151 haec
3485 1111 3604 1151 con-

2011 1190 2246 1245 turbatio
2276 1203 2382 1243 non
2408 1197 2491 1243 est
2522 1188 2889 1259 tranquillitati
2914 1191 3204 1255 contraria,
3232 1192 3324 1246 sed
3355 1192 3609 1247 sollicitu-

2012 1281 2124 1336 dini
2152 1294 2455 1352 congruens
2483 1280 2754 1350 reperitur
2780 1321 2794 1345 ,
2843 1282 3139 1336 secundum
3172 1280 3301 1336 illud
3356 1282 3497 1352 quod
3540 1282 3608 1337 ad

2013 1374 2277 1429 Martham
2309 1374 2364 1429 in
2414 1374 2708 1445 Evangelio
2735 1374 2931 1431 dicitur
2965 1392 2978 1429 :
3025 1376 3162 1438 Quid
3202 1375 3425 1430 sollicita
3447 1393 3522 1441 es,
3562 1385 3611 1429 et

2012 1468 2235 1523 turbaris
2291 1467 2445 1523 (Luc.
2504 1468 2559 1539 ι)
2611 1484 2736 1540 erga
2789 1468 3057 1539 plurima?
3118 1470 3185 1525 Et
3228 1471 3283 1525 in
3332 1471 3606 1526 Psalmis:

2016 1563 2343 1619 Commoviin
2372 1573 2584 1628 terram,
2615 1572 2662 1616 et
2688 1564 3005 1617 conturbasti
3031 1580 3163 1631 eam,
3195 1579 3322 1618 sana
3344 1564 3611 1618 contritio-

2016 1673 2104 1710 nes
2128 1660 2262 1725 eius,
2291 1659 2411 1727 quia
2438 1665 2574 1710 mota
2600 1664 2674 1710 est
2699 1655 2870 1727 (Psal.
2924 1655 3058 1725 us).
3088 1655 3243 1711 Unde
3263 1672 3391 1711 vero
3420 1670 3610 1711 omnes

2017 1750 2435 1820 Evangeliorum
2466 1750 2807 1805 narrationes
2832 1760 3052 1805 narrant
3080 1750 3180 1804 nisi
3224 1766 3321 1822 per
3351 1751 3609 1820 Spiritum

385 1845 544 1901 Num.
576 1844 696 1899 ΗΞ.
722 1844 972 1900 Viderunt
994 1847 1140 1900 illam
1163 1846 1309 1915 ﬁliae,
1345 1855 1391 1901 et
1412 1845 1755 1900 beatissimam
1777 1859 1911 1915 prae-
1942 1839 1989 1898 Β
2015 1852 2283 1910 sanctum,
2315 1844 2612 1898 secundum
2644 1842 2773 1897 illud
2807 1843 3106 1899 Ezechielis
3137 1843 3409 1913 prophetm
3436 1844 3611 1909 :Quo-
3650 1872 3657 1873 ί

313 1938 638 1993 dicaverunt.
663 1938 794 2004 Qua:
818 1937 963 1992 enim
988 1947 1192 1992 sanctae
1230 1945 1356 1992 sunt
1388 1936 1584 1991 animae
1603 1978 1618 2002 ,
1654 1951 1773 2005 quae
1808 1935 1911 1989 Ec-

313 2030 531 2087 clesium
560 2044 665 2084 non
694 2031 847 2084 miris
880 2029 1132 2085 laudibus
1168 2029 1421 2093 eh‘erunt,
1454 2044 1577 2083 cum
1617 2028 1779 2083 etiam
1813 2042 1911 2083 nec

314 2123 652 2189 Concubinze,
682 2123 735 2177 id
763 2132 843 2178 est
870 2123 1137 2190 carnales,
1172 2125 1223 2178 in
1237 2123 1354 2193 ejus
1384 2123 1657 2193 praeconio
1685 2120 1908 2189 sileant,

315 2217 531 2288 quando
578 2232 698 2271 eam
729 2217 978 2271 invictam
1008 2218 1061 2272 in
1095 2216 1423 2288 martyribus
1467 2224 1522 2272 et
1548 2214 1826 2271 victricem
1858 2213 1913 2268 in

316 2309 613 2377 virginibus
638 2309 1023 2364 admirantur?

388 2404 546 2458 Num.
577 2401 698 2458 H5.
751 2404 878 2470 Quae
914 2410 991 2457 est
1034 2403 1137 2457 ista
1185 2418 1301 2474 qua:
1358 2401 1683 2473 progreditur
1743 2400 1911 2471 quasi.

317 2495 603 2566 Consurgit
634 2496 783 2564 quasi
807 2509 1155 2557 aurora,cum
1182 2493 1379 2565 spretis
1408 2493 1754 2547 tenebrarum
1788 2506 1917 2561 ope-

318 2589 466 2646 ribus
497 2599 644 2644 caste
670 2597 725 2641 et
752 2588 933 2642 sobrie
964 2586 1093 2640 vivit
1136 2587 1191 2641 in
1233 2586 1577 2656 coniugatis;
1612 2583 1827 2653 pulchra
1861 2594 1916 2638 ut

318 2681 465 2741 luna,
484 2697 604 2736 cum
635 2682 687 2734 in
703 2680 1103 2735 continentibus
1127 2677 1357 2733 candido
1378 2677 1551 2731 nitore
1579 2674 1916 2743 reSplendet;

320 2774 479 2829 electa
520 2782 575 2825 ut
601 2772 699 2834 sol.
732 2787 852 2826 cum
884 2772 936 2826 in
984 2770 1282 2841 virginibus
1331 2767 1674 2838 perfectionis
1721 2768 1919 2822 decore

321 2863 567 2934 refulget,
602 2863 738 2917 sient
765 2862 853 2916 illa
887 2862 1023 2917 bona
1056 2871 1198 2917 terra
1231 2860 1284 2915 itt
1312 2860 1625 2931 Evangelio,
1650 2874 1771 2929 quae
1794 2876 1916 2915 sus-

322 2965 477 3028 cepto
504 2957 555 3012 in
587 2972 647 3013 se
678 2955 885 3012 semine
915 2956 1066 3012 verbi
1094 2956 1212 3023 Dei,
1247 2956 1577 3011 tricesimum
1616 2965 1670 3011 et
1696 2969 1920 3025 sexage-

322 3050 517 3103 simum
543 3057 705 3118 atque
734 3046 1087 3101 centesimum
1116 3044 1346 3100 fructum
1383 3044 1639 3115 produxit
1668 3062 1682 3113 ;
1717 3046 1919 3099 terribi-

324 3138 387 3195 lis
408 3149 464 3195 ut
501 3141 634 3194 acies
666 3140 925 3194 ordinata.
966 3140 1047 3194 An
1071 3155 1178 3196 non
1212 3140 1463 3195 terribilis
1512 3155 1633 3211 quae
1674 3134 1917 3210 gentiu’m

2019 1952 2221 2003 cunque
2261 1935 2489 2002 Spiritus
2518 1935 2646 2004 ibat,
2677 1935 2868 1989 illucet
2914 1945 3041 1989 rotte
3078 1936 3272 2007 pariter
3319 1934 3611 2006 ferebantur

2017 2027 2230 2102 (Ezech.
2260 2042 2317 2081 ιιι
2347 2036 2391 2081 ει
2421 2027 2501 2093 x).

2089 2118 2248 2174 Num.
2275 2118 2397 2174 H7.
2427 2117 2714 2185 Revertere,
2764 2129 3030 2186 revertere,
3063 2118 3369 2174 Sunamitis.
3394 2119 3483 2175 Bis
3511 2119 3611 2176 Stt-

2016 2211 2271 2266 namitem
2303 2210 2458 2265 istam
2489 2210 2542 2264 in
2578 2209 2716 2265 libro
2748 2210 2950 2281 Regum
2984 2211 3236 2266 laudabili
3298 2213 3349 2267 in
3379 2213 3498 2267 loco
3524 2228 3611 2269 re-

2020 2305 2257 2372 perimus
2302 2304 2643 2357 constitutam
2670 2319 2682 2355 :
2714 2302 2766 2356 id
2799 2312 2902 2368 est,
2956 2313 3063 2358 tam
3094 2303 3235 2358 illam
3264 2320 3384 2375 quae
3439 2304 3608 2359 David

2017 2393 2135 2463 regi
2186 2393 2237 2448 in
2283 2402 2564 2448 senectute
2605 2392 2948 2459 ministravit,
2996 2403 3049 2449 et
3089 2395 3141 2450 in
3168 2395 3285 2465 ejus
3330 2396 3609 2466 complexu

2018 2488 2173 2559 virgo
2210 2490 2427 2557 quidem
2471 2488 2827 2557 pulcherrima
2866 2491 3160 2558 permansit
3184 2489 3303 2559 (IV
3345 2490 3469 2561 Reg.
3502 2489 3609 2560 tv),

2019 2597 2179 2652 quam
2197 2582 2357 2636 etiam
2386 2581 2532 2635 illam
2555 2580 2709 2650 cujus
2728 2581 2950 2635 Elismus
2971 2582 3140 2636 lilium
3165 2597 3230 2636 ex
3261 2584 3610 2650 promissione

2021 2684 2206 2729 natum
2234 2684 2431 2743 etpost
2461 2673 2560 2728 hoc
2602 2685 2868 2728 mortuum
2891 2676 3169 2731 suscitavit
3226 2674 3348 2747 (III
3384 2677 3514 2747 R'g.
3538 2678 3602 2745 ι).

2020 2769 2360 2838 Quapropter
2373 2770 2424 2821 in
2442 2771 2542 2823 hoc
2556 2769 2773 2824 nomine
2787 2779 3026 2823 sanctam
3045 2769 3337 2826 Ecclesium
3356 2772 3609 2840 accipiens

2021 2862 2145 2918 dam
2173 2876 2295 2918 esse
2334 2861 2453 2932 quis
2485 2862 2737 2917 dubitet?
2769 2862 3101 2934 Frequenter
3132 2879 3257 2919 vero
3294 2864 3344 2920 ei
3368 2874 3609 2919 reuertere

2021 2953 2239 3023 dicitur,
2268 2970 2387 3026 qua:
2417 2954 2692 3024 quondam
2724 2958 2776 3009 in
2807 2954 2899 3010 illo
2926 2956 3132 3023 iuniore
3147 2955 3319 3011 ﬁlioin
3333 2958 3607 3027 regionem

2022 3048 2366 3119 longinquam
2381 3048 2567 3107 abiens
2581 3047 2731 3121 (Luc.
2749 3048 2841 3119 xv)
2862 3064 3046 3105 aversa
3061 3049 3256 3119 fuerat;
3274 3061 3397 3107 tunc
3418 3053 3613 3111 etenim

2022 3154 2237 3197 reversa
2261 3150 2363 3207 est,
2397 3140 2609 3210 quando
2629 3140 2694 3196 ad
2722 3142 2886 3197 Deum
2908 3157 2975 3197 ex
3005 3144 3168 3199 corde
3213 3160 3472 3201 conversa
3512 3155 3613 3202 est.

324 3233 461 3289 ritus
506 3232 880 3302 idolorumque
908 3233 1081 3287 cultus
1125 3233 1423 3300 subvertit,
1453 3240 1507 3287 et
1536 3232 1651 3302 ipsa
1711 3234 1762 3286 in
1820 3232 1925 3289 fide
1951 3221 1999 3285 C
2030 3236 2139 3292 Aut
2168 3233 2371 3290 idcirco
2402 3244 2508 3290 tam
2532 3234 2725 3290 crebro
2754 3236 2803 3292 ei
2830 3245 3080 3292 revertere
3104 3237 3320 3306 dicitur,
3356 3249 3414 3294 ut
3453 3240 3614 3297 etiam

325 3323 528 3380 Christi
583 3323 876 3394 perdurans
900 3367 915 3391 ,
948 3338 979 3378 a
1002 3325 1251 3395 gentibus
1295 3324 1538 3394 superari
1566 3338 1672 3378 non
1703 3325 1921 3393 potuit?

326 3414 427 3473 Est
452 3423 506 3471 et
534 3416 586 3470 in
610 3431 675 3472 eo
698 3416 952 3472 terribilis
978 3418 1203 3473 multum
1228 3460 1243 3485 ,
1268 3433 1388 3472 cum
1412 3418 1462 3473 ei
1493 3418 1546 3472 in
1580 3418 1740 3474 Petro
1766 3418 1923 3474 datur

326 3508 417 3567 illa
442 3517 680 3581 potestas
723 3510 809 3565 ubi
842 3510 1037 3566 dicitur
1069 3526 1086 3566 :
1135 3511 1466 3583 Quacunque
1498 3510 1734 3585 ligaveris
1772 3529 1925 3579 super

326 3612 538 3670 terram,
562 3612 709 3659 erunt
739 3605 896 3675 ligata
922 3614 969 3658 et
1000 3606 1052 3659 in
1081 3606 1207 3661 ctelo
1237 3615 1327 3673 ;et
1356 3622 1670 3678 qua'cunque
1712 3609 1924 3664 solveris

326 3714 480 3770 super
511 3708 723 3765 terram,
763 3708 911 3753 erunt
937 3699 1110 3754 soluta
1136 3702 1184 3755 ει
1227 3700 1280 3755 in
1306 3702 1433 3755 caelo
1467 3700 1697 3772 (Matth.
1742 3718 1830 3757 xvt
1880 3711 1925 3759 et

326 3788 501 3860 mu).

399 3890 560 3947 Num.
594 3890 718 3945 144.
750 3891 1006 3945 Descendi
1034 3891 1103 3944 ad
1128 3892 1331 3945 hortum
1356 3908 1567 3959 nucum,
1599 3904 1654 3947 ut
1676 3894 1923 3949 uiderem.

331 3985 535 4046 Hortus
566 4000 785 4050 nucum,
808 4000 1071 4040 canonem
1100 3984 1313 4039 Veteris
1339 3992 1395 4039 et
1434 3984 1568 4038 Novi
1594 3984 1927 4043 Testamenti

330 4081 579 4153 designat
607 4097 621 4135 :
648 4079 859 4147 species
881 4078 1024 4132 enim
1050 4090 1247 4133 nucum
1275 4074 1420 4130 aliud
1455 4076 1690 4131 ostendit
1720 4078 1772 4131 in
1804 4092 1928 4131 cor-

331 4177 459 4241 tice,
514 4183 569 4230 et
617 4171 761 4227 aliud
803 4170 1002 4226 retinet
1051 4171 1106 4224 in
1139 4168 1391 4224 medulla.
1416 4168 1569 4236 Quod
1605 4168 1651 4223 si
1706 4170 1825 4239 quis
1876 4169 1929 4225 in

331 4266 622 4338 Scripturis
672 4263 874 4320 sanctis
922 4277 1030 4316 non
1060 4260 1425 4328 discreverit,
1453 4270 1508 4316 et
1535 4260 1931 4331 quodammodo

331 4364 481 4421 velut
508 4363 561 4437 in
593 4360 747 4417 nucis
771 4357 1063 4415 corticibus
1102 4357 1313 4411 interna
1338 4370 1445 4410 non
1464 4355 1753 4427 quaesierit,
1786 4364 1838 4410 et
1862 4355 1931 4411 ad

328 4462 539 4527 partum
565 4450 857 4523 spiritualis
880 4449 1248 4520 intelligentiae
1280 4450 1564 4519 pervenire
1585 4464 1691 4503 non
1725 4458 1926 4519 potest.

328 4549 484 4620 Quod
509 4556 689 4604 autem
712 4545 806 4612 ait,
841 4545 908 4601 Ut
937 4546 1161 4600 viderem
1182 4561 1335 4613 poma
1361 4544 1610 4599 convallis
1636 4561 1655 4598 .'
1680 4552 1739 4599 ut
1772 4543 1926 4599 vide-

2025 3328 2071 3384 si
2097 3342 2359 3384 conversa
2391 3327 2711 3400 deliquerit,
2767 3330 2820 3385 in
2852 3330 3283 3400 desperationem
3314 3348 3421 3387 non
3466 3333 3615 3390 deci-

2025 3423 2140 3491 dat,
2173 3424 2267 3479 sed
2302 3438 2332 3478 a
2364 3425 2621 3494 peccandi
2654 3427 3066 3495 consuetudine,
3121 3431 3237 3499 spei
3282 3429 3613 3503 indulgentia

2026 3518 2332 3590 resipiscat.
2364 3518 2497 3586 Quze
2530 3533 2632 3574 vox
2662 3519 2729 3575 ad
2758 3528 2976 3575 sanctos
3006 3521 3189 3593 utique
3212 3525 3616 3595 comprobatur,

2028 3614 2119 3685 qui
2147 3626 2425 3668 conversa:
2448 3611 2900 3682 pulchritudinem
2925 3615 3234 3671 desiderant
3262 3617 3481 3673 intueri.

2102 3704 2232 3762 CAP.
2267 3704 2467 3760 Vll.—
2501 3705 2660 3763 Num.
2683 3707 2806 3763 MS.
2849 3708 2987 3775 Quid
3004 3709 3232 3765 videbitis
3255 3711 3308 3764 in
3330 3710 3616 3780 Sunamite,

2028 3799 2148 3853 nisi.
2179 3796 2319 3864 Quid
2352 3799 2404 3852 in
2437 3797 2681 3853 Ecclesia
2721 3799 3036 3853 intuendum
3068 3809 3170 3865 est,
3206 3802 3310 3856 nisi
3337 3802 3617 3872 dispositio

2030 3904 2217 3945 eorum
2232 3890 2320 3959 qui
2342 3904 2557 3958 semper
2571 3889 2626 3944 in
2652 3890 2927 3957 procinctu
2950 3900 3198 3961 tanquam
3218 3892 3272 3947 in
3290 3895 3478 3949 castris
3498 3910 3615 3950 con-

2030 3982 2224 4049 stituti,
2256 3992 2441 4038 contra
2455 3981 2724 4037 diabolum
2739 3982 2994 4052 dimicare
3016 4000 3122 4041 non
3152 3997 3390 4054 cessant,
3420 3988 3617 4046 idcirco

2032 4076 2238 4146 utique,
2269 4089 2337 4130 ne
2367 4074 2552 4130 ﬁdeles
2585 4074 2744 4131 fidem
2799 4078 3055 4131 amittant
3082 4095 3099 4134 :
3128 4094 3197 4134 ne
3235 4080 3470 4150 religiosi
3495 4097 3611 4152 apo.

2029 4175 2187 4224 statas
2208 4164 2732 4233 efficianturelevati,
2766 4183 2832 4223 ne
2864 4169 3242 4227 misericordes
3281 4172 3503 4228 avaritia
3521 4174 3616 4230 ob-

2034 4260 2318 4327 durentur,
2346 4275 2413 4316 ne
2427 4262 2750 4330 pmniteutes
2774 4272 3112 4320 revertantur
3135 4266 3202 4321 ad
3233 4269 3515 4335 vomitum,
3544 4285 3612 4326 ne

2034 4355 2269 4425 virgines
2314 4354 2636 4425 integritatis
2673 4356 2867 4411 decore
2910 4366 3159 4425 careant,
3193 4374 3260 4415 ne
3284 4360 3616 4419 continentes

2036 4446 2371 4504 castimoniae
2401 4447 2633 4503 nitorem
2686 4449 2983 4504 amittant?
3014 4449 3077 4505 Hi
3120 4460 3249 4507 sunt
3293 4451 3347 4507 in
3380 4451 3617 4511 Ecclesia

2037 4538 2189 4595 chori
2226 4550 2529 4595 castrorum
2558 4540 2761 4612 jugiter
2788 4543 2844 4597 in
2874 4546 3173 4603 certamine
3221 4547 3521 4614 constituti,
3573 4561 3618 4606 et

328 4618 445 4700 rem
491 4639 722 4696 fructum
754 4637 1066 4693 humillimae
1090 4638 1145 4692 in
1188 4635 1427 4693 Ecclesia
1458 4635 1646 4706 plebis,
1673 4638 1816 4690 sicut
1863 4636 1919 4691 in
1951 4618 2002 4680 Ι)
2029 4631 2140 4689 Deo
2164 4634 2443 4689 muniente
2464 4647 2679 4704 semper
2707 4633 2915 4691 invicti.

329 4731 559 4791 Psalmis
583 4731 830 4788 canitur:
860 4729 1117 4796 Quoniam
1174 4737 1229 4783 tu
1259 4729 1506 4801 populum
1538 4727 1783 4783 humilem
1815 4729 1922 4783 sal-

332 4842 453 4883 uum
504 4828 699 4897 facies,
727 4835 773 4879 et
821 4827 996 4879 oculos
1038 4824 1369 4896 superborum
1413 4820 1918 4895 humiliabis(PsaI.

332 4934 443 4978 xvtt
468 4918 509 4989 ).

402 5021 564 5079 Num.
589 5022 712 5079 145.
749 5020 815 5075 Ut
846 5022 1145 5089 inspicerem
1182 5021 1229 5075 si
1270 5022 1565 5092 floruissent
1620 5021 1798 5075 vincte.
1853 5020 1925 5077 Ut

332 5115 618 5188 probarem
644 5112 764 5167 sia'n
796 5120 1001 5168 tantum
1024 5111 1340 5181 profecisset
1378 5111 1618 5167 Ecclesia
1648 5122 1705 5167 ut
1727 5113 1926 5182 gerati-

333 5217 527 5268 starent
548 5209 599 5263 in
621 5222 684 5263 ea
702 5206 791 5277 qui
814 5206 881 5261 ad
905 5206 1147 5277 martyrii
1168 5204 1549 5276 perfectionem
1568 5207 1924 5275 attingerent;

333 5311 390 5358 et
410 5298 784 5365 rubicundam,
820 5306 1040 5368 pr0pter
1063 5296 1265 5353 Christi
1301 5298 1384 5353 sui
1409 5297 1684 5369 sanguinis
1713 5296 1925 5354 effusio~

333 5407 458 5449 nem
491 5390 701 5461 pulchri
728 5396 934 5446 essent.

406 5494 566 5551 Num.
589 5491 954 5559 M6.Nescivi,
989 5492 1161 5545 anima
1187 5508 1297 5547 mea
1319 5491 1633 5547 conturbavit
1662 5509 1761 5547 me.
1790 5491 1925 5559 Quid

339 5586 562 5641 nescivit
583 5586 850 5651 Christus,
884 5584 983 5639 nisi
1016 5582 1333 5654 peccatum?
1367 5582 1599 5638 Nescivit
1624 5583 1783 5639 etiam
1808 5582 1927 5637 illos

340 5678 430 5746 qui
460 5680 510 5731 in
543 5678 832 5749 Evangelio
885 5678 1072 5733 dicunt
1104 5694 1118 5732 :
1153 5675 1391 5742 Domine,
1422 5691 1588 5731 nonne
1620 5678 1673 5730 in
1705 5685 1792 5730 tuo
1828 5692 1925 5729 no-

340 5770 476 5823 mine
505 5772 933 5839 prophetavimus,
982 5782 1027 5826 et
1048 5771 1101 5825 in
1131 5772 1334 5825 nomine
1366 5782 1451 5824 tuo
1498 5772 1707 5825 virtutes
1741 5769 1928 5825 multas

316 5862 559 5938 (fecimus
590 5863 699 5918 ?Et
721 5867 1076 5937 tunc(ittquit)
1106 5866 1275 5924 dicant
1302 5866 1407 5924 illis
1437 5865 1657 5944 :_Amen
1686 5867 1809 5924 dico
1834 5880 1929 5928 v0-

2098 4724 2261 4782 Num.
2294 4724 2417 4782 149.
2454 4725 2622 4794 Quam
2652 4726 2858 4798 pulchri
2903 4739 3021 4783 sunt
3047 4747 3251 4802 gressus
3302 4734 3414 4788 tui!
3453 4735 3617 4801 Quan'

2028 4820 2332 4878 admirandi
2374 4818 2648 4889 profectus
2677 4820 2731 4875 in
2763 4822 2845 4875 bis
2872 4823 2962 4894 qui
3008 4826 3229 4880 verbum
3273 4826 3370 4881 Dei
3418 4843 3616 4881 annun-

2030 4913 2168 4969 tiant
2194 4912 2249 4967 in
2282 4911 2523 4967 Ecclesia
2575 4911 2779 4968 Christi
2807 4915 2817 4967 Ξ
2848 4915 2989 4969 sicut
3046 4916 3336 4984 Apostolus
3362 4917 3617 4986 scripturr

2029 5002 2085 5057 in
2116 5001 2379 5072 propheta
2400 5012 2792 5059 commemorat
2818 5023 2831 5060 :
2861 5008 3027 5074 Quam
3053 5009 3270 5078 speciosi
3298 5009 3448 5077 pedes
3465 5026 3616 5064 evan-

2027 5094 2356 5164 gelizantium
2387 5096 2517 5149 bona
2534 5096 2555 5149 l
2584 5096 2647 5151 Et
2670 5098 2866 5154 iterum
2916 5100 3032 5169 ipse
3063 5118 3078 5154 :
3112 5099 3335 5155 Calciati
3388 5102 3540 5174 pedes
3572 5106 3616 5159 ir

2030 5186 2412 5257 praeparatione
2441 5185 2713 5261 Evangelii
2734 5192 2878 5261 pacis
2908 5191 3085 5262 (Rom.
3110 5193 3191 5261 ι).

2102 5303 2263 5360 Num.
2282 5304 2407 5363 150.
2431 5304 2687 5361 Junctura
2712 5309 2957 5377 femorum
2976 5317 3202 5364 tuorum.
3221 5310 3534 5367 iuncturam
3551 5311 3615 5368 le-

2033 5410 2243 5453 morum
2270 5407 2504 5465 tuorum,
2531 5414 2599 5455 ex
2623 5400 3033 5456 circumcisione
3047 5410 3102 5456 et
3129 5403 3613 5473 praeputiovenien-

2032 5493 2165 5548 tium
2194 5494 2509 5550 societatem
2542 5493 2873 5549 advertimus
2918 5497 3234 5565 populorum
3263 5516 3276 5565 ;
3307 5507 3361 5553 et
3392 5514 3486 5568 per
3535 5500 3586 5555 id
3606 5544 3619 5565 ,

2030 5593 2141 5642 tam
2168 5587 2245 5644 illi
2270 5590 2362 5660 qul
2385 5604 2453 5644 ex
2500 5587 2706 5643 femore
2740 5588 3010 5644 Abraham
3062 5592 3357 5647 secundum
3403 5608 3616 5649 carnem

2031 5681 2312 5752 propagati
2337 5690 2484 5745 sunt,
2518 5696 2676 5751 quam
2714 5682 2787 5737 illi
2818 5684 2907 5753 qui
2954 5684 3007 5738 in
3039 5686 3249 5741 semine
3281 5688 3422 5756 ejus,
3458 5688 3509 5741 id
3537 5697 3615 5743 est

2032 5773 2087 5829 in
2118 5772 2355 5841 Christo,
2390 5786 2702 5830 meruerunt
2734 5794 2748 5840 ;
2780 5790 2901 5830 cum
2934 5776 2985 5832 in
3009 5780 3270 5833 unitatem
3305 5779 3428 5833 ﬁdei
3456 5794 3613 5847 COpll'

2032 5866 2232 5939 lantur,
2274 5877 2527 5939 tanquam
2558 5868 2775 5927 monilia
2822 5886 2941 5942 quae
2997 5871 3251 5932 fabricata
3302 5878 3427 5927 sunt
3462 5886 3619 5945 manu
