  <div class='ocr_page' id='page_1' title='image "/cluster/home/n/w/nwhite01/storage/ocr_20150623/67/hvd.32044015547185/501.png"; bbox 0 0 4078 6440; ppageno 0'>
   <div class='ocr_carea' id='block_1_1' title="bbox 490 327 592 385">
    <p class='ocr_par' dir='ltr' id='par_1_1' title="bbox 490 327 592 385">
     <span class='ocr_line' id='line_1_1' title="bbox 490 327 592 385; baseline -0.02 0"><span class='ocrx_word' id='word_1_1' title='bbox 490 327 592 385; x_wconf 81' lang='lat'><strong>987</strong></span> 
     </span>
    </p>
   </div>
   <div class='ocr_carea' id='block_1_2' title="bbox 1733 329 2535 390">
    <p class='ocr_par' dir='ltr' id='par_1_2' title="bbox 1733 329 2535 390">
     <span class='ocr_line' id='line_1_2' title="bbox 1733 329 2535 390; baseline -0.004 0"><span class='ocrx_word' id='word_1_2' title='bbox 1733 332 1791 390; x_wconf 90' lang='lat' dir='ltr'><strong>S.</strong></span> <span class='ocrx_word' id='word_1_3' title='bbox 1831 331 2018 389; x_wconf 81' lang='lat' dir='ltr'><strong>JUSTI</strong></span> <span class='ocrx_word' id='word_1_4' title='bbox 2063 329 2535 389; x_wconf 78' lang='lat' dir='ltr'><strong>UBGELLENSIS</strong></span> 
     </span>
    </p>
   </div>
   <div class='ocr_carea' id='block_1_3' title="bbox 3682 325 3791 385">
    <p class='ocr_par' dir='ltr' id='par_1_3' title="bbox 3682 325 3791 385">
     <span class='ocr_line' id='line_1_3' title="bbox 3682 325 3791 385; baseline 0.018 -1"><span class='ocrx_word' id='word_1_5' title='bbox 3682 325 3791 385; x_wconf 76' lang='lat'><strong>988</strong></span> 
     </span>
    </p>
   </div>
   <div class='ocr_carea' id='block_1_4' title="bbox 490 439 3789 515">
    <p class='ocr_par' dir='ltr' id='par_1_4' title="bbox 490 439 3789 515">
     <span class='ocr_line' id='line_1_4' title="bbox 490 439 3789 515; baseline -0.001 -15"><span class='ocrx_word' id='word_1_6' title='bbox 490 443 734 512; x_wconf 87' lang='lat' dir='ltr'><strong>artiﬁcis,</strong></span> <span class='ocrx_word' id='word_1_7' title='bbox 772 443 1168 501; x_wconf 88' lang='lat' dir='ltr'><strong>describuntur.</strong></span> <span class='ocrx_word' id='word_1_8' title='bbox 1218 442 1350 512; x_wconf 82' lang='lat' dir='ltr'><strong>Quis</strong></span> <span class='ocrx_word' id='word_1_9' title='bbox 1394 442 1539 499; x_wconf 90' lang='lat' dir='ltr'><strong>enim</strong></span> <span class='ocrx_word' id='word_1_10' title='bbox 1583 443 1773 499; x_wconf 82' lang='lat' dir='ltr'><strong>artifex</strong></span> <span class='ocrx_word' id='word_1_11' title='bbox 1826 457 2075 515; x_wconf 88' lang='lat' dir='ltr'><strong>tanquam</strong></span> <span class='ocrx_word' id='word_1_12' title='bbox 2105 446 2159 505; x_wconf 78' lang='grc' dir='ltr'>Α</span> <span class='ocrx_word' id='word_1_13' title='bbox 2185 441 2349 499; x_wconf 88' lang='lat' dir='ltr'><strong>fectio</strong></span> <span class='ocrx_word' id='word_1_14' title='bbox 2380 452 2466 497; x_wconf 88' lang='lat' dir='ltr'><strong>tua</strong></span> <span class='ocrx_word' id='word_1_15' title='bbox 2491 442 2735 512; x_wconf 73' lang='lat' dir='ltr'><strong>pervenit</strong></span> <span class='ocrx_word' id='word_1_16' title='bbox 2762 442 2827 499; x_wconf 84' lang='lat' dir='ltr'><strong>ad</strong></span> <span class='ocrx_word' id='word_1_17' title='bbox 2853 441 3157 513; x_wconf 71' lang='lat' dir='ltr'><strong>praemium,</strong></span> <span class='ocrx_word' id='word_1_18' title='bbox 3191 450 3247 497; x_wconf 91' lang='lat' dir='ltr'><strong>et</strong></span> <span class='ocrx_word' id='word_1_19' title='bbox 3273 440 3531 498; x_wconf 85' lang='lat' dir='ltr'><strong>doctores</strong></span> <span class='ocrx_word' id='word_1_20' title='bbox 3556 440 3635 498; x_wconf 80' lang='lat' dir='ltr'><strong>tui</strong></span> <span class='ocrx_word' id='word_1_21' title='bbox 3661 439 3789 497; x_wconf 76' lang='lat' dir='ltr'><strong>dul-</strong></span> 
     </span>
    </p>
   </div>
   <div class='ocr_carea' id='block_1_5' title="bbox 489 535 2078 609">
    <p class='ocr_par' dir='ltr' id='par_1_5' title="bbox 489 535 2078 609">
     <span class='ocr_line' id='line_1_5' title="bbox 489 535 2078 609; baseline 0.002 -17"><span class='ocrx_word' id='word_1_22' title='bbox 489 536 728 601; x_wconf 89' lang='lat' dir='ltr'><strong>monilia,</strong></span> <span class='ocrx_word' id='word_1_23' title='bbox 765 536 862 591; x_wconf 90' lang='lat' dir='ltr'><strong>hos</strong></span> <span class='ocrx_word' id='word_1_24' title='bbox 886 538 937 592; x_wconf 92' lang='lat' dir='ltr'><strong>in</strong></span> <span class='ocrx_word' id='word_1_25' title='bbox 970 535 1074 592; x_wconf 90' lang='lat' dir='ltr'><strong>ﬁde</strong></span> <span class='ocrx_word' id='word_1_26' title='bbox 1098 537 1323 607; x_wconf 91' lang='lat' dir='ltr'><strong>populos</strong></span> <span class='ocrx_word' id='word_1_27' title='bbox 1355 536 1599 603; x_wconf 78' lang='lat' dir='ltr'><strong>sociavit,</strong></span> <span class='ocrx_word' id='word_1_28' title='bbox 1626 537 1729 592; x_wconf 88' lang='lat' dir='ltr'><strong>nisi</strong></span> <span class='ocrx_word' id='word_1_29' title='bbox 1755 538 1846 593; x_wconf 90' lang='lat' dir='ltr'><strong>ille</strong></span> <span class='ocrx_word' id='word_1_30' title='bbox 1878 540 1943 594; x_wconf 87' lang='lat' dir='ltr'><strong>de</strong></span> <span class='ocrx_word' id='word_1_31' title='bbox 1972 554 2078 609; x_wconf 90' lang='lat' dir='ltr'><strong>quo</strong></span> 
     </span>
    </p>
   </div>
   <div class='ocr_carea' id='block_1_6' title="bbox 493 627 2079 703">
    <p class='ocr_par' dir='ltr' id='par_1_6' title="bbox 493 627 2079 703">
     <span class='ocr_line' id='line_1_6' title="bbox 493 627 2079 703; baseline 0 -17"><span class='ocrx_word' id='word_1_32' title='bbox 493 628 784 698; x_wconf 81' lang='lat' dir='ltr'><strong>Apostolus</strong></span> <span class='ocrx_word' id='word_1_33' title='bbox 803 630 877 684; x_wconf 88' lang='lat' dir='ltr'><strong>ait</strong></span> <span class='ocrx_word' id='word_1_34' title='bbox 910 646 924 683; x_wconf 90' lang='lat'><strong>:</strong></span> <span class='ocrx_word' id='word_1_35' title='bbox 959 627 1080 700; x_wconf 87' lang='lat' dir='ltr'><strong>Ipse</strong></span> <span class='ocrx_word' id='word_1_36' title='bbox 1099 637 1172 684; x_wconf 76' lang='lat' dir='ltr'><strong>est</strong></span> <span class='ocrx_word' id='word_1_37' title='bbox 1202 645 1307 702; x_wconf 70' lang='lat' dir='ltr'><strong>pars</strong></span> <span class='ocrx_word' id='word_1_38' title='bbox 1329 638 1530 697; x_wconf 86' lang='lat' dir='ltr'><strong>nostra,</strong></span> <span class='ocrx_word' id='word_1_39' title='bbox 1565 631 1653 702; x_wconf 96' lang='lat' dir='ltr'><strong>qui</strong></span> <span class='ocrx_word' id='word_1_40' title='bbox 1702 632 1819 702; x_wconf 79' lang='lat' dir='ltr'><strong>fecit</strong></span> <span class='ocrx_word' id='word_1_41' title='bbox 1867 641 2079 703; x_wconf 86' lang='lat' dir='ltr'><strong>utraque</strong></span> 
     </span>
    </p>
   </div>
   <div class='ocr_carea' id='block_1_7' title="bbox 498 717 1035 790">
    <p class='ocr_par' dir='ltr' id='par_1_7' title="bbox 498 717 1035 790">
     <span class='ocr_line' id='line_1_7' title="bbox 498 717 1035 790; baseline 0.009 -19"><span class='ocrx_word' id='word_1_42' title='bbox 498 735 654 771; x_wconf 86' lang='lat' dir='ltr'><strong>unum</strong></span> <span class='ocrx_word' id='word_1_43' title='bbox 678 717 898 790; x_wconf 81' lang='lat' dir='ltr'><strong>(Ephes.</strong></span> <span class='ocrx_word' id='word_1_44' title='bbox 923 719 1035 790; x_wconf 76' lang='lat' dir='ltr'><strong>Vt)?</strong></span> 
     </span>
    </p>
   </div>
   <div class='ocr_carea' id='block_1_8' title="bbox 560 832 2077 910">
    <p class='ocr_par' dir='ltr' id='par_1_8' title="bbox 560 832 2077 910">
     <span class='ocr_line' id='line_1_8' title="bbox 560 832 2077 910; baseline 0.005 -23"><span class='ocrx_word' id='word_1_45' title='bbox 560 832 718 887; x_wconf 80' lang='lat' dir='ltr'><strong>Num.</strong></span> <span class='ocrx_word' id='word_1_46' title='bbox 752 834 876 889; x_wconf 76' lang='grc'><strong>151.</strong></span> <span class='ocrx_word' id='word_1_47' title='bbox 917 834 1200 893; x_wconf 86' lang='lat' dir='ltr'><strong>Umbilicus</strong></span> <span class='ocrx_word' id='word_1_48' title='bbox 1229 845 1347 892; x_wconf 89' lang='lat' dir='ltr'><strong>tuus</strong></span> <span class='ocrx_word' id='word_1_49' title='bbox 1397 847 1561 892; x_wconf 88' lang='lat' dir='ltr'><strong>crater</strong></span> <span class='ocrx_word' id='word_1_50' title='bbox 1588 838 1865 892; x_wconf 83' lang='lat' dir='ltr'><strong>tornatilis.</strong></span> <span class='ocrx_word' id='word_1_51' title='bbox 1901 837 1963 893; x_wconf 85' lang='lat' dir='ltr'><strong>Hi</strong></span> <span class='ocrx_word' id='word_1_52' title='bbox 1987 838 2077 910; x_wconf 86' lang='lat' dir='ltr'><strong>qui</strong></span> 
     </span>
    </p>
   </div>
   <div class='ocr_carea' id='block_1_9' title="bbox 491 929 2075 1003">
    <p class='ocr_par' dir='ltr' id='par_1_9' title="bbox 491 929 2075 1003">
     <span class='ocr_line' id='line_1_9' title="bbox 491 929 2075 1003; baseline 0.006 -25"><span class='ocrx_word' id='word_1_53' title='bbox 491 941 595 978; x_wconf 89' lang='lat' dir='ltr'><strong>non</strong></span> <span class='ocrx_word' id='word_1_54' title='bbox 627 936 893 999; x_wconf 79' lang='lat' dir='ltr'><strong>extremo,</strong></span> <span class='ocrx_word' id='word_1_55' title='bbox 924 929 1019 984; x_wconf 89' lang='lat' dir='ltr'><strong>sed</strong></span> <span class='ocrx_word' id='word_1_56' title='bbox 1052 930 1106 984; x_wconf 90' lang='lat' dir='ltr'><strong>in</strong></span> <span class='ocrx_word' id='word_1_57' title='bbox 1163 930 1341 985; x_wconf 89' lang='lat' dir='ltr'><strong>medio</strong></span> <span class='ocrx_word' id='word_1_58' title='bbox 1371 930 1623 987; x_wconf 74' lang='lat' dir='ltr'><strong>Ecclesiae</strong></span> <span class='ocrx_word' id='word_1_59' title='bbox 1653 947 1879 1003; x_wconf 89' lang='lat' dir='ltr'><strong>corpore</strong></span> <span class='ocrx_word' id='word_1_60' title='bbox 1924 948 2075 988; x_wconf 81' lang='lat' dir='ltr'><strong>com-</strong></span> 
     </span>
    </p>
   </div>
   <div class='ocr_carea' id='block_1_10' title="bbox 488 1022 2076 1090">
    <p class='ocr_par' dir='ltr' id='par_1_10' title="bbox 488 1022 2076 1090">
     <span class='ocr_line' id='line_1_10' title="bbox 488 1022 2076 1090; baseline 0.006 -19"><span class='ocrx_word' id='word_1_61' title='bbox 488 1028 786 1090; x_wconf 83' lang='lat' dir='ltr'><strong>mutantur,</strong></span> <span class='ocrx_word' id='word_1_62' title='bbox 817 1022 1118 1079; x_wconf 84' lang='lat' dir='ltr'><strong>umbiculus</strong></span> <span class='ocrx_word' id='word_1_63' title='bbox 1140 1023 1413 1078; x_wconf 90' lang='lat' dir='ltr'><strong>dicuntur.</strong></span> <span class='ocrx_word' id='word_1_64' title='bbox 1436 1023 1626 1080; x_wconf 86' lang='lat' dir='ltr'><strong>Crater</strong></span> <span class='ocrx_word' id='word_1_65' title='bbox 1655 1024 1921 1079; x_wconf 89' lang='lat' dir='ltr'><strong>tornatilis</strong></span> <span class='ocrx_word' id='word_1_66' title='bbox 1949 1040 2076 1081; x_wconf 87' lang='lat' dir='ltr'><strong>vasa</strong></span> 
     </span>
    </p>
   </div>
   <div class='ocr_carea' id='block_1_11' title="bbox 486 1113 2077 1187">
    <p class='ocr_par' dir='ltr' id='par_1_11' title="bbox 486 1113 2077 1187">
     <span class='ocr_line' id='line_1_11' title="bbox 486 1113 2077 1187; baseline 0.006 -23"><span class='ocrx_word' id='word_1_67' title='bbox 486 1122 608 1167; x_wconf 87' lang='lat' dir='ltr'><strong>sunt</strong></span> <span class='ocrx_word' id='word_1_68' title='bbox 638 1113 789 1168; x_wconf 82' lang='lat' dir='ltr'><strong>utilia</strong></span> <span class='ocrx_word' id='word_1_69' title='bbox 819 1114 871 1169; x_wconf 90' lang='lat' dir='ltr'><strong>in</strong></span> <span class='ocrx_word' id='word_1_70' title='bbox 904 1130 970 1169; x_wconf 91' lang='lat' dir='ltr'><strong>eo</strong></span> <span class='ocrx_word' id='word_1_71' title='bbox 1002 1116 1295 1182; x_wconf 88' lang='lat' dir='ltr'><strong>tornatilia,</strong></span> <span class='ocrx_word' id='word_1_72' title='bbox 1338 1117 1460 1187; x_wconf 90' lang='lat' dir='ltr'><strong>quia</strong></span> <span class='ocrx_word' id='word_1_73' title='bbox 1509 1116 1574 1170; x_wconf 93' lang='lat' dir='ltr'><strong>ad</strong></span> <span class='ocrx_word' id='word_1_74' title='bbox 1606 1117 1963 1173; x_wconf 90' lang='lat' dir='ltr'><strong>obediendum</strong></span> <span class='ocrx_word' id='word_1_75' title='bbox 1991 1118 2077 1177; x_wconf 85' lang='lat' dir='ltr'><strong>vel</strong></span> 
     </span>
    </p>
   </div>
   <div class='ocr_carea' id='block_1_12' title="bbox 486 1203 2075 1285">
    <p class='ocr_par' dir='ltr' id='par_1_12' title="bbox 486 1203 2075 1285">
     <span class='ocr_line' id='line_1_12' title="bbox 486 1203 2075 1285; baseline 0.009 -29"><span class='ocrx_word' id='word_1_76' title='bbox 486 1203 552 1260; x_wconf 88' lang='lat' dir='ltr'><strong>ad</strong></span> <span class='ocrx_word' id='word_1_77' title='bbox 580 1221 743 1261; x_wconf 87' lang='lat' dir='ltr'><strong>omne</strong></span> <span class='ocrx_word' id='word_1_78' title='bbox 764 1222 901 1276; x_wconf 89' lang='lat' dir='ltr'><strong>opus</strong></span> <span class='ocrx_word' id='word_1_79' title='bbox 940 1207 1138 1265; x_wconf 85' lang='lat' dir='ltr'><strong>bonum</strong></span> <span class='ocrx_word' id='word_1_80' title='bbox 1173 1219 1359 1279; x_wconf 91' lang='lat' dir='ltr'><strong>parata</strong></span> <span class='ocrx_word' id='word_1_81' title='bbox 1420 1208 1639 1283; x_wconf 80' lang='lat' dir='ltr'><strong>(Ep/tes.</strong></span> <span class='ocrx_word' id='word_1_82' title='bbox 1692 1209 1774 1282; x_wconf 85' lang='lat' dir='ltr'><strong>ll),</strong></span> <span class='ocrx_word' id='word_1_83' title='bbox 1804 1230 2075 1285; x_wconf 85' lang='lat' dir='ltr'><strong>nunquam</strong></span> 
     </span>
    </p>
   </div>
   <div class='ocr_carea' id='block_1_13' title="bbox 487 1294 2079 1377">
    <p class='ocr_par' dir='ltr' id='par_1_13' title="bbox 487 1294 2079 1377">
     <span class='ocr_line' id='line_1_13' title="bbox 487 1294 2079 1377; baseline 0.006 -27"><span class='ocrx_word' id='word_1_84' title='bbox 487 1294 730 1367; x_wconf 90' lang='lat' dir='ltr'><strong>indigent</strong></span> <span class='ocrx_word' id='word_1_85' title='bbox 759 1298 967 1369; x_wconf 89' lang='lat' dir='ltr'><strong>poculis</strong></span> <span class='ocrx_word' id='word_1_86' title='bbox 992 1299 1117 1372; x_wconf 88' lang='lat' dir='ltr'><strong>quia</strong></span> <span class='ocrx_word' id='word_1_87' title='bbox 1143 1300 1377 1372; x_wconf 85' lang='lat' dir='ltr'><strong>Spiritus</strong></span> <span class='ocrx_word' id='word_1_88' title='bbox 1405 1302 1576 1377; x_wconf 81' lang='lat' dir='ltr'><strong>sancti</strong></span> <span class='ocrx_word' id='word_1_89' title='bbox 1624 1304 1799 1376; x_wconf 84' lang='lat' dir='ltr'><strong>gratia</strong></span> <span class='ocrx_word' id='word_1_90' title='bbox 1860 1319 2079 1377; x_wconf 84' lang='lat' dir='ltr'><strong>semper</strong></span> 
     </span>
    </p>
   </div>
   <div class='ocr_carea' id='block_1_14' title="bbox 487 1387 861 1459">
    <p class='ocr_par' dir='ltr' id='par_1_14' title="bbox 487 1387 861 1459">
     <span class='ocr_line' id='line_1_14' title="bbox 487 1387 861 1459; baseline 0.005 -16"><span class='ocrx_word' id='word_1_91' title='bbox 487 1387 693 1459; x_wconf 89' lang='lat' dir='ltr'><strong>repleta</strong></span> <span class='ocrx_word' id='word_1_92' title='bbox 716 1400 861 1445; x_wconf 91' lang='lat' dir='ltr'><strong>sunt.</strong></span> 
     </span>
    </p>
   </div>
   <div class='ocr_carea' id='block_1_15' title="bbox 556 1501 2080 1575">
    <p class='ocr_par' dir='ltr' id='par_1_15' title="bbox 556 1501 2080 1575">
     <span class='ocr_line' id='line_1_15' title="bbox 556 1501 2080 1575; baseline 0.003 -16"><span class='ocrx_word' id='word_1_93' title='bbox 556 1501 716 1560; x_wconf 79' lang='lat' dir='ltr'><strong>Num.</strong></span> <span class='ocrx_word' id='word_1_94' title='bbox 739 1502 862 1559; x_wconf 70' lang='lat'><strong>152.</strong></span> <span class='ocrx_word' id='word_1_95' title='bbox 897 1502 1083 1560; x_wconf 84' lang='lat' dir='ltr'><strong>Venter</strong></span> <span class='ocrx_word' id='word_1_96' title='bbox 1097 1513 1212 1561; x_wconf 89' lang='lat' dir='ltr'><strong>tuus</strong></span> <span class='ocrx_word' id='word_1_97' title='bbox 1239 1505 1369 1562; x_wconf 91' lang='lat' dir='ltr'><strong>sicut</strong></span> <span class='ocrx_word' id='word_1_98' title='bbox 1390 1521 1597 1562; x_wconf 75' lang='lat' dir='ltr'><strong>acervus</strong></span> <span class='ocrx_word' id='word_1_99' title='bbox 1617 1506 1791 1562; x_wconf 81' lang='lat' dir='ltr'><strong>tritici.</strong></span> <span class='ocrx_word' id='word_1_100' title='bbox 1813 1505 1916 1575; x_wconf 87' lang='lat' dir='ltr'><strong>Qui</strong></span> <span class='ocrx_word' id='word_1_101' title='bbox 1938 1521 2080 1565; x_wconf 86' lang='lat' dir='ltr'><strong>sem-</strong></span> 
     </span>
    </p>
   </div>
   <div class='ocr_carea' id='block_1_16' title="bbox 488 1599 2081 1675">
    <p class='ocr_par' dir='ltr' id='par_1_16' title="bbox 488 1599 2081 1675">
     <span class='ocr_line' id='line_1_16' title="bbox 488 1599 2081 1675; baseline 0.004 -20"><span class='ocrx_word' id='word_1_102' title='bbox 488 1611 583 1665; x_wconf 86' lang='lat' dir='ltr'><strong>per</strong></span> <span class='ocrx_word' id='word_1_103' title='bbox 611 1605 801 1655; x_wconf 80' lang='lat' dir='ltr'><strong>sancta</strong></span> <span class='ocrx_word' id='word_1_104' title='bbox 850 1599 1256 1669; x_wconf 86' lang='lat' dir='ltr'><strong>Scripturarum</strong></span> <span class='ocrx_word' id='word_1_105' title='bbox 1296 1602 1553 1659; x_wconf 89' lang='lat' dir='ltr'><strong>alimenta</strong></span> <span class='ocrx_word' id='word_1_106' title='bbox 1584 1604 1908 1675; x_wconf 90' lang='lat' dir='ltr'><strong>percipiunt,</strong></span> <span class='ocrx_word' id='word_1_107' title='bbox 1932 1614 1991 1661; x_wconf 89' lang='lat' dir='ltr'><strong>et</strong></span> <span class='ocrx_word' id='word_1_108' title='bbox 2016 1620 2081 1661; x_wconf 88' lang='lat' dir='ltr'><strong>ea</strong></span> 
     </span>
    </p>
   </div>
   <div class='ocr_carea' id='block_1_17' title="bbox 486 1690 2083 1766">
    <p class='ocr_par' dir='ltr' id='par_1_17' title="bbox 486 1690 2083 1766">
     <span class='ocr_line' id='line_1_17' title="bbox 486 1690 2083 1766; baseline 0.004 -22"><span class='ocrx_word' id='word_1_109' title='bbox 486 1702 605 1758; x_wconf 67' lang='lat' dir='ltr'><strong>qua</strong></span> <span class='ocrx_word' id='word_1_110' title='bbox 628 1698 753 1745; x_wconf 82' lang='lat' dir='ltr'><strong>sunt</strong></span> <span class='ocrx_word' id='word_1_111' title='bbox 774 1690 1030 1749; x_wconf 80' lang='lat' dir='ltr'><strong>salutaria</strong></span> <span class='ocrx_word' id='word_1_112' title='bbox 1059 1692 1197 1748; x_wconf 81' lang='lat' dir='ltr'><strong>infra</strong></span> <span class='ocrx_word' id='word_1_113' title='bbox 1229 1707 1290 1748; x_wconf 88' lang='lat' dir='ltr'><strong>se</strong></span> <span class='ocrx_word' id='word_1_114' title='bbox 1313 1705 1634 1766; x_wconf 76' lang='lat' dir='ltr'><strong>congerunt,</strong></span> <span class='ocrx_word' id='word_1_115' title='bbox 1694 1696 1747 1750; x_wconf 91' lang='lat' dir='ltr'><strong>in</strong></span> <span class='ocrx_word' id='word_1_116' title='bbox 1778 1698 1985 1753; x_wconf 81' lang='lat' dir='ltr'><strong>ventris</strong></span> <span class='ocrx_word' id='word_1_117' title='bbox 2008 1698 2083 1753; x_wconf 89' lang='lat' dir='ltr'><strong>si-</strong></span> 
     </span>
    </p>
   </div>
   <div class='ocr_carea' id='block_1_18' title="bbox 484 1780 2078 1855">
    <p class='ocr_par' dir='ltr' id='par_1_18' title="bbox 484 1780 2078 1855">
     <span class='ocr_line' id='line_1_18' title="bbox 484 1780 2078 1855; baseline 0.004 -19"><span class='ocrx_word' id='word_1_118' title='bbox 484 1780 785 1839; x_wconf 82' lang='lat' dir='ltr'><strong>militudine</strong></span> <span class='ocrx_word' id='word_1_119' title='bbox 833 1782 1188 1855; x_wconf 85' lang='lat' dir='ltr'><strong>deputantur,</strong></span> <span class='ocrx_word' id='word_1_120' title='bbox 1238 1794 1294 1842; x_wconf 91' lang='lat' dir='ltr'><strong>et</strong></span> <span class='ocrx_word' id='word_1_121' title='bbox 1324 1786 1379 1842; x_wconf 88' lang='lat' dir='ltr'><strong>bi</strong></span> <span class='ocrx_word' id='word_1_122' title='bbox 1434 1788 1579 1842; x_wconf 88' lang='lat' dir='ltr'><strong>velut</strong></span> <span class='ocrx_word' id='word_1_123' title='bbox 1635 1803 1862 1845; x_wconf 85' lang='lat' dir='ltr'><strong>acervus</strong></span> <span class='ocrx_word' id='word_1_124' title='bbox 1917 1790 2078 1845; x_wconf 88' lang='lat' dir='ltr'><strong>tritici</strong></span> 
     </span>
    </p>
   </div>
   <div class='ocr_carea' id='block_1_19' title="bbox 486 1876 2082 1950">
    <p class='ocr_par' dir='ltr' id='par_1_19' title="bbox 486 1876 2082 1950">
     <span class='ocr_line' id='line_1_19' title="bbox 486 1876 2082 1950; baseline 0.006 -23"><span class='ocrx_word' id='word_1_125' title='bbox 486 1883 780 1945; x_wconf 82' lang='lat' dir='ltr'><strong>congestus</strong></span> <span class='ocrx_word' id='word_1_126' title='bbox 818 1876 1019 1931; x_wconf 84' lang='lat' dir='ltr'><strong>merito</strong></span> <span class='ocrx_word' id='word_1_127' title='bbox 1072 1878 1517 1945; x_wconf 87' lang='lat' dir='ltr'><strong>pronuntiantur,</strong></span> <span class='ocrx_word' id='word_1_128' title='bbox 1547 1880 1670 1950; x_wconf 89' lang='lat' dir='ltr'><strong>quia</strong></span> <span class='ocrx_word' id='word_1_129' title='bbox 1716 1895 1781 1935; x_wconf 78' lang='lat' dir='ltr'><strong>ex</strong></span> <span class='ocrx_word' id='word_1_130' title='bbox 1834 1879 2082 1937; x_wconf 83' lang='lat' dir='ltr'><strong>doctrina</strong></span> 
     </span>
    </p>
   </div>
   <div class='ocr_carea' id='block_1_20' title="bbox 486 1967 2084 2038">
    <p class='ocr_par' dir='ltr' id='par_1_20' title="bbox 486 1967 2084 2038">
     <span class='ocr_line' id='line_1_20' title="bbox 486 1967 2084 2038; baseline 0.006 -18"><span class='ocrx_word' id='word_1_131' title='bbox 486 1977 617 2020; x_wconf 76' lang='lat' dir='ltr'><strong>sana</strong></span> <span class='ocrx_word' id='word_1_132' title='bbox 642 1980 712 2020; x_wconf 81' lang='lat' dir='ltr'><strong>ex</strong></span> <span class='ocrx_word' id='word_1_133' title='bbox 742 1982 843 2035; x_wconf 88' lang='lat' dir='ltr'><strong>qua</strong></span> <span class='ocrx_word' id='word_1_134' title='bbox 889 1967 1131 2036; x_wconf 80' lang='lat' dir='ltr'><strong>quatidie</strong></span> <span class='ocrx_word' id='word_1_135' title='bbox 1157 1969 1456 2038; x_wconf 87' lang='lat' dir='ltr'><strong>replentur,</strong></span> <span class='ocrx_word' id='word_1_136' title='bbox 1491 1970 1688 2026; x_wconf 87' lang='lat' dir='ltr'><strong>multos</strong></span> <span class='ocrx_word' id='word_1_137' title='bbox 1726 1970 1925 2027; x_wconf 72' lang='lat' dir='ltr'><strong>aﬁ‘atim</strong></span> <span class='ocrx_word' id='word_1_138' title='bbox 1954 1973 2084 2029; x_wconf 81' lang='lat' dir='ltr'><strong>reli-</strong></span> 
     </span>
    </p>
   </div>
   <div class='ocr_carea' id='block_1_21' title="bbox 486 2056 2081 2134">
    <p class='ocr_par' dir='ltr' id='par_1_21' title="bbox 486 2056 2081 2134">
     <span class='ocr_line' id='line_1_21' title="bbox 486 2056 2081 2134; baseline 0.008 -23"><span class='ocrx_word' id='word_1_139' title='bbox 486 2056 674 2123; x_wconf 87' lang='lat' dir='ltr'><strong>ciunt;</strong></span> <span class='ocrx_word' id='word_1_140' title='bbox 702 2074 824 2131; x_wconf 69' lang='lat' dir='ltr'><strong>qua:</strong></span> <span class='ocrx_word' id='word_1_141' title='bbox 853 2058 1101 2116; x_wconf 86' lang='lat' dir='ltr'><strong>doctrina</strong></span> <span class='ocrx_word' id='word_1_142' title='bbox 1126 2060 1181 2117; x_wconf 88' lang='lat' dir='ltr'><strong>in</strong></span> <span class='ocrx_word' id='word_1_143' title='bbox 1209 2072 1413 2118; x_wconf 86' lang='lat' dir='ltr'><strong>tantum</strong></span> <span class='ocrx_word' id='word_1_144' title='bbox 1455 2064 1707 2134; x_wconf 89' lang='lat' dir='ltr'><strong>proﬁcit,</strong></span> <span class='ocrx_word' id='word_1_145' title='bbox 1741 2075 1799 2121; x_wconf 91' lang='lat' dir='ltr'><strong>ut</strong></span> <span class='ocrx_word' id='word_1_146' title='bbox 1824 2067 1984 2123; x_wconf 89' lang='lat' dir='ltr'><strong>etiam</strong></span> <span class='ocrx_word' id='word_1_147' title='bbox 2013 2068 2081 2123; x_wconf 89' lang='lat' dir='ltr'><strong>ad</strong></span> 
     </span>
    </p>
   </div>
   <div class='ocr_carea' id='block_1_22' title="bbox 493 2147 2085 2227">
    <p class='ocr_par' dir='ltr' id='par_1_22' title="bbox 493 2147 2085 2227">
     <span class='ocr_line' id='line_1_22' title="bbox 493 2147 2085 2227; baseline 0.009 -24"><span class='ocrx_word' id='word_1_148' title='bbox 493 2147 825 2224; x_wconf 72' lang='lat' dir='ltr'><strong>virginitatis</strong></span> <span class='ocrx_word' id='word_1_149' title='bbox 852 2152 1251 2210; x_wconf 80' lang='lat' dir='ltr'><strong>observantiam</strong></span> <span class='ocrx_word' id='word_1_150' title='bbox 1276 2155 1377 2225; x_wconf 88' lang='lat' dir='ltr'><strong>piis</strong></span> <span class='ocrx_word' id='word_1_151' title='bbox 1407 2159 1847 2227; x_wconf 84' lang='lat' dir='ltr'><strong>persuasionibus</strong></span> <span class='ocrx_word' id='word_1_152' title='bbox 1885 2162 2085 2219; x_wconf 87' lang='lat' dir='ltr'><strong>multos</strong></span> 
     </span>
    </p>
   </div>
   <div class='ocr_carea' id='block_1_23' title="bbox 492 2242 747 2299">
    <p class='ocr_par' dir='ltr' id='par_1_23' title="bbox 492 2242 747 2299">
     <span class='ocr_line' id='line_1_23' title="bbox 492 2242 747 2299; baseline 0.008 -2"><span class='ocrx_word' id='word_1_153' title='bbox 492 2242 747 2299; x_wconf 80' lang='lat' dir='ltr'><strong>adducat.</strong></span> 
     </span>
    </p>
   </div>
   <div class='ocr_carea' id='block_1_24' title="bbox 558 2335 2083 2403">
    <p class='ocr_par' dir='ltr' id='par_1_24' title="bbox 558 2335 2083 2403">
     <span class='ocr_line' id='line_1_24' title="bbox 558 2335 2083 2403; baseline 0.007 -10"><span class='ocrx_word' id='word_1_154' title='bbox 558 2335 719 2395; x_wconf 76' lang='lat' dir='ltr'><strong>Nam.</strong></span> <span class='ocrx_word' id='word_1_155' title='bbox 746 2336 868 2393; x_wconf 83' lang='grc'><strong>155.</strong></span> <span class='ocrx_word' id='word_1_156' title='bbox 903 2338 1020 2396; x_wconf 89' lang='lat' dir='ltr'><strong>Duo</strong></span> <span class='ocrx_word' id='word_1_157' title='bbox 1041 2340 1200 2395; x_wconf 88' lang='lat' dir='ltr'><strong>ubera</strong></span> <span class='ocrx_word' id='word_1_158' title='bbox 1220 2340 1352 2396; x_wconf 87' lang='lat' dir='ltr'><strong>sicut</strong></span> <span class='ocrx_word' id='word_1_159' title='bbox 1380 2344 1484 2398; x_wconf 84' lang='lat' dir='ltr'><strong>duo</strong></span> <span class='ocrx_word' id='word_1_160' title='bbox 1514 2344 1739 2399; x_wconf 76' lang='lat' dir='ltr'><strong>hinnuti.</strong></span> <span class='ocrx_word' id='word_1_161' title='bbox 1770 2346 1889 2400; x_wconf 88' lang='lat' dir='ltr'><strong>Duo</strong></span> <span class='ocrx_word' id='word_1_162' title='bbox 1914 2353 2083 2403; x_wconf 82' lang='lat' dir='ltr'><strong>testa-</strong></span> 
     </span>
    </p>
   </div>
   <div class='ocr_carea' id='block_1_25' title="bbox 487 2433 2084 2510">
    <p class='ocr_par' dir='ltr' id='par_1_25' title="bbox 487 2433 2084 2510">
     <span class='ocr_line' id='line_1_25' title="bbox 487 2433 2084 2510; baseline 0.007 -22"><span class='ocrx_word' id='word_1_163' title='bbox 487 2442 668 2495; x_wconf 86' lang='lat' dir='ltr'><strong>menta</strong></span> <span class='ocrx_word' id='word_1_164' title='bbox 694 2433 905 2491; x_wconf 88' lang='lat' dir='ltr'><strong>duobus</strong></span> <span class='ocrx_word' id='word_1_165' title='bbox 926 2434 1163 2493; x_wconf 84' lang='lat' dir='ltr'><strong>hinnulis</strong></span> <span class='ocrx_word' id='word_1_166' title='bbox 1190 2452 1419 2508; x_wconf 65' lang='lat' dir='ltr'><strong>capreae,</strong></span> <span class='ocrx_word' id='word_1_167' title='bbox 1452 2437 1505 2493; x_wconf 90' lang='lat' dir='ltr'><strong>id</strong></span> <span class='ocrx_word' id='word_1_168' title='bbox 1534 2446 1617 2495; x_wconf 89' lang='lat' dir='ltr'><strong>est</strong></span> <span class='ocrx_word' id='word_1_169' title='bbox 1646 2454 1711 2495; x_wconf 80' lang='lat' dir='ltr'><strong>ex</strong></span> <span class='ocrx_word' id='word_1_170' title='bbox 1736 2442 1943 2510; x_wconf 88' lang='lat' dir='ltr'><strong>peccati</strong></span> <span class='ocrx_word' id='word_1_171' title='bbox 1976 2452 2084 2498; x_wconf 89' lang='lat' dir='ltr'><strong>tra-</strong></span> 
     </span>
    </p>
   </div>
   <div class='ocr_carea' id='block_1_26' title="bbox 488 2527 2087 2608">
    <p class='ocr_par' dir='ltr' id='par_1_26' title="bbox 488 2527 2087 2608">
     <span class='ocr_line' id='line_1_26' title="bbox 488 2527 2087 2608; baseline 0.007 -26"><span class='ocrx_word' id='word_1_172' title='bbox 488 2527 623 2583; x_wconf 87' lang='lat' dir='ltr'><strong>duce</strong></span> <span class='ocrx_word' id='word_1_173' title='bbox 652 2527 992 2586; x_wconf 86' lang='lat' dir='ltr'><strong>venieutibus</strong></span> <span class='ocrx_word' id='word_1_174' title='bbox 1022 2532 1235 2602; x_wconf 88' lang='lat' dir='ltr'><strong>populis</strong></span> <span class='ocrx_word' id='word_1_175' title='bbox 1262 2540 1532 2602; x_wconf 88' lang='lat' dir='ltr'><strong>coaptata.</strong></span> <span class='ocrx_word' id='word_1_176' title='bbox 1567 2532 1651 2589; x_wconf 77' lang='lat' dir='ltr'><strong>Ex</strong></span> <span class='ocrx_word' id='word_1_177' title='bbox 1678 2532 1762 2590; x_wconf 89' lang='lat' dir='ltr'><strong>his</strong></span> <span class='ocrx_word' id='word_1_178' title='bbox 1788 2536 1933 2591; x_wconf 89' lang='lat' dir='ltr'><strong>enim</strong></span> <span class='ocrx_word' id='word_1_179' title='bbox 1957 2551 2087 2608; x_wconf 84' lang='lat' dir='ltr'><strong>Ope-</strong></span> 
     </span>
    </p>
   </div>
   <div class='ocr_carea' id='block_1_27' title="bbox 488 2618 2087 2698">
    <p class='ocr_par' dir='ltr' id='par_1_27' title="bbox 488 2618 2087 2698">
     <span class='ocr_line' id='line_1_27' title="bbox 488 2618 2087 2698; baseline 0.008 -23"><span class='ocrx_word' id='word_1_180' title='bbox 488 2618 635 2675; x_wconf 86' lang='lat' dir='ltr'><strong>ribus</strong></span> <span class='ocrx_word' id='word_1_181' title='bbox 665 2621 999 2690; x_wconf 89' lang='lat' dir='ltr'><strong>nutriuntur,</strong></span> <span class='ocrx_word' id='word_1_182' title='bbox 1050 2624 1140 2694; x_wconf 92' lang='lat' dir='ltr'><strong>qui</strong></span> <span class='ocrx_word' id='word_1_183' title='bbox 1168 2624 1415 2695; x_wconf 89' lang='lat' dir='ltr'><strong>originali</strong></span> <span class='ocrx_word' id='word_1_184' title='bbox 1446 2634 1668 2695; x_wconf 86' lang='lat' dir='ltr'><strong>peccato</strong></span> <span class='ocrx_word' id='word_1_185' title='bbox 1724 2627 1972 2698; x_wconf 78' lang='lat' dir='ltr'><strong>obnoxii,</strong></span> <span class='ocrx_word' id='word_1_186' title='bbox 2026 2630 2087 2688; x_wconf 89' lang='lat' dir='ltr'><strong>in</strong></span> 
     </span>
    </p>
   </div>
   <div class='ocr_carea' id='block_1_28' title="bbox 490 2710 1648 2785">
    <p class='ocr_par' dir='ltr' id='par_1_28' title="bbox 490 2710 1648 2785">
     <span class='ocr_line' id='line_1_28' title="bbox 490 2710 1648 2785; baseline 0.007 -19"><span class='ocrx_word' id='word_1_187' title='bbox 490 2710 711 2771; x_wconf 80' lang='lat' dir='ltr'><strong>Christo</strong></span> <span class='ocrx_word' id='word_1_188' title='bbox 744 2722 995 2785; x_wconf 83' lang='lat' dir='ltr'><strong>tanquam</strong></span> <span class='ocrx_word' id='word_1_189' title='bbox 1026 2715 1236 2773; x_wconf 84' lang='lat' dir='ltr'><strong>ltiunuli</strong></span> <span class='ocrx_word' id='word_1_190' title='bbox 1264 2728 1648 2775; x_wconf 85' lang='lat' dir='ltr'><strong>renascuntur.</strong></span> 
     </span>
    </p>
   </div>
   <div class='ocr_carea' id='block_1_29' title="bbox 542 2807 2090 2873">
    <p class='ocr_par' dir='ltr' id='par_1_29' title="bbox 542 2807 2090 2873">
     <span class='ocr_line' id='line_1_29' title="bbox 542 2807 2090 2873; baseline 0.006 -9"><span class='ocrx_word' id='word_1_191' title='bbox 542 2811 718 2865; x_wconf 63' lang='lat' dir='ltr'><strong>&quot;Num.</strong></span> <span class='ocrx_word' id='word_1_192' title='bbox 754 2807 876 2864; x_wconf 70' lang='grc'><strong>154.</strong></span> <span class='ocrx_word' id='word_1_193' title='bbox 909 2807 1111 2866; x_wconf 81' lang='lat' dir='ltr'><strong>Collum</strong></span> <span class='ocrx_word' id='word_1_194' title='bbox 1136 2820 1279 2867; x_wconf 89' lang='lat' dir='ltr'><strong>tuum</strong></span> <span class='ocrx_word' id='word_1_195' title='bbox 1308 2814 1442 2868; x_wconf 86' lang='lat' dir='ltr'><strong>sicut</strong></span> <span class='ocrx_word' id='word_1_196' title='bbox 1468 2814 1625 2868; x_wconf 90' lang='lat' dir='ltr'><strong>turris</strong></span> <span class='ocrx_word' id='word_1_197' title='bbox 1652 2813 1897 2871; x_wconf 87' lang='lat' dir='ltr'><strong>eburnea.</strong></span> <span class='ocrx_word' id='word_1_198' title='bbox 1929 2815 2090 2873; x_wconf 85' lang='lat' dir='ltr'><strong>Noti-</strong></span> 
     </span>
    </p>
   </div>
   <div class='ocr_carea' id='block_1_30' title="bbox 492 2902 2088 2977">
    <p class='ocr_par' dir='ltr' id='par_1_30' title="bbox 492 2902 2088 2977">
     <span class='ocr_line' id='line_1_30' title="bbox 492 2902 2088 2977; baseline 0.007 -21"><span class='ocrx_word' id='word_1_199' title='bbox 492 2902 565 2959; x_wconf 88' lang='lat' dir='ltr'><strong>tia</strong></span> <span class='ocrx_word' id='word_1_200' title='bbox 587 2902 1012 2975; x_wconf 86' lang='lat' dir='ltr'><strong>Scripturarutn,</strong></span> <span class='ocrx_word' id='word_1_201' title='bbox 1042 2923 1162 2975; x_wconf 83' lang='lat' dir='ltr'><strong>quae</strong></span> <span class='ocrx_word' id='word_1_202' title='bbox 1198 2907 1466 2977; x_wconf 79' lang='lat' dir='ltr'><strong>frequenti</strong></span> <span class='ocrx_word' id='word_1_203' title='bbox 1490 2907 1544 2964; x_wconf 90' lang='lat' dir='ltr'><strong>in</strong></span> <span class='ocrx_word' id='word_1_204' title='bbox 1577 2908 1929 2965; x_wconf 84' lang='lat' dir='ltr'><strong>meditatione</strong></span> <span class='ocrx_word' id='word_1_205' title='bbox 1956 2925 2088 2967; x_wconf 87' lang='lat' dir='ltr'><strong>con-</strong></span> 
     </span>
    </p>
   </div>
   <div class='ocr_carea' id='block_1_31' title="bbox 489 2993 2089 3073">
    <p class='ocr_par' dir='ltr' id='par_1_31' title="bbox 489 2993 2089 3073">
     <span class='ocr_line' id='line_1_31' title="bbox 489 2993 2089 3073; baseline 0.009 -25"><span class='ocrx_word' id='word_1_206' title='bbox 489 2993 741 3066; x_wconf 86' lang='lat' dir='ltr'><strong>quiritur,</strong></span> <span class='ocrx_word' id='word_1_207' title='bbox 770 2996 915 3053; x_wconf 90' lang='lat' dir='ltr'><strong>velut</strong></span> <span class='ocrx_word' id='word_1_208' title='bbox 945 2998 1105 3057; x_wconf 89' lang='lat' dir='ltr'><strong>turris</strong></span> <span class='ocrx_word' id='word_1_209' title='bbox 1148 2999 1407 3068; x_wconf 86' lang='lat' dir='ltr'><strong>eburnea,</strong></span> <span class='ocrx_word' id='word_1_210' title='bbox 1436 3003 1488 3059; x_wconf 88' lang='lat' dir='ltr'><strong>in</strong></span> <span class='ocrx_word' id='word_1_211' title='bbox 1527 3000 1656 3059; x_wconf 89' lang='lat' dir='ltr'><strong>colli</strong></span> <span class='ocrx_word' id='word_1_212' title='bbox 1689 3003 2089 3073; x_wconf 86' lang='lat' dir='ltr'><strong>pulchritudine</strong></span> 
     </span>
    </p>
   </div>
   <div class='ocr_carea' id='block_1_32' title="bbox 489 3088 2088 3171">
    <p class='ocr_par' dir='ltr' id='par_1_32' title="bbox 489 3088 2088 3171">
     <span class='ocr_line' id='line_1_32' title="bbox 489 3088 2088 3171; baseline 0.009 -27"><span class='ocrx_word' id='word_1_213' title='bbox 489 3088 823 3161; x_wconf 78' lang='lat' dir='ltr'><strong>designatur.</strong></span> <span class='ocrx_word' id='word_1_214' title='bbox 870 3092 1076 3149; x_wconf 89' lang='lat' dir='ltr'><strong>Idcirco</strong></span> <span class='ocrx_word' id='word_1_215' title='bbox 1110 3103 1291 3151; x_wconf 89' lang='lat' dir='ltr'><strong>autem</strong></span> <span class='ocrx_word' id='word_1_216' title='bbox 1344 3096 1507 3153; x_wconf 87' lang='lat' dir='ltr'><strong>turris</strong></span> <span class='ocrx_word' id='word_1_217' title='bbox 1552 3096 1810 3164; x_wconf 85' lang='lat' dir='ltr'><strong>eburnea,</strong></span> <span class='ocrx_word' id='word_1_218' title='bbox 1840 3100 1966 3169; x_wconf 86' lang='lat' dir='ltr'><strong>quia</strong></span> <span class='ocrx_word' id='word_1_219' title='bbox 1995 3101 2088 3171; x_wconf 84' lang='lat' dir='ltr'><strong>qui</strong></span> 
     </span>
    </p>
   </div>
   <div class='ocr_carea' id='block_1_33' title="bbox 490 3181 2163 3290">
    <p class='ocr_par' dir='ltr' id='par_1_33' title="bbox 490 3181 2163 3290">
     <span class='ocr_line' id='line_1_33' title="bbox 490 3181 2163 3290; baseline 0.008 -51"><span class='ocrx_word' id='word_1_220' title='bbox 490 3181 655 3290; x_wconf 55' lang='lat' dir='ltr'><strong>verbo</strong></span> <span class='ocrx_word' id='word_1_221' title='bbox 678 3182 774 3239; x_wconf 89' lang='lat' dir='ltr'><strong>Dei</strong></span> <span class='ocrx_word' id='word_1_222' title='bbox 804 3183 1087 3253; x_wconf 86' lang='lat' dir='ltr'><strong>assistunt,</strong></span> <span class='ocrx_word' id='word_1_223' title='bbox 1118 3187 1435 3259; x_wconf 82' lang='lat' dir='ltr'><strong>quotidiana</strong></span> <span class='ocrx_word' id='word_1_224' title='bbox 1465 3188 1705 3260; x_wconf 80' lang='lat' dir='ltr'><strong>proiectu</strong></span> <span class='ocrx_word' id='word_1_225' title='bbox 1733 3205 1828 3261; x_wconf 86' lang='lat' dir='ltr'><strong>per</strong></span> <span class='ocrx_word' id='word_1_226' title='bbox 1854 3191 2085 3251; x_wconf 89' lang='lat' dir='ltr'><strong>nitorem</strong></span> <span class='ocrx_word' id='word_1_227' title='bbox 2115 3224 2163 3290; x_wconf 69' lang='grc' dir='ltr'>ο</span> 
     </span>
    </p>
   </div>
   <div class='ocr_carea' id='block_1_34' title="bbox 491 3273 1446 3349">
    <p class='ocr_par' dir='ltr' id='par_1_34' title="bbox 491 3273 1446 3349">
     <span class='ocr_line' id='line_1_34' title="bbox 491 3273 1446 3349; baseline 0.004 -19"><span class='ocrx_word' id='word_1_228' title='bbox 491 3273 709 3345; x_wconf 74' lang='lat' dir='ltr'><strong>justitite</strong></span> <span class='ocrx_word' id='word_1_229' title='bbox 732 3276 786 3333; x_wconf 89' lang='lat' dir='ltr'><strong>in</strong></span> <span class='ocrx_word' id='word_1_230' title='bbox 820 3278 1115 3339; x_wconf 79' lang='lat' dir='ltr'><strong>excelsiora</strong></span> <span class='ocrx_word' id='word_1_231' title='bbox 1142 3282 1446 3349; x_wconf 88' lang='lat' dir='ltr'><strong>proﬁciunt.</strong></span> 
     </span>
    </p>
   </div>
   <div class='ocr_carea' id='block_1_35' title="bbox 562 3370 2085 3451">
    <p class='ocr_par' dir='ltr' id='par_1_35' title="bbox 562 3370 2085 3451">
     <span class='ocr_line' id='line_1_35' title="bbox 562 3370 2085 3451; baseline 0.009 -26"><span class='ocrx_word' id='word_1_232' title='bbox 562 3370 723 3427; x_wconf 83' lang='lat' dir='ltr'><strong>Num.</strong></span> <span class='ocrx_word' id='word_1_233' title='bbox 752 3370 873 3429; x_wconf 78' lang='grc'><strong>155.</strong></span> <span class='ocrx_word' id='word_1_234' title='bbox 904 3372 1054 3429; x_wconf 84' lang='lat' dir='ltr'><strong>Oculi</strong></span> <span class='ocrx_word' id='word_1_235' title='bbox 1074 3374 1150 3433; x_wconf 85' lang='lat' dir='ltr'><strong>tui</strong></span> <span class='ocrx_word' id='word_1_236' title='bbox 1172 3376 1301 3430; x_wconf 89' lang='lat' dir='ltr'><strong>sicut</strong></span> <span class='ocrx_word' id='word_1_237' title='bbox 1325 3377 1537 3447; x_wconf 70' lang='lat' dir='ltr'><strong>piscina:</strong></span> <span class='ocrx_word' id='word_1_238' title='bbox 1566 3379 1619 3433; x_wconf 88' lang='lat' dir='ltr'><strong>in</strong></span> <span class='ocrx_word' id='word_1_239' title='bbox 1650 3377 1873 3435; x_wconf 84' lang='lat' dir='ltr'><strong>Esebon.</strong></span> <span class='ocrx_word' id='word_1_240' title='bbox 1907 3379 2085 3451; x_wconf 83' lang='lat' dir='ltr'><strong>Spiri-</strong></span> 
     </span>
    </p>
   </div>
   <div class='ocr_carea' id='block_1_36' title="bbox 496 3463 2088 3539">
    <p class='ocr_par' dir='ltr' id='par_1_36' title="bbox 496 3463 2088 3539">
     <span class='ocr_line' id='line_1_36' title="bbox 496 3463 2088 3539; baseline 0.01 -23"><span class='ocrx_word' id='word_1_241' title='bbox 496 3463 666 3519; x_wconf 83' lang='lat' dir='ltr'><strong>tuales</strong></span> <span class='ocrx_word' id='word_1_242' title='bbox 693 3463 945 3520; x_wconf 88' lang='lat' dir='ltr'><strong>doctores</strong></span> <span class='ocrx_word' id='word_1_243' title='bbox 974 3465 1051 3521; x_wconf 90' lang='lat' dir='ltr'><strong>tui</strong></span> <span class='ocrx_word' id='word_1_244' title='bbox 1075 3467 1353 3523; x_wconf 85' lang='lat' dir='ltr'><strong>constituti</strong></span> <span class='ocrx_word' id='word_1_245' title='bbox 1378 3469 1428 3524; x_wconf 93' lang='lat' dir='ltr'><strong>in</strong></span> <span class='ocrx_word' id='word_1_246' title='bbox 1458 3479 1631 3539; x_wconf 89' lang='lat' dir='ltr'><strong>porta,</strong></span> <span class='ocrx_word' id='word_1_247' title='bbox 1660 3474 1712 3531; x_wconf 90' lang='lat' dir='ltr'><strong>in</strong></span> <span class='ocrx_word' id='word_1_248' title='bbox 1740 3472 1953 3531; x_wconf 88' lang='lat' dir='ltr'><strong>Christo</strong></span> <span class='ocrx_word' id='word_1_249' title='bbox 1976 3475 2088 3531; x_wconf 84' lang='lat' dir='ltr'><strong>sic—</strong></span> 
     </span>
    </p>
   </div>
   <div class='ocr_carea' id='block_1_37' title="bbox 492 3554 2087 3633">
    <p class='ocr_par' dir='ltr' id='par_1_37' title="bbox 492 3554 2087 3633">
     <span class='ocr_line' id='line_1_37' title="bbox 492 3554 2087 3633; baseline 0.01 -26"><span class='ocrx_word' id='word_1_250' title='bbox 492 3560 554 3607; x_wconf 91' lang='lat' dir='ltr'><strong>ut</strong></span> <span class='ocrx_word' id='word_1_251' title='bbox 603 3567 755 3627; x_wconf 68' lang='lat' dir='ltr'><strong>aquai</strong></span> <span class='ocrx_word' id='word_1_252' title='bbox 811 3554 1024 3626; x_wconf 67' lang='lat' dir='ltr'><strong>irrigua:</strong></span> <span class='ocrx_word' id='word_1_253' title='bbox 1072 3557 1138 3615; x_wconf 89' lang='lat' dir='ltr'><strong>ad</strong></span> <span class='ocrx_word' id='word_1_254' title='bbox 1189 3559 1513 3616; x_wconf 89' lang='lat' dir='ltr'><strong>erudiendos</strong></span> <span class='ocrx_word' id='word_1_255' title='bbox 1570 3565 1817 3633; x_wconf 89' lang='lat' dir='ltr'><strong>populos.</strong></span> <span class='ocrx_word' id='word_1_256' title='bbox 1882 3566 2087 3623; x_wconf 84' lang='lat' dir='ltr'><strong>Idcirco</strong></span> 
     </span>
    </p>
   </div>
   <div class='ocr_carea' id='block_1_38' title="bbox 493 3647 2089 3726">
    <p class='ocr_par' dir='ltr' id='par_1_38' title="bbox 493 3647 2089 3726">
     <span class='ocr_line' id='line_1_38' title="bbox 493 3647 2089 3726; baseline 0.006 -25"><span class='ocrx_word' id='word_1_257' title='bbox 493 3661 723 3718; x_wconf 86' lang='lat' dir='ltr'><strong>namque</strong></span> <span class='ocrx_word' id='word_1_258' title='bbox 762 3647 1007 3718; x_wconf 66' lang='lat' dir='ltr'><strong>piscinae,</strong></span> <span class='ocrx_word' id='word_1_259' title='bbox 1053 3649 1178 3720; x_wconf 84' lang='lat' dir='ltr'><strong>quia</strong></span> <span class='ocrx_word' id='word_1_260' title='bbox 1234 3650 1467 3721; x_wconf 87' lang='lat' dir='ltr'><strong>Spiritus</strong></span> <span class='ocrx_word' id='word_1_261' title='bbox 1515 3657 1686 3713; x_wconf 80' lang='lat' dir='ltr'><strong>sancti</strong></span> <span class='ocrx_word' id='word_1_262' title='bbox 1720 3656 1907 3726; x_wconf 85' lang='lat' dir='ltr'><strong>repleti</strong></span> <span class='ocrx_word' id='word_1_263' title='bbox 1958 3666 2089 3713; x_wconf 89' lang='lat' dir='ltr'><strong>sunt</strong></span> 
     </span>
    </p>
   </div>
   <div class='ocr_carea' id='block_1_39' title="bbox 492 3738 2090 3817">
    <p class='ocr_par' dir='ltr' id='par_1_39' title="bbox 492 3738 2090 3817">
     <span class='ocr_line' id='line_1_39' title="bbox 492 3738 2090 3817; baseline 0.008 -23"><span class='ocrx_word' id='word_1_264' title='bbox 492 3738 737 3795; x_wconf 78' lang='lat' dir='ltr'><strong>scientia.</strong></span> <span class='ocrx_word' id='word_1_265' title='bbox 771 3738 828 3797; x_wconf 88' lang='lat' dir='ltr'><strong>In</strong></span> <span class='ocrx_word' id='word_1_266' title='bbox 856 3740 962 3797; x_wconf 85' lang='lat' dir='ltr'><strong>alio</strong></span> <span class='ocrx_word' id='word_1_267' title='bbox 1006 3741 1144 3801; x_wconf 90' lang='lat' dir='ltr'><strong>libro</strong></span> <span class='ocrx_word' id='word_1_268' title='bbox 1164 3744 1326 3800; x_wconf 92' lang='lat' dir='ltr'><strong>etiam</strong></span> <span class='ocrx_word' id='word_1_269' title='bbox 1349 3746 1463 3817; x_wconf 90' lang='lat' dir='ltr'><strong>ipse</strong></span> <span class='ocrx_word' id='word_1_270' title='bbox 1496 3746 1747 3805; x_wconf 85' lang='lat' dir='ltr'><strong>Salomon</strong></span> <span class='ocrx_word' id='word_1_271' title='bbox 1782 3750 1951 3806; x_wconf 86' lang='lat' dir='ltr'><strong>dicit:</strong></span> <span class='ocrx_word' id='word_1_272' title='bbox 1978 3750 2090 3807; x_wconf 75' lang='lat' dir='ltr'><strong>Ex-</strong></span> 
     </span>
    </p>
   </div>
   <div class='ocr_carea' id='block_1_40' title="bbox 493 3832 2088 3914">
    <p class='ocr_par' dir='ltr' id='par_1_40' title="bbox 493 3832 2088 3914">
     <span class='ocr_line' id='line_1_40' title="bbox 493 3832 2088 3914; baseline 0.009 -28"><span class='ocrx_word' id='word_1_273' title='bbox 493 3832 665 3889; x_wconf 74' lang='lat' dir='ltr'><strong>struxi</strong></span> <span class='ocrx_word' id='word_1_274' title='bbox 696 3832 919 3901; x_wconf 86' lang='lat' dir='ltr'><strong>piscinas</strong></span> <span class='ocrx_word' id='word_1_275' title='bbox 956 3850 1231 3906; x_wconf 84' lang='lat' dir='ltr'><strong>aquarum,</strong></span> <span class='ocrx_word' id='word_1_276' title='bbox 1260 3847 1315 3893; x_wconf 85' lang='lat' dir='ltr'><strong>ut</strong></span> <span class='ocrx_word' id='word_1_277' title='bbox 1343 3838 1611 3911; x_wconf 86' lang='lat' dir='ltr'><strong>irrigarem</strong></span> <span class='ocrx_word' id='word_1_278' title='bbox 1637 3840 1795 3895; x_wconf 80' lang='lat' dir='ltr'><strong>silvas</strong></span> <span class='ocrx_word' id='word_1_279' title='bbox 1823 3842 2088 3914; x_wconf 83' lang='lat' dir='ltr'><strong>lignorum</strong></span> 
     </span>
    </p>
   </div>
   <div class='ocr_carea' id='block_1_41' title="bbox 492 3924 1223 3999">
    <p class='ocr_par' dir='ltr' id='par_1_41' title="bbox 492 3924 1223 3999">
     <span class='ocr_line' id='line_1_41' title="bbox 492 3924 1223 3999; baseline 0.007 -21"><span class='ocrx_word' id='word_1_280' title='bbox 492 3924 889 3992; x_wconf 85' lang='lat' dir='ltr'><strong>germinantium</strong></span> <span class='ocrx_word' id='word_1_281' title='bbox 912 3924 1110 3996; x_wconf 81' lang='lat' dir='ltr'><strong>(Eccle.</strong></span> <span class='ocrx_word' id='word_1_282' title='bbox 1136 3928 1223 3999; x_wconf 86' lang='grc' dir='ltr'><strong>ιι).</strong></span> 
     </span>
    </p>
   </div>
   <div class='ocr_carea' id='block_1_42' title="bbox 564 4015 2088 4086">
    <p class='ocr_par' dir='ltr' id='par_1_42' title="bbox 564 4015 2088 4086">
     <span class='ocr_line' id='line_1_42' title="bbox 564 4015 2088 4086; baseline 0.01 -15"><span class='ocrx_word' id='word_1_283' title='bbox 564 4015 725 4074; x_wconf 84' lang='lat' dir='ltr'><strong>Nutu.</strong></span> <span class='ocrx_word' id='word_1_284' title='bbox 742 4015 866 4075; x_wconf 85' lang='grc'><strong>156.</strong></span> <span class='ocrx_word' id='word_1_285' title='bbox 891 4017 1069 4077; x_wconf 89' lang='lat' dir='ltr'><strong>Nasus</strong></span> <span class='ocrx_word' id='word_1_286' title='bbox 1091 4018 1204 4079; x_wconf 82' lang='lat' dir='ltr'><strong>tuus</strong></span> <span class='ocrx_word' id='word_1_287' title='bbox 1225 4022 1358 4079; x_wconf 90' lang='lat' dir='ltr'><strong>sicut</strong></span> <span class='ocrx_word' id='word_1_288' title='bbox 1378 4026 1533 4080; x_wconf 88' lang='lat' dir='ltr'><strong>turris</strong></span> <span class='ocrx_word' id='word_1_289' title='bbox 1558 4024 1766 4084; x_wconf 84' lang='lat' dir='ltr'><strong>Libani.</strong></span> <span class='ocrx_word' id='word_1_290' title='bbox 1797 4027 1970 4085; x_wconf 86' lang='lat' dir='ltr'><strong>Nasus</strong></span> <span class='ocrx_word' id='word_1_291' title='bbox 1992 4030 2088 4086; x_wconf 85' lang='lat' dir='ltr'><strong>Ec-</strong></span> 
     </span>
    </p>
   </div>
   <div class='ocr_carea' id='block_1_43' title="bbox 486 4108 2087 4189">
    <p class='ocr_par' dir='ltr' id='par_1_43' title="bbox 486 4108 2087 4189">
     <span class='ocr_line' id='line_1_43' title="bbox 486 4108 2087 4189; baseline 0.006 -22"><span class='ocrx_word' id='word_1_292' title='bbox 486 4108 676 4173; x_wconf 68' lang='lat' dir='ltr'><strong>clesia</strong></span> <span class='ocrx_word' id='word_1_293' title='bbox 705 4111 780 4168; x_wconf 91' lang='lat' dir='ltr'><strong>illi</strong></span> <span class='ocrx_word' id='word_1_294' title='bbox 807 4121 935 4171; x_wconf 86' lang='lat' dir='ltr'><strong>sunt</strong></span> <span class='ocrx_word' id='word_1_295' title='bbox 974 4114 1067 4186; x_wconf 91' lang='lat' dir='ltr'><strong>qui</strong></span> <span class='ocrx_word' id='word_1_296' title='bbox 1097 4116 1319 4175; x_wconf 88' lang='lat' dir='ltr'><strong>odorem</strong></span> <span class='ocrx_word' id='word_1_297' title='bbox 1355 4116 1580 4187; x_wconf 75' lang='lat' dir='ltr'><strong>justitite</strong></span> <span class='ocrx_word' id='word_1_298' title='bbox 1620 4120 1710 4189; x_wconf 89' lang='lat' dir='ltr'><strong>qui</strong></span> <span class='ocrx_word' id='word_1_299' title='bbox 1738 4123 1897 4179; x_wconf 86' lang='lat' dir='ltr'><strong>estin</strong></span> <span class='ocrx_word' id='word_1_300' title='bbox 1926 4121 2087 4179; x_wconf 84' lang='lat' dir='ltr'><strong>Chri-</strong></span> 
     </span>
    </p>
   </div>
   <div class='ocr_carea' id='block_1_44' title="bbox 486 4206 2089 4285">
    <p class='ocr_par' dir='ltr' id='par_1_44' title="bbox 486 4206 2089 4285">
     <span class='ocr_line' id='line_1_44' title="bbox 486 4206 2089 4285; baseline 0.007 -22"><span class='ocrx_word' id='word_1_301' title='bbox 486 4212 598 4272; x_wconf 67' lang='lat' dir='ltr'><strong>Sto,</strong></span> <span class='ocrx_word' id='word_1_302' title='bbox 630 4206 1020 4277; x_wconf 84' lang='lat' dir='ltr'><strong>percipientes,</strong></span> <span class='ocrx_word' id='word_1_303' title='bbox 1072 4207 1141 4265; x_wconf 92' lang='lat' dir='ltr'><strong>ad</strong></span> <span class='ocrx_word' id='word_1_304' title='bbox 1179 4208 1361 4267; x_wconf 89' lang='lat' dir='ltr'><strong>cordis</strong></span> <span class='ocrx_word' id='word_1_305' title='bbox 1408 4210 1623 4271; x_wconf 84' lang='lat' dir='ltr'><strong>interna</strong></span> <span class='ocrx_word' id='word_1_306' title='bbox 1678 4212 1968 4285; x_wconf 80' lang='lat' dir='ltr'><strong>trajiciunt.</strong></span> <span class='ocrx_word' id='word_1_307' title='bbox 2024 4215 2089 4275; x_wconf 80' lang='lat' dir='ltr'><strong>lli</strong></span> 
     </span>
    </p>
   </div>
   <div class='ocr_carea' id='block_1_45' title="bbox 486 4296 2088 4377">
    <p class='ocr_par' dir='ltr' id='par_1_45' title="bbox 486 4296 2088 4377">
     <span class='ocr_line' id='line_1_45' title="bbox 486 4296 2088 4377; baseline 0.009 -27"><span class='ocrx_word' id='word_1_308' title='bbox 486 4296 580 4367; x_wconf 85' lang='lat' dir='ltr'><strong>qui</strong></span> <span class='ocrx_word' id='word_1_309' title='bbox 608 4296 664 4354; x_wconf 93' lang='lat' dir='ltr'><strong>in</strong></span> <span class='ocrx_word' id='word_1_310' title='bbox 694 4312 886 4370; x_wconf 84' lang='lat' dir='ltr'><strong>magna</strong></span> <span class='ocrx_word' id='word_1_311' title='bbox 934 4299 1134 4356; x_wconf 86' lang='lat' dir='ltr'><strong>virtute</strong></span> <span class='ocrx_word' id='word_1_312' title='bbox 1179 4301 1507 4370; x_wconf 88' lang='lat' dir='ltr'><strong>consistunt,</strong></span> <span class='ocrx_word' id='word_1_313' title='bbox 1537 4303 1677 4360; x_wconf 89' lang='lat' dir='ltr'><strong>sicut</strong></span> <span class='ocrx_word' id='word_1_314' title='bbox 1700 4306 1866 4363; x_wconf 88' lang='lat' dir='ltr'><strong>turris</strong></span> <span class='ocrx_word' id='word_1_315' title='bbox 1896 4306 2088 4377; x_wconf 85' lang='lat' dir='ltr'><strong>Libani</strong></span> 
     </span>
    </p>
   </div>
   <div class='ocr_carea' id='block_1_46' title="bbox 487 4387 2087 4471">
    <p class='ocr_par' dir='ltr' id='par_1_46' title="bbox 487 4387 2087 4471">
     <span class='ocr_line' id='line_1_46' title="bbox 487 4387 2087 4471; baseline 0.01 -28"><span class='ocrx_word' id='word_1_316' title='bbox 487 4387 870 4458; x_wconf 84' lang='lat' dir='ltr'><strong>disponuntur.</strong></span> <span class='ocrx_word' id='word_1_317' title='bbox 922 4390 1184 4448; x_wconf 87' lang='lat' dir='ltr'><strong>Libanum</strong></span> <span class='ocrx_word' id='word_1_318' title='bbox 1224 4402 1402 4451; x_wconf 88' lang='lat' dir='ltr'><strong>autem</strong></span> <span class='ocrx_word' id='word_1_319' title='bbox 1444 4397 1738 4454; x_wconf 88' lang='lat' dir='ltr'><strong>candorem</strong></span> <span class='ocrx_word' id='word_1_320' title='bbox 1800 4413 1923 4457; x_wconf 88' lang='lat' dir='ltr'><strong>esse</strong></span> <span class='ocrx_word' id='word_1_321' title='bbox 1974 4399 2087 4471; x_wconf 88' lang='lat' dir='ltr'><strong>jam</strong></span> 
     </span>
    </p>
   </div>
   <div class='ocr_carea' id='block_1_47' title="bbox 489 4483 2090 4567">
    <p class='ocr_par' dir='ltr' id='par_1_47' title="bbox 489 4483 2090 4567">
     <span class='ocr_line' id='line_1_47' title="bbox 489 4483 2090 4567; baseline 0.008 -31"><span class='ocrx_word' id='word_1_322' title='bbox 489 4483 739 4550; x_wconf 84' lang='lat' dir='ltr'><strong>superius</strong></span> <span class='ocrx_word' id='word_1_323' title='bbox 765 4484 999 4543; x_wconf 83' lang='lat' dir='ltr'><strong>diximus</strong></span> <span class='ocrx_word' id='word_1_324' title='bbox 1026 4505 1037 4539; x_wconf 89' lang='lat'><strong>:</strong></span> <span class='ocrx_word' id='word_1_325' title='bbox 1067 4488 1260 4545; x_wconf 90' lang='lat' dir='ltr'><strong>horum</strong></span> <span class='ocrx_word' id='word_1_326' title='bbox 1309 4492 1653 4561; x_wconf 84' lang='lat' dir='ltr'><strong>proceritatis</strong></span> <span class='ocrx_word' id='word_1_327' title='bbox 1692 4492 1896 4549; x_wconf 89' lang='lat' dir='ltr'><strong>candor</strong></span> <span class='ocrx_word' id='word_1_328' title='bbox 1924 4495 2090 4567; x_wconf 88' lang='lat' dir='ltr'><strong>respi—</strong></span> 
     </span>
    </p>
   </div>
   <div class='ocr_carea' id='block_1_48' title="bbox 487 4571 2083 4655">
    <p class='ocr_par' dir='ltr' id='par_1_48' title="bbox 487 4571 2083 4655">
     <span class='ocr_line' id='line_1_48' title="bbox 487 4571 2083 4655; baseline 0.013 -32"><span class='ocrx_word' id='word_1_329' title='bbox 487 4571 555 4623; x_wconf 88' lang='lat' dir='ltr'><strong>cit</strong></span> <span class='ocrx_word' id='word_1_330' title='bbox 580 4583 759 4627; x_wconf 89' lang='lat' dir='ltr'><strong>contra</strong></span> <span class='ocrx_word' id='word_1_331' title='bbox 802 4573 1132 4641; x_wconf 75' lang='lat' dir='ltr'><strong>Damascum,</strong></span> <span class='ocrx_word' id='word_1_332' title='bbox 1182 4581 1304 4649; x_wconf 88' lang='lat' dir='ltr'><strong>quia</strong></span> <span class='ocrx_word' id='word_1_333' title='bbox 1329 4583 1593 4652; x_wconf 84' lang='lat' dir='ltr'><strong>sapientia</strong></span> <span class='ocrx_word' id='word_1_334' title='bbox 1623 4598 1835 4653; x_wconf 86' lang='lat' dir='ltr'><strong>eorum,</strong></span> <span class='ocrx_word' id='word_1_335' title='bbox 1865 4600 1987 4655; x_wconf 82' lang='lat' dir='ltr'><strong>quae</strong></span> <span class='ocrx_word' id='word_1_336' title='bbox 2017 4602 2083 4643; x_wconf 81' lang='lat' dir='ltr'><strong>ex</strong></span> 
     </span>
    </p>
   </div>
   <div class='ocr_carea' id='block_1_49' title="bbox 491 4662 1345 4747">
    <p class='ocr_par' dir='ltr' id='par_1_49' title="bbox 491 4662 1345 4747">
     <span class='ocr_line' id='line_1_49' title="bbox 491 4662 1345 4747; baseline 0.013 -29"><span class='ocrx_word' id='word_1_337' title='bbox 491 4662 608 4720; x_wconf 90' lang='lat' dir='ltr'><strong>Deo</strong></span> <span class='ocrx_word' id='word_1_338' title='bbox 639 4675 743 4733; x_wconf 90' lang='lat' dir='ltr'><strong>est,</strong></span> <span class='ocrx_word' id='word_1_339' title='bbox 770 4667 1037 4747; x_wconf 84' lang='lat' dir='ltr'><strong>illuminat</strong></span> <span class='ocrx_word' id='word_1_340' title='bbox 1064 4672 1345 4730; x_wconf 89' lang='lat' dir='ltr'><strong>mundum.</strong></span> 
     </span>
    </p>
   </div>
   <div class='ocr_carea' id='block_1_50' title="bbox 558 4756 2082 4838">
    <p class='ocr_par' dir='ltr' id='par_1_50' title="bbox 558 4756 2082 4838">
     <span class='ocr_line' id='line_1_50' title="bbox 558 4756 2082 4838; baseline 0.011 -27"><span class='ocrx_word' id='word_1_341' title='bbox 558 4756 718 4813; x_wconf 77' lang='lat' dir='ltr'><strong>Nam.</strong></span> <span class='ocrx_word' id='word_1_342' title='bbox 754 4759 872 4817; x_wconf 77' lang='grc'><strong>157.</strong></span> <span class='ocrx_word' id='word_1_343' title='bbox 909 4759 1075 4835; x_wconf 81' lang='lat' dir='ltr'><strong>Caput</strong></span> <span class='ocrx_word' id='word_1_344' title='bbox 1124 4775 1267 4820; x_wconf 89' lang='lat' dir='ltr'><strong>tuum</strong></span> <span class='ocrx_word' id='word_1_345' title='bbox 1296 4775 1351 4821; x_wconf 90' lang='lat' dir='ltr'><strong>ut</strong></span> <span class='ocrx_word' id='word_1_346' title='bbox 1397 4766 1689 4838; x_wconf 87' lang='lat' dir='ltr'><strong>Carmelus,</strong></span> <span class='ocrx_word' id='word_1_347' title='bbox 1738 4778 1787 4823; x_wconf 83' lang='lat' dir='ltr'><strong>et</strong></span> <span class='ocrx_word' id='word_1_348' title='bbox 1818 4786 1994 4829; x_wconf 67' lang='lat' dir='ltr'><strong>comat.</strong></span> <span class='ocrx_word' id='word_1_349' title='bbox 2028 4770 2082 4828; x_wconf 91' lang='lat' dir='ltr'><strong>In</strong></span> 
     </span>
    </p>
   </div>
   <div class='ocr_carea' id='block_1_51' title="bbox 487 4849 2085 4935">
    <p class='ocr_par' dir='ltr' id='par_1_51' title="bbox 487 4849 2085 4935">
     <span class='ocr_line' id='line_1_51' title="bbox 487 4849 2085 4935; baseline 0.008 -29"><span class='ocrx_word' id='word_1_350' title='bbox 487 4849 738 4907; x_wconf 85' lang='lat' dir='ltr'><strong>Carmelo</strong></span> <span class='ocrx_word' id='word_1_351' title='bbox 772 4862 973 4920; x_wconf 89' lang='lat' dir='ltr'><strong>monte,</strong></span> <span class='ocrx_word' id='word_1_352' title='bbox 997 4857 1170 4912; x_wconf 84' lang='lat' dir='ltr'><strong>sancti</strong></span> <span class='ocrx_word' id='word_1_353' title='bbox 1198 4857 1345 4915; x_wconf 86' lang='lat' dir='ltr'><strong>Elias</strong></span> <span class='ocrx_word' id='word_1_354' title='bbox 1376 4869 1431 4915; x_wconf 88' lang='lat' dir='ltr'><strong>et</strong></span> <span class='ocrx_word' id='word_1_355' title='bbox 1468 4859 1694 4919; x_wconf 74' lang='lat' dir='ltr'><strong>Elismus</strong></span> <span class='ocrx_word' id='word_1_356' title='bbox 1724 4875 1869 4933; x_wconf 65' lang='lat' dir='ltr'><strong>saepe</strong></span> <span class='ocrx_word' id='word_1_357' title='bbox 1899 4878 2085 4935; x_wconf 85' lang='lat' dir='ltr'><strong>recep-</strong></span> 
     </span>
    </p>
   </div>
   <div class='ocr_carea' id='block_1_52' title="bbox 485 4942 2084 5025">
    <p class='ocr_par' dir='ltr' id='par_1_52' title="bbox 485 4942 2084 5025">
     <span class='ocr_line' id='line_1_52' title="bbox 485 4942 2084 5025; baseline 0.009 -29"><span class='ocrx_word' id='word_1_358' title='bbox 485 4942 724 5000; x_wconf 89' lang='lat' dir='ltr'><strong>taculum</strong></span> <span class='ocrx_word' id='word_1_359' title='bbox 767 4944 1004 5003; x_wconf 90' lang='lat' dir='ltr'><strong>habuere</strong></span> <span class='ocrx_word' id='word_1_360' title='bbox 1049 4947 1173 5021; x_wconf 88' lang='grc' dir='ltr'><strong>(ΙΙΙ</strong></span> <span class='ocrx_word' id='word_1_361' title='bbox 1219 4950 1349 5024; x_wconf 84' lang='lat' dir='ltr'><strong>Reg.</strong></span> <span class='ocrx_word' id='word_1_362' title='bbox 1408 4952 1561 5022; x_wconf 80' lang='lat' dir='ltr'><strong>xvttt)</strong></span> <span class='ocrx_word' id='word_1_363' title='bbox 1598 4971 1608 5007; x_wconf 90' lang='lat'>:</span> <span class='ocrx_word' id='word_1_364' title='bbox 1644 4964 1974 5025; x_wconf 81' lang='lat' dir='ltr'><strong>quaprOpter</strong></span> <span class='ocrx_word' id='word_1_365' title='bbox 2032 4956 2084 5010; x_wconf 91' lang='lat' dir='ltr'><strong>in</strong></span> 
     </span>
    </p>
   </div>
   <div class='ocr_carea' id='block_1_53' title="bbox 486 5038 2088 5117">
    <p class='ocr_par' dir='ltr' id='par_1_53' title="bbox 486 5038 2088 5117">
     <span class='ocr_line' id='line_1_53' title="bbox 486 5038 2088 5117; baseline 0.006 -25"><span class='ocrx_word' id='word_1_366' title='bbox 486 5038 664 5107; x_wconf 89' lang='lat' dir='ltr'><strong>capite</strong></span> <span class='ocrx_word' id='word_1_367' title='bbox 690 5038 943 5096; x_wconf 66' lang='lat' dir='ltr'><strong>Ecclesiae</strong></span> <span class='ocrx_word' id='word_1_368' title='bbox 976 5041 1203 5100; x_wconf 90' lang='lat' dir='ltr'><strong>Domino</strong></span> <span class='ocrx_word' id='word_1_369' title='bbox 1233 5054 1420 5101; x_wconf 90' lang='lat' dir='ltr'><strong>nostro</strong></span> <span class='ocrx_word' id='word_1_370' title='bbox 1448 5044 1577 5102; x_wconf 83' lang='lat' dir='ltr'><strong>Jesu</strong></span> <span class='ocrx_word' id='word_1_371' title='bbox 1607 5045 1840 5113; x_wconf 87' lang='lat' dir='ltr'><strong>Christo,</strong></span> <span class='ocrx_word' id='word_1_372' title='bbox 1871 5060 1977 5117; x_wconf 91' lang='lat' dir='ltr'><strong>quo</strong></span> <span class='ocrx_word' id='word_1_373' title='bbox 1999 5061 2088 5101; x_wconf 87' lang='lat' dir='ltr'><strong>su-</strong></span> 
     </span>
    </p>
   </div>
   <div class='ocr_carea' id='block_1_54' title="bbox 485 5128 2087 5210">
    <p class='ocr_par' dir='ltr' id='par_1_54' title="bbox 485 5128 2087 5210">
     <span class='ocr_line' id='line_1_54' title="bbox 485 5128 2087 5210; baseline 0.006 -28"><span class='ocrx_word' id='word_1_374' title='bbox 485 5128 705 5185; x_wconf 90' lang='lat' dir='ltr'><strong>blimius</strong></span> <span class='ocrx_word' id='word_1_375' title='bbox 725 5139 783 5186; x_wconf 92' lang='lat' dir='ltr'><strong>ut</strong></span> <span class='ocrx_word' id='word_1_376' title='bbox 831 5142 913 5189; x_wconf 89' lang='lat' dir='ltr'><strong>est</strong></span> <span class='ocrx_word' id='word_1_377' title='bbox 942 5134 1221 5206; x_wconf 90' lang='lat' dir='ltr'><strong>(tanquam</strong></span> <span class='ocrx_word' id='word_1_378' title='bbox 1255 5135 1308 5191; x_wconf 91' lang='lat' dir='ltr'><strong>in</strong></span> <span class='ocrx_word' id='word_1_379' title='bbox 1347 5146 1533 5193; x_wconf 88' lang='lat' dir='ltr'><strong>monte</strong></span> <span class='ocrx_word' id='word_1_380' title='bbox 1578 5137 1850 5210; x_wconf 88' lang='lat' dir='ltr'><strong>Carmelo)</strong></span> <span class='ocrx_word' id='word_1_381' title='bbox 1881 5149 1933 5193; x_wconf 91' lang='lat' dir='ltr'><strong>et</strong></span> <span class='ocrx_word' id='word_1_382' title='bbox 1955 5136 2087 5207; x_wconf 88' lang='lat' dir='ltr'><strong>justi</strong></span> 
     </span>
    </p>
   </div>
   <div class='ocr_carea' id='block_1_55' title="bbox 485 5222 2088 5302">
    <p class='ocr_par' dir='ltr' id='par_1_55' title="bbox 485 5222 2088 5302">
     <span class='ocr_line' id='line_1_55' title="bbox 485 5222 2088 5302; baseline 0.005 -25"><span class='ocrx_word' id='word_1_383' title='bbox 485 5222 875 5289; x_wconf 83' lang='lat' dir='ltr'><strong>habitaculum,</strong></span> <span class='ocrx_word' id='word_1_384' title='bbox 903 5236 957 5282; x_wconf 90' lang='lat' dir='ltr'><strong>et</strong></span> <span class='ocrx_word' id='word_1_385' title='bbox 979 5229 1267 5285; x_wconf 90' lang='lat' dir='ltr'><strong>multitudo</strong></span> <span class='ocrx_word' id='word_1_386' title='bbox 1286 5232 1604 5300; x_wconf 90' lang='lat' dir='ltr'><strong>populorum</strong></span> <span class='ocrx_word' id='word_1_387' title='bbox 1631 5240 1882 5302; x_wconf 85' lang='lat' dir='ltr'><strong>tanquam</strong></span> <span class='ocrx_word' id='word_1_388' title='bbox 1909 5232 2088 5287; x_wconf 85' lang='lat' dir='ltr'><strong>diver-</strong></span> 
     </span>
    </p>
   </div>
   <div class='ocr_carea' id='block_1_56' title="bbox 484 5314 2083 5394">
    <p class='ocr_par' dir='ltr' id='par_1_56' title="bbox 484 5314 2083 5394">
     <span class='ocr_line' id='line_1_56' title="bbox 484 5314 2083 5394; baseline 0.006 -24"><span class='ocrx_word' id='word_1_389' title='bbox 484 5314 620 5370; x_wconf 87' lang='lat' dir='ltr'><strong>sitas</strong></span> <span class='ocrx_word' id='word_1_390' title='bbox 678 5320 990 5375; x_wconf 90' lang='lat' dir='ltr'><strong>animalinm</strong></span> <span class='ocrx_word' id='word_1_391' title='bbox 1063 5323 1344 5393; x_wconf 76' lang='lat' dir='ltr'><strong>sapientia:</strong></span> <span class='ocrx_word' id='word_1_392' title='bbox 1392 5322 1693 5394; x_wconf 90' lang='lat' dir='ltr'><strong>percipiunt</strong></span> <span class='ocrx_word' id='word_1_393' title='bbox 1748 5325 2083 5381; x_wconf 87' lang='lat' dir='ltr'><strong>alimentum.</strong></span> 
     </span>
    </p>
   </div>
   <div class='ocr_carea' id='block_1_57' title="bbox 486 5409 2088 5494">
    <p class='ocr_par' dir='ltr' id='par_1_57' title="bbox 486 5409 2088 5494">
     <span class='ocr_line' id='line_1_57' title="bbox 486 5409 2088 5494; baseline 0.004 -25"><span class='ocrx_word' id='word_1_394' title='bbox 486 5409 661 5469; x_wconf 67' lang='lat' dir='ltr'><strong>Comm</strong></span> <span class='ocrx_word' id='word_1_395' title='bbox 672 5419 852 5485; x_wconf 86' lang='lat' dir='ltr'><strong>capitis</strong></span> <span class='ocrx_word' id='word_1_396' title='bbox 866 5417 1039 5486; x_wconf 88' lang='lat' dir='ltr'><strong>istius,</strong></span> <span class='ocrx_word' id='word_1_397' title='bbox 1055 5424 1185 5474; x_wconf 81' lang='lat' dir='ltr'><strong>sicut</strong></span> <span class='ocrx_word' id='word_1_398' title='bbox 1201 5437 1433 5490; x_wconf 88' lang='lat' dir='ltr'><strong>purpura</strong></span> <span class='ocrx_word' id='word_1_399' title='bbox 1454 5421 1585 5494; x_wconf 84' lang='lat' dir='ltr'><strong>regis</strong></span> <span class='ocrx_word' id='word_1_400' title='bbox 1590 5426 1773 5493; x_wconf 85' lang='lat' dir='ltr'><strong>juncta</strong></span> <span class='ocrx_word' id='word_1_401' title='bbox 1798 5420 2088 5481; x_wconf 84' lang='lat' dir='ltr'><strong>canalibus:</strong></span> 
     </span>
    </p>
   </div>
   <div class='ocr_carea' id='block_1_58' title="bbox 486 5504 2077 5585">
    <p class='ocr_par' dir='ltr' id='par_1_58' title="bbox 486 5504 2077 5585">
     <span class='ocr_line' id='line_1_58' title="bbox 486 5504 2077 5585; baseline 0.007 -27"><span class='ocrx_word' id='word_1_402' title='bbox 486 5504 873 5565; x_wconf 83' lang='lat' dir='ltr'><strong>eminentiores</strong></span> <span class='ocrx_word' id='word_1_403' title='bbox 901 5512 1099 5581; x_wconf 88' lang='lat' dir='ltr'><strong>quippe</strong></span> <span class='ocrx_word' id='word_1_404' title='bbox 1137 5513 1339 5579; x_wconf 86' lang='lat' dir='ltr'><strong>sancti,</strong></span> <span class='ocrx_word' id='word_1_405' title='bbox 1366 5514 1505 5568; x_wconf 92' lang='lat' dir='ltr'><strong>beati</strong></span> <span class='ocrx_word' id='word_1_406' title='bbox 1533 5512 1787 5567; x_wconf 86' lang='lat' dir='ltr'><strong>videlicet</strong></span> <span class='ocrx_word' id='word_1_407' title='bbox 1814 5523 2077 5585; x_wconf 83' lang='lat' dir='ltr'><strong>martyres</strong></span> 
     </span>
    </p>
   </div>
   <div class='ocr_carea' id='block_1_59' title="bbox 489 5599 2081 5678">
    <p class='ocr_par' dir='ltr' id='par_1_59' title="bbox 489 5599 2081 5678">
     <span class='ocr_line' id='line_1_59' title="bbox 489 5599 2081 5678; baseline 0.004 -22"><span class='ocrx_word' id='word_1_408' title='bbox 489 5599 709 5669; x_wconf 85' lang='lat' dir='ltr'><strong>Christi,</strong></span> <span class='ocrx_word' id='word_1_409' title='bbox 742 5606 1067 5661; x_wconf 85' lang='lat' dir='ltr'><strong>consimilati</strong></span> <span class='ocrx_word' id='word_1_410' title='bbox 1116 5622 1211 5678; x_wconf 90' lang='lat' dir='ltr'><strong>per</strong></span> <span class='ocrx_word' id='word_1_411' title='bbox 1252 5622 1540 5678; x_wconf 90' lang='lat' dir='ltr'><strong>purpuram</strong></span> <span class='ocrx_word' id='word_1_412' title='bbox 1594 5606 1866 5676; x_wconf 74' lang='lat' dir='ltr'><strong>regalibus</strong></span> <span class='ocrx_word' id='word_1_413' title='bbox 1921 5621 2081 5662; x_wconf 91' lang='lat' dir='ltr'><strong>orna-</strong></span> 
     </span>
    </p>
   </div>
   <div class='ocr_carea' id='block_1_60' title="bbox 489 5697 2081 5773">
    <p class='ocr_par' dir='ltr' id='par_1_60' title="bbox 489 5697 2081 5773">
     <span class='ocr_line' id='line_1_60' title="bbox 489 5697 2081 5773; baseline 0.004 -22"><span class='ocrx_word' id='word_1_414' title='bbox 489 5697 705 5766; x_wconf 88' lang='lat' dir='ltr'><strong>mentis,</strong></span> <span class='ocrx_word' id='word_1_415' title='bbox 730 5705 785 5755; x_wconf 89' lang='lat' dir='ltr'><strong>et</strong></span> <span class='ocrx_word' id='word_1_416' title='bbox 806 5699 1132 5757; x_wconf 88' lang='lat' dir='ltr'><strong>salutaribus</strong></span> <span class='ocrx_word' id='word_1_417' title='bbox 1176 5716 1391 5772; x_wconf 87' lang='lat' dir='ltr'><strong>semper</strong></span> <span class='ocrx_word' id='word_1_418' title='bbox 1428 5702 1662 5773; x_wconf 87' lang='lat' dir='ltr'><strong>copulati</strong></span> <span class='ocrx_word' id='word_1_419' title='bbox 1712 5700 2081 5771; x_wconf 86' lang='lat' dir='ltr'><strong>intelliguntur</strong></span> 
     </span>
    </p>
   </div>
   <div class='ocr_carea' id='block_1_61' title="bbox 486 5786 769 5849">
    <p class='ocr_par' dir='ltr' id='par_1_61' title="bbox 486 5786 769 5849">
     <span class='ocr_line' id='line_1_61' title="bbox 486 5786 769 5849; baseline 0.011 -3"><span class='ocrx_word' id='word_1_420' title='bbox 486 5786 769 5849; x_wconf 87' lang='lat' dir='ltr'><strong>doctrinis.</strong></span> 
     </span>
    </p>
   </div>
   <div class='ocr_carea' id='block_1_62' title="bbox 480 5882 2081 5961">
    <p class='ocr_par' dir='ltr' id='par_1_62' title="bbox 480 5882 2081 5961">
     <span class='ocr_line' id='line_1_62' title="bbox 480 5882 2081 5961; baseline 0.004 -22"><span class='ocrx_word' id='word_1_421' title='bbox 480 5928 481 5931; x_wconf 56' lang='grc' dir='ltr'><strong>η</strong></span> <span class='ocrx_word' id='word_1_422' title='bbox 558 5882 715 5941; x_wconf 80' lang='lat' dir='ltr'><strong>Num.</strong></span> <span class='ocrx_word' id='word_1_423' title='bbox 752 5882 875 5943; x_wconf 78' lang='grc'><strong>158.</strong></span> <span class='ocrx_word' id='word_1_424' title='bbox 909 5883 1128 5944; x_wconf 84' lang='lat' dir='ltr'><strong>Statura</strong></span> <span class='ocrx_word' id='word_1_425' title='bbox 1159 5894 1247 5945; x_wconf 88' lang='lat' dir='ltr'><strong>tua</strong></span> <span class='ocrx_word' id='word_1_426' title='bbox 1273 5887 1557 5944; x_wconf 84' lang='lat' dir='ltr'><strong>assimilata</strong></span> <span class='ocrx_word' id='word_1_427' title='bbox 1581 5898 1658 5946; x_wconf 92' lang='lat' dir='ltr'><strong>est</strong></span> <span class='ocrx_word' id='word_1_428' title='bbox 1708 5888 1914 5961; x_wconf 67' lang='lat' dir='ltr'><strong>palma.</strong></span> <span class='ocrx_word' id='word_1_429' title='bbox 1947 5891 2081 5949; x_wconf 75' lang='lat' dir='ltr'><strong>Per~</strong></span> 
     </span>
    </p>
   </div>
   <div class='ocr_carea' id='block_1_63' title="bbox 2114 1842 2162 1903">
    <p class='ocr_par' dir='ltr' id='par_1_63' title="bbox 2114 1842 2162 1903">
     <span class='ocr_line' id='line_1_63' title="bbox 2114 1842 2162 1903; baseline 0 0"><span class='ocrx_word' id='word_1_430' title='bbox 2114 1842 2162 1903; x_wconf 90' lang='lat' dir='ltr'><strong>B</strong></span> 
     </span>
    </p>
   </div>
   <div class='ocr_carea' id='block_1_64' title="bbox 2188 538 3325 610">
    <p class='ocr_par' dir='ltr' id='par_1_64' title="bbox 2188 538 3325 610">
     <span class='ocr_line' id='line_1_64' title="bbox 2188 538 3325 610; baseline 0 -17"><span class='ocrx_word' id='word_1_431' title='bbox 2188 553 2278 593; x_wconf 89' lang='lat' dir='ltr'><strong>ces</strong></span> <span class='ocrx_word' id='word_1_432' title='bbox 2306 538 2479 594; x_wconf 73' lang='lat' dir='ltr'><strong>effecti</strong></span> <span class='ocrx_word' id='word_1_433' title='bbox 2510 547 2634 593; x_wconf 89' lang='lat' dir='ltr'><strong>sunt</strong></span> <span class='ocrx_word' id='word_1_434' title='bbox 2655 553 2751 610; x_wconf 89' lang='lat' dir='ltr'><strong>per</strong></span> <span class='ocrx_word' id='word_1_435' title='bbox 2772 538 3033 609; x_wconf 88' lang='lat' dir='ltr'><strong>Spiritum</strong></span> <span class='ocrx_word' id='word_1_436' title='bbox 3058 548 3325 594; x_wconf 83' lang='lat' dir='ltr'><strong>sanctum.</strong></span> 
     </span>
    </p>
   </div>
   <div class='ocr_carea' id='block_1_65' title="bbox 2261 649 3796 723">
    <p class='ocr_par' dir='ltr' id='par_1_65' title="bbox 2261 649 3796 723">
     <span class='ocr_line' id='line_1_65' title="bbox 2261 649 3796 723; baseline 0.004 -20"><span class='ocrx_word' id='word_1_437' title='bbox 2261 649 2419 704; x_wconf 85' lang='lat' dir='ltr'><strong>Num.</strong></span> <span class='ocrx_word' id='word_1_438' title='bbox 2459 650 2581 707; x_wconf 72' lang='grc'><strong>159.</strong></span> <span class='ocrx_word' id='word_1_439' title='bbox 2633 651 2778 715; x_wconf 73' lang='lat' dir='ltr'><strong>Dixi,</strong></span> <span class='ocrx_word' id='word_1_440' title='bbox 2806 652 3083 707; x_wconf 83' lang='lat' dir='ltr'><strong>ascendam</strong></span> <span class='ocrx_word' id='word_1_441' title='bbox 3130 652 3181 706; x_wconf 88' lang='lat' dir='ltr'><strong>in</strong></span> <span class='ocrx_word' id='word_1_442' title='bbox 3208 653 3451 721; x_wconf 83' lang='lat' dir='ltr'><strong>palmam.</strong></span> <span class='ocrx_word' id='word_1_443' title='bbox 3483 652 3562 708; x_wconf 91' lang='lat' dir='ltr'><strong>Illi</strong></span> <span class='ocrx_word' id='word_1_444' title='bbox 3586 650 3642 708; x_wconf 85' lang='lat' dir='ltr'><strong>in</strong></span> <span class='ocrx_word' id='word_1_445' title='bbox 3671 652 3796 723; x_wconf 79' lang='lat' dir='ltr'><strong>pal-</strong></span> 
     </span>
    </p>
   </div>
   <div class='ocr_carea' id='block_1_66' title="bbox 2188 745 3797 819">
    <p class='ocr_par' dir='ltr' id='par_1_66' title="bbox 2188 745 3797 819">
     <span class='ocr_line' id='line_1_66' title="bbox 2188 745 3797 819; baseline 0.003 -21"><span class='ocrx_word' id='word_1_446' title='bbox 2188 759 2331 799; x_wconf 90' lang='lat' dir='ltr'><strong>mam</strong></span> <span class='ocrx_word' id='word_1_447' title='bbox 2365 745 2666 800; x_wconf 89' lang='lat' dir='ltr'><strong>ascendunt</strong></span> <span class='ocrx_word' id='word_1_448' title='bbox 2706 746 2797 819; x_wconf 90' lang='lat' dir='ltr'><strong>qui</strong></span> <span class='ocrx_word' id='word_1_449' title='bbox 2836 746 2890 801; x_wconf 90' lang='lat' dir='ltr'><strong>in</strong></span> <span class='ocrx_word' id='word_1_450' title='bbox 2934 746 3133 802; x_wconf 89' lang='lat' dir='ltr'><strong>Christi</strong></span> <span class='ocrx_word' id='word_1_451' title='bbox 3176 761 3339 802; x_wconf 88' lang='lat' dir='ltr'><strong>cruce</strong></span> <span class='ocrx_word' id='word_1_452' title='bbox 3380 746 3691 817; x_wconf 89' lang='lat' dir='ltr'><strong>proﬁciunt,</strong></span> <span class='ocrx_word' id='word_1_453' title='bbox 3728 749 3797 803; x_wconf 89' lang='lat' dir='ltr'><strong>de</strong></span> 
     </span>
    </p>
   </div>
   <div class='ocr_carea' id='block_1_67' title="bbox 2186 837 3797 911">
    <p class='ocr_par' dir='ltr' id='par_1_67' title="bbox 2186 837 3797 911">
     <span class='ocr_line' id='line_1_67' title="bbox 2186 837 3797 911; baseline 0.002 -20"><span class='ocrx_word' id='word_1_454' title='bbox 2186 837 2381 908; x_wconf 89' lang='lat' dir='ltr'><strong>quibus</strong></span> <span class='ocrx_word' id='word_1_455' title='bbox 2413 838 2705 911; x_wconf 87' lang='lat' dir='ltr'><strong>Apostolus</strong></span> <span class='ocrx_word' id='word_1_456' title='bbox 2731 838 2862 896; x_wconf 90' lang='lat' dir='ltr'><strong>dicit</strong></span> <span class='ocrx_word' id='word_1_457' title='bbox 2899 856 2913 895; x_wconf 87' lang='lat'>:</span> <span class='ocrx_word' id='word_1_458' title='bbox 2951 840 3040 908; x_wconf 87' lang='lat' dir='ltr'><strong>qui</strong></span> <span class='ocrx_word' id='word_1_459' title='bbox 3069 840 3123 894; x_wconf 88' lang='lat' dir='ltr'><strong>in</strong></span> <span class='ocrx_word' id='word_1_460' title='bbox 3154 839 3357 895; x_wconf 83' lang='lat' dir='ltr'><strong>Christo</strong></span> <span class='ocrx_word' id='word_1_461' title='bbox 3396 847 3537 907; x_wconf 75' lang='lat' dir='ltr'><strong>sunt,</strong></span> <span class='ocrx_word' id='word_1_462' title='bbox 3580 855 3797 894; x_wconf 82' lang='lat' dir='ltr'><strong>carnem</strong></span> 
     </span>
    </p>
   </div>
   <div class='ocr_carea' id='block_1_68' title="bbox 2185 930 3798 1001">
    <p class='ocr_par' dir='ltr' id='par_1_68' title="bbox 2185 930 3798 1001">
     <span class='ocr_line' id='line_1_68' title="bbox 2185 930 3798 1001; baseline 0.001 -16"><span class='ocrx_word' id='word_1_463' title='bbox 2185 947 2333 985; x_wconf 88' lang='lat' dir='ltr'><strong>suam</strong></span> <span class='ocrx_word' id='word_1_464' title='bbox 2348 932 2991 994; x_wconf 75' lang='lat' dir='ltr'><strong>cruciﬁxeruntcumvitiis</strong></span> <span class='ocrx_word' id='word_1_465' title='bbox 3013 941 3059 985; x_wconf 89' lang='lat' dir='ltr'><strong>et</strong></span> <span class='ocrx_word' id='word_1_466' title='bbox 3084 930 3534 1001; x_wconf 84' lang='lat' dir='ltr'><strong>concupiscentiis.</strong></span> <span class='ocrx_word' id='word_1_467' title='bbox 3564 930 3668 1000; x_wconf 87' lang='lat' dir='ltr'><strong>Ipsi</strong></span> <span class='ocrx_word' id='word_1_468' title='bbox 3700 944 3798 986; x_wconf 79' lang='lat' dir='ltr'><strong>au-</strong></span> 
     </span>
    </p>
   </div>
   <div class='ocr_carea' id='block_1_69' title="bbox 2187 1019 3796 1093">
    <p class='ocr_par' dir='ltr' id='par_1_69' title="bbox 2187 1019 3796 1093">
     <span class='ocr_line' id='line_1_69' title="bbox 2187 1019 3796 1093; baseline 0.001 -18"><span class='ocrx_word' id='word_1_469' title='bbox 2187 1028 2293 1076; x_wconf 89' lang='lat' dir='ltr'><strong>tem</strong></span> <span class='ocrx_word' id='word_1_470' title='bbox 2343 1019 2549 1077; x_wconf 82' lang='lat' dir='ltr'><strong>fructus</strong></span> <span class='ocrx_word' id='word_1_471' title='bbox 2593 1022 2748 1093; x_wconf 89' lang='lat' dir='ltr'><strong>hujus</strong></span> <span class='ocrx_word' id='word_1_472' title='bbox 2799 1024 2990 1093; x_wconf 75' lang='lat' dir='ltr'><strong>palmae</strong></span> <span class='ocrx_word' id='word_1_473' title='bbox 3050 1023 3271 1090; x_wconf 67' lang='lat' dir='ltr'><strong>(sanctae</strong></span> <span class='ocrx_word' id='word_1_474' title='bbox 3314 1020 3515 1089; x_wconf 89' lang='lat' dir='ltr'><strong>crucis)</strong></span> <span class='ocrx_word' id='word_1_475' title='bbox 3566 1022 3796 1090; x_wconf 70' lang='lat' dir='ltr'><strong>praemia</strong></span> 
     </span>
    </p>
   </div>
   <div class='ocr_carea' id='block_1_70' title="bbox 2185 1114 3796 1187">
    <p class='ocr_par' dir='ltr' id='par_1_70' title="bbox 2185 1114 3796 1187">
     <span class='ocr_line' id='line_1_70' title="bbox 2185 1114 3796 1187; baseline -0.003 -17"><span class='ocrx_word' id='word_1_476' title='bbox 2185 1125 2617 1187; x_wconf 88' lang='lat' dir='ltr'><strong>consequuntur,</strong></span> <span class='ocrx_word' id='word_1_477' title='bbox 2649 1116 2740 1185; x_wconf 89' lang='lat' dir='ltr'><strong>qui</strong></span> <span class='ocrx_word' id='word_1_478' title='bbox 2774 1114 2937 1180; x_wconf 87' lang='lat' dir='ltr'><strong>illud,</strong></span> <span class='ocrx_word' id='word_1_479' title='bbox 2968 1115 3014 1167; x_wconf 90' lang='lat' dir='ltr'><strong>si</strong></span> <span class='ocrx_word' id='word_1_480' title='bbox 3044 1122 3214 1167; x_wconf 88' lang='lat' dir='ltr'><strong>tamen</strong></span> <span class='ocrx_word' id='word_1_481' title='bbox 3260 1114 3601 1183; x_wconf 81' lang='lat' dir='ltr'><strong>compatimur</strong></span> <span class='ocrx_word' id='word_1_482' title='bbox 3653 1123 3715 1167; x_wconf 79' lang='lat' dir='ltr'><strong>ut</strong></span> <span class='ocrx_word' id='word_1_483' title='bbox 3746 1119 3796 1167; x_wconf 83' lang='lat' dir='ltr'><strong>et</strong></span> 
     </span>
    </p>
   </div>
   <div class='ocr_carea' id='block_1_71' title="bbox 2184 1203 3796 1279">
    <p class='ocr_par' dir='ltr' id='par_1_71' title="bbox 2184 1203 3796 1279">
     <span class='ocr_line' id='line_1_71' title="bbox 2184 1203 3796 1279; baseline -0.002 -16"><span class='ocrx_word' id='word_1_484' title='bbox 2184 1208 2539 1279; x_wconf 79' lang='lat' dir='ltr'><strong>gloriﬁcemur</strong></span> <span class='ocrx_word' id='word_1_485' title='bbox 2560 1207 2739 1279; x_wconf 86' lang='lat' dir='ltr'><strong>(Rom.</strong></span> <span class='ocrx_word' id='word_1_486' title='bbox 2771 1205 2907 1275; x_wconf 80' lang='lat' dir='ltr'><strong>vni),</strong></span> <span class='ocrx_word' id='word_1_487' title='bbox 2933 1220 3054 1261; x_wconf 93' lang='lat' dir='ltr'><strong>cum</strong></span> <span class='ocrx_word' id='word_1_488' title='bbox 3076 1204 3268 1261; x_wconf 92' lang='lat' dir='ltr'><strong>eodem</strong></span> <span class='ocrx_word' id='word_1_489' title='bbox 3290 1203 3550 1273; x_wconf 85' lang='lat' dir='ltr'><strong>Apostolo</strong></span> <span class='ocrx_word' id='word_1_490' title='bbox 3577 1204 3796 1259; x_wconf 88' lang='lat' dir='ltr'><strong>dicunt.</strong></span> 
     </span>
    </p>
   </div>
   <div class='ocr_carea' id='block_1_72' title="bbox 2258 1314 3799 1376">
    <p class='ocr_par' dir='ltr' id='par_1_72' title="bbox 2258 1314 3799 1376">
     <span class='ocr_line' id='line_1_72' title="bbox 2258 1314 3799 1376; baseline -0.003 -1"><span class='ocrx_word' id='word_1_491' title='bbox 2258 1317 2420 1375; x_wconf 85' lang='lat' dir='ltr'><strong>Num.</strong></span> <span class='ocrx_word' id='word_1_492' title='bbox 2454 1317 2576 1376; x_wconf 83' lang='lat' dir='ltr'><strong>l60.</strong></span> <span class='ocrx_word' id='word_1_493' title='bbox 2600 1316 2671 1371; x_wconf 88' lang='lat' dir='ltr'><strong>Et</strong></span> <span class='ocrx_word' id='word_1_494' title='bbox 2693 1327 2840 1373; x_wconf 84' lang='lat' dir='ltr'><strong>erunt</strong></span> <span class='ocrx_word' id='word_1_495' title='bbox 2861 1318 3018 1372; x_wconf 88' lang='lat' dir='ltr'><strong>ubera</strong></span> <span class='ocrx_word' id='word_1_496' title='bbox 3059 1327 3149 1371; x_wconf 87' lang='lat' dir='ltr'><strong>tua</strong></span> <span class='ocrx_word' id='word_1_497' title='bbox 3163 1318 3293 1372; x_wconf 85' lang='lat' dir='ltr'><strong>sicut</strong></span> <span class='ocrx_word' id='word_1_498' title='bbox 3316 1317 3446 1372; x_wconf 88' lang='lat' dir='ltr'><strong>botri</strong></span> <span class='ocrx_word' id='word_1_499' title='bbox 3467 1319 3646 1371; x_wconf 65' lang='lat' dir='ltr'><strong>vineas.</strong></span> <span class='ocrx_word' id='word_1_500' title='bbox 3682 1314 3799 1372; x_wconf 76' lang='lat' dir='ltr'><strong>Nec</strong></span> 
     </span>
    </p>
   </div>
   <div class='ocr_carea' id='block_1_73' title="bbox 2187 1419 3795 1493">
    <p class='ocr_par' dir='ltr' id='par_1_73' title="bbox 2187 1419 3795 1493">
     <span class='ocr_line' id='line_1_73' title="bbox 2187 1419 3795 1493; baseline 0.001 -18"><span class='ocrx_word' id='word_1_501' title='bbox 2187 1421 2389 1476; x_wconf 88' lang='lat' dir='ltr'><strong>etenim</strong></span> <span class='ocrx_word' id='word_1_502' title='bbox 2416 1419 2509 1475; x_wconf 88' lang='lat' dir='ltr'><strong>alii</strong></span> <span class='ocrx_word' id='word_1_503' title='bbox 2550 1420 2914 1490; x_wconf 87' lang='lat' dir='ltr'><strong>reperiuntur,</strong></span> <span class='ocrx_word' id='word_1_504' title='bbox 2952 1422 3045 1493; x_wconf 91' lang='lat' dir='ltr'><strong>qui</strong></span> <span class='ocrx_word' id='word_1_505' title='bbox 3102 1431 3387 1478; x_wconf 83' lang='lat' dir='ltr'><strong>nascentes</strong></span> <span class='ocrx_word' id='word_1_506' title='bbox 3432 1420 3488 1475; x_wconf 90' lang='lat' dir='ltr'><strong>in</strong></span> <span class='ocrx_word' id='word_1_507' title='bbox 3520 1420 3627 1476; x_wconf 86' lang='lat' dir='ltr'><strong>ﬁde</strong></span> <span class='ocrx_word' id='word_1_508' title='bbox 3653 1433 3795 1477; x_wconf 83' lang='lat' dir='ltr'><strong>enu-</strong></span> 
     </span>
    </p>
   </div>
   <div class='ocr_carea' id='block_1_74' title="bbox 2187 1514 3093 1582">
    <p class='ocr_par' dir='ltr' id='par_1_74' title="bbox 2187 1514 3093 1582">
     <span class='ocr_line' id='line_1_74' title="bbox 2187 1514 3093 1582; baseline -0.001 -12"><span class='ocrx_word' id='word_1_509' title='bbox 2187 1515 2374 1582; x_wconf 91' lang='lat' dir='ltr'><strong>triant,</strong></span> <span class='ocrx_word' id='word_1_510' title='bbox 2402 1516 2506 1571; x_wconf 88' lang='lat' dir='ltr'><strong>nisi</strong></span> <span class='ocrx_word' id='word_1_511' title='bbox 2534 1514 2789 1574; x_wconf 86' lang='lat' dir='ltr'><strong>doctores</strong></span> <span class='ocrx_word' id='word_1_512' title='bbox 2819 1516 3093 1573; x_wconf 68' lang='lat' dir='ltr'><strong>Ecclesiaz.</strong></span> 
     </span>
    </p>
   </div>
   <div class='ocr_carea' id='block_1_75' title="bbox 2260 1604 3797 1665">
    <p class='ocr_par' dir='ltr' id='par_1_75' title="bbox 2260 1604 3797 1665">
     <span class='ocr_line' id='line_1_75' title="bbox 2260 1604 3797 1665; baseline -0.003 -2"><span class='ocrx_word' id='word_1_513' title='bbox 2260 1607 2418 1663; x_wconf 84' lang='lat' dir='ltr'><strong>Num.</strong></span> <span class='ocrx_word' id='word_1_514' title='bbox 2449 1607 2575 1665; x_wconf 91' lang='grc'><strong>161.</strong></span> <span class='ocrx_word' id='word_1_515' title='bbox 2607 1608 2677 1663; x_wconf 83' lang='lat' dir='ltr'><strong>Et</strong></span> <span class='ocrx_word' id='word_1_516' title='bbox 2733 1610 2918 1665; x_wconf 86' lang='lat' dir='ltr'><strong>odores</strong></span> <span class='ocrx_word' id='word_1_517' title='bbox 2944 1610 3021 1662; x_wconf 90' lang='lat' dir='ltr'><strong>tui</strong></span> <span class='ocrx_word' id='word_1_518' title='bbox 3051 1608 3183 1663; x_wconf 85' lang='lat' dir='ltr'><strong>sicut</strong></span> <span class='ocrx_word' id='word_1_519' title='bbox 3211 1607 3487 1661; x_wconf 83' lang='lat' dir='ltr'><strong>malorum.</strong></span> <span class='ocrx_word' id='word_1_520' title='bbox 3514 1604 3582 1660; x_wconf 87' lang='lat' dir='ltr'><strong>Et</strong></span> <span class='ocrx_word' id='word_1_521' title='bbox 3606 1605 3797 1660; x_wconf 85' lang='lat' dir='ltr'><strong>suavi-</strong></span> 
     </span>
    </p>
   </div>
   <div class='ocr_carea' id='block_1_76' title="bbox 2190 1696 3799 1772">
    <p class='ocr_par' dir='ltr' id='par_1_76' title="bbox 2190 1696 3799 1772">
     <span class='ocr_line' id='line_1_76' title="bbox 2190 1696 3799 1772; baseline -0.002 -16"><span class='ocrx_word' id='word_1_522' title='bbox 2190 1711 2274 1758; x_wconf 86' lang='lat' dir='ltr'><strong>tas</strong></span> <span class='ocrx_word' id='word_1_523' title='bbox 2295 1702 2622 1758; x_wconf 88' lang='lat' dir='ltr'><strong>eruditionis</strong></span> <span class='ocrx_word' id='word_1_524' title='bbox 2652 1709 2759 1757; x_wconf 74' lang='lat' dir='ltr'><strong>tua:</strong></span> <span class='ocrx_word' id='word_1_525' title='bbox 2798 1718 2891 1770; x_wconf 93' lang='lat' dir='ltr'><strong>per</strong></span> <span class='ocrx_word' id='word_1_526' title='bbox 2918 1715 3012 1758; x_wconf 90' lang='lat' dir='ltr'><strong>eos</strong></span> <span class='ocrx_word' id='word_1_527' title='bbox 3043 1700 3447 1772; x_wconf 90' lang='lat' dir='ltr'><strong>propagabitur,</strong></span> <span class='ocrx_word' id='word_1_528' title='bbox 3487 1699 3581 1769; x_wconf 87' lang='lat' dir='ltr'><strong>qui</strong></span> <span class='ocrx_word' id='word_1_529' title='bbox 3610 1696 3799 1753; x_wconf 85' lang='lat' dir='ltr'><strong>sobrie</strong></span> 
     </span>
    </p>
   </div>
   <div class='ocr_carea' id='block_1_77' title="bbox 2189 1790 3797 1864">
    <p class='ocr_par' dir='ltr' id='par_1_77' title="bbox 2189 1790 3797 1864">
     <span class='ocr_line' id='line_1_77' title="bbox 2189 1790 3797 1864; baseline -0.002 -16"><span class='ocrx_word' id='word_1_530' title='bbox 2189 1802 2245 1848; x_wconf 92' lang='lat' dir='ltr'><strong>et</strong></span> <span class='ocrx_word' id='word_1_531' title='bbox 2274 1794 2416 1864; x_wconf 84' lang='lat' dir='ltr'><strong>juste</strong></span> <span class='ocrx_word' id='word_1_532' title='bbox 2445 1793 2683 1850; x_wconf 87' lang='lat' dir='ltr'><strong>vivendo</strong></span> <span class='ocrx_word' id='word_1_533' title='bbox 2711 1792 2936 1855; x_wconf 84' lang='lat' dir='ltr'><strong>odorem</strong></span> <span class='ocrx_word' id='word_1_534' title='bbox 2965 1794 3122 1849; x_wconf 78' lang='lat' dir='ltr'><strong>bona:</strong></span> <span class='ocrx_word' id='word_1_535' title='bbox 3149 1790 3581 1849; x_wconf 85' lang='lat' dir='ltr'><strong>conversationis</strong></span> <span class='ocrx_word' id='word_1_536' title='bbox 3612 1790 3797 1860; x_wconf 83' lang='lat' dir='ltr'><strong>propi-</strong></span> 
     </span>
    </p>
   </div>
   <div class='ocr_carea' id='block_1_78' title="bbox 2191 1886 2741 1942">
    <p class='ocr_par' dir='ltr' id='par_1_78' title="bbox 2191 1886 2741 1942">
     <span class='ocr_line' id='line_1_78' title="bbox 2191 1886 2741 1942; baseline -0.004 -2"><span class='ocrx_word' id='word_1_537' title='bbox 2191 1900 2320 1940; x_wconf 88' lang='lat' dir='ltr'><strong>nare</strong></span> <span class='ocrx_word' id='word_1_538' title='bbox 2343 1902 2448 1940; x_wconf 86' lang='lat' dir='ltr'><strong>non</strong></span> <span class='ocrx_word' id='word_1_539' title='bbox 2470 1886 2741 1942; x_wconf 87' lang='lat' dir='ltr'><strong>desinunt.</strong></span> 
     </span>
    </p>
   </div>
   <div class='ocr_carea' id='block_1_79' title="bbox 2261 1974 3795 2047">
    <p class='ocr_par' dir='ltr' id='par_1_79' title="bbox 2261 1974 3795 2047">
     <span class='ocr_line' id='line_1_79' title="bbox 2261 1974 3795 2047; baseline -0.004 -11"><span class='ocrx_word' id='word_1_540' title='bbox 2261 1979 2421 2036; x_wconf 86' lang='lat' dir='ltr'><strong>Num.</strong></span> <span class='ocrx_word' id='word_1_541' title='bbox 2459 1979 2582 2037; x_wconf 67' lang='lat'><strong>162.</strong></span> <span class='ocrx_word' id='word_1_542' title='bbox 2618 1977 2807 2034; x_wconf 81' lang='lat' dir='ltr'><strong>Guttur</strong></span> <span class='ocrx_word' id='word_1_543' title='bbox 2830 1987 2976 2035; x_wconf 78' lang='lat' dir='ltr'><strong>tuum</strong></span> <span class='ocrx_word' id='word_1_544' title='bbox 2999 1978 3133 2033; x_wconf 81' lang='lat' dir='ltr'><strong>sicut</strong></span> <span class='ocrx_word' id='word_1_545' title='bbox 3157 1978 3333 2032; x_wconf 86' lang='lat' dir='ltr'><strong>vinum</strong></span> <span class='ocrx_word' id='word_1_546' title='bbox 3360 1976 3637 2047; x_wconf 83' lang='lat' dir='ltr'><strong>optimum.</strong></span> <span class='ocrx_word' id='word_1_547' title='bbox 3660 1974 3795 2030; x_wconf 78' lang='lat' dir='ltr'><strong>Pos-</strong></span> 
     </span>
    </p>
   </div>
   <div class='ocr_carea' id='block_1_80' title="bbox 2190 2068 3795 2147">
    <p class='ocr_par' dir='ltr' id='par_1_80' title="bbox 2190 2068 3795 2147">
     <span class='ocr_line' id='line_1_80' title="bbox 2190 2068 3795 2147; baseline -0.002 -20"><span class='ocrx_word' id='word_1_548' title='bbox 2190 2082 2315 2128; x_wconf 90' lang='lat' dir='ltr'><strong>sunt</strong></span> <span class='ocrx_word' id='word_1_549' title='bbox 2343 2074 2504 2130; x_wconf 83' lang='lat' dir='ltr'><strong>etiam</strong></span> <span class='ocrx_word' id='word_1_550' title='bbox 2535 2074 2589 2131; x_wconf 88' lang='lat' dir='ltr'><strong>in</strong></span> <span class='ocrx_word' id='word_1_551' title='bbox 2616 2082 2834 2147; x_wconf 89' lang='lat' dir='ltr'><strong>gutture</strong></span> <span class='ocrx_word' id='word_1_552' title='bbox 2862 2072 2940 2129; x_wconf 89' lang='lat' dir='ltr'><strong>illi</strong></span> <span class='ocrx_word' id='word_1_553' title='bbox 2972 2073 3143 2126; x_wconf 89' lang='lat' dir='ltr'><strong>sancti</strong></span> <span class='ocrx_word' id='word_1_554' title='bbox 3174 2068 3400 2140; x_wconf 76' lang='lat' dir='ltr'><strong>intelligi</strong></span> <span class='ocrx_word' id='word_1_555' title='bbox 3427 2084 3523 2143; x_wconf 88' lang='lat' dir='ltr'><strong>per</strong></span> <span class='ocrx_word' id='word_1_556' title='bbox 3545 2083 3682 2138; x_wconf 83' lang='lat' dir='ltr'><strong>quos</strong></span> <span class='ocrx_word' id='word_1_557' title='bbox 3706 2071 3795 2125; x_wconf 82' lang='lat' dir='ltr'><strong>lex</strong></span> 
     </span>
    </p>
   </div>
   <div class='ocr_carea' id='block_1_81' title="bbox 2190 2162 3792 2241">
    <p class='ocr_par' dir='ltr' id='par_1_81' title="bbox 2190 2162 3792 2241">
     <span class='ocr_line' id='line_1_81' title="bbox 2190 2162 3792 2241; baseline -0.004 -21"><span class='ocrx_word' id='word_1_558' title='bbox 2190 2173 2246 2221; x_wconf 89' lang='lat' dir='ltr'><strong>et</strong></span> <span class='ocrx_word' id='word_1_559' title='bbox 2275 2165 2555 2237; x_wconf 73' lang='lat' dir='ltr'><strong>prophetas</strong></span> <span class='ocrx_word' id='word_1_560' title='bbox 2578 2174 2633 2221; x_wconf 89' lang='lat' dir='ltr'><strong>et</strong></span> <span class='ocrx_word' id='word_1_561' title='bbox 2663 2165 2975 2235; x_wconf 82' lang='lat' dir='ltr'><strong>evangelica</strong></span> <span class='ocrx_word' id='word_1_562' title='bbox 3005 2162 3251 2218; x_wconf 90' lang='lat' dir='ltr'><strong>doctrina</strong></span> <span class='ocrx_word' id='word_1_563' title='bbox 3280 2162 3629 2241; x_wconf 85' lang='lat' dir='ltr'><strong>pronuntiata</strong></span> <span class='ocrx_word' id='word_1_564' title='bbox 3659 2171 3745 2217; x_wconf 88' lang='lat' dir='ltr'><strong>est</strong></span> <span class='ocrx_word' id='word_1_565' title='bbox 3778 2179 3792 2214; x_wconf 91' lang='lat'><strong>:</strong></span> 
     </span>
    </p>
   </div>
   <div class='ocr_carea' id='block_1_82' title="bbox 2190 2253 3792 2329">
    <p class='ocr_par' dir='ltr' id='par_1_82' title="bbox 2190 2253 3792 2329">
     <span class='ocr_line' id='line_1_82' title="bbox 2190 2253 3792 2329; baseline -0.001 -19"><span class='ocrx_word' id='word_1_566' title='bbox 2190 2274 2311 2329; x_wconf 72' lang='lat' dir='ltr'><strong>qua:</strong></span> <span class='ocrx_word' id='word_1_567' title='bbox 2340 2260 2525 2328; x_wconf 85' lang='lat' dir='ltr'><strong>utique</strong></span> <span class='ocrx_word' id='word_1_568' title='bbox 2555 2266 2741 2314; x_wconf 89' lang='lat' dir='ltr'><strong>sancta</strong></span> <span class='ocrx_word' id='word_1_569' title='bbox 2780 2256 3061 2327; x_wconf 85' lang='lat' dir='ltr'><strong>Scriptura</strong></span> <span class='ocrx_word' id='word_1_570' title='bbox 3093 2254 3291 2315; x_wconf 80' lang='lat' dir='ltr'><strong>eximio</strong></span> <span class='ocrx_word' id='word_1_571' title='bbox 3321 2269 3517 2324; x_wconf 88' lang='lat' dir='ltr'><strong>sapore</strong></span> <span class='ocrx_word' id='word_1_572' title='bbox 3542 2253 3792 2325; x_wconf 77' lang='lat' dir='ltr'><strong>prtedita,</strong></span> 
     </span>
    </p>
   </div>
   <div class='ocr_carea' id='block_1_83' title="bbox 2192 2346 3793 2423">
    <p class='ocr_par' dir='ltr' id='par_1_83' title="bbox 2192 2346 3793 2423">
     <span class='ocr_line' id='line_1_83' title="bbox 2192 2346 3793 2423; baseline -0.001 -21"><span class='ocrx_word' id='word_1_573' title='bbox 2192 2358 2251 2402; x_wconf 90' lang='lat' dir='ltr'><strong>ut</strong></span> <span class='ocrx_word' id='word_1_574' title='bbox 2279 2350 2461 2405; x_wconf 88' lang='lat' dir='ltr'><strong>vinum</strong></span> <span class='ocrx_word' id='word_1_575' title='bbox 2488 2350 2755 2423; x_wconf 81' lang='lat' dir='ltr'><strong>optimum</strong></span> <span class='ocrx_word' id='word_1_576' title='bbox 2791 2347 3001 2405; x_wconf 89' lang='lat' dir='ltr'><strong>redolet</strong></span> <span class='ocrx_word' id='word_1_577' title='bbox 3022 2362 3085 2403; x_wconf 90' lang='lat' dir='ltr'><strong>ac</strong></span> <span class='ocrx_word' id='word_1_578' title='bbox 3106 2346 3437 2419; x_wconf 88' lang='lat' dir='ltr'><strong>resplendet,</strong></span> <span class='ocrx_word' id='word_1_579' title='bbox 3465 2354 3521 2403; x_wconf 88' lang='lat' dir='ltr'><strong>et</strong></span> <span class='ocrx_word' id='word_1_580' title='bbox 3542 2360 3640 2419; x_wconf 87' lang='lat' dir='ltr'><strong>per</strong></span> <span class='ocrx_word' id='word_1_581' title='bbox 3669 2346 3793 2417; x_wconf 86' lang='lat' dir='ltr'><strong>Spi-</strong></span> 
     </span>
    </p>
   </div>
   <div class='ocr_carea' id='block_1_84' title="bbox 2191 2441 3193 2515">
    <p class='ocr_par' dir='ltr' id='par_1_84' title="bbox 2191 2441 3193 2515">
     <span class='ocr_line' id='line_1_84' title="bbox 2191 2441 3193 2515; baseline 0 -20"><span class='ocrx_word' id='word_1_582' title='bbox 2191 2442 2351 2497; x_wconf 89' lang='lat' dir='ltr'><strong>ritum</strong></span> <span class='ocrx_word' id='word_1_583' title='bbox 2383 2454 2626 2499; x_wconf 87' lang='lat' dir='ltr'><strong>sanctum</strong></span> <span class='ocrx_word' id='word_1_584' title='bbox 2661 2451 2912 2515; x_wconf 87' lang='lat' dir='ltr'><strong>potantes</strong></span> <span class='ocrx_word' id='word_1_585' title='bbox 2940 2441 3193 2497; x_wconf 89' lang='lat' dir='ltr'><strong>inebriat.</strong></span> 
     </span>
    </p>
   </div>
   <div class='ocr_carea' id='block_1_85' title="bbox 2263 2534 3793 2610">
    <p class='ocr_par' dir='ltr' id='par_1_85' title="bbox 2263 2534 3793 2610">
     <span class='ocr_line' id='line_1_85' title="bbox 2263 2534 3793 2610; baseline 0.003 -21"><span class='ocrx_word' id='word_1_586' title='bbox 2263 2535 2421 2591; x_wconf 83' lang='lat' dir='ltr'><strong>Num.</strong></span> <span class='ocrx_word' id='word_1_587' title='bbox 2459 2538 2581 2593; x_wconf 78' lang='grc'><strong>165.</strong></span> <span class='ocrx_word' id='word_1_588' title='bbox 2608 2534 2837 2610; x_wconf 86' lang='lat' dir='ltr'><strong>Dignum</strong></span> <span class='ocrx_word' id='word_1_589' title='bbox 2859 2535 3045 2591; x_wconf 84' lang='lat' dir='ltr'><strong>dilecto</strong></span> <span class='ocrx_word' id='word_1_590' title='bbox 3068 2551 3180 2591; x_wconf 86' lang='lat' dir='ltr'><strong>meo</strong></span> <span class='ocrx_word' id='word_1_591' title='bbox 3199 2535 3509 2610; x_wconf 86' lang='lat' dir='ltr'><strong>potandum.</strong></span> <span class='ocrx_word' id='word_1_592' title='bbox 3538 2534 3616 2590; x_wconf 90' lang='lat' dir='ltr'><strong>De</strong></span> <span class='ocrx_word' id='word_1_593' title='bbox 3638 2548 3793 2593; x_wconf 85' lang='lat' dir='ltr'><strong>sacra</strong></span> 
     </span>
    </p>
   </div>
   <div class='ocr_carea' id='block_1_86' title="bbox 2193 2625 3791 2698">
    <p class='ocr_par' dir='ltr' id='par_1_86' title="bbox 2193 2625 3791 2698">
     <span class='ocr_line' id='line_1_86' title="bbox 2193 2625 3791 2698; baseline -0.001 -17"><span class='ocrx_word' id='word_1_594' title='bbox 2193 2625 2468 2698; x_wconf 88' lang='lat' dir='ltr'><strong>Scriptura</strong></span> <span class='ocrx_word' id='word_1_595' title='bbox 2498 2626 2699 2687; x_wconf 86' lang='lat' dir='ltr'><strong>Christi</strong></span> <span class='ocrx_word' id='word_1_596' title='bbox 2741 2635 2949 2698; x_wconf 87' lang='lat' dir='ltr'><strong>potant,</strong></span> <span class='ocrx_word' id='word_1_597' title='bbox 2979 2642 3099 2682; x_wconf 92' lang='lat' dir='ltr'><strong>cum</strong></span> <span class='ocrx_word' id='word_1_598' title='bbox 3128 2641 3194 2682; x_wconf 79' lang='lat' dir='ltr'><strong>ex</strong></span> <span class='ocrx_word' id='word_1_599' title='bbox 3249 2640 3313 2681; x_wconf 88' lang='lat' dir='ltr'><strong>ea</strong></span> <span class='ocrx_word' id='word_1_600' title='bbox 3341 2625 3665 2695; x_wconf 88' lang='lat' dir='ltr'><strong>Christiani,</strong></span> <span class='ocrx_word' id='word_1_601' title='bbox 3698 2625 3791 2693; x_wconf 90' lang='lat' dir='ltr'><strong>qui</strong></span> 
     </span>
    </p>
   </div>
   <div class='ocr_carea' id='block_1_87' title="bbox 2192 2719 3792 2791">
    <p class='ocr_par' dir='ltr' id='par_1_87' title="bbox 2192 2719 3792 2791">
     <span class='ocr_line' id='line_1_87' title="bbox 2192 2719 3792 2791; baseline -0.001 -17"><span class='ocrx_word' id='word_1_602' title='bbox 2192 2730 2319 2775; x_wconf 92' lang='lat' dir='ltr'><strong>sunt</strong></span> <span class='ocrx_word' id='word_1_603' title='bbox 2360 2722 2601 2776; x_wconf 89' lang='lat' dir='ltr'><strong>membra</strong></span> <span class='ocrx_word' id='word_1_604' title='bbox 2660 2722 2851 2791; x_wconf 90' lang='lat' dir='ltr'><strong>ipsius,</strong></span> <span class='ocrx_word' id='word_1_605' title='bbox 2893 2721 3048 2778; x_wconf 89' lang='lat' dir='ltr'><strong>miris</strong></span> <span class='ocrx_word' id='word_1_606' title='bbox 3076 2720 3253 2777; x_wconf 87' lang='lat' dir='ltr'><strong>modis</strong></span> <span class='ocrx_word' id='word_1_607' title='bbox 3279 2729 3334 2776; x_wconf 92' lang='lat' dir='ltr'><strong>et</strong></span> <span class='ocrx_word' id='word_1_608' title='bbox 3379 2719 3792 2790; x_wconf 88' lang='lat' dir='ltr'><strong>incomparabili</strong></span> 
     </span>
    </p>
   </div>
   <div class='ocr_carea' id='block_1_88' title="bbox 2192 2813 2789 2873">
    <p class='ocr_par' dir='ltr' id='par_1_88' title="bbox 2192 2813 2789 2873">
     <span class='ocr_line' id='line_1_88' title="bbox 2192 2813 2789 2873; baseline 0.002 -5"><span class='ocrx_word' id='word_1_609' title='bbox 2192 2813 2475 2871; x_wconf 89' lang='lat' dir='ltr'><strong>dulcedine</strong></span> <span class='ocrx_word' id='word_1_610' title='bbox 2503 2815 2789 2873; x_wconf 90' lang='lat' dir='ltr'><strong>satiantur.</strong></span> 
     </span>
    </p>
   </div>
   <div class='ocr_carea' id='block_1_89' title="bbox 2264 2906 3793 2977">
    <p class='ocr_par' dir='ltr' id='par_1_89' title="bbox 2264 2906 3793 2977">
     <span class='ocr_line' id='line_1_89' title="bbox 2264 2906 3793 2977; baseline 0 -16"><span class='ocrx_word' id='word_1_611' title='bbox 2264 2906 2426 2964; x_wconf 83' lang='lat' dir='ltr'><strong>Nunt.</strong></span> <span class='ocrx_word' id='word_1_612' title='bbox 2453 2907 2576 2964; x_wconf 74' lang='grc'><strong>164.</strong></span> <span class='ocrx_word' id='word_1_613' title='bbox 2602 2906 2879 2977; x_wconf 87' lang='lat' dir='ltr'><strong>Labiisque</strong></span> <span class='ocrx_word' id='word_1_614' title='bbox 2910 2916 2959 2963; x_wconf 88' lang='lat' dir='ltr'><strong>et</strong></span> <span class='ocrx_word' id='word_1_615' title='bbox 2998 2906 3234 2963; x_wconf 79' lang='lat' dir='ltr'><strong>dentibus</strong></span> <span class='ocrx_word' id='word_1_616' title='bbox 3254 2907 3396 2962; x_wconf 88' lang='lat' dir='ltr'><strong>illius</strong></span> <span class='ocrx_word' id='word_1_617' title='bbox 3420 2909 3491 2963; x_wconf 89' lang='lat' dir='ltr'><strong>ad</strong></span> <span class='ocrx_word' id='word_1_618' title='bbox 3520 2923 3793 2962; x_wconf 73' lang='lat' dir='ltr'><strong>ruminan-</strong></span> 
     </span>
    </p>
   </div>
   <div class='ocr_carea' id='block_1_90' title="bbox 2193 2998 3789 3059">
    <p class='ocr_par' dir='ltr' id='par_1_90' title="bbox 2193 2998 3789 3059">
     <span class='ocr_line' id='line_1_90' title="bbox 2193 2998 3789 3059; baseline 0.001 -8"><span class='ocrx_word' id='word_1_619' title='bbox 2193 2998 2339 3053; x_wconf 82' lang='lat' dir='ltr'><strong>dum.</strong></span> <span class='ocrx_word' id='word_1_620' title='bbox 2373 2998 2537 3054; x_wconf 84' lang='lat' dir='ltr'><strong>Labia</strong></span> <span class='ocrx_word' id='word_1_621' title='bbox 2588 3009 2641 3056; x_wconf 89' lang='lat' dir='ltr'><strong>et</strong></span> <span class='ocrx_word' id='word_1_622' title='bbox 2690 2999 2886 3056; x_wconf 89' lang='lat' dir='ltr'><strong>dentes</strong></span> <span class='ocrx_word' id='word_1_623' title='bbox 2928 2999 3130 3059; x_wconf 83' lang='lat' dir='ltr'><strong>Christi</strong></span> <span class='ocrx_word' id='word_1_624' title='bbox 3185 2999 3437 3057; x_wconf 88' lang='lat' dir='ltr'><strong>doctores</strong></span> <span class='ocrx_word' id='word_1_625' title='bbox 3482 3000 3789 3057; x_wconf 67' lang='lat' dir='ltr'><strong>Ecclesiae:</strong></span> 
     </span>
    </p>
   </div>
   <div class='ocr_carea' id='block_1_91' title="bbox 2194 3088 3797 3163">
    <p class='ocr_par' dir='ltr' id='par_1_91' title="bbox 2194 3088 3797 3163">
     <span class='ocr_line' id='line_1_91' title="bbox 2194 3088 3797 3163; baseline 0.006 -19"><span class='ocrx_word' id='word_1_626' title='bbox 2194 3088 2416 3161; x_wconf 83' lang='lat' dir='ltr'><strong>hi-quod</strong></span> <span class='ocrx_word' id='word_1_627' title='bbox 2445 3098 2689 3147; x_wconf 90' lang='lat' dir='ltr'><strong>sanctum</strong></span> <span class='ocrx_word' id='word_1_628' title='bbox 2716 3099 2801 3148; x_wconf 88' lang='lat' dir='ltr'><strong>est</strong></span> <span class='ocrx_word' id='word_1_629' title='bbox 2829 3091 3104 3148; x_wconf 88' lang='lat' dir='ltr'><strong>ruminare</strong></span> <span class='ocrx_word' id='word_1_630' title='bbox 3136 3107 3247 3151; x_wconf 92' lang='lat' dir='ltr'><strong>non</strong></span> <span class='ocrx_word' id='word_1_631' title='bbox 3269 3092 3549 3163; x_wconf 88' lang='lat' dir='ltr'><strong>desinunt,</strong></span> <span class='ocrx_word' id='word_1_632' title='bbox 3582 3108 3705 3148; x_wconf 92' lang='lat' dir='ltr'><strong>cum</strong></span> <span class='ocrx_word' id='word_1_633' title='bbox 3733 3108 3797 3153; x_wconf 79' lang='lat' dir='ltr'><strong>ea</strong></span> 
     </span>
    </p>
   </div>
   <div class='ocr_carea' id='block_1_92' title="bbox 2193 3182 3794 3262">
    <p class='ocr_par' dir='ltr' id='par_1_92' title="bbox 2193 3182 3794 3262">
     <span class='ocr_line' id='line_1_92' title="bbox 2193 3182 3794 3262; baseline 0.003 -25"><span class='ocrx_word' id='word_1_634' title='bbox 2193 3197 2312 3257; x_wconf 67' lang='lat' dir='ltr'><strong>quae</strong></span> <span class='ocrx_word' id='word_1_635' title='bbox 2343 3182 2411 3239; x_wconf 91' lang='lat' dir='ltr'><strong>ad</strong></span> <span class='ocrx_word' id='word_1_636' title='bbox 2455 3192 2694 3240; x_wconf 86' lang='lat' dir='ltr'><strong>nostram</strong></span> <span class='ocrx_word' id='word_1_637' title='bbox 2745 3182 3049 3241; x_wconf 88' lang='lat' dir='ltr'><strong>doctrinam</strong></span> <span class='ocrx_word' id='word_1_638' title='bbox 3099 3185 3301 3257; x_wconf 87' lang='lat' dir='ltr'><strong>scripta</strong></span> <span class='ocrx_word' id='word_1_639' title='bbox 3349 3194 3500 3256; x_wconf 88' lang='lat' dir='ltr'><strong>sunt,</strong></span> <span class='ocrx_word' id='word_1_640' title='bbox 3554 3185 3794 3262; x_wconf 78' lang='lat' dir='ltr'><strong>quotidie</strong></span> 
     </span>
    </p>
   </div>
   <div class='ocr_carea' id='block_1_93' title="bbox 2193 3275 2539 3333">
    <p class='ocr_par' dir='ltr' id='par_1_93' title="bbox 2193 3275 2539 3333">
     <span class='ocr_line' id='line_1_93' title="bbox 2193 3275 2539 3333; baseline -0.003 0"><span class='ocrx_word' id='word_1_641' title='bbox 2193 3275 2539 3333; x_wconf 87' lang='lat' dir='ltr'><strong>meditantur.</strong></span> 
     </span>
    </p>
   </div>
   <div class='ocr_carea' id='block_1_94' title="bbox 2263 3370 3794 3447">
    <p class='ocr_par' dir='ltr' id='par_1_94' title="bbox 2263 3370 3794 3447">
     <span class='ocr_line' id='line_1_94' title="bbox 2263 3370 3794 3447; baseline 0.002 -21"><span class='ocrx_word' id='word_1_642' title='bbox 2263 3371 2421 3426; x_wconf 85' lang='lat' dir='ltr'><strong>Num.</strong></span> <span class='ocrx_word' id='word_1_643' title='bbox 2455 3371 2577 3429; x_wconf 82' lang='grc'><strong>165.</strong></span> <span class='ocrx_word' id='word_1_644' title='bbox 2604 3370 2714 3442; x_wconf 76' lang='lat' dir='ltr'><strong>Ego</strong></span> <span class='ocrx_word' id='word_1_645' title='bbox 2742 3371 2933 3427; x_wconf 87' lang='lat' dir='ltr'><strong>dilecto</strong></span> <span class='ocrx_word' id='word_1_646' title='bbox 2960 3387 3092 3438; x_wconf 89' lang='lat' dir='ltr'><strong>meo,</strong></span> <span class='ocrx_word' id='word_1_647' title='bbox 3115 3380 3161 3428; x_wconf 85' lang='lat' dir='ltr'><strong>et</strong></span> <span class='ocrx_word' id='word_1_648' title='bbox 3189 3374 3254 3426; x_wconf 87' lang='lat' dir='ltr'><strong>ad</strong></span> <span class='ocrx_word' id='word_1_649' title='bbox 3278 3388 3355 3427; x_wconf 88' lang='lat' dir='ltr'><strong>nte</strong></span> <span class='ocrx_word' id='word_1_650' title='bbox 3372 3374 3641 3429; x_wconf 78' lang='lat' dir='ltr'><strong>conversio</strong></span> <span class='ocrx_word' id='word_1_651' title='bbox 3661 3377 3794 3447; x_wconf 80' lang='lat' dir='ltr'><strong>ejus.</strong></span> 
     </span>
    </p>
   </div>
   <div class='ocr_carea' id='block_1_95' title="bbox 2194 3462 3792 3537">
    <p class='ocr_par' dir='ltr' id='par_1_95' title="bbox 2194 3462 3792 3537">
     <span class='ocr_line' id='line_1_95' title="bbox 2194 3462 3792 3537; baseline 0.001 -18"><span class='ocrx_word' id='word_1_652' title='bbox 2194 3464 2332 3520; x_wconf 90' lang='lat' dir='ltr'><strong>lluic</strong></span> <span class='ocrx_word' id='word_1_653' title='bbox 2384 3464 2585 3520; x_wconf 81' lang='lat' dir='ltr'><strong>dilecto</strong></span> <span class='ocrx_word' id='word_1_654' title='bbox 2614 3508 2628 3537; x_wconf 86' lang='lat'><strong>,</strong></span> <span class='ocrx_word' id='word_1_655' title='bbox 2679 3477 2743 3519; x_wconf 77' lang='lat' dir='ltr'><strong>ex</strong></span> <span class='ocrx_word' id='word_1_656' title='bbox 2790 3478 2921 3519; x_wconf 90' lang='lat' dir='ltr'><strong>voce</strong></span> <span class='ocrx_word' id='word_1_657' title='bbox 2969 3462 3233 3521; x_wconf 59' lang='lat' dir='ltr'><strong>Ecclesiae</strong></span> <span class='ocrx_word' id='word_1_658' title='bbox 3280 3463 3479 3522; x_wconf 91' lang='lat' dir='ltr'><strong>dicitur</strong></span> <span class='ocrx_word' id='word_1_659' title='bbox 3522 3481 3537 3520; x_wconf 90' lang='lat'><strong>:</strong></span> <span class='ocrx_word' id='word_1_660' title='bbox 3577 3464 3792 3521; x_wconf 73' lang='lat' dir='ltr'><strong>adhrrsit</strong></span> 
     </span>
    </p>
   </div>
   <div class='ocr_carea' id='block_1_96' title="bbox 2194 3542 3791 3631">
    <p class='ocr_par' dir='ltr' id='par_1_96' title="bbox 2194 3542 3791 3631">
     <span class='ocr_line' id='line_1_96' title="bbox 2194 3542 3791 3631; baseline 0 -19"><span class='ocrx_word' id='word_1_661' title='bbox 2194 3559 2370 3613; x_wconf 88' lang='lat' dir='ltr'><strong>anima</strong></span> <span class='ocrx_word' id='word_1_662' title='bbox 2394 3575 2507 3614; x_wconf 90' lang='lat' dir='ltr'><strong>mea</strong></span> <span class='ocrx_word' id='word_1_663' title='bbox 2524 3566 2637 3630; x_wconf 87' lang='lat' dir='ltr'><strong>post</strong></span> <span class='ocrx_word' id='word_1_664' title='bbox 2666 3568 2734 3621; x_wconf 88' lang='lat' dir='ltr'><strong>te,</strong></span> <span class='ocrx_word' id='word_1_665' title='bbox 2750 3574 2829 3612; x_wconf 84' lang='lat' dir='ltr'><strong>me</strong></span> <span class='ocrx_word' id='word_1_666' title='bbox 2849 3558 3071 3627; x_wconf 81' lang='lat' dir='ltr'><strong>suscepit</strong></span> <span class='ocrx_word' id='word_1_667' title='bbox 3088 3542 3296 3612; x_wconf 74' lang='lat' dir='ltr'><strong>dextera</strong></span> <span class='ocrx_word' id='word_1_668' title='bbox 3312 3557 3488 3629; x_wconf 87' lang='lat' dir='ltr'><strong>(Psal.</strong></span> <span class='ocrx_word' id='word_1_669' title='bbox 3523 3558 3679 3631; x_wconf 78' lang='lat' dir='ltr'><strong>LXII).</strong></span> <span class='ocrx_word' id='word_1_670' title='bbox 3712 3556 3791 3612; x_wconf 69' lang='lat' dir='ltr'><strong>Vi-</strong></span> 
     </span>
    </p>
   </div>
   <div class='ocr_carea' id='block_1_97' title="bbox 2193 3650 3784 3723">
    <p class='ocr_par' dir='ltr' id='par_1_97' title="bbox 2193 3650 3784 3723">
     <span class='ocr_line' id='line_1_97' title="bbox 2193 3650 3784 3723; baseline -0.003 -15"><span class='ocrx_word' id='word_1_671' title='bbox 2193 3652 2417 3708; x_wconf 80' lang='lat' dir='ltr'><strong>deamus</strong></span> <span class='ocrx_word' id='word_1_672' title='bbox 2447 3662 2501 3707; x_wconf 84' lang='lat' dir='ltr'><strong>et</strong></span> <span class='ocrx_word' id='word_1_673' title='bbox 2530 3653 2657 3708; x_wconf 91' lang='lat' dir='ltr'><strong>alibi</strong></span> <span class='ocrx_word' id='word_1_674' title='bbox 2683 3650 2953 3723; x_wconf 85' lang='lat' dir='ltr'><strong>quomodo</strong></span> <span class='ocrx_word' id='word_1_675' title='bbox 2998 3651 3114 3722; x_wconf 88' lang='lat' dir='ltr'><strong>ipsa</strong></span> <span class='ocrx_word' id='word_1_676' title='bbox 3143 3650 3343 3706; x_wconf 90' lang='lat' dir='ltr'><strong>dilecto</strong></span> <span class='ocrx_word' id='word_1_677' title='bbox 3372 3665 3471 3706; x_wconf 87' lang='lat' dir='ltr'><strong>suo</strong></span> <span class='ocrx_word' id='word_1_678' title='bbox 3503 3652 3784 3722; x_wconf 87' lang='lat' dir='ltr'><strong>loquatur:</strong></span> 
     </span>
    </p>
   </div>
   <div class='ocr_carea' id='block_1_98' title="bbox 2196 3742 3787 3816">
    <p class='ocr_par' dir='ltr' id='par_1_98' title="bbox 2196 3742 3787 3816">
     <span class='ocr_line' id='line_1_98' title="bbox 2196 3742 3787 3816; baseline -0.002 -18"><span class='ocrx_word' id='word_1_679' title='bbox 2196 3747 2310 3798; x_wconf 66' lang='lat' dir='ltr'><strong>A‘os</strong></span> <span class='ocrx_word' id='word_1_680' title='bbox 2332 3755 2501 3798; x_wconf 84' lang='lat' dir='ltr'><strong>autem</strong></span> <span class='ocrx_word' id='word_1_681' title='bbox 2559 3744 2781 3816; x_wconf 88' lang='lat' dir='ltr'><strong>populus</strong></span> <span class='ocrx_word' id='word_1_682' title='bbox 2827 3753 2967 3808; x_wconf 90' lang='lat' dir='ltr'><strong>tuus,</strong></span> <span class='ocrx_word' id='word_1_683' title='bbox 3012 3754 3060 3796; x_wconf 89' lang='lat' dir='ltr'><strong>et</strong></span> <span class='ocrx_word' id='word_1_684' title='bbox 3111 3759 3226 3798; x_wconf 86' lang='lat' dir='ltr'><strong>oves</strong></span> <span class='ocrx_word' id='word_1_685' title='bbox 3262 3742 3433 3816; x_wconf 81' lang='lat' dir='ltr'><strong>gregis</strong></span> <span class='ocrx_word' id='word_1_686' title='bbox 3485 3745 3561 3796; x_wconf 87' lang='lat' dir='ltr'><strong>tui</strong></span> <span class='ocrx_word' id='word_1_687' title='bbox 3614 3742 3787 3815; x_wconf 78' lang='lat' dir='ltr'><strong>(I’sal.</strong></span> 
     </span>
    </p>
   </div>
   <div class='ocr_carea' id='block_1_99' title="bbox 2194 3836 3790 3910">
    <p class='ocr_par' dir='ltr' id='par_1_99' title="bbox 2194 3836 3790 3910">
     <span class='ocr_line' id='line_1_99' title="bbox 2194 3836 3790 3910; baseline -0.002 -17"><span class='ocrx_word' id='word_1_688' title='bbox 2194 3837 2441 3910; x_wconf 81' lang='lat' dir='ltr'><strong>Lxxvnt).</strong></span> <span class='ocrx_word' id='word_1_689' title='bbox 2473 3839 2555 3901; x_wconf 84' lang='lat' dir='ltr'><strong>Et,</strong></span> <span class='ocrx_word' id='word_1_690' title='bbox 2588 3837 2859 3909; x_wconf 90' lang='lat' dir='ltr'><strong>quomodo</strong></span> <span class='ocrx_word' id='word_1_691' title='bbox 2889 3842 2955 3891; x_wconf 83' lang='lat' dir='ltr'><strong>ad</strong></span> <span class='ocrx_word' id='word_1_692' title='bbox 2988 3854 3066 3892; x_wconf 88' lang='lat' dir='ltr'><strong>me</strong></span> <span class='ocrx_word' id='word_1_693' title='bbox 3088 3838 3347 3893; x_wconf 81' lang='lat' dir='ltr'><strong>conversio</strong></span> <span class='ocrx_word' id='word_1_694' title='bbox 3367 3840 3504 3910; x_wconf 83' lang='lat' dir='ltr'><strong>ejus,</strong></span> <span class='ocrx_word' id='word_1_695' title='bbox 3531 3836 3655 3892; x_wconf 86' lang='lat' dir='ltr'><strong>dicit</strong></span> <span class='ocrx_word' id='word_1_696' title='bbox 3677 3851 3790 3908; x_wconf 78' lang='lat' dir='ltr'><strong>pro</strong></span> 
     </span>
    </p>
   </div>
   <div class='ocr_carea' id='block_1_100' title="bbox 2194 3928 3792 4003">
    <p class='ocr_par' dir='ltr' id='par_1_100' title="bbox 2194 3928 3792 4003">
     <span class='ocr_line' id='line_1_100' title="bbox 2194 3928 3792 4003; baseline -0.003 -19"><span class='ocrx_word' id='word_1_697' title='bbox 2194 3932 2357 4003; x_wconf 85' lang='lat' dir='ltr'><strong>pheta</strong></span> <span class='ocrx_word' id='word_1_698' title='bbox 2386 3947 2399 3983; x_wconf 93' lang='lat'><strong>:</strong></span> <span class='ocrx_word' id='word_1_699' title='bbox 2426 3928 2643 4000; x_wconf 86' lang='lat' dir='ltr'><strong>Eritque</strong></span> <span class='ocrx_word' id='word_1_700' title='bbox 2662 3938 2940 3999; x_wconf 86' lang='lat' dir='ltr'><strong>antequam</strong></span> <span class='ocrx_word' id='word_1_701' title='bbox 2981 3930 3221 3995; x_wconf 88' lang='lat' dir='ltr'><strong>clament,</strong></span> <span class='ocrx_word' id='word_1_702' title='bbox 3246 3946 3339 4001; x_wconf 88' lang='lat' dir='ltr'><strong>ego</strong></span> <span class='ocrx_word' id='word_1_703' title='bbox 3368 3930 3667 3993; x_wconf 71' lang='lat' dir='ltr'><strong>exaudiam,</strong></span> <span class='ocrx_word' id='word_1_704' title='bbox 3699 3932 3792 3980; x_wconf 85' lang='lat' dir='ltr'><strong>ad-</strong></span> 
     </span>
    </p>
   </div>
   <div class='ocr_carea' id='block_1_101' title="bbox 2194 4018 3793 4093">
    <p class='ocr_par' dir='ltr' id='par_1_101' title="bbox 2194 4018 3793 4093">
     <span class='ocr_line' id='line_1_101' title="bbox 2194 4018 3793 4093; baseline -0.001 -17"><span class='ocrx_word' id='word_1_705' title='bbox 2194 4024 2293 4077; x_wconf 85' lang='lat' dir='ltr'><strong>Ituc</strong></span> <span class='ocrx_word' id='word_1_706' title='bbox 2323 4021 2427 4077; x_wconf 87' lang='lat' dir='ltr'><strong>illis</strong></span> <span class='ocrx_word' id='word_1_707' title='bbox 2472 4021 2796 4093; x_wconf 83' lang='lat' dir='ltr'><strong>loquentibus</strong></span> <span class='ocrx_word' id='word_1_708' title='bbox 2837 4036 2931 4093; x_wconf 84' lang='lat' dir='ltr'><strong>ego</strong></span> <span class='ocrx_word' id='word_1_709' title='bbox 2958 4022 3236 4076; x_wconf 74' lang='lat' dir='ltr'><strong>exaudiam</strong></span> <span class='ocrx_word' id='word_1_710' title='bbox 3266 4018 3422 4093; x_wconf 85' lang='lat' dir='ltr'><strong>(lsai.</strong></span> <span class='ocrx_word' id='word_1_711' title='bbox 3466 4020 3633 4091; x_wconf 76' lang='lat' dir='ltr'><strong>Lm),</strong></span> <span class='ocrx_word' id='word_1_712' title='bbox 3670 4019 3793 4075; x_wconf 84' lang='lat' dir='ltr'><strong>dicit</strong></span> 
     </span>
    </p>
   </div>
   <div class='ocr_carea' id='block_1_102' title="bbox 2195 4110 3795 4169">
    <p class='ocr_par' dir='ltr' id='par_1_102' title="bbox 2195 4110 3795 4169">
     <span class='ocr_line' id='line_1_102' title="bbox 2195 4110 3795 4169; baseline -0.001 -1"><span class='ocrx_word' id='word_1_713' title='bbox 2195 4112 2471 4168; x_wconf 87' lang='lat' dir='ltr'><strong>Dominus.</strong></span> <span class='ocrx_word' id='word_1_714' title='bbox 2506 4112 2613 4169; x_wconf 88' lang='lat' dir='ltr'><strong>Sed</strong></span> <span class='ocrx_word' id='word_1_715' title='bbox 2644 4113 2789 4167; x_wconf 88' lang='lat' dir='ltr'><strong>nulla</strong></span> <span class='ocrx_word' id='word_1_716' title='bbox 2820 4120 2903 4167; x_wconf 88' lang='lat' dir='ltr'><strong>est</strong></span> <span class='ocrx_word' id='word_1_717' title='bbox 2952 4110 3021 4166; x_wconf 87' lang='lat' dir='ltr'><strong>ad</strong></span> <span class='ocrx_word' id='word_1_718' title='bbox 3065 4111 3365 4168; x_wconf 86' lang='lat' dir='ltr'><strong>Ecclesiam</strong></span> <span class='ocrx_word' id='word_1_719' title='bbox 3426 4120 3537 4167; x_wconf 90' lang='lat' dir='ltr'><strong>tam</strong></span> <span class='ocrx_word' id='word_1_720' title='bbox 3570 4111 3795 4167; x_wconf 74' lang='lat' dir='ltr'><strong>evidens</strong></span> 
     </span>
    </p>
   </div>
   <div class='ocr_carea' id='block_1_103' title="bbox 2192 4205 3796 4276">
    <p class='ocr_par' dir='ltr' id='par_1_103' title="bbox 2192 4205 3796 4276">
     <span class='ocr_line' id='line_1_103' title="bbox 2192 4205 3796 4276; baseline -0.002 -14"><span class='ocrx_word' id='word_1_721' title='bbox 2192 4207 2390 4263; x_wconf 87' lang='lat' dir='ltr'><strong>Christi</strong></span> <span class='ocrx_word' id='word_1_722' title='bbox 2416 4208 2718 4272; x_wconf 89' lang='lat' dir='ltr'><strong>conversio,</strong></span> <span class='ocrx_word' id='word_1_723' title='bbox 2749 4207 2850 4262; x_wconf 91' lang='lat' dir='ltr'><strong>nisi</strong></span> <span class='ocrx_word' id='word_1_724' title='bbox 2892 4221 3016 4263; x_wconf 91' lang='lat' dir='ltr'><strong>cum</strong></span> <span class='ocrx_word' id='word_1_725' title='bbox 3052 4205 3279 4261; x_wconf 82' lang='lat' dir='ltr'><strong>Verbum</strong></span> <span class='ocrx_word' id='word_1_726' title='bbox 3299 4222 3422 4261; x_wconf 90' lang='lat' dir='ltr'><strong>caro</strong></span> <span class='ocrx_word' id='word_1_727' title='bbox 3468 4210 3671 4276; x_wconf 80' lang='lat' dir='ltr'><strong>factum</strong></span> <span class='ocrx_word' id='word_1_728' title='bbox 3696 4214 3796 4272; x_wconf 86' lang='lat' dir='ltr'><strong>est,</strong></span> 
     </span>
    </p>
   </div>
   <div class='ocr_carea' id='block_1_104' title="bbox 2190 4296 3039 4373">
    <p class='ocr_par' dir='ltr' id='par_1_104' title="bbox 2190 4296 3039 4373">
     <span class='ocr_line' id='line_1_104' title="bbox 2190 4296 3039 4373; baseline -0.004 -17"><span class='ocrx_word' id='word_1_729' title='bbox 2190 4308 2240 4356; x_wconf 91' lang='lat' dir='ltr'><strong>et</strong></span> <span class='ocrx_word' id='word_1_730' title='bbox 2262 4301 2502 4355; x_wconf 85' lang='lat' dir='ltr'><strong>habitavit</strong></span> <span class='ocrx_word' id='word_1_731' title='bbox 2522 4300 2573 4353; x_wconf 90' lang='lat' dir='ltr'><strong>in</strong></span> <span class='ocrx_word' id='word_1_732' title='bbox 2596 4299 2738 4353; x_wconf 86' lang='lat' dir='ltr'><strong>nobis</strong></span> <span class='ocrx_word' id='word_1_733' title='bbox 2758 4296 2943 4373; x_wconf 81' lang='lat' dir='ltr'><strong>(Joan.</strong></span> <span class='ocrx_word' id='word_1_734' title='bbox 2975 4298 3039 4369; x_wconf 78' lang='grc' dir='ltr'><strong>ι).</strong></span> 
     </span>
    </p>
   </div>
   <div class='ocr_carea' id='block_1_105' title="bbox 2265 4389 3796 4461">
    <p class='ocr_par' dir='ltr' id='par_1_105' title="bbox 2265 4389 3796 4461">
     <span class='ocr_line' id='line_1_105' title="bbox 2265 4389 3796 4461; baseline -0.002 -13"><span class='ocrx_word' id='word_1_735' title='bbox 2265 4393 2426 4448; x_wconf 86' lang='lat' dir='ltr'><strong>Num.</strong></span> <span class='ocrx_word' id='word_1_736' title='bbox 2461 4390 2583 4448; x_wconf 88' lang='grc'><strong>166.</strong></span> <span class='ocrx_word' id='word_1_737' title='bbox 2613 4390 2766 4458; x_wconf 81' lang='lat' dir='ltr'><strong>Veni,</strong></span> <span class='ocrx_word' id='word_1_738' title='bbox 2804 4390 2988 4446; x_wconf 86' lang='lat' dir='ltr'><strong>dilecte</strong></span> <span class='ocrx_word' id='word_1_739' title='bbox 3009 4390 3100 4458; x_wconf 91' lang='lat' dir='ltr'><strong>mi,</strong></span> <span class='ocrx_word' id='word_1_740' title='bbox 3134 4389 3476 4461; x_wconf 82' lang='lat' dir='ltr'><strong>egrediantur.</strong></span> <span class='ocrx_word' id='word_1_741' title='bbox 3504 4389 3796 4461; x_wconf 75' lang='lat' dir='ltr'><strong>Egreditur</strong></span> 
     </span>
    </p>
   </div>
   <div class='ocr_carea' id='block_1_106' title="bbox 2192 4484 3793 4557">
    <p class='ocr_par' dir='ltr' id='par_1_106' title="bbox 2192 4484 3793 4557">
     <span class='ocr_line' id='line_1_106' title="bbox 2192 4484 3793 4557; baseline -0.001 -16"><span class='ocrx_word' id='word_1_742' title='bbox 2192 4484 2441 4542; x_wconf 86' lang='lat' dir='ltr'><strong>Christus</strong></span> <span class='ocrx_word' id='word_1_743' title='bbox 2468 4501 2588 4542; x_wconf 92' lang='lat' dir='ltr'><strong>cum</strong></span> <span class='ocrx_word' id='word_1_744' title='bbox 2634 4484 2874 4541; x_wconf 88' lang='lat' dir='ltr'><strong>Ecclesia</strong></span> <span class='ocrx_word' id='word_1_745' title='bbox 2900 4486 2957 4539; x_wconf 92' lang='lat' dir='ltr'><strong>in</strong></span> <span class='ocrx_word' id='word_1_746' title='bbox 3000 4498 3151 4553; x_wconf 86' lang='lat' dir='ltr'><strong>agro,</strong></span> <span class='ocrx_word' id='word_1_747' title='bbox 3195 4485 3409 4557; x_wconf 90' lang='lat' dir='ltr'><strong>quando</strong></span> <span class='ocrx_word' id='word_1_748' title='bbox 3442 4499 3566 4539; x_wconf 90' lang='lat' dir='ltr'><strong>cum</strong></span> <span class='ocrx_word' id='word_1_749' title='bbox 3588 4485 3793 4539; x_wconf 84' lang='lat' dir='ltr'><strong>sanctis</strong></span> 
     </span>
    </p>
   </div>
   <div class='ocr_carea' id='block_1_107' title="bbox 2193 4575 3795 4651">
    <p class='ocr_par' dir='ltr' id='par_1_107' title="bbox 2193 4575 3795 4651">
     <span class='ocr_line' id='line_1_107' title="bbox 2193 4575 3795 4651; baseline -0.002 -17"><span class='ocrx_word' id='word_1_750' title='bbox 2193 4579 2465 4651; x_wconf 74' lang='lat' dir='ltr'><strong>pratdlctis</strong></span> <span class='ocrx_word' id='word_1_751' title='bbox 2500 4578 2679 4633; x_wconf 88' lang='lat' dir='ltr'><strong>visitat</strong></span> <span class='ocrx_word' id='word_1_752' title='bbox 2718 4577 2976 4633; x_wconf 87' lang='lat' dir='ltr'><strong>mundum</strong></span> <span class='ocrx_word' id='word_1_753' title='bbox 3002 4622 3017 4649; x_wconf 93' lang='lat'><strong>,</strong></span> <span class='ocrx_word' id='word_1_754' title='bbox 3052 4578 3190 4633; x_wconf 92' lang='lat' dir='ltr'><strong>sicut</strong></span> <span class='ocrx_word' id='word_1_755' title='bbox 3227 4578 3280 4632; x_wconf 91' lang='lat' dir='ltr'><strong>in</strong></span> <span class='ocrx_word' id='word_1_756' title='bbox 3334 4576 3630 4648; x_wconf 81' lang='lat' dir='ltr'><strong>Evangelio</strong></span> <span class='ocrx_word' id='word_1_757' title='bbox 3657 4575 3795 4632; x_wconf 83' lang='lat' dir='ltr'><strong>scri-</strong></span> 
     </span>
    </p>
   </div>
   <div class='ocr_carea' id='block_1_108' title="bbox 2188 4669 3794 4745">
    <p class='ocr_par' dir='ltr' id='par_1_108' title="bbox 2188 4669 3794 4745">
     <span class='ocr_line' id='line_1_108' title="bbox 2188 4669 3794 4745; baseline -0.004 -17"><span class='ocrx_word' id='word_1_758' title='bbox 2188 4683 2336 4745; x_wconf 89' lang='lat' dir='ltr'><strong>ptum</strong></span> <span class='ocrx_word' id='word_1_759' title='bbox 2357 4683 2439 4728; x_wconf 87' lang='lat' dir='ltr'><strong>est</strong></span> <span class='ocrx_word' id='word_1_760' title='bbox 2476 4690 2489 4725; x_wconf 87' lang='lat'>:</span> <span class='ocrx_word' id='word_1_761' title='bbox 2528 4672 2632 4745; x_wconf 78' lang='lat' dir='ltr'><strong>Qui</strong></span> <span class='ocrx_word' id='word_1_762' title='bbox 2657 4673 2876 4727; x_wconf 87' lang='lat' dir='ltr'><strong>seminat</strong></span> <span class='ocrx_word' id='word_1_763' title='bbox 2905 4671 3092 4725; x_wconf 87' lang='lat' dir='ltr'><strong>bonum</strong></span> <span class='ocrx_word' id='word_1_764' title='bbox 3122 4687 3313 4737; x_wconf 85' lang='lat' dir='ltr'><strong>semen,</strong></span> <span class='ocrx_word' id='word_1_765' title='bbox 3346 4677 3418 4724; x_wconf 87' lang='lat' dir='ltr'><strong>est</strong></span> <span class='ocrx_word' id='word_1_766' title='bbox 3454 4670 3595 4739; x_wconf 79' lang='lat' dir='ltr'><strong>ﬁlius</strong></span> <span class='ocrx_word' id='word_1_767' title='bbox 3623 4669 3794 4724; x_wconf 78' lang='lat' dir='ltr'><strong>horni-</strong></span> 
     </span>
    </p>
   </div>
   <div class='ocr_carea' id='block_1_109' title="bbox 2186 4762 3793 4836">
    <p class='ocr_par' dir='ltr' id='par_1_109' title="bbox 2186 4762 3793 4836">
     <span class='ocr_line' id='line_1_109' title="bbox 2186 4762 3793 4836; baseline -0.004 -14"><span class='ocrx_word' id='word_1_768' title='bbox 2186 4768 2267 4823; x_wconf 85' lang='lat' dir='ltr'><strong>nis</strong></span> <span class='ocrx_word' id='word_1_769' title='bbox 2294 4765 2509 4836; x_wconf 80' lang='lat' dir='ltr'><strong>(Matth.</strong></span> <span class='ocrx_word' id='word_1_770' title='bbox 2536 4781 2624 4821; x_wconf 75' lang='lat' dir='ltr'><strong>xm</strong></span> <span class='ocrx_word' id='word_1_771' title='bbox 2645 4782 2659 4832; x_wconf 93' lang='lat'><strong>;</strong></span> <span class='ocrx_word' id='word_1_772' title='bbox 2682 4764 2845 4819; x_wconf 79' lang='lat' dir='ltr'><strong>Marc.</strong></span> <span class='ocrx_word' id='word_1_773' title='bbox 2861 4763 3005 4835; x_wconf 77' lang='lat' dir='ltr'><strong>xw);</strong></span> <span class='ocrx_word' id='word_1_774' title='bbox 3032 4780 3157 4835; x_wconf 89' lang='lat' dir='ltr'><strong>ager</strong></span> <span class='ocrx_word' id='word_1_775' title='bbox 3178 4772 3263 4820; x_wconf 92' lang='lat' dir='ltr'><strong>est</strong></span> <span class='ocrx_word' id='word_1_776' title='bbox 3286 4763 3539 4819; x_wconf 88' lang='lat' dir='ltr'><strong>mundus.</strong></span> <span class='ocrx_word' id='word_1_777' title='bbox 3566 4762 3793 4817; x_wconf 82' lang='lat' dir='ltr'><strong>Commo-</strong></span> 
     </span>
    </p>
   </div>
   <div class='ocr_carea' id='block_1_110' title="bbox 2190 4848 3794 4928">
    <p class='ocr_par' dir='ltr' id='par_1_110' title="bbox 2190 4848 3794 4928">
     <span class='ocr_line' id='line_1_110' title="bbox 2190 4848 3794 4928; baseline -0.001 -15"><span class='ocrx_word' id='word_1_778' title='bbox 2190 4875 2358 4914; x_wconf 86' lang='lat' dir='ltr'><strong>remur</strong></span> <span class='ocrx_word' id='word_1_779' title='bbox 2388 4860 2439 4912; x_wconf 84' lang='lat' dir='ltr'><strong>in</strong></span> <span class='ocrx_word' id='word_1_780' title='bbox 2460 4848 2629 4924; x_wconf 79' lang='lat' dir='ltr'><strong>villis;</strong></span> <span class='ocrx_word' id='word_1_781' title='bbox 2661 4859 2713 4912; x_wconf 94' lang='lat' dir='ltr'><strong>in</strong></span> <span class='ocrx_word' id='word_1_782' title='bbox 2746 4858 2959 4928; x_wconf 79' lang='lat' dir='ltr'><strong>pupulis</strong></span> <span class='ocrx_word' id='word_1_783' title='bbox 2992 4856 3339 4913; x_wconf 89' lang='lat' dir='ltr'><strong>credentibus</strong></span> <span class='ocrx_word' id='word_1_784' title='bbox 3368 4854 3794 4925; x_wconf 83' lang='lat' dir='ltr'><strong>circumquaque</strong></span> 
     </span>
    </p>
   </div>
   <div class='ocr_carea' id='block_1_111' title="bbox 2192 4947 3792 5019">
    <p class='ocr_par' dir='ltr' id='par_1_111' title="bbox 2192 4947 3792 5019">
     <span class='ocr_line' id='line_1_111' title="bbox 2192 4947 3792 5019; baseline -0.003 -12"><span class='ocrx_word' id='word_1_785' title='bbox 2192 4949 2423 5016; x_wconf 78' lang='lat' dir='ltr'><strong>diﬁusis,</strong></span> <span class='ocrx_word' id='word_1_786' title='bbox 2460 4950 2511 5005; x_wconf 89' lang='lat' dir='ltr'><strong>in</strong></span> <span class='ocrx_word' id='word_1_787' title='bbox 2543 4949 2738 5019; x_wconf 91' lang='lat' dir='ltr'><strong>quibus</strong></span> <span class='ocrx_word' id='word_1_788' title='bbox 2761 4947 3030 5017; x_wconf 61' lang='lat' dir='ltr'><strong>{Christus</strong></span> <span class='ocrx_word' id='word_1_789' title='bbox 3074 4962 3171 5018; x_wconf 86' lang='lat' dir='ltr'><strong>per</strong></span> <span class='ocrx_word' id='word_1_790' title='bbox 3219 4947 3379 5003; x_wconf 86' lang='lat' dir='ltr'><strong>ﬁdem</strong></span> <span class='ocrx_word' id='word_1_791' title='bbox 3412 4947 3651 5013; x_wconf 86' lang='lat' dir='ltr'><strong>habitat;</strong></span> <span class='ocrx_word' id='word_1_792' title='bbox 3684 4962 3792 5003; x_wconf 81' lang='lat' dir='ltr'><strong>non</strong></span> 
     </span>
    </p>
   </div>
   <div class='ocr_carea' id='block_1_112' title="bbox 2194 5039 3793 5112">
    <p class='ocr_par' dir='ltr' id='par_1_112' title="bbox 2194 5039 3793 5112">
     <span class='ocr_line' id='line_1_112' title="bbox 2194 5039 3793 5112; baseline -0.003 -12"><span class='ocrx_word' id='word_1_793' title='bbox 2194 5045 2312 5100; x_wconf 88' lang='lat' dir='ltr'><strong>sine</strong></span> <span class='ocrx_word' id='word_1_794' title='bbox 2340 5042 2605 5109; x_wconf 86' lang='lat' dir='ltr'><strong>Ecclesia,</strong></span> <span class='ocrx_word' id='word_1_795' title='bbox 2651 5058 2771 5098; x_wconf 91' lang='lat' dir='ltr'><strong>cum</strong></span> <span class='ocrx_word' id='word_1_796' title='bbox 2823 5042 3043 5097; x_wconf 88' lang='lat' dir='ltr'><strong>eosdem</strong></span> <span class='ocrx_word' id='word_1_797' title='bbox 3097 5041 3243 5112; x_wconf 85' lang='lat' dir='ltr'><strong>ipsos</strong></span> <span class='ocrx_word' id='word_1_798' title='bbox 3276 5041 3331 5096; x_wconf 91' lang='lat' dir='ltr'><strong>in</strong></span> <span class='ocrx_word' id='word_1_799' title='bbox 3373 5041 3485 5097; x_wconf 86' lang='lat' dir='ltr'><strong>suis</strong></span> <span class='ocrx_word' id='word_1_800' title='bbox 3535 5039 3793 5097; x_wconf 81' lang='lat' dir='ltr'><strong>membris</strong></span> 
     </span>
    </p>
   </div>
   <div class='ocr_carea' id='block_1_113' title="bbox 2194 5132 3198 5207">
    <p class='ocr_par' dir='ltr' id='par_1_113' title="bbox 2194 5132 3198 5207">
     <span class='ocr_line' id='line_1_113' title="bbox 2194 5132 3198 5207; baseline -0.003 -18"><span class='ocrx_word' id='word_1_801' title='bbox 2194 5144 2470 5207; x_wconf 88' lang='lat' dir='ltr'><strong>reputans,</strong></span> <span class='ocrx_word' id='word_1_802' title='bbox 2502 5149 2653 5189; x_wconf 90' lang='lat' dir='ltr'><strong>suam</strong></span> <span class='ocrx_word' id='word_1_803' title='bbox 2683 5132 2850 5189; x_wconf 88' lang='lat' dir='ltr'><strong>efﬁcit</strong></span> <span class='ocrx_word' id='word_1_804' title='bbox 2880 5132 3198 5188; x_wconf 83' lang='lat' dir='ltr'><strong>Ecclesiam.</strong></span> 
     </span>
    </p>
   </div>
   <div class='ocr_carea' id='block_1_114' title="bbox 2267 5223 3794 5297">
    <p class='ocr_par' dir='ltr' id='par_1_114' title="bbox 2267 5223 3794 5297">
     <span class='ocr_line' id='line_1_114' title="bbox 2267 5223 3794 5297; baseline -0.001 -16"><span class='ocrx_word' id='word_1_805' title='bbox 2267 5228 2422 5282; x_wconf 83' lang='lat' dir='ltr'><strong>Num.</strong></span> <span class='ocrx_word' id='word_1_806' title='bbox 2476 5224 2596 5280; x_wconf 86' lang='grc'><strong>167.</strong></span> <span class='ocrx_word' id='word_1_807' title='bbox 2634 5226 2792 5280; x_wconf 79' lang='lat' dir='ltr'><strong>Mane</strong></span> <span class='ocrx_word' id='word_1_808' title='bbox 2834 5241 3108 5297; x_wconf 87' lang='lat' dir='ltr'><strong>surgamus</strong></span> <span class='ocrx_word' id='word_1_809' title='bbox 3150 5226 3219 5278; x_wconf 88' lang='lat' dir='ltr'><strong>ad</strong></span> <span class='ocrx_word' id='word_1_810' title='bbox 3257 5223 3452 5278; x_wconf 83' lang='lat' dir='ltr'><strong>vineas.</strong></span> <span class='ocrx_word' id='word_1_811' title='bbox 3477 5223 3549 5278; x_wconf 79' lang='lat' dir='ltr'><strong>Ut</strong></span> <span class='ocrx_word' id='word_1_812' title='bbox 3597 5225 3794 5279; x_wconf 66' lang='lat' dir='ltr'><strong>anima</strong></span> 
     </span>
    </p>
   </div>
   <div class='ocr_carea' id='block_1_115' title="bbox 2192 5315 3793 5390">
    <p class='ocr_par' dir='ltr' id='par_1_115' title="bbox 2192 5315 3793 5390">
     <span class='ocr_line' id='line_1_115' title="bbox 2192 5315 3793 5390; baseline -0.003 -15"><span class='ocrx_word' id='word_1_813' title='bbox 2192 5334 2311 5390; x_wconf 67' lang='lat' dir='ltr'><strong>qua:</strong></span> <span class='ocrx_word' id='word_1_814' title='bbox 2337 5334 2433 5390; x_wconf 91' lang='lat' dir='ltr'><strong>per</strong></span> <span class='ocrx_word' id='word_1_815' title='bbox 2461 5319 2619 5375; x_wconf 89' lang='lat' dir='ltr'><strong>ﬁdem</strong></span> <span class='ocrx_word' id='word_1_816' title='bbox 2643 5320 2747 5375; x_wconf 92' lang='lat' dir='ltr'><strong>coli</strong></span> <span class='ocrx_word' id='word_1_817' title='bbox 2764 5319 2872 5388; x_wconf 89' lang='lat' dir='ltr'><strong>jam</strong></span> <span class='ocrx_word' id='word_1_818' title='bbox 2896 5326 3229 5383; x_wconf 90' lang='lat' dir='ltr'><strong>meruerunt,</strong></span> <span class='ocrx_word' id='word_1_819' title='bbox 3259 5316 3315 5372; x_wconf 89' lang='lat' dir='ltr'><strong>in</strong></span> <span class='ocrx_word' id='word_1_820' title='bbox 3337 5316 3616 5372; x_wconf 84' lang='lat' dir='ltr'><strong>matutinis</strong></span> <span class='ocrx_word' id='word_1_821' title='bbox 3629 5315 3793 5371; x_wconf 73' lang='lat' dir='ltr'><strong>Chri-</strong></span> 
     </span>
    </p>
   </div>
   <div class='ocr_carea' id='block_1_116' title="bbox 2191 5408 3793 5491">
    <p class='ocr_par' dir='ltr' id='par_1_116' title="bbox 2191 5408 3793 5491">
     <span class='ocr_line' id='line_1_116' title="bbox 2191 5408 3793 5491; baseline -0.003 -22"><span class='ocrx_word' id='word_1_822' title='bbox 2191 5422 2332 5469; x_wconf 87' lang='lat' dir='ltr'><strong>stum</strong></span> <span class='ocrx_word' id='word_1_823' title='bbox 2374 5412 2737 5469; x_wconf 82' lang='lat' dir='ltr'><strong>resurrexisse</strong></span> <span class='ocrx_word' id='word_1_824' title='bbox 2777 5420 3126 5484; x_wconf 85' lang='lat' dir='ltr'><strong>cognoscant,</strong></span> <span class='ocrx_word' id='word_1_825' title='bbox 3169 5423 3239 5465; x_wconf 81' lang='lat' dir='ltr'><strong>ne</strong></span> <span class='ocrx_word' id='word_1_826' title='bbox 3285 5410 3432 5491; x_wconf 81' lang='lat' dir='ltr'><strong>ultra</strong></span> <span class='ocrx_word' id='word_1_827' title='bbox 3459 5408 3531 5466; x_wconf 87' lang='lat' dir='ltr'><strong>de</strong></span> <span class='ocrx_word' id='word_1_828' title='bbox 3561 5410 3643 5464; x_wconf 87' lang='lat' dir='ltr'><strong>sui</strong></span> <span class='ocrx_word' id='word_1_829' title='bbox 3669 5421 3793 5464; x_wconf 64' lang='lat' dir='ltr'><strong>eor-</strong></span> 
     </span>
    </p>
   </div>
   <div class='ocr_carea' id='block_1_117' title="bbox 2193 5502 3053 5576">
    <p class='ocr_par' dir='ltr' id='par_1_117' title="bbox 2193 5502 3053 5576">
     <span class='ocr_line' id='line_1_117' title="bbox 2193 5502 3053 5576; baseline -0.007 -13"><span class='ocrx_word' id='word_1_830' title='bbox 2193 5506 2338 5576; x_wconf 85' lang='lat' dir='ltr'><strong>poris</strong></span> <span class='ocrx_word' id='word_1_831' title='bbox 2362 5506 2759 5562; x_wconf 87' lang='lat' dir='ltr'><strong>resurrectione</strong></span> <span class='ocrx_word' id='word_1_832' title='bbox 2785 5502 3053 5561; x_wconf 81' lang='lat' dir='ltr'><strong>difﬁdant.</strong></span> 
     </span>
    </p>
   </div>
   <div class='ocr_carea' id='block_1_118' title="bbox 2262 5596 3791 5670">
    <p class='ocr_par' dir='ltr' id='par_1_118' title="bbox 2262 5596 3791 5670">
     <span class='ocr_line' id='line_1_118' title="bbox 2262 5596 3791 5670; baseline 0 -15"><span class='ocrx_word' id='word_1_833' title='bbox 2262 5600 2423 5656; x_wconf 89' lang='lat' dir='ltr'><strong>Num.</strong></span> <span class='ocrx_word' id='word_1_834' title='bbox 2456 5599 2579 5657; x_wconf 87' lang='grc'><strong>168.</strong></span> <span class='ocrx_word' id='word_1_835' title='bbox 2618 5599 2897 5655; x_wconf 82' lang='lat' dir='ltr'><strong>Videamus</strong></span> <span class='ocrx_word' id='word_1_836' title='bbox 2927 5600 2972 5654; x_wconf 87' lang='lat' dir='ltr'><strong>si</strong></span> <span class='ocrx_word' id='word_1_837' title='bbox 3016 5598 3194 5670; x_wconf 74' lang='lat' dir='ltr'><strong>ﬂoruit</strong></span> <span class='ocrx_word' id='word_1_838' title='bbox 3216 5598 3383 5653; x_wconf 79' lang='lat' dir='ltr'><strong>vinea.</strong></span> <span class='ocrx_word' id='word_1_839' title='bbox 3414 5597 3705 5668; x_wconf 75' lang='lat' dir='ltr'><strong>Apparest,</strong></span> <span class='ocrx_word' id='word_1_840' title='bbox 3738 5596 3791 5655; x_wconf 77' lang='lat' dir='ltr'><strong>Ii</strong></span> 
     </span>
    </p>
   </div>
   <div class='ocr_carea' id='block_1_119' title="bbox 2191 5690 3791 5767">
    <p class='ocr_par' dir='ltr' id='par_1_119' title="bbox 2191 5690 3791 5767">
     <span class='ocr_line' id='line_1_119' title="bbox 2191 5690 3791 5767; baseline -0.003 -15"><span class='ocrx_word' id='word_1_841' title='bbox 2191 5696 2400 5763; x_wconf 85' lang='lat' dir='ltr'><strong>ﬁdeles,</strong></span> <span class='ocrx_word' id='word_1_842' title='bbox 2429 5711 2547 5767; x_wconf 80' lang='lat' dir='ltr'><strong>quae</strong></span> <span class='ocrx_word' id='word_1_843' title='bbox 2568 5696 2737 5753; x_wconf 85' lang='lat' dir='ltr'><strong>corde</strong></span> <span class='ocrx_word' id='word_1_844' title='bbox 2765 5693 3225 5753; x_wconf 85' lang='lat' dir='ltr'><strong>credideruntore</strong></span> <span class='ocrx_word' id='word_1_845' title='bbox 3248 5693 3618 5763; x_wconf 79' lang='lat' dir='ltr'><strong>pronuntient,</strong></span> <span class='ocrx_word' id='word_1_846' title='bbox 3648 5690 3791 5747; x_wconf 74' lang='lat' dir='ltr'><strong>sicut</strong></span> 
     </span>
    </p>
   </div>
   <div class='ocr_carea' id='block_1_120' title="bbox 2193 5787 3790 5863">
    <p class='ocr_par' dir='ltr' id='par_1_120' title="bbox 2193 5787 3790 5863">
     <span class='ocr_line' id='line_1_120' title="bbox 2193 5787 3790 5863; baseline -0.008 -13"><span class='ocrx_word' id='word_1_847' title='bbox 2193 5792 2480 5863; x_wconf 76' lang='lat' dir='ltr'><strong>Apostolus</strong></span> <span class='ocrx_word' id='word_1_848' title='bbox 2508 5792 2581 5846; x_wconf 90' lang='lat' dir='ltr'><strong>ait</strong></span> <span class='ocrx_word' id='word_1_849' title='bbox 2614 5789 2812 5847; x_wconf 88' lang='lat' dir='ltr'><strong>:Corde</strong></span> <span class='ocrx_word' id='word_1_850' title='bbox 2841 5790 3072 5845; x_wconf 87' lang='lat' dir='ltr'><strong>creditur</strong></span> <span class='ocrx_word' id='word_1_851' title='bbox 3093 5788 3160 5841; x_wconf 86' lang='lat' dir='ltr'><strong>ad</strong></span> <span class='ocrx_word' id='word_1_852' title='bbox 3187 5787 3464 5858; x_wconf 82' lang='lat' dir='ltr'><strong>iustitiam,</strong></span> <span class='ocrx_word' id='word_1_853' title='bbox 3496 5800 3585 5842; x_wconf 75' lang='lat' dir='ltr'><strong>one</strong></span> <span class='ocrx_word' id='word_1_854' title='bbox 3611 5794 3790 5839; x_wconf 71' lang='lat' dir='ltr'><strong>auum</strong></span> 
     </span>
    </p>
   </div>
   <div class='ocr_carea' id='block_1_121' title="bbox 2193 5879 3789 5962">
    <p class='ocr_par' dir='ltr' id='par_1_121' title="bbox 2193 5879 3789 5962">
     <span class='ocr_line' id='line_1_121' title="bbox 2193 5879 3789 5962; baseline -0.007 -17"><span class='ocrx_word' id='word_1_855' title='bbox 2193 5888 2446 5962; x_wconf 77' lang='lat' dir='ltr'><strong>confessio</strong></span> <span class='ocrx_word' id='word_1_856' title='bbox 2476 5888 2539 5959; x_wconf 77' lang='lat' dir='ltr'><strong>fit</strong></span> <span class='ocrx_word' id='word_1_857' title='bbox 2565 5886 2633 5942; x_wconf 87' lang='lat' dir='ltr'><strong>ad</strong></span> <span class='ocrx_word' id='word_1_858' title='bbox 2677 5884 2894 5943; x_wconf 85' lang='lat' dir='ltr'><strong>salutem</strong></span> <span class='ocrx_word' id='word_1_859' title='bbox 2946 5884 3126 5957; x_wconf 80' lang='lat' dir='ltr'><strong>(Rom.</strong></span> <span class='ocrx_word' id='word_1_860' title='bbox 3156 5884 3252 5954; x_wconf 84' lang='lat' dir='ltr'><strong>x);</strong></span> <span class='ocrx_word' id='word_1_861' title='bbox 3296 5880 3383 5938; x_wconf 85' lang='lat' dir='ltr'><strong>vel</strong></span> <span class='ocrx_word' id='word_1_862' title='bbox 3412 5879 3457 5937; x_wconf 80' lang='lat' dir='ltr'><strong>si</strong></span> <span class='ocrx_word' id='word_1_863' title='bbox 3483 5882 3639 5951; x_wconf 77' lang='lat' dir='ltr'><strong>ﬂores</strong></span> <span class='ocrx_word' id='word_1_864' title='bbox 3665 5881 3789 5950; x_wconf 62' lang='grc' dir='ltr'>μιν</span> 
     </span>
    </p>
   </div>
  </div>
