4078 6440
357 282 458 338 989

1316 281 1385 341 ΙΝ
1421 280 1719 339 CANTICA
1757 280 2200 339 CANTICORUM
2244 280 2678 337 EXPLICATIO.

3528 268 3644 339 990

356 372 467 453 etus
496 397 806 467 parturiunt,
831 398 874 453 si
904 397 958 452 in
981 396 1061 454 eis
1086 410 1183 468 per
1216 404 1402 457 sancta
1429 395 1696 453 desideria
1730 397 1946 465 pietatis
1973 401 2019 458 Α
2051 404 2105 451 et
2135 393 2230 447 lilii
2264 395 2542 457 hominum
2576 396 2666 465 qui
2695 396 2751 451 in
2792 395 2977 457 umbra
3016 409 3224 453 sarum
3276 405 3489 453 tuarum
3508 411 3642 467 spo-

354 502 518 563 opcra
550 489 887 559 prodierunt.

423 582 583 639 Nunt.
615 582 739 638 169.
772 583 835 637 Si
858 583 1157 653 iﬂoruerunt
1184 598 1324 636 mata
1352 585 1560 654 punica.
1586 582 1641 640 Si
1670 583 1744 639 illi
1774 584 1863 654 qui
1892 601 1945 641 tn

355 672 569 731 Christo
594 674 941 731 crediderunt
982 674 1034 730 in
1067 684 1210 730 tanta
1234 675 1526 731 dilectione
1571 676 1862 745 proﬁciunt
1892 686 1948 734 ut

354 767 515 822 etiam
548 765 718 821 occidi
759 780 856 836 pro
900 765 1017 835 ipso
1066 767 1316 822 omnibus
1363 768 1537 823 modis
1582 768 1943 824 delectentur.

355 857 449 915 Vis
476 857 658 914 videre
687 860 882 914 malum
916 859 1189 930 punicum,
1221 859 1346 915 audi
1396 860 1447 916 in
1476 861 1701 916 Actibus
1731 871 1950 932 aposto-

356 952 529 1006 lorum
562 951 787 1007 Paulum
837 952 1138 1022 apostolum
1176 970 1188 1005 :
1228 953 1358 1024 Ego,
1410 954 1605 1025 inquit,
1633 971 1739 1009 non
1781 955 1948 1011 solum

350 1036 581 1117 judicari
597 1044 651 1097 in
678 1041 991 1117 Jerusalem,
1023 1046 1112 1100 sed
1138 1053 1183 1100 et
1209 1047 1340 1101 mori
1367 1063 1460 1116 pro
1505 1044 1708 1102 Christo
1735 1057 1948 1119 paratus

354 1153 469 1190 sum
492 1136 628 1208 (Act.
655 1138 789 1211 χχι).

428 1228 589 1285 Num.
624 1231 747 1286 170.
774 1228 858 1286 Ibi
888 1231 1019 1287 dabo
1046 1233 1137 1287 tibi
1179 1232 1337 1287 ubera
1386 1239 1492 1287 tua.
1522 1231 1578 1287 ln
1630 1231 1732 1287 hac
1761 1240 1949 1289 sancta

356 1320 697 1399 confessione
728 1325 1078 1380 sociabuntur
1108 1324 1202 1381 tibi
1226 1325 1478 1381 doctores
1499 1325 1626 1395 mei,
1652 1326 1949 1395 comparati

360 1426 417 1470 ut
446 1417 717 1487 patiantur
748 1434 845 1490 pro
877 1427 948 1486 te,
982 1420 1072 1491 qui
1112 1436 1327 1490 quoque
1366 1421 1485 1476 sine
1514 1420 1622 1477 line
1650 1419 1950 1492 regnabunt

356 1507 496 1579 apud
527 1518 600 1564 te.

426 1600 583 1656 Num.
608 1601 729 1656 171.
748 1600 1113 1675 Handragorae
1135 1605 1382 1659 dederunt
1406 1606 1635 1660 odorem.
1654 1604 1717 1659 lli
1733 1604 1821 1675 qui
1839 1603 1946 1661 alta

357 1695 536 1751 radice
563 1696 667 1751 ﬁde
717 1695 928 1752 fundati
960 1708 1105 1765 sunt,
1160 1708 1216 1755 et
1264 1699 1493 1769 quadam
1525 1699 1828 1769 disciplinm
1858 1698 1946 1754 vel

2050 494 2188 551 rant,
2206 485 2588 540 iuebriabuntur
2612 503 2643 539 a
2668 487 2974 558 pinguedine
2996 488 3181 545 domus
3200 498 3320 555 tua,
3341 498 3390 545 et
3412 496 3641 547 torrent:

2049 577 2350 632 deliciarum
2370 591 2572 632 tuarum
2602 576 2799 651 potabis
2823 599 2907 636 eos
2935 581 3111 654 (Psal.
3136 582 3326 654 xxxv).

2120 670 2281 729 Num.
2311 671 2433 727 177.
2468 670 2622 725 Lteva
2665 677 2779 744 ejus
2804 675 2895 728 sub
2918 676 3086 745 capite
3108 692 3239 742 meo,
3264 684 3310 731 et
3340 673 3640 733 dextaail-

2052 762 2149 817 lius
2169 762 2546 832 amplexabitur
2568 780 2669 819 me.
2688 763 2890 835 Adjuro
2913 783 3021 835 vos,
3037 767 3160 835 ﬁlia:
3177 766 3489 825 Jerusalem.
3517 765 3647 829 Hm

2051 870 2170 925 quae
2183 854 2237 913 in
2259 858 2363 911 hoc
2386 856 2502 912 loco
2524 858 2726 926 scripta
2749 866 2893 924 sunt,
2913 858 2966 912 in
2985 857 3351 927 superioribus
3367 857 3477 927 jam
3500 871 3643 926 prta,

2050 949 2218 1019 dicta,
2259 959 2313 1004 et
2342 949 2555 1005 Christo
2610 951 2953 1009 illuminante
2993 953 3336 1023 reperiuntur
3375 950 3643 1021 exposita;

2050 1045 2157 1100 Sed
2187 1044 2389 1101 idcirco
2422 1045 2657 1102 arbitror
2687 1046 2879 1102 iterato
2910 1046 2965 1103 in
3007 1046 3109 1103 hoc
3135 1046 3279 1101 libro
3305 1046 3636 1115 conscripta,

2052 1146 2112 1191 ut
2142 1136 2513 1193 vehementius
2537 1136 2690 1193 cordi
2735 1137 3039 1204 insideant;
3063 1147 3118 1197 et
3141 1137 3226 1193 bis
3253 1137 3522 1192 insinuata
3556 1136 3644 1192 vi-

2054 1232 2262 1289 vaciori
2284 1232 2541 1289 memoria
2567 1241 2918 1291 renoventur.
2968 1232 3094 1289 llaec
3122 1230 3314 1301 iubent
3336 1228 3643 1300 spernenda

2054 1324 2403 1395 temporalia;
2434 1332 2490 1380 et
2534 1323 2674 1381 infra
2704 1340 2804 1382 nos
2843 1324 3037 1395 posita,
3070 1324 3216 1379 velut
3242 1323 3517 1378 sinistram
3542 1319 3646 1377 sub

2054 1416 2228 1485 capite
2255 1418 2603 1472 constitutam
2627 1417 2886 1483 edocent;
2910 1425 2966 1472 et
2984 1416 3259 1473 cmlestem
3277 1413 3503 1485 gloriam
3526 1425 3647 1482 quas

2053 1522 2152 1563 nos
2181 1523 2244 1562 ex
2278 1509 2547 1580 superiori
2594 1517 2768 1578 parte,
2799 1518 3052 1580 tanquam
3082 1508 3303 1565 dextera
3328 1505 3643 1575 complexa-

2054 1608 2159 1665 tur,
2192 1600 2608 1671 expectandam
2640 1602 2963 1669 admonent;
2998 1601 3084 1659 vel
3127 1600 3280 1665 illud,
3309 1606 3367 1653 ut
3394 1596 3645 1655 servituri

2055 1692 2303 1760 Domino,
2342 1692 2627 1748 voluntarii
2655 1710 2757 1746 non
2782 1694 2934 1751 inviti
2962 1708 3079 1764 quae
3109 1699 3233 1751 sunt
3258 1696 3447 1745 sancta
3480 1688 3644 1758 perli-

357 1788 703 1858 parclmonia:
763 1790 1080 1846 austeritate
1124 1792 1306 1863 vigere
1339 1804 1657 1863 noscuntur,
1711 1792 1944 1864 publicis
1975 1787 2024 1847 B
2052 1787 2525 1853 cianl.secundum
2551 1785 2691 1856 quod
2710 1786 2903 1842 Petrus
2923 1785 3194 1855 apostolus
3224 1781 3384 1839 docet
3406 1796 3418 1833 ε
3439 1778 3645 1843 Pascite

360 1879 832 1949 pratdicationibus
868 1884 1094 1953 populos
1142 1883 1537 1953 instruxerunt,
1574 1886 1797 1942 odorem
1827 1901 1951 1942 sua-

359 1972 541 2030 vitatis
570 1989 635 2030 ex
664 1977 1076 2033 conversatione
1102 1977 1442 2035 sanctissima
1472 1980 1850 2049 prapinantes.

428 2090 587 2147 Num.
618 2091 744 2150 172.
788 2092 975 2149 Omnia
1008 2095 1146 2148 dona
1188 2110 1319 2149 nova
1375 2104 1422 2150 et
1452 2105 1638 2149 vetera.
1687 2094 1949 2162 Quoniam

360 2190 470 2238 tam
496 2184 549 2239 in
594 2184 915 2254 patriarchis
940 2195 993 2242 et
1036 2186 1313 2256 prophetis
1336 2202 1496 2258 quam
1532 2188 1585 2241 in
1609 2187 1868 2256 apostolis
1897 2194 1951 2240 et

360 2278 685 2349 martyribus
713 2294 813 2350 ego
834 2281 949 2350 ipse
976 2296 1111 2337 nova
1143 2290 1197 2336 et
1231 2290 1409 2336 vetera
1435 2282 1648 2336 servari
1676 2279 1802 2348 tibi;
1826 2280 1950 2351 quia

360 2368 458 2424 illi-
485 2378 537 2426 te
565 2372 1044 2440 pronuntiaverunt
1062 2383 1118 2428 et
1144 2374 1498 2429 crediderunt
1521 2382 1827 2439 venturum,
1863 2374 1949 2428 isti

358 2463 653 2534 praedicare
682 2479 788 2520 non
814 2464 1067 2521 desinunt
1091 2480 1159 2523 ex
1199 2466 1417 2537 Virgine
1438 2476 1621 2523 natum
1650 2483 1713 2523 ac
1734 2480 1831 2537 pro
1860 2481 1949 2521 sa-

361 2556 471 2612 lute
495 2558 737 2613 omnium
761 2574 1000 2629 passum,
1025 2570 1078 2615 et
1102 2570 1222 2631 post
1240 2564 1688 2618 resurrectionem
1712 2562 1767 2617 in
1784 2562 1952 2618 caelos

362 2658 715 2719 assumptum.

416 2739 919 2800 CAP.Vlll.—Num.
935 2744 1059 2802 175.
1085 2745 1210 2813 Quis
1222 2747 1348 2802 mihi
1368 2747 1451 2801 det
1468 2755 1516 2802 te
1530 2750 1742 2818 fratrem
1765 2766 1953 2803 meum.

364 2835 516 2907 Sugit
545 2837 709 2892 ubera
737 2840 926 2895 matris
951 2841 1199 2897 Christus
1226 2857 1348 2898 cum
1375 2843 1649 2913 mysteriis
1677 2842 1869 2912 priscae
1890 2843 1956 2899 le-

364 2930 444 3000 gis
466 2932 703 2987 reﬁcitur
744 2934 1085 2991 Christianus
1115 2937 1365 3007 populus,
1399 2937 1480 2992 vel
1510 2952 1631 2993 cum
1661 2938 1955 3010 spirituali-

365 3023 465 3081 bus
508 3028 857 3083 sacramentis
899 3029 1151 3086 doctores
1208 3039 1263 3086 et
1301 3030 1543 3101 piissima
1592 3031 1951 3103 expositione,

368 3127 618 3189 tanquam
649 3135 777 3176 vero
804 3121 940 3178 lacte
970 3122 1241 3179 reﬁciunt.

438 3233 599 3290 Num.
630 3236 751 3291 174.
782 3235 851 3292 Ut
899 3238 1154 3293 inveniam
1198 3250 1244 3295 te
1269 3240 1412 3311 foras
1456 3249 1503 3296 et
1533 3242 1750 3297 oscttler.
1786 3241 1851 3298 Ut
1883 3252 1955 3312 te,

369 3327 576 3398 inquit,
607 3344 765 3398 quem
805 3330 1009 3386 Veteris
1064 3333 1393 3389 Testamcnli
1444 3335 1626 3406 figura:
1678 3335 1953 3407 tegebant,

366 3433 467 3492 per
496 3420 861 3491 Evangelium,
892 3440 991 3496 ego
1044 3425 1098 3481 in
1141 3428 1369 3483 veritate
1401 3433 1687 3498 reperiam.
1723 3429 1790 3484 Et
1822 3430 1958 3486 bene

369 3513 445 3571 ait
474 3531 488 3569 :
521 3515 597 3573 Te
632 3517 762 3574 foris
792 3518 1085 3588 inveniam,
1141 3524 1266 3594 quia
1311 3523 1389 3579 illi
1418 3523 1619 3595 juniori
1646 3524 1755 3580 ﬁlio
1780 3524 1850 3581 de
1872 3541 1959 3581 re-

369 3607 527 3678 gione
557 3609 840 3682 longinqua
873 3615 1142 3680 redeunti,
1171 3629 1322 3686 pater
1350 3619 1402 3674 in
1438 3634 1720 3675 occursum
1747 3636 1961 3692 regres-

368 3714 461 3756 sus
492 3710 576 3756 est
608 3702 761 3772 (Luc.
791 3706 883 3776 xv)
911 3724 925 3760 :
968 3717 1023 3761 ut
1048 3709 1316 3763 deosculer
1339 3719 1407 3778 te,
1441 3713 1631 3782 inquit,
1668 3724 1723 3767 ut
1748 3714 1844 3769 tibi
1874 3730 1962 3771 re-

367 3792 647 3847 conciliari
681 3810 924 3862 merear;
956 3807 1001 3851 et
1038 3802 1154 3870 jam
1185 3818 1331 3855 nemo
1372 3820 1450 3856 me
1471 3805 1744 3873 despiciet;
1772 3806 1963 3861 videli-

368 3892 457 3941 cet
482 3892 539 3938 ut
564 3898 671 3939 non
699 3884 909 3942 dicatur
937 3889 1096 3945 Petro
1118 3931 1133 3956 ,
1185 3906 1282 3961 pro
1327 3892 1577 3949 Cornelio
1606 3910 1763 3962 quem
1791 3897 1959 3964 gratia

368 3974 598 4046 Spiritus
625 3977 798 4031 sancti
829 3991 1160 4048 praevenerat
1192 3999 1206 4036 :
1241 3982 1415 4048 Quare
1459 3985 1681 4040 introisti
1713 3987 1782 4040 ad
1832 3991 1963 4043 viros

370 4073 679 4141 prteputium
697 4069 955 4140 habentes,
984 4082 1033 4128 et
1056 4074 1381 4130 manducasti
1400 4093 1513 4131 cum
1534 4079 1640 4132 illis
1660 4080 1685 4132 ?
1721 4080 1829 4135 Sed
1848 4080 1964 4150 ipse

370 4160 563 4217 Petrus
585 4166 897 4232 pronuntiet
919 4182 933 4220 :
959 4164 1025 4221 In
1045 4169 1260 4223 ueritate
1280 4174 1554 4242 comperio,
1588 4174 1827 4242 quoniam
1849 4191 1964 4245 pcr-

369 4270 612 4311 ssnarum
655 4258 883 4327 acceptio
935 4276 1036 4315 non
1095 4272 1168 4317 est
1225 4265 1364 4333 apud
1391 4263 1580 4334 Deum,
1626 4268 1716 4321 sed
1745 4270 1797 4322 in
1827 4269 1967 4323 omni

369 4347 503 4414 loco,
532 4350 657 4404 etin
685 4352 825 4406 omni
852 4362 1018 4424 gente,
1065 4356 1155 4427 qui
1181 4357 1322 4411 timet
1354 4374 1469 4413 eum
1497 4368 1547 4413 et
1574 4372 1822 4431 operatur
1842 4364 1965 4433 jus-

368 4444 556 4513 titiam,
588 4456 824 4518 acceptus
855 4460 929 4504 est
966 4450 1044 4506 illi
1067 4452 1206 4524 (Act.
1234 4454 1335 4526 xl).

2052 1883 2141 1952 qui
2178 1881 2230 1936 in
2257 1881 2394 1934 vobis
2436 1890 2508 1935 est
2542 1896 2746 1951 gregem
2774 1879 2892 1946 Dei,
2926 1894 3027 1934 non
3062 1878 3224 1939 coacti
3249 1876 3338 1932 sed
3368 1871 3645 1946 spontanei

2052 1971 2107 2043 (ι
2128 1971 2272 2026 Petr.
2305 1971 2380 2042 v).

2123 2066 2281 2122 Num.
2319 2067 2443 2122 178.
2474 2065 2603 2131 Qua:
2639 2073 2713 2118 est
2734 2065 2836 2120 ista
2855 2079 2967 2135 qua:
3008 2062 3237 2118 ascendit
3274 2061 3339 2116 de
3384 2059 3588 2115 deserto
3620 2056 3648 2115 ἓ

2056 2158 2201 2214 Bene
2231 2159 2299 2214 de
2329 2158 2545 2214 deserto
2576 2158 2868 2215 ascendere
2896 2156 3246 2220 describitur,
3274 2153 3359 2209 cui
3387 2151 3648 2223 propheta

2054 2254 2189 2309 dicit
2220 2272 2233 2308 :
2270 2252 2376 2307 Pro
2398 2269 2458 2309 eo
2488 2254 2626 2322 quod
2675 2252 2820 2322 fuisti
2847 2252 3089 2306 derelicta
3136 2259 3183 2304 et
3230 2250 3347 2304 odio
3377 2247 3572 2311 habita,
3597 2252 3648 2301 et

2053 2363 2157 2402 non
2185 2355 2294 2400 erat
2309 2346 2394 2414 qui
2421 2345 2751 2414 pertransiret
2772 2342 2926 2416 (lsai.
2943 2343 3057 2414 ιι),
3078 2350 3183 2397 etc.
3212 2341 3289 2396 De
3307 2337 3461 2408 cujus
3484 2337 3646 2392 etiam

2056 2440 2180 2495 ﬁliis
2210 2440 2261 2494 in
2295 2438 2529 2495 Psalmis
2560 2438 2769 2494 canitur
2798 2454 2812 2490 :
2846 2435 3163 2489 Erratierunt
3187 2434 3239 2487 in
3256 2431 3557 2494 solitudine,
3590 2430 3646 2484 in

2052 2532 2314 2594 siccitate,
2363 2530 2499 2584 uiam
2539 2529 2757 2584 civitatis
2801 2525 3130 2581 habitationis
3183 2540 3284 2577 non
3325 2525 3643 2577 invenerunt.

2055 2622 2359 2679 Esurientes
2383 2633 2431 2679 et
2457 2622 2703 2688 sitientes,
2727 2621 2900 2677 anima
2924 2636 3102 2676 eorum
3142 2620 3195 2675 in
3220 2618 3401 2687 idipsis
3433 2617 3639 2687 defecit,

2057 2730 2104 2774 et
2132 2719 2482 2774 clamauerunt
2513 2718 2581 2773 ad
2630 2716 2907 2772 Dominum
2935 2732 3052 2770 cum
3093 2714 3483 2777 tribularentur,
3508 2719 3553 2766 et
3581 2708 3647 2765 de

2056 2811 2438 2867 necessitatibus
2459 2826 2636 2866 eorum
2653 2809 2882 2864 liberauit
2906 2823 3024 2873 eos;
3045 2806 3256 2862 deduxit
3282 2822 3367 2860 eos
3398 2820 3486 2874 per
3514 2802 3647 2862 uiuas

2058 2916 2249 2957 rectam
2281 2914 2333 2957 ut
2356 2904 2489 2958 irent
2513 2905 2568 2957 in
2610 2903 2867 2959 ciuitatem
2891 2899 3224 2956 habitationis
3255 2898 3427 2970 (Psal.
3460 2896 3538 2968 ι).
3565 2897 3650 2954 ω.

2060 2996 2210 3053 circo
2236 3000 2498 3067 sequitur.

2131 3089 2297 3146 Num.
2324 3091 2449 3146 179.
2482 3090 2699 3147 Deliciis
2720 3091 2946 3163 omnem.
2974 3089 3125 3147 Unde
3152 3097 3209 3148 et
3235 3088 3463 3160 populus
3488 3088 3650 3145 lsi-aui

1990 3170 2037 3234 (ἶ
2068 3200 2099 3241 e
2125 3186 2342 3243 deserto
2372 3186 2681 3257 egrediens,
2714 3187 2769 3240 in
2798 3194 2996 3241 terram
3031 3182 3403 3253 promissionis
3434 3182 3574 3238 lacte
3593 3188 3654 3240 et

2063 3280 2220 3334 melle
2242 3278 2495 3335 liuentem
2528 3278 2855 3349 ingreditur;
2880 3286 2934 3334 et
2960 3278 3052 3337 ille
3076 3276 3218 3333 illius
3238 3276 3330 3347 qui
3355 3275 3420 3333 de
3448 3274 3655 3344 siliquis

2065 3386 2350 3441 porcorum
2375 3371 2523 3442 pasci
2546 3371 2770 3441 cupiens
2792 3368 3022 3429 saturari
3053 3384 3159 3424 non
3186 3376 3417 3438 poterat,
3448 3366 3517 3421 ad
3537 3380 3656 3423 coit-

2062 3466 2262 3520 vivium
2285 3464 2427 3533 quod
2455 3464 2524 3519 de
2557 3462 2739 3535 pingui
2764 3464 2946 3519 occiso
2969 3461 3137 3519 vitulo
3160 3468 3313 3531 pater
3337 3459 3658 3529 praeparavit

2065 3558 2389 3615 reliciendus
2420 3556 2709 3612 inducitur.
2738 3556 2841 3610 llas
2871 3554 3093 3612 delicias
3116 3568 3145 3607 a
3171 3553 3390 3607 deserto
3420 3549 3648 3607 veniens

2066 3650 2334 3716 Ecclesia,
2355 3650 2407 3704 in
2430 3649 2645 3707 Christo
2668 3648 2993 3717 multiplices
3020 3644 3254 3713 reperit;
3277 3650 3333 3698 et
3361 3642 3483 3697 nixa
3504 3657 3657 3709 super

2066 3741 2305 3793 dilectum
2326 3739 2597 3805 scribitur,
2622 3737 2742 3807 quia
2767 3735 2833 3790 ad
2862 3738 3031 3805 ipsam
3057 3748 3148 3804 per
3172 3732 3487 3802 prophetam
3515 3730 3657 3788 idem

2066 3830 2293 3885 dilectus
2320 3829 2452 3884 dicit
2483 3848 2496 3884 :
2528 3829 2638 3901 Ego
2660 3830 2780 3900 feci,
2805 3844 2894 3899 ego
2917 3827 3101 3899 feram,
3128 3842 3219 3899 ego
3234 3824 3469 3897 portabo,
3496 3832 3542 3879 et
3564 3839 3658 3895 ego

2066 3920 2273 3975 salvabo
2296 3918 2453 3991 (1δαὶ.
2480 3921 2661 3990 XLVI).

2139 4013 2301 4067 Num.
2330 4012 2454 4069 180.
2488 4012 2598 4069 Sub
2627 4012 2807 4069 arbore
2852 4011 2977 4066 mali
3000 4010 3242 4073 suscitari
3267 4026 3373 4066 vos.
3398 4009 3453 4067 In
3482 4007 3660 4066 odori-

2068 4102 2190 4160 fero
2218 4108 2395 4160 crucis
2428 4106 2668 4173 patibulo
2716 4106 2804 4160 ubi
2833 4120 2934 4175 ego
2980 4103 3227 4171 accubui,
3255 4100 3365 4158 illic
3396 4110 3447 4163 te
3474 4115 3504 4159 a
3532 4115 3659 4171 pec-

2068 4208 2307 4251 calorum
2355 4197 2572 4252 interitu
2606 4197 2880 4264 suscitavi,
2907 4196 3123 4265 quando
3151 4204 3202 4251 te
3229 4196 3538 4252 credentem
3580 4193 3663 4251 εἰς

2067 4303 2171 4359 gno
2202 4289 2376 4344 crucis
2406 4297 2705 4357 prmuotare
2725 4289 3000 4359 praecipio.

2139 4378 2296 4434 Num.
2333 4378 2459 4435 I81.
2493 4379 2517 4433 Ι
2530 4380 2578 4433 bi
2607 4394 2849 4452 corrupta
2893 4392 2967 4435 est
2998 4388 3159 4436 mater
3188 4388 3295 4435 tua.
3330 4378 3434 4449 Ubi
3462 4387 3517 4434 tu
3554 4392 3657 4449 per

2069 4487 2245 4529 meam
2276 4481 2506 4535 mortem
2548 4472 2797 4529 suscitari
2826 4471 3091 4538 meruisti,
3117 4473 3229 4529 illic
3257 4487 3354 4544 per
3380 4487 3531 4533 suam
3556 4471 3661 4531 im-

437 4561 597 4617 Num.
623 4563 746 4619 175.
771 4565 1165 4636 Appreltsndam
1186 4581 1256 4639 te,
1286 4578 1333 4626 st
1360 4573 1545 4628 ducam
1573 4583 1637 4629 te.
1661 4575 1792 4632 Cum
1816 4578 1963 4634 enim
1988 4564 2042 4624 D
2071 4566 2320 4636 pietatem
2355 4566 2635 4638 synagoga
2655 4576 2810 4637 capta
2841 4575 2923 4621 est
2944 4565 3157 4637 quando
3183 4565 3442 4637 Cruciﬁee
3463 4566 3660 4625 clama-

370 4656 427 4705 te
470 4653 874 4720 apprehendero
960 4659 1161 4729 tibique
1238 4677 1335 4731 per
1404 4657 1563 4721 lidein
1634 4668 1957 4738 adhaesero,

371 4748 539 4797 restat
559 4750 617 4796 ul.
645 4744 965 4801 introducam
988 4760 1035 4803 te
1056 4750 1108 4804 in
1134 4751 1343 4805 domum
1370 4757 1546 4809 matris
1570 4771 1695 4811 mea:
1715 4774 1734 4811 :
1763 4760 1815 4813 in
1835 4774 1965 4815 con-

370 4834 737 4904 gregationem
766 4838 1020 4895 videlicet
1063 4839 1361 4897 Jerusalem
1394 4860 1407 4897 :
1435 4846 1562 4902 illuc
1594 4849 1777 4920 utique
1807 4858 1861 4906 te
1890 4852 1961 4905 in-

373 4924 674 4992 troducam,
708 4928 923 4997 quando
943 4945 1065 4985 cum
1095 4934 1347 4988 omnibus
1367 4933 1523 4994 bonis
1553 4955 1671 5007 quae
1694 4956 1789 5009 per
1815 4949 1959 4998 tuam

370 5022 597 5092 gratiam
629 5035 915 5080 consecuta
947 5040 1065 5080 sunt
1108 5030 1269 5083 etiam
1302 5028 1415 5100 ipsa
1466 5033 1683 5102 perduci
1716 5051 1801 5102 eo,
1858 5038 1961 5092 hoc

372 5125 456 5170 est
484 5115 550 5169 ad
581 5118 855 5172 caelestem
889 5117 1341 5192 Hierosolymam,
1379 5140 1648 5185 meruero.

440 5231 599 5286 Num.
635 5231 757 5288 176.
795 5230 879 5287 Ibi
927 5250 1006 5287 me
1048 5235 1270 5307 docebis,
1327 5252 1374 5302 et
1405 5241 1535 5297 dabo
1576 5242 1665 5297 tibi
1695 5245 1959 5309 poculum.

372 5322 446 5379 lbi
478 5340 562 5382 uie
583 5326 826 5393 docebis,
854 5329 1033 5399 utjam
1060 5345 1163 5385 non
1188 5331 1239 5389 in
1261 5343 1537 5417 ωηίμηιαιε
1557 5352 1647 5406 per
1672 5339 1961 5406 speculum,

372 5417 467 5471 sed
515 5420 647 5488 [acie
678 5422 746 5475 ad
790 5421 971 5491 facient
1025 5418 1255 5505 videam;
1294 5458 1353 5517 ει
1384 5449 1494 5500 non
1527 5445 1591 5484 ea:
1634 5439 1777 5499 parte
1824 5432 1965 5485 sicut

375 5527 527 5624 nun‘c,
552 5516 646 5569 sed
676 5525 793 5624 tunc
817 5534 1104 5590 cognoscam
1121 5522 1249 5609 sicut
1278 5572 1331 5624 Δ
1363 5531 1610 5617 cognitus
1628 5542 1740 5582 sum
1762 5525 1818 5596 (I
1841 5524 1961 5582 Cor.

663 5611 673 5621 .
832 5613 842 5623 .
876 5586 893 5590 ν
1198 5586 1246 5609 Ἴ
1278 5586 1330 5633 ιι
1363 5586 1494 5617 War"
1769 5586 1782 5596 ‘

376 5606 517 5703 sui),
565 5618 621 5662 ut
662 5610 749 5665 ille
795 5624 908 5668 ait:
941 5612 1004 5666 Et
1031 5614 1145 5670 dabo
1170 5638 1270 5703 τὰ.
1309 5634 1577 5703 mnu/um
1607 5638 1670 5677 ea:
1697 5623 1810 5675 vino
1853 5638 1969 5676 οοη-

475 5661 517 5676 ,,
578 5661 581 5662 ,
666 5661 746 5665 κ---
895 5661 907 5667 -
941 5661 998 5666 _-
1033 5661 1139 5670 mc
1170 5661 1185 5685 ι
1528 5661 1577 5680 ,,.
1607 5661 1669 5677 ι..
1699 5661 1808 5675 νων
1853 5661 1967 5676 νων

374 5696 501 5807 ditp,
534 5712 590 5803 et.
605 5712 820 5757 mustum
849 5661 1270 5807 malograua/ob'él'
1294 5661 1646 5807 βᾲὸἔέιέηίίο
1667 5716 1893 5786 optimos
1914 5724 1969 5772 et

371 5789 710 5853 dulcissimos
736 5762 997 5869 protulero
1015 5762 1304 5941 ηιθίγῖρυῙί

1166 5938 1173 5947 ι
1260 5918 1303 5947 Λ

1157 5918 1303 6045 ne

2068 4659 2188 4727 bat;
2213 4670 2288 4726 et,
2316 4661 2541 4731 Sanguis
2572 4663 2727 4733 hujus
2753 4679 2904 4733 super
2933 4678 3026 4717 nos
3055 4672 3103 4719 et
3120 4679 3275 4733 super
3299 4662 3438 4733 ﬁlios
3460 4669 3661 4725 nostros

2069 4749 2222 4821 (Luc.
2248 4751 2422 4822 xxui),
2459 4753 2627 4807 Pilato
2648 4754 2934 4823 judicante
2958 4754 3258 4825 respondit.

2140 4864 2298 4918 Num.
2330 4864 2455 4919 182.
2476 4863 2620 4919 Pone
2642 4883 2720 4920 me
2743 4878 2796 4920 ut
2824 4869 3165 4940 signaculum.
3186 4868 3259 4922 Ita
3286 4877 3339 4922 ut
3362 4883 3483 4923 cum
3510 4866 3661 4921 Psal-

2069 4956 2226 5011 mista
2258 4956 2439 5013 dicere
2488 4959 2681 5026 possis,
2716 4960 2992 5033 Signatum
3029 4970 3104 5015 est
3156 4976 3310 5030 super
3336 4976 3430 5014 nos
3486 4961 3659 5014 lumen

2067 5045 2237 5102 vultus
2266 5049 2361 5117 tui,
2398 5049 2635 5117 Domine,
2660 5052 2844 5107 dedisti
2860 5051 3092 5107 laetitiam
3104 5052 3158 5106 iu
3182 5050 3335 5106 corde
3354 5049 3654 5121 meo(Psal.

2072 5140 2167 5209 Iv).
2201 5140 2463 5207 Quoniam
2519 5156 2856 5211 quacunque
2882 5143 3091 5212 signata
3122 5152 3248 5197 sunt
3291 5141 3449 5197 facile
3483 5151 3650 5199 teme-

2068 5234 2175 5289 rari
2208 5250 2311 5291 non
2345 5245 2595 5304 possunt,
2628 5238 2705 5290 sic
2731 5236 2913 5304 recipe
2941 5234 3099 5291 ﬁdem
3132 5249 3329 5301 meam,
3355 5242 3411 5290 ut
3433 5250 3551 5291 eam
3575 5235 3661 5292 in-

2072 5335 2273 5397 legratn
2319 5326 2690 5396 illihatamque
2718 5327 3015 5393 custodias,
3069 5338 3123 5384 et
3165 5342 3322 5399 quem
3366 5344 3463 5400 per
3482 5330 3661 5386 crucis

2072 5418 2407 5489 signaculum
2458 5419 2716 5488 accepisti
2747 5418 3064 5475 thesaurum
3087 5419 3313 5490 iustitiae
3333 5435 3495 5491 quem
3525 5422 3576 5476 in
3608 5431 3661 5477 te

2072 5510 2298 5576 contuli,
2330 5525 2360 5564 a
2391 5509 2537 5565 nullo
2558 5508 2675 5565 fore
2712 5510 3129 5581 contingentium
3160 5512 3269 5569 ullo
3299 5514 3460 5570 modo
3491 5514 3658 5582 perti-

2072 5617 2248 5658 mesca
2256 5618 2300 5661 S.

2144 5720 2301 5776 Num.
2332 5722 2449 5777 185.
2489 5720 2557 5777 Ut
2586 5720 2905 5792 signaculum
2937 5738 3069 5791 pone
3089 5739 3187 5778 me.
3215 5722 3468 5777 Primitus
3497 5734 3660 5789 super

2073 5826 2189 5887 cor,
2209 5814 2333 5875 inde
2344 5832 2508 5888 super
2532 5816 2811 5876 brachium
2829 5813 3163 5889 signaculum
3185 5814 3663 5888 superponenduut
