4078 6440
492 314 590 373 991

1188 315 1247 372 S.
1282 308 1472 372 JUSTI
1510 305 1765 366 URGEL.
1810 302 1876 361 IN
1918 301 2217 361 CANTICA
2253 300 2698 363 CANTICORUM
2736 298 3177 359 EXPLICATIO.

3673 295 3784 357 ωε

493 434 729 505 intelligo
761 449 775 489 :
806 432 858 489 id
886 440 995 500 est,
1020 440 1083 489 ut
1109 438 1217 487 tam
1247 431 1301 487 in
1329 430 1653 502 cogitatione
1681 442 1842 498 quam
1870 427 1923 482 in
1951 440 2084 496 ope-
2110 426 2166 489 Α
2191 424 2432 482 Ecclesia
2462 424 2842 495 disponuntur,
2868 430 3122 493 tanquam
3150 413 3559 491 propugnacula
3577 428 3780 488 argen-

493 543 582 594 re,
615 530 679 583 ad
709 542 886 583 meum
926 528 1136 596 signum
1161 539 1443 592 accurras;
1489 538 1551 581 ac
1580 535 1650 592 te,
1682 537 1778 594 per
1809 523 1940 590 hoc,
1974 536 2082 577 non

490 622 732 690 alterius,
761 622 857 679 sed
883 623 988 679 mei
1015 637 1137 679 esse
1152 622 1489 680 demonstres
1505 640 1519 691 ;
1534 637 1726 694 meque
1746 628 2081 691 contutante,

491 717 697 788 integra
727 732 1068 788 perseveres.

506 835 515 841 ·
561 815 718 872 Num.
756 816 881 872 184.
928 816 1065 884 Quia
1100 818 1251 888 [ortis
1297 826 1353 872 ut
1406 832 1549 871 mors
1598 816 1805 870 dilectio
1862 824 1972 869 tua.
2024 813 2082 869 In

489 916 696 964 tantum
737 908 898 965 dilexi
944 917 1017 977 te,
1068 919 1126 965 ut
1156 910 1307 966 mori'
1328 909 1589 965 voluerim
1637 923 1733 979 pro
1763 917 1843 974 te;
1885 915 1941 963 et
1966 906 2083 962 hcce

490 1012 609 1060 erat
645 1001 907 1061 fortitudo
955 1004 1181 1072 amoris,
1235 1004 1504 1061 acerbitas
1553 1004 1766 1059 mortis.
1812 1001 1959 1057 Dura
2000 1016 2083 1057 au-

492 1107 600 1155 tem
630 1098 763 1153 sicut
792 1096 1036 1154 infernus
1064 1099 1369 1165 aemulatio;
1400 1106 1460 1153 ut
1486 1097 1654 1154 sancti
1680 1111 1895 1168 quoque
1921 1111 2084 1151 econ-

491 1190 657 1247 trario
679 1206 777 1261 pro
800 1191 1019 1248 Christo
1046 1192 1218 1249 occidi
1246 1207 1352 1247 non
1379 1199 1643 1255 metuant,
1674 1204 1832 1259 quem
1858 1204 1959 1258 pro
1982 1201 2080 1243 sua

490 1285 663 1341 salute
684 1297 911 1342 mortem
943 1287 1249 1356 suscepisse
1270 1286 1387 1342 sine
1412 1284 1576 1339 dubio
1603 1291 1995 1355 cognoverunt.
2038 1294 2046 1305 '

563 1375 724 1432 Num.
752 1376 876 1433 185.
908 1378 1198 1449 Lampades
1227 1380 1360 1449 ejus,
1400 1378 1660 1448 lampades
1684 1376 1837 1448 ignis.
1868 1375 2009 1431 Vasa
2029 1374 2082 1429 in

493 1467 686 1536 quibus
732 1469 978 1526 castistas
1029 1471 1253 1535 habitat,
1298 1484 1512 1539 semper
1559 1478 1684 1524 sunt
1727 1465 2004 1537 splendida
2028 1473 2083 1521 et

492 1559 720 1632 Spiritus
750 1563 920 1618 sancti
950 1564 1070 1635 igne
1102 1562 1381 1621 ferventia.

562 1661 721 1717 Num.
757 1664 879 1719 186.
929 1665 1088 1734 Aqua;
1109 1666 1287 1720 multa:
1316 1682 1420 1719 non
1445 1670 1725 1737 potuerunt
1753 1664 2079 1733 exstinguere

492 1755 813 1822 charitatem,
847 1770 962 1811 nec
995 1757 1215 1812 ﬂumina
1246 1755 1479 1812 obruent
1526 1756 1692 1822 illam,
1728 1770 1828 1811 nec
1859 1754 2083 1810 tribula-

2189 530 2275 579 tea
2304 522 2474 577 muris
2494 520 2840 589 adjiciuntur.

2258 638 2416 694 Num.
2451 636 2577 692 191.
2609 634 2671 689 Si
2689 636 2873 689 ostium
2918 639 3015 697 est,
3048 628 3456 699 compingamus.
3486 624 3629 680 Dicit
3647 622 3785 679 Pro-

2185 732 2344 806 pheta
2374 732 2427 787 in
2456 729 2683 785 Psalmis
2724 744 2737 780 :
2767 726 2930 791 Pone,
2965 722 3207 787 Domine,
3231 720 3518 775 custodiam
3545 719 3622 773 ori
3646 732 3782 785 meo,

2186 834 2234 880 et
2258 825 2444 880 ostium
2470 819 2866 875 circumstantia
2894 816 3048 871 labiis
3070 815 3196 869 meis
3215 812 3390 886 (Psal.
3414 808 3565 877 cn).
3595 811 3785 877 Itaque

2186 920 2235 976 si
2272 918 2497 987 estquis
2528 915 2756 971 idoneus
2802 911 2867 966 ad
2928 908 3276 981 loquendum,
3308 915 3365 961 et
3390 904 3534 960 velut
3576 903 3785 958 ostium

2185 1011 2327 1083 quod
2350 986 2587 1079 aperitur
2608 1016 2662 1063 et
2700 1004 2995 1070 clauditur,
3044 1013 3255 1071 tempus
3291 998 3548 1070 loquendi
3590 998 3680 1051 vel
3702 1005 3785 1050 ta-

2184 1105 2342 1161 cendi
2373 1103 2655 1173 intelligit;
2686 1100 2791 1155 hoc
2823 1098 2929 1153 tale
2950 1098 3146 1153 ostiqu
3169 1093 3370 1150 tabulis
3395 1092 3788 1148 cedriniscom-
3835 1094 3853 1160 ί

2186 1198 2485 1269 pingamus,
2512 1204 2570 1250 ut
2593 1195 2719 1249 dum
2752 1192 3083 1249 odoriferum
3106 1190 3310 1259 lignum
3355 1187 3410 1242 in
3439 1200 3497 1241 se
3518 1184 3781 1254 suscepit,

2186 1304 2309 1346 cum
2337 1290 2501 1344 Paulo
2530 1288 2715 1344 dicere
2744 1287 2960 1358 possit:
2994 1284 3132 1338 Mihi
3169 1284 3299 1339 absit
3341 1281 3559 1353 gloriari
3602 1279 3787 1334 nisiiss

2186 1399 2333 1438 cruce
2359 1380 2571 1436 Domini
2599 1381 2761 1435 nostri
2789 1380 2919 1434 Jesu
2947 1376 3158 1445 Christi,
3194 1393 3283 1447 per
3306 1390 3458 1445 quem
3479 1372 3605 1427 mihi
3630 1387 3759 1426 ututs

2186 1477 2283 1531 dus
2312 1476 2589 1545 cruciﬁxus
2615 1483 2711 1541 est,
2740 1482 2787 1527 et
2816 1489 2909 1546 ego
2930 1468 3120 1525 umido
3151 1468 3296 1543 (Gal.
3318 1470 3418 1539 vl).
3798 1456 3801 1465 ⁴

2258 1590 2416 1645 Num.
2449 1590 2569 1644 192.
2596 1588 2710 1661 Ego
2732 1603 2912 1642 murus
2933 1595 2979 1641 et
3000 1585 3159 1640 ubera
3180 1598 3292 1640 mea
3311 1582 3443 1638 sicut
3459 1581 3633 1637 turris.
3664 1580 3786 1636 Vox

2188 1685 2445 1743 Ecclesiae
2473 1694 2579 1752 est,
2603 1693 2711 1739 tam
2736 1683 2789 1739 in
2816 1682 2921 1738 ﬁde
2947 1696 3108 1751 quam
3135 1694 3234 1750 pro
3267 1678 3374 1734 fide
3404 1674 3779 1748 prolicientis:

2192 1779 2303 1850 Ego
2340 1794 2552 1845 murus;
2583 1777 2707 1849 quia
2740 1777 2855 1845 ipse
2902 1771 3187 1850 aediﬁcavit
3212 1784 3301 1826 me
3328 1771 3419 1840 qui
3445 1766 3784 1823 fortissimus

492 1846 697 1911 tiones;
756 1847 921 1903 nulla
957 1849 1249 1918 quamlibet
1277 1849 1469 1905 validas
1514 1849 1917 1918 persecutiones
1944 1848 2081 1904 dile—
2112 1828 2162 1891 Β
2929 1882 3039 1920 ,πω
3055 1840 3187 1920 sic,“
3213 1828 3390 1918 ιαηεξ,
3422 1861 3786 1917 congruente

490 1940 724 1996 ctioncm
752 1957 873 2012 quae
902 1950 985 1997 est
1012 1958 1076 1998 ex
1097 1942 1232 2013 Deo,
1262 1943 1349 1999 vel
1382 1944 1525 2000 circa
1550 1944 1738 2009 Deum,
1769 1942 2084 2013 perturbare

490 2030 576 2085 vel
605 2030 820 2087 vincere
841 2042 1089 2103 possunt,
1123 2034 1422 2091 secundum
1455 2035 1584 2090 illud
1611 2036 1755 2104 quod
1794 2036 2083 2105 Apostolus

491 2119 623 2176 dicit
650 2138 666 2179 :
695 2121 822 2189 Quis
848 2140 941 2177 nos
985 2126 1244 2196 separabit
1270 2143 1301 2179 a
1331 2127 1579 2181 charitate
1617 2126 1851 2181 Christi?
1879 2144 1946 2181 an
1991 2128 2085 2181 tri-

492 2208 707 2278 bulatio,
740 2228 808 2265 an
832 2216 1094 2285 angustia,
1127 2233 1193 2270 an
1224 2218 1534 2287 persecutio,
1570 2234 1634 2271 an
1675 2218 1858 2286 fames,
1890 2235 1955 2272 an
1985 2235 2086 2271 nu-

490 2300 648 2369 ditas,
672 2320 739 2358 an
759 2305 985 2377 gladius,
1015 2323 1081 2360 an
1105 2309 1434 2377 periculum?
1453 2317 1622 2363 certus
1648 2326 1762 2363 sum
1790 2311 1924 2363 enim
1964 2312 2085 2380 quia

490 2409 653 2464 neque
684 2412 845 2461 mors,
871 2415 1033 2468 neque
1062 2401 1183 2465 vita,
1216 2414 1378 2469 neque
1407 2402 1600 2471 angeli,
1633 2417 1793 2470 neque
1816 2403 2081 2472 principa-

490 2492 593 2550 tus,
624 2502 785 2557 neque
814 2488 1089 2555 excelsum,
1118 2506 1276 2559 neque
1299 2493 1638 2561 profundum,
1662 2508 1821 2561 neque
1850 2503 2085 2547 creatura

489 2577 596 2633 alia
624 2582 805 2650 poterit
838 2599 930 2637 nos
980 2601 1219 2651 separare
1246 2604 1277 2639 a
1317 2586 1569 2640 charitate
1608 2587 1727 2654 Dei,
1753 2605 1871 2643 autc
1910 2599 1984 2645 est
2030 2592 2083 2645 in

487 2666 688 2724 Christo
710 2671 835 2726 Jesu
861 2670 1085 2729 Domino
1109 2685 1280 2731 nostro
1309 2677 1490 2747 (Rom.
1519 2676 1657 2748 vni).
1806 2738 1807 2741 η

560 2762 715 2817 Num.
755 2764 878 2819 187.
925 2766 988 2822 Si
1017 2768 1214 2822 dederit
1267 2770 1418 2824 homo
1461 2787 1661 2825 omnem
1714 2772 2081 2829 substantiam.

486 2852 759 2924 Tanquam
784 2856 928 2912 dicat
961 2876 973 2910 :
1010 2858 1077 2913 Et
1106 2860 1153 2914 si
1201 2861 1510 2916 distribuero
1540 2864 1593 2917 in
1628 2863 1767 2918 cibos
1793 2882 2081 2937 pauperum

486 2959 658 3000 omnes
680 2946 947 3015 facultates
966 2966 1128 3017 meas,
1161 2962 1209 3006 et
1236 2951 1284 3006 si
1316 2954 1581 3008 tradidero
1609 2971 1793 3024 corpus
1826 2972 1996 3011 meum
2025 2968 2082 3013 ut

485 3037 720 3107 ardeam,
741 3041 1046 3098 charitatem
1062 3054 1231 3099 autem
1256 3063 1357 3101 non
1379 3047 1617 3114 habeam,
1648 3048 1781 3102 nihil
1804 3050 1933 3105 mihi
1960 3069 2083 3121 pro-

484 3133 596 3189 dest
614 3132 668 3205 (1
682 3135 804 3192 Cor.
828 3138 973 3208 XIII).
1002 3138 1112 3195 Hac
1133 3140 1276 3195 cnim
1296 3141 1755 3212 nihilpretiosius,
1770 3145 2077 3205 utloannes

2188 1969 2322 2037 Deo,
2350 1966 2669 2037 proceritate
2691 1962 2919 2034 iustitia:
2960 1967 3270 2025 creverunt,
3302 1964 3358 2012 et
3385 1954 3441 2010 in
3472 1970 3560 2011 me
3589 1967 3783 2023 parvu-

2187 2061 2272 2117 los
2297 2060 2388 2129 qui
2420 2058 2473 2113 in
2506 2056 2723 2113 Christo
2771 2062 2917 2120 sunt,
2948 2050 3226 2117 nutriunt;
3258 2058 3313 2105 et
3342 2047 3517 2103 donec
3558 2044 3628 2099 ad
3658 2058 3781 2113 per-

2188 2151 2437 2210 fectionis
2476 2151 2653 2206 cibum
2716 2148 3054 2219 perveniant,
3087 2158 3184 2200 eos
3231 2142 3465 2198 educare
3502 2152 3613 2193 non
3640 2136 3782 2192 desi~

2188 2256 2343 2313 nunt,
2371 2244 2722 2317 quoadusque
2762 2241 2842 2297 cis
2869 2252 3007 2295 voce
3037 2236 3311 2307 sapientiai
3359 2234 3572 2288 dicatur
3613 2247 3629 2285 :
3678 2229 3781 2285 Re-

2187 2340 2402 2411 linquite
2433 2337 2731 2409 infantiam,
2784 2345 2832 2389 et
2879 2333 3042 2389 venite
3078 2328 3347 2384 ambulare
3383 2343 3473 2401 per
3499 2327 3611 2382 uias
3644 2344 3781 2399 pru-

2188 2431 2392 2486 dentic.

2258 2543 2417 2599 Num.
2446 2543 2570 2599 195.
2603 2539 2688 2596 Ea:
2723 2556 2824 2611 quo
2874 2540 3013 2609 facta
3048 2553 3163 2592 sum
3212 2550 3386 2590 coram
3427 2549 3509 2588 eo.
3564 2528 3645 2587 Ex
3676 2547 3778 2601 quo

2186 2634 2403 2691 Christo
2432 2648 2621 2705 pacem
2651 2632 2850 2703 reperi,
2904 2646 2969 2687 ex
2999 2644 3066 2686 eo
3096 2638 3151 2686 et
3199 2641 3477 2685 murorum
3528 2624 3777 2696 pricsidia

2188 2735 2244 2784 et
2272 2729 2501 2783 turrium
2536 2726 2940 2797 pr0pugnacula
2994 2738 3117 2780 cum
3151 2723 3349 2779 decore
3387 2722 3624 2789 suscepi,
3652 2735 3778 2776 cum

2188 2821 2268 2876 eis
2298 2820 2365 2874 ab
2391 2834 2457 2876 eo
2487 2820 2574 2889 qui
2599 2834 2685 2875 me
2713 2817 2959 2874 condidit
2986 2818 3183 2872 civitas
3208 2830 3331 2872 esse
3357 2814 3653 2885 promerui,
3687 2812 3776 2867 ha-

2187 2910 2322 2967 bens
2353 2910 2684 2967 munimenta
2715 2910 2771 2965 in
2810 2908 3037 2976 sanctis,
3069 2916 3125 2965 et
3166 2907 3421 2963 decorem
3453 2906 3698 2961 retinens
3725 2903 3776 2958 in

2185 3007 2393 3064 electis.

2256 3121 2417 3177 Num.
2452 3118 2573 3174 194.
2612 3118 2777 3173 Vinea
2806 3119 2905 3189 fuit
2935 3117 3170 3190 paciﬁca.
3200 3115 3420 3171 Cultura
3454 3114 3676 3170 assidua
3699 3112 3764 3167 ad

483 3225 756 3296 apostolus
774 3226 851 3283 ait
885 3246 897 3283 :
926 3207 1059 3297 Quia
1094 3231 1231 3287 Deus
1258 3207 1486 3288 Charitas
1505 3244 1614 3298 est;
1634 3242 1682 3289 et
1712 3207 1803 3305 qui
1828 3250 1999 3295 manet
2026 3242 2079 3297 in
2112 3214 2158 3279 Ο
2191 3212 2359 3267 “ibi”
2384 3219 2472 3305 ξεί
2498 3209 2793 3305 θβιπίέιο-
2820 3210 2875 3264 in
2922 3209 3162 3266 ECCIeSia
3196 3223 3315 3279 qua
3350 3208 3475 3263 mos
3505 3207 3668 3305 liabet
3689 3222 3775 3278 ω’

484 3322 735 3381 alacritate
764 3327 819 3381 in
845 3326 958 3382 Deo
986 3339 1177 3385 manet.

557 3415 717 3473 Num.
753 3417 878 3475 188.
909 3420 1072 3475 Soror
1101 3433 1277 3478 nostra
1305 3442 1485 3495 parva,
1521 3437 1570 3482 et
1599 3446 1755 3487 uoera
1776 3448 1877 3486 non
1905 3433 2075 3489 habet.

482 3507 726 3565 Ecclesia
749 3524 814 3565 ex
842 3513 1092 3581 gentibus
1121 3516 1367 3585 veniens,
1394 3518 1546 3574 rudis
1570 3521 1746 3578 adhuc
1769 3525 1832 3578 ad
1852 3525 2078 3582 creden-

484 3598 635 3669 dum,
665 3610 720 3656 et
750 3616 850 3657 nec
873 3603 999 3659 dum
1018 3606 1243 3675 praedita
1262 3609 1391 3665 viris
1413 3612 1638 3669 eruditis
1665 3615 1731 3669 ad
1749 3616 2076 3687 docendum,

481 3692 782 3748 secundum
812 3696 958 3766 quod
984 3698 1276 3768 Apostolus
1306 3702 1543 3773 loquitur
1573 3722 1586 3758 :
1619 3704 1741 3761 Non
1771 3710 1916 3778 potui
1940 3712 2079 3766 vobis

482 3783 625 3856 loqui
649 3788 798 3853 quasi
823 3788 1199 3857 spiritualibus,
1217 3794 1307 3847 sed
1324 3801 1572 3865 tanquam
1599 3798 1823 3866 parvulis
1854 3800 1905 3854 in
1930 3798 2078 3855 Chri-

481 3886 560 3933 sto
585 3878 663 3933 lac
686 3879 827 3935 vobis
846 3891 1025 3951 potum
1049 3883 1191 3951 dedi,
1220 3902 1323 3940 non
1350 3903 1516 3942 escam
1529 3905 1550 3956 ;
1581 3892 1807 3946 nondum
1831 3896 1965 3949 enim
1987 3912 2073 3965 po-

485 3972 684 4039 teratis,
720 3974 810 4026 sed
839 3990 930 4028 nec
959 3976 1167 4045 quidem
1196 3979 1368 4032 adhuc
1423 3982 1667 4048 potestis,
1722 3984 1893 4037 adhuc
1946 3986 2081 4039 enim

483 4062 605 4116 estis
632 4062 868 4119 carnales
899 4063 948 4137 (Ι
978 4065 1099 4120 Cor.
1126 4068 1227 4139 ιιι).
1262 4068 1331 4123 Et
1358 4068 1486 4126 alibi
1517 4088 1531 4125 :
1566 4070 1856 4128 Sarcularia
1877 4075 2081 4146 judicia

489 4153 535 4208 si
558 4152 862 4224 habueritis,
890 4162 1296 4233 contemptibiles
1325 4168 1413 4233 qui
1440 4178 1558 4221 sunt
1588 4169 1641 4221 in
1673 4167 1926 4238 Ecclesia,
1961 4171 2080 4225 illos

484 4251 778 4307 constituite
820 4252 891 4306 ad
926 4255 1297 4323 judicandum.
1352 4260 1433 4312 Ad
1462 4262 1824 4316 verecundiam
1862 4272 2080 4318 vestram

484 4342 600 4398 dico
628 4360 647 4398 :
678 4344 723 4398 si
747 4360 849 4399 non
874 4356 949 4399 est
994 4347 1128 4401 inter
1155 4364 1245 4403 vos
1273 4351 1481 4421 sapiens
1503 4354 1775 4423 quisquant
1804 4354 1890 4425 qui
1920 4356 2081 4425 possit

485 4436 720 4506 judicare
747 4438 882 4492 inter
905 4442 1119 4508 fratrem
1150 4457 1304 4495 suum
1330 4441 1385 4515 (I
1414 4442 1539 4499 Cor.
1572 4442 1683 4514 vr)?
1708 4445 1844 4500 Dum
1894 4462 1988 4502 eos
2026 4448 2079 4503 in

484 4535 633 4585 tanta
666 4532 1107 4599 pusillanimitate
1155 4535 1450 4605 redarguit,
1487 4538 1672 4607 utique
1698 4537 1874 4592 adhuc
1905 4539 2080 4607 pusil-

2184 3306 2338 3376 pulos
2367 3304 2435 3359 de
2463 3302 2735 3373 quibusin
2763 3302 2992 3358 Psalmis
3017 3302 3229 3358 canitur
3261 3317 3277 3356 :
3311 3300 3539 3355 l’lantati
3566 3301 3774 3355 indomc

2182 3398 2417 3468 Domini,
2440 3399 2492 3452 in
2514 3398 2659 3453 atriis
2675 3397 2768 3452 Dei
2793 3397 2953 3451 nostri
2976 3396 3230 3466 florebunt
3248 3394 3419 3467 (Psal.
3435 3393 3566 3466 scr).
3594 3393 3772 3448 Tradi-

2181 3492 2257 3546 dit
2279 3508 2391 3546 eam
2421 3490 2737 3547 custodibus.
2754 3489 3039 3546 Commisit
3062 3504 3181 3545 eam
3206 3489 3497 3559 regendam
3521 3487 3773 3557 apostolis

2181 3588 2268 3642 vel
2293 3584 2698 3641 successoribus
2722 3597 2907 3640 eorum
2930 3582 3224 3653 episcopis.
3255 3581 3340 3636 Ad
3366 3579 3773 3650 quam,subno-

2183 3677 2329 3733 mine
2344 3672 3086 3739 Jerusalem,dicitDominus
3116 3687 3213 3742 per
3236 3670 3553 3742 pr0pbctam
3573 3669 3773 3739 :Super

2182 3778 2231 3826 te
2259 3777 2309 3823 et
2338 3784 2492 3838 super
2520 3782 2692 3821 muros
2725 3776 2841 3821 tuos
2872 3768 3020 3835 posui
3050 3766 3285 3821 custodes
3327 3774 3461 3831 tuos,
3494 3774 3592 3820 tota
3616 3764 3698 3818 die
3719 3773 3770 3819 et

2180 3871 2347 3931 nocte,
2373 3877 2531 3934 usque
2549 3861 2601 3916 in
2633 3861 2788 3931 finem
2816 3859 3158 3915 contacebunt
3181 3857 3343 3932 (Isai.
3377 3858 3517 3929 vnl).

2254 3977 2414 4035 Num.
2444 3977 2567 4033 195.
2603 3976 2695 4031 Vir
2727 3978 2875 4047 affert
2903 3976 3103 4046 fructus
3132 3976 3244 4044 ejus
3273 3971 3416 4028 mille
3436 3978 3721 4044 argenteos.

2184 4070 2431 4127 Christus
2462 4070 2530 4125 de
2559 4084 2666 4140 quo
2697 4067 2958 4139 prOpbeta
2989 4066 3119 4121 dicit
3151 4083 3165 4120 :
3195 4064 3327 4120 Ecce
3352 4066 3451 4131 vir,
3478 4062 3663 4117 Oriens
3690 4079 3778 4116 no-

2182 4180 2297 4218 men
2317 4167 2429 4233 ejus
2456 4161 2641 4233 (Zaeh.
2669 4160 2767 4233 vx).
2793 4157 3123 4230 Compensat
3148 4174 3374 4230 rcgnum
3403 4158 3665 4212 caelorum
3688 4169 3780 4225 pro

2183 4257 2385 4313 sanctis
2435 4254 2708 4312 laboribus
2755 4253 2840 4309 vel
2870 4252 3258 4324 eleemosyuis,
3318 4250 3619 4307 secundum
3652 4247 3779 4303 illud

2184 4359 2326 4430 quod
2359 4358 2414 4413 in
2448 4354 2743 4427 Evangelia
2790 4350 2987 4407 dicitur
3017 4364 3033 4402 :
3070 4346 3275 4410 Venite,
3306 4342 3563 4398 benedicti
3612 4341 3782 4396 Patris

2184 4451 2303 4518 mei,
2336 4449 2582 4519 percipite
2614 4461 2827 4518 regnum
2848 4442 2988 4515 quod
3014 4439 3155 4494 vobis
3194 4446 3432 4509 paratum
3461 4445 3538 4491 est
3594 4436 3656 4488 ab
3682 4433 3783 4489 ori-

2185 4543 2302 4613 gine
2327 4541 2527 4605 mundi,
2564 4539 2686 4611 quia
2713 4536 2920 4601 csurivi,
2950 4542 2995 4587 et
3021 4532 3235 4586 dedistis
3275 4528 3399 4583 mihi
3449 4527 3783 4592 manducare,

483 4617 592 4676 lam
622 4622 675 4676 in
703 4621 832 4687 ﬁde,
860 4631 915 4678 et
944 4625 1174 4680 necdum
1208 4626 1575 4696 Spiritualibus
1601 4628 1948 4685 nutrimentis
1980 4632 2077 4685 ba-
2109 4612 2163 4675 ’θ
2187 4612 2345 4701 sitici,
2377 4643 2422 4688 et
2447 4631 2659 4687 dedistis
2683 4630 2810 4683 mihi
2834 4628 3032 4689 bibere;
3066 4625 3252 4694 hospes
3284 4622 3383 4687 fui,
3415 4628 3462 4675 et
3508 4618 3780 4689 collegisti:

482 4712 649 4784 bilem
680 4716 893 4786 plebem
919 4719 1179 4776 ostendit.

556 4806 718 4863 Num.
751 4807 877 4864 189.
925 4809 1062 4876 Quid
1086 4812 1332 4883 faciemus
1359 4814 1527 4868 sorori
1549 4820 1736 4869 nostra:
1758 4816 1783 4869 ?
1808 4815 2080 4885 Quemad-

485 4898 704 4957 modum
735 4899 1083 4971 disponemus
1102 4904 1399 4961 Ecclesiam
1427 4915 1670 4978 tempore
1691 4923 1798 4980 quo
1824 4908 1891 4964 ad
1919 4910 2077 4968 ﬁdem

486 4995 726 5051 vocanda
752 4996 877 5052 est?

556 5089 718 5148 Num.
752 5089 876 5145 190.
909 5090 971 5146 Si
999 5106 1174 5147 murus
1194 5101 1286 5158 est,
1310 5094 1623 5164 adiﬁcemus
1656 5112 1809 5169 super
1829 5114 1965 5153 eum.
1982 5096 2083 5163 Qui

487 5194 769 5257 cmperunt
790 5185 843 5241 in
867 5184 974 5241 ﬁde
994 5200 1240 5241 crescere
1263 5196 1315 5241 et
1344 5187 1413 5241 ita
1437 5188 1663 5243 stabiliri
1692 5199 1748 5243 ut
1770 5190 1965 5245 robore
1984 5203 2083 5245 suo

485 5280 728 5337 inﬁrmos
751 5295 995 5351 quosque
1020 5291 1430 5347 commoneant;
1456 5290 1707 5351 suscepto
1732 5283 1953 5340 honoris
1976 5283 2085 5354 pri-

486 5374 704 5444 vilegio,
730 5372 797 5428 ad
824 5383 1052 5430 caeteros
1081 5374 1355 5430 docendos
1387 5376 1755 5441 instituantur,
1783 5376 2080 5431 secundum

488 5467 630 5539 quod
657 5467 854 5521 Paulus
881 5467 947 5521 ad
981 5466 1321 5525 Timotheum
1359 5487 1370 5520 :
1409 5467 1537 5522 Htec
1579 5469 1885 5523 commenda
1909 5468 2084 5537 ﬁdeli-

488 5561 580 5614 bus
610 5561 698 5629 qui
719 5560 896 5613 idonei
921 5570 1067 5615 eruut
1095 5573 1145 5616 et
1195 5562 1330 5615 alios
1370 5561 1550 5614 docere
1586 5558 1676 5628 (11
1701 5560 1842 5615 Tim.
1874 5563 1962 5630 ιι).
2020 5560 2087 5615 Et

488 5655 683 5709 iterum
716 5651 783 5706 ad
814 5650 995 5705 Titum
1031 5670 1041 5703 :
1070 5651 1247 5725 Hujus
1276 5654 1351 5707 rei
1397 5653 1567 5723 gratia
1598 5654 1779 5723 reliqui
1823 5662 1869 5706 te
1898 5652 2083 5719 Creta’,

490 5758 542 5799 ut
590 5763 650 5799 ea
677 5760 789 5810 qua:
822 5744 1006 5797 desunt
1034 5745 1285 5815 corrigas,
1330 5752 1376 5797 ct
1433 5746 1712 5800 constituas
1740 5762 1830 5813 per
1856 5745 2086 5799 civitates

490 5841 837 5907 oresbyteros,
871 5839 1004 5892 sicut
1031 5852 1124 5909 ego
1152 5838 1236 5892 tibi
1266 5838 1514 5907 disposui.
1569 5839 1701 5897 Dum
1734 5838 1846 5913 ista
1904 5839 1983 5895 sic
2029 5838 2082 5893 in

2190 4742 2303 4793 me;
2325 4723 2516 4789 nudus,
2548 4732 2593 4777 et
2625 4720 2897 4790 operuistis
2924 4734 3033 4782 me;
3058 4715 3294 4783 inﬁrmus
3334 4721 3383 4766 et
3410 4713 3463 4765 in
3486 4727 3713 4778 carcere,
3736 4719 3783 4763 et

2188 4818 2397 4874 uenistis
2419 4815 2487 4869 ad
2518 4831 2597 4868 me
2616 4812 2830 4885 (Matth.
2859 4808 3005 4879 xxv).
3033 4810 3087 4862 In
3124 4806 3271 4861 mille
3299 4812 3475 4859 autem
3510 4803 3781 4873 argenteis

2189 4908 2471 4981 plenitudo
2504 4907 2668 4962 totius
2699 4901 3149 4961 remunerationis
3179 4897 3499 4966 ostenditur,
3536 4909 3592 4953 et
3639 4912 3780 4953 mer-

2189 5015 2280 5057 ces
2314 5007 2687 5056 consummata
2714 4997 3006 5066 iustorum.

2261 5112 2419 5168 Num.
2452 5112 2578 5168 196.
2635 5109 2801 5163 Vinea
2854 5125 2968 5163 mea
3015 5123 3190 5163 coram
3216 5123 3296 5163 me
3346 5115 3440 5161 est.
3470 5104 3780 5163 Secundum

2188 5206 2333 5278 quod
2364 5207 2417 5261 in
2448 5202 2676 5260 Psalmis
2709 5204 2957 5258 canitur:
2990 5200 3141 5257 Oculi
3171 5202 3380 5256 Domini
3407 5218 3566 5272 super
3581 5205 3779 5274 justas.

2188 5308 2237 5354 et
2259 5314 2410 5352 aures
2445 5298 2555 5372 ejus
2584 5298 2638 5350 in
2691 5311 2866 5367 preces
2911 5310 3108 5349 eorum.
3143 5293 3281 5349 Dicit
3317 5293 3461 5350 enim
3490 5294 3783 5365 Apostolus

2193 5389 2447 5458 Quoniam
2476 5390 2585 5460 ipse
2636 5388 2888 5442 Dominus
2920 5388 2973 5441 in
2995 5393 3152 5459 jussu
3173 5395 3221 5441 et
3250 5386 3304 5440 in
3331 5402 3454 5441 voce
3480 5386 3783 5458 archangeli

2190 5493 2239 5538 et
2264 5485 2314 5538 in
2337 5484 2456 5537 tuba
2489 5481 2581 5535 Dei
2598 5481 2869 5536 descendet
2892 5480 2955 5535 de
2986 5480 3132 5546 creto,
3154 5488 3203 5534 et
3231 5481 3421 5533 mortui
3448 5480 3536 5550 qui
3559 5481 3613 5534 in
3635 5480 3781 5533 Chri-

2190 5588 2266 5633 sto
2287 5587 2402 5633 sunt
2422 5587 2684 5646 resurgent
2716 5577 2889 5647 primi,
2913 5575 3098 5630 deinde
3117 5591 3210 5629 nos
3232 5576 3322 5640 qui
3346 5575 3580 5640 vivimus,
3596 5574 3685 5646 qui
3710 5591 3783 5628 re-

2190 5672 2490 5739 linquimur,
2515 5671 2670 5724 simul
2697 5672 2960 5739 rapientur
2980 5683 3097 5721 cum
3122 5667 3225 5721 illis
3253 5668 3451 5722 obviam
3480 5666 3705 5722 Domino
3729 5668 3783 5722 in

2190 5779 2332 5825 aera,
2357 5775 2402 5818 ct
2428 5764 2502 5818 sic
2533 5779 2728 5835 semper
2759 5780 2877 5817 cum
2925 5761 3147 5818 Domino
3172 5763 3365 5816 erimus
3386 5762 3435 5834 (l
3468 5759 3647 5816 Thess.
3680 5758 3780 5829 ιν).

2192 5856 2357 5927 Igitur
2379 5857 2502 5928 quia
2543 5871 2762 5927 semper
2794 5864 2913 5929 post
2952 5856 3411 5914 resurrectionem
3449 5855 3618 5913 sancti
3652 5866 3775 5910 cum
