4078 6440
329 437 431 499 595
1343 422 1800 489 VIVENTIOLUS
1839 419 2054 481 EPISC.
2097 414 2593 479 LUGDUNENSIS.
3505 404 3614 468 994-

329 556 558 615 Domino
583 564 731 627 sunt,
757 550 958 612 idcirco
998 548 1264 609 Dominus
1311 547 1463 614 dicit,
1503 546 1665 602 Vinea
1692 561 1803 600 mea
1833 558 1917 597 co-
1946 543 2001 603 A
2024 556 2108 596 vos
2136 557 2324 605 servos,
2355 541 2446 595 sed
2491 538 2688 592 amicos
2716 534 2904 606 (Joan.
2938 533 3104 604 xxv);
3133 538 3190 587 et
3230 530 3429 587 iterum
3460 547 3473 583 :
3513 528 3615 594 Qui

330 665 442 722 ram
466 664 546 703 me
566 655 662 703 est.
2028 637 2176 693 habet
2207 651 2449 707 sponsam
2478 649 2695 705 sponsus
2724 639 2818 697 est,
2865 628 3062 683 amicus
3097 635 3268 682 autem
3291 625 3496 696 sponsi,
3527 623 3617 694 qui

397 715 554 800 i‘ium.
578 741 704 800 197.
734 739 884 796 Mille
925 739 1002 795 tui
1025 737 1232 811 paciﬁci
1255 747 1305 791 et
1336 733 1545 788 ducenti
1578 733 1675 787 his.
1702 729 1916 785 Duode-
2021 732 2195 786 statim
2219 730 2367 784 audit
2390 745 2527 796 eum,
2558 728 2750 799 gaudio
2774 726 2964 797 gaudet
2994 730 3205 794 propter
3231 735 3405 776 vocem
3440 715 3619 788 sponsi

331 840 432 896 cim
461 839 660 910 quippe
687 836 736 893 si
783 852 878 906 per
913 845 1196 892 centenum
1239 846 1524 887 numerum
1570 827 1917 898 amplicntur,
2024 824 2206 897 (Joan.
2242 821 2345 890 ιιι).
2374 819 2484 874 Fac
2510 835 2586 872 me
2608 820 2788 873 audire
2811 832 2983 871 vocem
3031 824 3170 868 tuam
3205 812 3394 866 :illam
3424 810 3614 878 utique

332 934 473 988 mille
503 931 765 987 ducentos
784 903 1078 993 efﬁciunt;
1133 927 1223 998 qui
1273 939 1530 980 numerus
1573 922 1754 992 utique
1791 935 1921 990 apo-
2024 933 2183 988 quam
2209 912 2626 972 remunerandis
2656 911 2903 966 ﬁdelibus
2925 909 3060 964 dicis
3093 925 3108 964 :
3143 907 3309 978 Euge,
3333 920 3469 959 serve
3493 903 3622 956 bone

332 1023 534 1079 stoliris
558 1023 711 1089 viris,
744 1023 832 1093 qui
855 1038 919 1079 ex
949 1023 1027 1077 eis
1066 994 1415 1090 spiritualiter
1439 1033 1534 1088 per
1566 1014 1920 1084 Evangelium
2025 1018 2073 1062 et
2101 1010 2289 1077 ﬁdelis,
2336 1007 2458 1075 quia
2489 1020 2642 1075 super
2670 1018 2834 1072 pauca
2885 1001 3029 1071 fuisti
3056 999 3244 1068 ﬁdelis,
3281 1012 3435 1066 super
3460 994 3621 1048 multa

331 1136 382 1172 ιιι
412 1117 627 1173 Christo
668 1127 795 1172 sunt
818 1114 1009 1187 geniti,
1041 1113 1316 1178 convenit,
1363 1111 1451 1182 qui
1478 1110 1532 1164 in
1561 1123 1770 1164 summa
1800 1122 1922 1176 per-
2028 1115 2074 1158 te
2101 1102 2448 1165 constituam;
2495 1100 2632 1152 intra
2671 1097 2726 1150 in
2755 1094 3004 1166 gaudium
3044 1092 3257 1147 Domini
3289 1093 3361 1145 tui
3395 1088 3614 1161 (Matth.

333 1207 566 1266 lectione
602 1208 898 1277 constituti,
946 1217 1196 1278 tanquam
1245 1205 1336 1261 illa
1383 1214 1526 1260 terra
1570 1203 1792 1271 optima,
1828 1214 1923 1268 per
2027 1197 2241 1265 xxvnt).

324 1322 418 1359 "cn
436 1305 686 1359 “Sim‘m
707 1303 942 1358 {metum
979 1302 1185 1357 “umori
1216 1315 1314 1354 suo
1346 1297 1658 1368 responde"
1694 1295 1756 1349 "i
1790 1309 1923 1364 q‘m‘
2100 1316 2256 1368 Num.
2287 1311 2414 1366 200.
2453 1308 2618 1380 Fuge,
2644 1304 2826 1360 dilecte
2850 1303 2942 1369 nti,
2965 1297 3252 1355 assimilare
3275 1311 3472 1364 caprea:
3504 1293 3620 1346 hin-

325 1412 428 1466 'l'~le
460 1397 689 1468 Ρόείίῖείν
724 1396 777 1451 id
824 1405 904 1452 εει
934 1395 1138 1452 (Πιτίειί
1168 1394 1440 1465 ἀίεοίνυιί,
1476 1393 1668 1448 [nemo
1718 1389 1923 1445 ἀθεθτί·
2028 1408 2255 1477 nuloque
2291 1419 2554 1460 cervorum
2611 1415 2765 1471 super
2812 1404 3006 1451 montes
3033 1399 3342 1447 aromatum.
3367 1387 3468 1454 Qui
3491 1401 3624 1441 con-

324 1492 556 1562 :"mmr'
581 1491 742 1548 Simul
766 1490 891 1562 ("lia
932 1491 1034 1561 iPSi
1061 1490 1320 1546 ΕεθῘθείτθ
1344 1487 1556 1544 fruetus
1585 1485 1918 1551 (δυδίοδίυηίυ
2027 1475 2272 1560 versatus
2294 1514 2354 1555 es
2375 1497 2653 1553 nobiscum
2685 1493 2737 1548 in
2790 1490 2970 1556 terris,
3002 1500 3205 1557 pronus
3237 1482 3522 1552 regredere
3553 1475 3620 1530 ad

327 1585 408 1639 vel
439 1585 610 1642 malos
637 1584 771 1640 foris
800 1583 1057 1640 doctrina:
1086 1597 1199 1638 sua:
1221 1596 1354 1637 voce
1375 1580 1674 1644 deterrent,
1699 1576 1784 1631 vel
1811 1575 1925 1630 suis
2031 1609 2281 1665 superna}
2327 1592 2523 1660 Sicque
2549 1584 2848 1642 ascendens
2883 1584 2936 1638 in
2964 1578 3220 1643 εχοειεῑε,
3253 1573 3343 1645 qui
3372 1584 3515 1627 nunc
3544 1580 3627 1639 ap-

337 1678 692 1744 orationibus,
743 1676 810 1732 de
836 1676 1097 1746 improbis
1121 1675 1344 1731 canibus
1374 1682 1431 1730 et
1458 1672 1752 1728 bestiarum
1782 1683 1928 1723 mor-

339 1771 508 1836 sibus,
532 1770 838 1828 Ecclesiam
869 1784 1029 1840 quam
1051 1768 1302 1827 Christus
1329 1764 1606 1838 plantavit,
1643 1761 1926 1819 defensare

341 1880 445 1922 non
472 1875 703 1922 cessant.

2031 1660 2190 1758 pares
2211 1660 2488 1741 obtutibus
2516 1679 2731 1745 carnis,
2761 1676 2948 1731 adesto
2986 1685 3200 1741 semper
3245 1665 3420 1723 oculis
3445 1660 3628 1717 cordis

2031 1755 2091 1836 ut
2117 1791 2165 1836 te
2193 1780 2247 1834 in
2278 1777 2384 1833 ﬁde
2411 1774 2741 1831 retineamus
2767 1783 2924 1840 quem
2946 1773 3165 1836 aspectu
3195 1775 3303 1816 non
3332 1755 3628 1813 cernimus.

2037 1873 2353 1930 Assimilare
2379 1884 2588 1939 caprea:
2623 1864 2958 1933 hinnuloque
2979 1870 3297 1921 cervorum;
3330 1852 3456 1923 quia
3481 1859 3536 1904 tu
3568 1859 3629 1902 es

410 1959 572 2016 Num.
607 1957 731 2015 198.
759 1959 886 2025 Qua:
915 1957 1110 2012 habitas
1138 1957 1193 2011 in
1214 1957 1395 2012 hortis.
1425 1956 1556 2022 Quae
1580 1949 1850 2009 redundas
1877 1950 1933 2005 in
1962 1938 2014 2001 B

2061 1969 2132 2039 lui
2157 1981 2373 2022 carnem
2397 1960 2684 2032 suscepisti
2716 1955 3046 2020 mortalium,
3081 1961 3135 2007 et
3163 1948 3301 2005 saltu
3325 1943 3485 2002 celeri
3513 1955 3629 1996 om-

343 2052 554 2123 populis
584 2052 685 2108 sub
715 2052 862 2108 cultu
905 2051 1131 2123 justitiaa
1173 2048 1504 2113 constitutis,
1552 2044 1636 2102 vel
1669 2044 1932 2100 doctrinae

344 2144 635 2216 Spiritualis
667 2159 807 2215 aqua
835 2159 1052 2214 semper
1081 2143 1320 2213 irriguis.

413 2237 574 2293 Num.
607 2238 730 2294 i99.
753 2238 950 2303 Amice,
969 2237 1226 2303 ausculta,
1269 2237 1354 2305 fac
1382 2251 1461 2290 me
1482 2232 1682 2288 audire.
1716 2227 1850 2285 Dicit
1880 2231 1932 2282 in

345 2329 631 2402 Evangelia
663 2330 919 2386 Dominus
949 2330 1237 2401 discipulis
1281 2328 1393 2384 suis
1425 2344 1440 2382 :
1471 2325 1596 2381 lam
1635 2341 1736 2378 non
1765 2322 1935 2375 dicam

2041 2075 2138 2116 nes
2164 2056 2474 2113 altitudines
2507 2049 2883 2109 transcendisti
2916 2049 3200 2102 caelorum.
3239 2040 3410 2104 Super
3432 2041 3630 2088 montes

2042 2163 2354 2216 aromatum,
2387 2146 2654 2206 excelsior
2696 2143 2935 2199 existens
2965 2152 3129 2208 super
3161 2146 3377 2191 omnem
3403 2124 3629 2200 gloriam

2043 2248 2376 2319 angelorum.

348 2494 3632 2566 ____________________________.._________—————-

1673 2661 1838 2708 ANNO
1880 2656 2110 2704 DOMINI
2158 2655 2242 2696 DX
2254 2652 2310 2694 L.

1159 2815 2784 3004 VIVENTIOLUS

880 3108 1795 3228 EPISCOPUS
1903 3040 3092 3206 LUGDUNENSIS.

1690 3404 1965 3464 NOTITIA
2003 3395 2322 3458 FABRICII.

433 3580 786 3649 Viventiolus,

359 3692 442 3734 an.
464 3677 587 3746 516,
607 3675 703 3731 fuit
724 3675 1003 3744 episcopus
1015 3668 1408 3742 Lugdunensis.
1437 3660 1949 3733 Scripsitquazdam,

359 3787 422 3826 ex
456 3771 642 3841 quibus
672 3785 803 3824 vero
830 3767 965 3822 nihil
995 3773 1263 3836 superest,
1313 3761 1416 3816 nisi
1446 3756 1680 3830 Epistola
1709 3770 1815 3809 una
1843 3767 1951 3807 non

361 3880 566 3935 magna:
613 3863 787 3927 molis,
840 3860 905 3914 ad
938 3858 1204 3914 Alcimum
1233 3857 1466 3920 Avitum,
1520 3853 1658 3905 inter
1699 3846 1956 3916 epistolas

363 3956 521 4026 hujus
550 3971 604 4010 n.
626 3954 726 4020 59;
761 3951 1134 4022 Fragmentum
1157 3947 1416 4004 orationis
1442 3945 1495 3998 in
1522 3940 1747 3998 concilio
1776 3940 1958 4006 Agau-

840 3579 895 3635 in
927 3574 1256 3635 monasterio
1302 3565 1622 3627 Cordatensi
1661 3563 1938 3629 educatus,
1975 3540 2022 3606 ο
2055 3557 2206 3614 nensi
2263 3571 2352 3610 an.
2388 3551 2516 3623 517,
2568 3549 2623 3606 in
2670 3546 2924 3604 Conciliis
2955 3543 3155 3600 Labbei
3197 3549 3327 3598 tom.
3374 3537 3475 3607 ιν,
3524 3551 3646 3608 pag.

2061 3653 2234 3719 i559;
2277 3660 2332 3707 et
2373 3646 2642 3704 Tractoria
2672 3642 2907 3712 Epistula
2951 3639 3016 3696 ad
3048 3639 3331 3709 episcopos
3361 3628 3650 3703 provincia!

2061 3766 2196 3817 suae,
2223 3759 2278 3803 ut
2307 3747 2373 3802 ad
2400 3744 2664 3816 synodum
2685 3741 3078 3810 Epaonensem,
3125 3749 3212 3786 an.
3237 3732 3364 3800 517,
3411 3726 3651 3817 veniant,

2063 3813 2204 3912 apud
2233 3813 2566 3895 Hardui'num
2611 3843 2756 3887 tomo
2798 3827 3251 3890 llConciliorum,
3306 3833 3428 3890 pag.
3489 3813 3648 3869 i046.

2065 3905 2201 3988 adde
2217 3930 2503 3987 Historiam
2537 3925 2723 3981 Gallias
2752 3924 3085 3986 litterariam,
3118 3925 3263 3972 tomo
3293 3913 3380 3982 Ill,
3414 3926 3535 3983 pag.
3559 3905 3650 3965 94.

367 4140 3652 4218 ____________________________________——

1041 4320 1985 4436 VIVENTIOLI
2117 4304 3009 4421 EPISTOLZE.

865 4641 1200 4700 EPISTOLA
1243 4636 1458 4695 PRIMA

1001 4755 1066 4792 ΑΙ)
1110 4752 1328 4792 Ανιτυιί.

373 4843 569 4914 (Quam
596 4836 776 4911 legesis
800 4834 933 4888 inter
962 4831 1296 4970 ορεηέξὲἠςὶ,
1327 4827 1532 4884 Patrol.
1558 4836 1684 4883 tam.
1707 4824 1846 4892 LIX,
1864 4823 1966 4880 col.

948 4991 1285 5049 EPISTULA
1333 4989 1398 5044 ll.

605 5114 673 5152 AD
711 5105 990 5150 EPISCOPOS
1029 5101 1320 5142 PROVINCIE
1360 5093 1736 5141 LUGDUNENSIS.

380 5195 643 5251 Tractoria
671 5200 696 5228 α
723 5190 938 5262 epistola
963 5183 1238 5262 Viventioli
1273 5180 1634 5262 Lugdunensis
1656 5172 1880 5262 episwpi
1902 5175 1969 5227 ad

450 5246 713 5335 episcopos
750 5246 1025 5332 provincia:
1058 5246 1435 5329 Lugdunensis,
1497 5259 1553 5306 ut
1601 5246 1966 5320 ad'synodum

446 5340 646 5393 veniant
673 5335 1042 5405 Epaonensem.

452 5428 693 5484 Dominis
744 5424 1104 5482 devotissimis
1136 5421 1392 5476 fratribus
1433 5425 1488 5474 et
1514 5413 1802 5486 episcopis,
1854 5411 1978 5466 uni-

380 5524 548 5576 versis
577 5521 807 5585 clericis,
853 5515 1129 5572 honoratis
1160 5528 1224 5569 ac
1259 5509 1663 5582 possessoribus
1714 5503 1973 5561 territorii

383 5613 572 5678 nostri,
605 5597 936 5668 Viventiolus
967 5608 1251 5680 episcopus
1279 5605 1533 5661 salutem.

456 5826 482 5854 ι
511 5814 658 5870 Nunc
702 5817 928 5884 primum
964 5812 1155 5884 prodit
1190 5825 1253 5867 ex
1277 5823 1384 5884 ms__.
1422 5806 1606 5884 codice
1627 5800 1977 5884 Bibliotheca:

383 5888 488 5945 PP.
513 5873 1015 5957 Augusiinianoruin
1042 5888 1090 5938 in
1113 5883 1327 5957 civitate
1343 5876 1696 5957 Tolosana__ad
1728 5889 1826 5929 nos
1851 5873 2004 5957 inde

383 5946 698 6018 transmisso
724 5955 1013 6022 exemplari
1042 5970 1142 6022 per
1174 5955 1233 6010 It.
1270 5955 1325 6008 P.
1355 5954 1568 6009 Petrum
1603 5948 1853 6004 Rocaues.
1877 5946 1980 6001 So-

1983 4637 2041 4701 D
2141 4633 2486 4704 Disciplinam
2514 4631 2736 4687 fratrum
2768 4629 3108 4699 ﬁliorumque
3139 4633 3468 4690 nostrorum,
3511 4635 3664 4694 atque

2073 4745 2103 4785 a
2128 4731 2333 4786 cunctis
2363 4725 2736 4784 sacerdotibus
2762 4732 2974 4793 oportet
3002 4721 3202 4791 optari;
3235 4719 3330 4775 sed
3357 4720 3404 4774 si
3434 4717 3563 4789 quid
3599 4716 3666 4772 ab

2074 4819 2515 4878 honoratioribus
2534 4816 2744 4874 clericis
2769 4815 2872 4871 tale
2892 4813 3262 4876 committitur,
3288 4808 3427 4880 quod
3448 4808 3664 4878 dignum

2075 4917 2444 4986 increpatione
2469 4913 2680 4983 publica
2705 4919 3015 4976 censeatur;
3047 4903 3282 4964 rectinsb
3305 4898 3668 4971 castigationis

2075 5018 2329 5081 arguatur
2360 5021 2518 5078 quam
2549 5007 2764 5061 silentio
2791 5005 3078 5059 nutriatur.
3133 4998 3283 5054 Sicut
3321 5005 3497 5049 autem
3527 4989 3668 5045 istud

2077 5102 2306 5172 simplex
2331 5109 2491 5171 atque
2512 5108 2718 5154 rectum
2749 5106 2851 5163 est,
2877 5097 2954 5151 sic
2990 5097 3417 5150 commentorum
3450 5083 3667 5140 oblocu-

2084 5192 2320 5249 tionibus
2349 5199 2404 5247 et
2428 5198 2555 5246 voto
2590 5188 2812 5259 trepida:
2859 5179 3299 5239 murmurationis
3326 5175 3670 5233 oﬂ‘endimur.

2081 5287 2267 5356 Itaque
2304 5299 2374 5340 ne
2415 5283 2534 5354 quis
2563 5296 2662 5336 nos
2692 5287 2842 5349 putet
2871 5284 3069 5331 nostrae
3110 5271 3347 5327 facilitati
3389 5278 3480 5323 aut
3509 5264 3661 5336 negliv

2080 5381 2275 5453 gentia:
2307 5380 2360 5433 in
2392 5378 2570 5447 aliquo
2602 5374 2843 5444 praabere
2869 5381 3214 5431 consensum,
3267 5361 3521 5434 praesenti
3552 5372 3670 5429 pro-

2083 5474 2370 5531 testatione
2399 5469 2657 5528 denuntio
2673 5473 2996 5523 conventum
3027 5461 3403 5532 episcoporum
3436 5454 3674 5510 omnium

2083 5570 2248 5628 sortis
2277 5577 2499 5632 nostrae,
2544 5563 2688 5620 circa
2713 5557 3052 5630 Septembris
3081 5553 3291 5611 mensis
3337 5548 3571 5616 initium,
3623 5544 3675 5599 in

2230 5806 2294 5843 llS
2323 5805 2471 5843 JeSU.

2230 5806 2239 5843 l
2392 5805 2410 5818 ‘
2457 5827 2471 5841 .

2086 5790 2584 5927 cneliaii‘ldrigbdleest,
2615 5856 2816 5923 aculeo,
2847 5853 2933 5911 vel
2953 5851 3172 5924 aliquod
3201 5847 3426 5908 verbum
3449 5842 3645 5901 simile;
