4078 6440
516 387 629 452 995

525 526 828 604 Epaoucmi
909 520 1144 597 parmoia
1199 534 1324 577 mox
1376 519 1618 575 iuturqu
1658 534 1671 570 :
1722 517 1812 573 ubi
1865 514 2062 571 clerico

524 633 685 695 prout
711 618 949 692 expedit,
996 616 1293 673 convenire
1341 612 1741 681 compellimus,
1800 610 1966 665 laicos
1994 621 2115 676 per-

524 714 789 772 mittimus
806 712 1099 767 interesse:
1148 717 1206 765 ut
1231 722 1350 778 quae
1379 721 1411 760 a
1437 704 1568 761 solis
1595 702 1929 773 pontiﬁcibus
1972 698 2115 756 ordi-

522 808 703 865 nanda
730 817 874 871 sunt,
901 815 954 861 et
980 804 1208 874 populus
1237 801 1406 872 possit
1424 813 1737 871 agnoscere,
1765 797 1831 853 Et
1860 796 1982 867 quia
2001 795 2118 864 jus-

525 911 637 957 tum
664 909 827 956 estut
856 914 1043 954 omnes
1059 897 1309 953 catholici
1333 895 1563 951 clericos
1590 893 1744 947 bona:
1766 892 1889 945 vita:
1913 889 2113 943 habere

535 994 883 1060 desiderent;
960 987 1389 1062 reprehendendi
1438 987 1580 1057 quod
1641 985 1865 1055 quisque
1914 979 2127 1037 noverit

526 1090 729 1146 aditum
772 1086 1020 1143 omnibus
1081 1084 1373 1155 aperimus.
1435 1080 1621 1135 Pateat
1665 1076 1871 1131 cunctis
1936 1082 2125 1128 contra

528 1199 689 1255 quem
718 1181 945 1238 voluerit
966 1178 1181 1234 licentia
1207 1173 1568 1246 proponendi;
1592 1170 1841 1241 iurgandi
1857 1174 2123 1237 potestate

527 1272 952 1340 laxata,desinat
972 1271 1025 1326 in
1046 1278 1291 1325 votorum
1315 1262 1550 1337 nequitia
1565 1277 1808 1318 murmur
1828 1258 2118 1315 occultum.

530 1366 788 1428 Studebit
844 1374 1024 1421 tamen
1075 1361 1305 1435 probare
1344 1357 1487 1430 quod
1512 1354 1763 1412 detulerit
1806 1358 2118 1411 accusator;

1708 374 2088 437 TROJANUS.
2128 404 2197 420 -—
2234 368 2646 431 PONTIANUS.

2065 527 2111 580 ς,
2143 494 2198 557 Α
2223 506 2322 547 nec
2352 500 2499 561 putet
2532 488 2773 561 quisquis
2805 480 3029 540 forsitan
3073 486 3221 539 recte
3252 480 3498 534 viventes
3538 484 3655 531 tuto
3693 476 3815 529 ina-

3708 359 3816 419 996

2224 585 2381 639 nibus
2411 573 3081 636 mendaciisinlamandos.
3116 572 3285 626 Nemo
3316 570 3420 625 nisi
3452 567 3596 637 quod
3616 566 3818 623 docere

2225 679 2393 750 possit
2412 676 2658 748 objiciat;
2694 669 3071 727 verecundiam
3101 680 3261 737 quam
3289 664 3460 719 virtus
3489 662 3682 716 timere
3722 660 3823 715 de-

2223 779 2395 843 bebit,
2424 774 2697 829 convictor
2726 767 2939 842 [Forte,
2978 757 3343 833 conviciator]
3362 758 3633 827 excipiet;
3689 758 3824 811 utri-

2223 888 2326 944 que
2355 880 2526 926 status
2576 863 2709 936 parti
2741 871 2796 918 et
2844 856 3094 914 audiendi
3138 853 3394 924 patientia
3446 861 3499 906 et
3546 849 3824 920 indit-andi

2225 968 2475 1038 aequitate
2504 960 2803 1034 prasinissa.
2835 954 3093 1009 Dominus
3119 964 3215 1005 vos
3242 945 3517 1003 custodire
3547 945 3824 1014 dignetur,

2230 1066 2283 1120 in
2312 1061 2527 1117 Christo
2556 1052 2882 1125 suscipiendi
2913 1048 3105 1105 fratres
3137 1055 3192 1101 et
3224 1044 3338 1099 lilii.
3384 1038 3672 1109 Proposita
3699 1045 3829 1091 sunt

2232 1158 2318 1214 die
2349 1172 2398 1211 iV
2430 1154 2549 1208 idus
2594 1148 2793 1206 mensis
2821 1143 3021 1218 quarti,
3058 1143 3299 1212 Agapeto
3356 1132 3587 1191 consule
3642 1130 3831 1199 (Anno

2230 1248 2422 1308 Christi
2445 1244 2548 1302 517
2564 1244 2609 1317 ).

535 1498 3827 1590 ___________________________.__..______

1856 1688 2028 1739 anno
2067 1667 2299 1733 nonius
2339 1677 2493 1723 υιι..

1499 1802 2893 2013 TROJANUS“,

1313 2111 2020 2231 EPISCOPUS
2101 2084 3054 2211 SANTONENSIS.

1934 2309 2417 2342 ______...._......

994 2464 1330 2527 EPISTULA
1372 2462 1662 2522 TROJANI

769 2600 836 2643 AD
867 2597 1140 2640 EUIIBIUI
1168 2593 1458 2637 EPISGOPUI
1486 2586 1896 2633 NAINITENSEI.

719 2701 798 2759 De
821 2716 979 2773 puero
1001 2697 1088 2769 qui
1118 2713 1187 2752 an
1214 2694 1500 2765 baptizatus
1522 2697 1650 2745 esset
1673 2682 1944 2743 nesciebat.

606 2819 814 2874 Domno
861 2828 1077 2886 semper
1105 2826 1203 2870 suo
1227 2809 1481 2867 Eumerio
1506 2805 1537 2847 ι»
1576 2806 1834 2878 episcopo
1859 2797 2126 2871 Troianas

533 2909 843 2982 episcopus.

607 3000 979 3059 Delerentibus
1037 2996 1383 3067 diaconibus,
1428 3008 1563 3064 quos
1628 2989 1696 3046 ad
1764 2985 2124 3043 humilitatem

535 3112 711 3156 meam
739 3095 983 3161 misistis,
1030 3091 1235 3149 litteras
1262 3098 1458 3146 vestrae
1487 3083 1784 3142 sanctitatis
1812 3078 2016 3150 accepi,
2068 3076 2124 3133 iu

533 3188 727 3259 quibus
748 3184 1027 3243 consulitis
1058 3184 1125 3239 de
1153 3181 1384 3253 quodam
1405 3190 1573 3250 puero
1596 3176 1689 3247 qui
1728 3174 1937 3231 nescire
1957 3184 2018 3226 se
2044 3167 2124 3225 di-

533 3282 611 3338 cit
636 3280 681 3336 si
709 3279 867 3335 fuerit
889 3277 1213 3348 baptizatus,
1247 3274 1350 3329 nisi
1381 3272 1483 3328 hoc
1514 3279 1724 3327 tantum
1753 3266 1944 3325 recolit
1974 3260 2121 3335 quod

534 3373 604 3432 de
634 3373 801 3429 linteo
845 3378 1005 3442 caput
1044 3369 1231 3425 habuit
1260 3366 1588 3432 involutum;
1636 3363 1780 3436 quod
1810 3362 2121 3433 frequenter

600 3541 636 3577 Α
662 3531 811 3589 Hanc
836 3545 965 3587 vero
1010 3529 1211 3586 habent
1239 3527 1453 3586 codices
1478 3540 1584 3581 non
1624 3523 1809 3595 pauci,
1863 3520 1957 3577 sed
2004 3519 2125 3577 sine

533 3603 840 3663 nominibus
886 3601 1185 3658 civitatum.
1234 3600 1415 3669 Itaque
1470 3613 1535 3669 εξ
1580 3592 1890 3669 cenjectura
1938 3598 2120 3647 nostra

537 3674 901 3746 supplevimus
929 3692 940 3727 :
974 3686 1094 3746 qua:
1115 3673 1158 3727 si
1190 3664 1448 3746 vcra'est,
1477 3664 1771 3746 Troianum
1786 3664 2117 3746 Episcopum

533 3734 950 3809 Saii'tonensem,
992 3734 1062 3799 de
1106 3759 1214 3815 quo
1258 3734 1449 3815 scribit
1468 3734 1764 3815 Gregorius
1786 3734 2120 3815 Turonensis

531 3816 601 3900 de
622 3817 803 3875 Gloria
841 3806 1213 3875 confessoriun
1248 3829 1366 3886 cap.
1397 3813 1488 3881 59,
1534 3806 1621 3867 his
1656 3806 1985 3881 temporibus
2021 3806 2120 3861 llo-

2158 2410 2208 2470 Β
2234 2394 2634 2458 inﬁrmantibus
2663 2397 2785 2464 post
2813 2386 3056 2444 dolorem
3098 2380 3217 2439 ﬁeri
3242 2378 3402 2446 solet,
3447 2393 3518 2435 ne
3558 2390 3722 2448 caput
3749 2379 3817 2435 al-

2234 2502 2378 2567 gent,
2402 2499 2461 2548 et
2487 2486 2783 2547 recidivam
2824 2482 3087 2538 incurrat.
3118 2476 3214 2533 His
3240 2477 3420 2547 itaque
3450 2474 3621 2531 reddo
3640 2473 3696 2530 in
3723 2474 3820 2530 Do-

2235 2566 2386 2645 mino
2406 2582 2602 2639 debitae
2625 2574 2965 2636 salutationis
2994 2570 3265 2635 ofﬁcium;
3293 2578 3345 2624 et
3375 2566 3516 2639 quod
3554 2581 3586 2620 a
3609 2566 3817 2636 majori-

2236 2682 2337 2738 bus
2368 2674 2567 2735 nostris
2595 2680 2851 2729 statutum
2887 2674 2972 2724 est
3000 2664 3366 2722 indubitanter
3409 2659 3657 2730 judicare
3684 2674 3820 2729 prc-

2220 2788 2407 2835 sumo.
2442 2771 2709 2828 Statutum
2739 2761 2955 2820 noveris
2986 2768 3045 2815 ut
3081 2758 3385 2829 quicunque
3410 2768 3472 2809 se
3500 2753 3822 2822 baptizatum

2231 2866 2399 2924 fuisse
2444 2877 2556 2920 non
2605 2857 2814 2925 accolit,
2856 2869 2961 2919 nec
3004 2852 3073 2908 ab
3114 2851 3218 2906 alia
3259 2862 3491 2920 persona
3530 2847 3585 2901 id
3628 2846 3823 2901 factum

2231 2957 2400 3013 fuisse
2446 2953 2729 3025 probatur,
2793 2945 3119 3017 baptismum
3167 2942 3369 3011 absque
3424 2939 3532 2995 ulla
3572 2938 3825 2994 dilatione

2230 3048 2521 3121 percipiat;
2555 3060 2624 3100 ne
2651 3058 2680 3097 a
2705 3039 2861 3097 nobis
2897 3038 3041 3093 illius
3068 3034 3270 3100 anima,
3302 3034 3399 3089 sia
3429 3032 3716 3103 baptizatis
3739 3046 3819 3087 se-

2230 3147 2413 3212 parata
2434 3136 2615 3203 fuerit,
2646 3134 2948 3205 requiratur
2970 3127 3071 3201 (5.
3101 3125 3207 3189 Leo
3228 3123 3267 3189 ,1
3296 3141 3451 3198 papa,
3487 3141 3569 3195 ep.
3614 3123 3685 3177 ad
3716 3124 3819 3178 Ru-

2226 3232 2409 3290 sticum
2425 3246 2539 3298 cap.
2561 3228 2675 3299 16‘).
2696 3227 2802 3283 Ora
2823 3238 2921 3296 pro
2933 3222 3112 3290 nobis,
3126 3219 3324 3276 domne
3336 3218 3528 3275 merito
3548 3216 3603 3273 in
3618 3215 3823 3273 Christo

2230 3321 2558 3380 beatissime.

2229 3519 2410 3579 ruisse
2450 3516 2737 3574 dicendum
2789 3520 2894 3573 est.
2921 3511 2998 3567 De
3028 3509 3281 3565 Eumerio
3310 3508 3453 3564 enim
3482 3506 3817 3579 Namnetensi

2231 3575 2444 3651 constat
2494 3603 2562 3646 ex
2614 3581 3098 3656 subscriptionibus
3124 3592 3281 3656 conc.
3316 3575 3721 3656 igurelianensis
3748 3594 3815 3631 iv.

3165 3652 3285 3709 Jac.
3320 3651 3647 3709 Smrosaus.

2270 3734 2661 3863 goEvemerus
2688 3728 2886 3788 dicitur
2913 3726 3208 3787 Fortunato
3236 3722 3329 3789 Ν,
3352 3741 3397 3795 ι,
3426 3727 3482 3781 in
3510 3722 3623 3795 ejus
3644 3720 3817 3791 epita-

2232 3822 2383 3876 puto.

536 3963 3799 4005 MM

1876 4114 2044 4160 ANNO
2078 4110 2308 4161 DOMIM
2350 4110 2482 4155 DXL
2499 4136 2505 4155 ι

1498 4258 2857 4431 PONTIANUS

1398 4536 2102 4653 EPISCOPUS
2180 4528 2961 4641 AFRICANUS.

824 4848 1153 4917 EPISTOLA
1184 4852 1505 4911 romam
1539 4830 1850 4914 sciscam

896 4990 966 5039 ΑΒ
984 4986 1333 5030 ιυετιΝιΑΝωι
1361 4987 1758 5033 IMPERATOREI.

1059 5086 1141 5145 De
1164 5087 1325 5144 tribus
1353 5089 1616 5159 capitulis.

605 5203 1035 5263 Clementissimo
1063 5210 1225 5274 atque
1252 5202 1496 5274 piissimo
1529 5203 1642 5259 lilio
1667 5204 1970 5264 Justiniano
2013 5206 2118 5263 im-

534 5301 768 5356 peratori
793 5298 1087 5355 Pontianus
1109 5297 1396 5369 episcopus
1421 5298 1475 5352 in
1503 5297 1731 5354 Domino
1756 5299 2009 5355 salutem.

2160 4851 2207 4916 C
2240 4848 2448 4920 perium
2469 4844 2612 4917 juste
2656 4844 2907 4903 vivendo.
2946 4844 3207 4921 Dignatus
3236 4860 3296 4904 es
3351 4860 3453 4905 nos
3478 4848 3536 4904 in
3569 4848 3824 4906 Africanis

2227 4939 2470 5013 partibus
2537 4948 2936 4999 commorantes
2994 4939 3190 4999 litteris
3231 4940 3548 5010 admonere,
3619 4945 3825 5013 qualem

2227 5034 2392 5090 ﬁdem
2423 5041 2606 5088 teneas
2634 5043 2686 5087 et
2709 5031 3367 5104 defendas.Cognovimus
3405 5035 3548 5105 quod
3575 5035 3827 5090 Dominus

2223 5127 2384 5184 beato
2413 5125 2572 5181 Petro
2601 5124 2808 5194 statuit,
2850 5124 3035 5183 dicens
3068 5144 3081 5181 :
3124 5124 3295 5199 Super
3322 5127 3455 5182 hanc
3485 5136 3685 5197 petram
3704 5128 3827 5181 cedi-

2223 5216 2386 5289 ﬁcabo
2413 5214 2700 5273 Ecclesium
2732 5233 2924 5286 meam,
2980 5227 3028 5273 et
3057 5229 3220 5291 porta:
3244 5219 3401 5291 inferi
3437 5236 3542 5275 non
3580 5222 3827 5289 praeele-

2232 5309 2347 5364 bunt
2383 5310 2622 5365 adversus
2666 5327 2805 5379 eam,
2845 5322 2891 5366 et
2920 5311 3011 5367 tibi
3040 5311 3171 5368 dabo
3199 5311 3363 5368 claues
3404 5312 3550 5384 regni
3588 5312 3828 5367 ceterum

604 5388 976 5461 Prlncipaliter
1012 5402 1209 5446 nomen
1240 5390 1309 5446 ab
1349 5391 1484 5461 ipsis
1514 5392 1851 5448 incunabulis
1892 5392 2121 5464 iustitiae

2224 5401 2441 5475 (Matth.
2474 5402 2606 5473 xvr).
2641 5402 2955 5461 Essultavit
2984 5405 3210 5476 spiritus
3235 5415 3444 5475 noster,
3477 5405 3584 5461 hoc
3610 5404 3830 5460 ﬁrmiter

533 5483 845 5554 suscepisti:
902 5483 1440 5554 ctlustns'Dom‘inus
1488 5486 1578 5555 qui
1626 5486 1699 5541 ita
1748 5487 2019 5555 praestitit,
2060 5496 2117 5542 ut

534 5586 730 5629 nomen
759 5584 882 5630 ante
920 5575 1140 5643 iustitia
1166 5576 1437 5645 tribuerit,
1493 5578 1581 5633 cui
1612 5580 1822 5649 imperii
1873 5591 2110 5650 postmo-

533 5663 659 5719 dum
686 5661 1043 5735 gubernacula
1069 5667 1405 5725 contulisset.
1435 5668 1678 5725 Adunata
1709 5680 1792 5725 est
1818 5671 1978 5741 igitur
1998 5688 2121 5744 gra-

2216 5503 2278 5552 te
2298 5496 2536 5565 piissime
2564 5511 2690 5553 esse
2710 5498 3032 5567 imperator,
3058 5499 3204 5568 quod
3225 5498 3518 5569 apostolica
3537 5497 3674 5554 ﬁdes
3699 5512 3829 5567 prae

2224 5587 2392 5655 dicat,
2446 5589 2736 5647 credentes
2785 5592 2930 5662 quod
2960 5608 2991 5647 a
3032 5600 3197 5648 recte
3224 5591 3563 5648 credulitatis
3617 5592 3829 5645 tramite

2233 5692 2339 5733 non
2366 5679 2623 5735 declines.
2666 5679 2851 5738 Talem
2884 5684 3026 5739 enim
3070 5682 3229 5738 decet
3259 5698 3380 5738 esse
3421 5682 3825 5752 imperatorem,

634 5757 903 5863 (amatoris
932 5772 1047 5863 non
1066 5759 1245 5863 solum
1260 5761 1323 5863 in
1350 5764 1585 5863 nomine,
1637 5778 1825 5820 verum
1866 5767 2027 5821 etiam
2064 5775 2118 5821 et
2228 5772 2398 5843 pium,
2442 5773 2669 5843 justum.
2704 5774 2940 5841 ﬁdelem,
2973 5774 3188 5845 qualem
3216 5784 3267 5830 te
3300 5788 3399 5830 nos
3421 5788 3542 5831 esse
3570 5772 3825 5846 cognovi-

531 5852 748 5916 rnerito,
782 5852 942 5920 cultius
978 5852 1091 5909 vita
1124 5852 1361 5910 excitata
1399 5865 1485 5912 est
1536 5856 1870 5927 imperando.
1918 5867 1974 5916 et
2006 5859 2116 5917 im-

2224 5879 2365 5921 mus.
2399 5866 2453 5922 In
2484 5876 2731 5925 extremo
2759 5869 2939 5941 itaque
2964 5869 3211 5942 epistolae
3225 5880 3419 5927 vestrae
3452 5869 3827 5941 cognovimus,
