4078 6440
283 372 389 438 997
1136 380 1198 438 S.
1238 374 1607 441 CESARIUS
1643 375 1861 441 EPISC.
1902 378 2396 443 ARELATENSIS.
2437 380 2736 444 NOTITIA.
3475 382 3582 448 998

284 494 430 567 quod
480 506 579 549 nos
629 506 737 549 non
787 490 1133 553 mediocriter
1178 502 1477 568 remordet,
1544 499 1744 555 debere
1787 514 1885 555 nos
1911 501 2074 564 Anis
2123 503 2347 560 istorum
2396 504 2727 577 Eutycbiana
2777 501 2997 559 [iteratis
3039 503 3317 577 erigatur”
3373 510 3581 567 etdum

286 587 653 655 Theodorum,
684 597 740 643 et
767 589 964 658 scripta
992 590 1321 649 Theodoreti
1348 602 1406 649 et
1446 590 1733 663 epistolam
1779 594 1885 649 llic
1984 599 2206 655 minima
2235 600 2429 655 indicia
2464 615 2568 654 non
2587 602 2913 670 spernimus,
2944 600 3013 654 ad
3036 600 3298 672 majorem
3326 602 3584 662 haeresim

288 681 569 736 damnare.
603 679 806 735 Eorum
854 682 994 738 dicta
1017 684 1084 739 ad
1127 700 1225 741 nos
1247 702 1421 757 usque
1472 702 1615 744 nunc
1664 687 1888 743 minime
1987 692 2442 764 collisionemque
2468 695 2766 749 veniamus.
2790 694 2857 748 Et
2876 694 3005 766 quid
3028 697 3187 751 nobis
3205 710 3327 753 eum
3354 700 3583 756 mortuis

290 772 846 842 pervenerunt.Quod
861 774 974 831 siet
1002 779 1624 853 pervenerint,etaliqua
1652 781 1727 837 ibi
1757 796 1889 852 apo-
1987 787 2126 843 inire
2157 787 2381 853 bellum,
2406 786 2495 841 ubi
2523 787 2668 841 nulla
2703 788 2970 843 invenitur
2998 791 3053 843 in
3078 790 3463 860 congressione
3503 792 3584 846 vi-

286 866 515 972 crypha,
527 963 536 972 .
565 881 684 972 quae
715 877 901 922 contra
925 868 1049 924 fidei
1073 872 1314 972 regulam
1341 872 1487 929 dicta
1509 878 1639 939 sint,
1688 875 1886 944 legeri-
1984 880 2199 936 ctoria?
2226 881 2380 949 Apud
2400 879 2635 949 iudicem
2656 895 2843 935 verum
2863 881 2972 951 jam
2996 891 3310 952 tenentur,a
3336 899 3438 955 quo
3466 886 3588 940 uul-

286 976 440 1028 mus;
466 962 627 1064 .dicta
650 977 933 1032 possumus
963 969 1258 1064 respicere,
1290 986 1395 1025 non
1424 982 1673 1028 auctores
1703 973 1883 1027 dicto-
1990 974 2073 1030 lus
2096 974 2350 1045 appellat.
2389 973 2491 1029 Per
2517 975 2713 1044 ipsum,
2745 975 2799 1029 in
2833 990 2943 1046 quo
2962 992 3059 1032 nos
3086 978 3360 1035 honoratis
3389 991 3442 1035 et
3468 979 3587 1036 dili-

286 1067 407 1107 rum
458 1059 568 1122 jam
610 1064 855 1113 mortuos
898 1059 1161 1130 praecipiti
1213 1062 1665 1120 condemnatione
1726 1064 1883 1119 dam-
1991 1066 2139 1136 gitis,
2171 1066 2539 1134 supplicamus
2565 1066 2907 1122 clementiam
2937 1079 3104 1136 tuam,
3153 1080 3212 1126 ut
3242 1086 3340 1140 pax
3370 1086 3582 1142 perma-

285 1160 440 1202 nsre.
486 1146 637 1215 Quod
697 1148 745 1204 si
791 1150 968 1207 adhuc
1022 1154 1288 1223 viverent,
1330 1166 1386 1211 et
1434 1158 1667 1226 correpti
1727 1170 1883 1213 erro-
1993 1163 2123 1212 neat
2164 1157 2495 1226 temporibus
2523 1161 2647 1223 tuis,
2678 1173 2748 1213 ne
2785 1160 2913 1215 dum
2940 1162 3133 1230 quaeris
3181 1163 3437 1222 damnare
3475 1164 3587 1235 jam

287 1252 403 1293 rem
432 1253 584 1293 suum
608 1254 715 1295 non
758 1241 1206 1315 condemnarent,
1229 1248 1528 1318 justissime
1553 1249 1887 1305 damnaren-
1994 1259 2260 1316 mortuos,
2309 1250 2508 1305 multos
2560 1250 2933 1308 inobedientes
2980 1252 3273 1309 interﬁcias
3313 1255 3484 1322 vivos,
3534 1266 3591 1313 et

288 1338 395 1385 tur.
427 1330 581 1387 Nunc
604 1342 782 1390 autem
810 1336 1004 1405 quibus
1035 1340 1346 1398 recitabitur
1375 1344 1641 1399 sententia
1665 1343 1884 1423 damna-
1998 1345 2196 1401 exinde
2222 1345 2566 1415 compelleris
2616 1345 2847 1402 reddere
2877 1346 3142 1404 rationem
3184 1348 3234 1405 ei
3268 1348 3359 1421 qui
3397 1358 3590 1406 ventu-

288 1423 453 1527 tionis
476 1427 712 1527 nostum?
764 1429 915 1527 Quod
947 1431 1000 1486 in
1031 1433 1112 1488 eis
1133 1435 1495 1506 recorrigatur
1521 1451 1626 1492 non
1650 1446 1751 1491 est.
1780 1435 1890 1491 Sed
2000 1454 2097 1496 rus
2130 1449 2217 1496 est
2239 1438 2481 1509 judicare
2508 1438 2660 1494 vives
2682 1449 2739 1497 et
2767 1450 3026 1498 mortuos.

288 1518 477 1586 timeo,
505 1518 745 1586 piissime
771 1520 1088 1592 imperator,
1117 1539 1187 1580 ne
1208 1526 1314 1581 sub
1337 1527 1563 1583 obtentu
1588 1527 1893 1583 damnatio-

293 1626 3579 1679 Μ

1598 1783 1766 1828 ANNO
1810 1777 2043 1825 DOMINI
2095 1773 2294 1818 DXLII.

581 1820 3241 2169 SANCTU—‘SHCAESABIUS

1015 2280 1787 2409 EPISCOPUS
1874 2267 2878 2392 ARELATENSIS.

1704 2516 1721 2531 Ϊ

1716 2482 2197 2513 w-

726 2598 1006 2661 NOTITIA
1032 2600 1123 2675 (ex
1147 2595 1479 2669 Gallandio.)

375 2698 418 2756 I.
458 2695 732 2753 Caesarius
771 2695 988 2751 natione
1032 2693 1237 2759 Gallus,
1283 2690 1457 2763 patria
1500 2684 1903 2750 Cabilonensis,

1940 2606 1991 2667 Β
2016 2588 2386 2657 episcopatum
2428 2592 2558 2639 Vero
2604 2581 2794 2638 iniisse
2820 2596 2962 2637 anno
3002 2580 3129 2653 503,
3162 2595 3194 2638 e
3248 2578 3385 2638 vivis
3429 2590 3607 2641 autem

2011 2680 2315 2736 excessisse
2353 2692 2496 2734 anno
2542 2674 2670 2732 543.
2724 2677 3068 2733 Eruditorum
3116 2684 3301 2732 tamen
3342 2676 3608 2749 plerique,

180 2869 185 2873 ο
302 2797 509 2865 genere
552 2790 754 2857 clarus,
794 2787 1015 2859 juvenis
1054 2786 1231 2842 adhuc
1269 2784 1370 2841 sub
1412 2783 1610 2840 abbate
1648 2778 1906 2837 Porcario
2008 2770 2255 2873 (Ξοίηιὶιιε
2299 2768 2399 2842 (g),
2455 2767 2796 2825 Mabillonius
2837 2768 2941 2841 (lt),
3000 2767 3193 2840 Pagius
3237 2769 3345 2841 (i),
3397 2769 3608 2827 Bollan-

305 2862 496 2943 il'austi
530 2881 776 2938 Reiensis
800 2894 1113 2936 successore
1139 2877 1495 2934 monasticum
1524 2873 1826 2931 institutum
1853 2870 1907 2927 in
2010 2862 2156 2921 diani
2198 2865 2308 2937 (ᾖ),
2357 2863 2806 2921 Sammartbanus
2834 2864 2912 2936 (Ir)
2960 2862 3199 2934 aliique,
3251 2862 3611 2920 chronotaxin

308 2976 565 3035 coenobio
587 2972 873 3031 Lerinensi
896 2971 1174 3044 professus
1190 2980 1516 3038 est,annum
1536 2982 1701 3039 agens
1723 2960 1906 3036 (8(a).
2013 2964 2173 3044 quam
2218 2957 2379 3013 modo
2429 2949 2832 3027 proposuimus,
2874 2955 3207 3012 retinendam
3243 2956 3612 3024 pronuntiant.

310 3068 415 3139 Qui
441 3070 509 3126 ob
535 3068 660 3125 vitae
682 3042 1053 3123 austeritatem
1083 3064 1326 3135 corporis
1358 3063 1563 3119 viribus
1596 3056 1908 3124 contractis,
2016 3042 2337 3120 Sepulcrum
2367 3051 2540 3106 sancti
2572 3049 2817 3114 Cmsarii,
2852 3059 3130 3120 postquam
3162 3065 3192 3103 a
3222 3048 3510 3105 Saracenis
3534 3048 3616 3104 di-

311 3180 419 3235 quo
447 3161 807 3217 valetudinem
855 3174 1007 3214 suam
1045 3158 1394 3213 conﬁrmaret
1435 3155 1630 3210 missus
1669 3150 1911 3231 Arelate,
2014 3154 2193 3201 rutum
2222 3144 2433 3212 fuisset,
2462 3144 2699 3200 restituit
2734 3142 2931 3199 Paulus
2962 3143 3043 3198 vir
3076 3142 3301 3199 illustris
3331 3156 3476 3197 anno
3515 3140 3618 3197 Do-

310 3226 375 3310 ea
410 3251 467 3309 in‘
492 3251 625 3308 urbe
652 3250 906 3307 Pomerio
945 3246 1077 3306 Afro
1116 3247 1418 3304 clarissimo
1460 3244 1668 3301 rhetori
1712 3226 1911 3297 libera-
2017 3240 2151 3296 mini
2183 3238 2309 3307 875,
2343 3240 2589 3310 apposito
2637 3239 2754 3308 ejus
2803 3232 3101 3309 cpitapbio,
3152 3236 3294 3307 quod
3339 3252 3406 3291 ex
3449 3235 3619 3292 veteri

309 3343 454 3405 libus
481 3344 779 3425 disciplinis
811 3343 1142 3399 excolendus
1174 3340 1406 3397 traditur
1432 3339 1525 3412 (b).
1572 3338 1693 3394 Mox
1736 3345 1914 3391 tamen
2020 3332 2205 3390 Codice
2234 3334 2404 3388 multo
2425 3332 2762 3389 emendatius
2789 3346 2947 3403 quam
2974 3328 3114 3401 apud
3143 3326 3365 3386 Saxium
3394 3336 3450 3386 et
3482 3328 3619 3385 alios

312 3438 616 3495 eruditionis
646 3436 885 3492 humana:
934 3435 1189 3505 ﬁgmentis
1220 3434 1468 3489 nuntium
1511 3430 1819 3497 remittens,
1849 3428 1917 3485 ab
2019 3426 2190 3484 edidit
2216 3425 2559 3483 Mabillonius
2582 3426 2693 3499 (l).
3432 3423 3435 3427 ’

313 3529 490 3589 Eonio
521 3530 785 3602 episcopo
830 3527 1135 3585 Arelatensi
1173 3525 1474 3597 propinquo
1508 3538 1609 3580 suo
1655 3522 1918 3577 diaconus
2097 3518 2163 3575 ll.
2205 3519 2435 3577 Sanctus
2475 3518 2767 3585 Caesarius,
2797 3516 3058 3574 doctrina:
3095 3512 3497 3589 Augustiniauae
3529 3510 3624 3573 ad-

318 3623 554 3696 primum
574 3663 592 3694 ,
647 3620 844 3677 deinde
885 3619 1170 3693 presbyter
1220 3617 1501 3675 ordinatus
1520 3657 1536 3683 ,
1585 3614 1921 3672 monasterio
2023 3611 2382 3680 dictissimus,
2408 3621 2594 3669 contra
2619 3608 2877 3667 Faustum
2902 3608 3175 3681 egregium
3203 3624 3337 3680 opus
3362 3608 3431 3665 de
3459 3608 3626 3679 gratia.

316 3712 511 3803 insulae
563 3714 888 3773 suburbanas
945 3712 1232 3784 praefectus
1282 3710 1497 3782 eligitur
1550 3707 1643 3781 (c).
1711 3706 1922 3764 Mortuo
2022 3714 2081 3766 et
2125 3707 2298 3771 libero
2327 3704 2550 3763 arbitrio
2595 3701 2939 3773 conscripsit,
2974 3700 3116 3771 quod
3162 3699 3397 3772 synodus
3429 3696 3625 3754 Valen-

318 3798 518 3877 Εοῐιίον
548 3808 645 3881 ἐιυῑ
670 3824 791 3865 eum
814 3808 918 3865 Sibi
940 3820 1311 3863 successorem
1334 3810 1636 3875 optaverat,
1672 3799 1925 3857 Ecclesia:
2026 3804 2137 3860 tina
2167 3810 2222 3858 et
2267 3800 2575 3857 Bonifacius
2626 3812 2762 3867 papa
2807 3788 3253 3862 comprobarunt.
3306 3788 3627 3861 Huiusmodi

319 3901 659 3963 Arelatensis
699 3900 937 3971 regimen
995 3898 1196 3953 invitus
1236 3897 1363 3952 licet
1404 3909 1548 3951 anno
1592 3892 1699 3947 50‘2
1743 3906 1928 3947 susce-
2031 3911 2166 3965 opus
2191 3895 2304 3965 jam
2330 3894 2422 3948 diu
2451 3888 2792 3947 intercidisse
2824 3884 3066 3942 nonnulli
3093 3883 3505 3949 existimarunt;
3537 3880 3629 3937 sed

321 3992 526 4069 pit(d).
555 3990 846 4061 Complura
877 3988 1138 4044 virtutum
1166 3987 1399 4057 insignia
1428 3984 1619 4053 edidit,
1647 3983 1926 4053 complura
1960 4002 2009 4070 ρ
2040 3985 2328 4052 immerito,
2361 3992 2419 4039 ut
2467 3990 2694 4039 censent
2732 3977 3084 4036 eruditissimi
3130 3974 3350 4034 Gallica:
3383 3973 3632 4031 Historia:

320 4086 453 4146 item
481 4084 753 4159 patientiae
778 4082 1104 4139 documenta
1136 4077 1442 4151 posteritati
1472 4076 1694 4147 reliquit
1719 4083 1937 4131 sanctus
1984 4069 1991 4070 ί
2041 4077 2317 4135 litterariae
2357 4075 2650 4147 scriptorcs
2690 4071 2787 4146 (m)
2833 4089 2847 4126 :
2894 4084 3019 4126 nam
3048 4085 3113 4126 ex
3154 4077 3373 4125 auctore
3411 4069 3503 4139 qui
3545 4081 3633 4122 can

324 4179 527 4253 praesul
577 4192 747 4248 :quaa
796 4174 1012 4247 quidem
1045 4189 1076 4229 e
1106 4172 1396 4245 Cypriano,
1447 4167 1690 4225 Firmino
1738 4177 1794 4224 et
1843 4166 1938 4223 Vi-
2041 4181 2139 4245 put
2181 4170 2250 4227 86
2289 4169 2361 4226 de
2404 4169 2463 4225 S.
2516 4165 2754 4223 Cassario
2800 4163 3068 4221 Gennadii
3121 4162 3364 4232 catalogo
3413 4160 3637 4217 intexuit

326 4252 515 4333 ventio
538 4271 829 4345 episcOpis,
852 4270 1120 4327 Messiano
1150 4281 1361 4338 quoque
1387 4263 1707 4335 presbytero
1727 4270 1782 4318 et
1819 4261 1941 4318 Ste—
2043 4266 2184 4339 (qua
2212 4264 2282 4321 de
2327 4279 2390 4320 re
2418 4260 2686 4318 Norisium
2716 4258 2794 4332 (η)
2841 4257 3003 4312 adeas
3035 4252 3220 4321 velim)
3250 4259 3463 4309 constat
3503 4264 3638 4321 opus

338 4369 521 4440 phano
567 4366 797 4422 diacono
841 4362 988 4418 illius
1040 4361 1164 4417 Vim
1221 4356 1577 4430 scriploribus
1625 4354 1937 4427 repetenda-
2044 4360 2177 4416 illud
2200 4358 2332 4413 nihil
2354 4356 2498 4412 aliud
2522 4368 2643 4412 esse
2663 4368 2823 4424 quam
2845 4352 2980 4407 Acta
3004 4346 3217 4405 concilii
3240 4345 3553 4403 Arausicani
3574 4359 3634 4400 ιι.

2045 4455 2116 4512 Et
2152 4454 2277 4525 jure
2302 4451 2540 4523 quidem,
2578 4457 2635 4504 ut
2676 4445 2908 4512 videtur,
2942 4444 2987 4499 si
3019 4442 3208 4500 eadem
3252 4441 3385 4497 Acta
3414 4453 3539 4494 cum
3571 4436 3639 4494 iis

2046 4553 2429 4617 comparentur
2472 4556 2592 4614 qum
2632 4541 2795 4596 habet
2839 4538 3071 4609 scriptor
3109 4535 3200 4591 ille
3236 4530 3638 4600 Gennadianus,

2047 4640 2175 4699 dum
2205 4641 2280 4696 ait
2313 4657 2331 4692 ι
2361 4640 2430 4696 de
2458 4637 2630 4710 gratia
2669 4646 2721 4691 et
2751 4633 2924 4689 libero
2950 4630 3175 4687 arbitrio
3210 4625 3504 4684 Caesarium
3529 4623 3643 4681 edi.

2048 4734 2196 4791 disse
2242 4732 2569 4796 testimonia,
2623 4727 2926 4784 divinarum
2975 4722 3377 4793 Scripturarum
3426 4729 3481 4776 et
3522 4732 3644 4774 san-

2047 4842 2259 4888 ctorum
2292 4828 2513 4884 Patrum
2540 4824 2757 4896 iudiciis
2792 4821 3032 4886 munita;
3061 4817 3151 4875 ubi
3182 4818 3343 4873 docet
3371 4813 3644 4869 hominem

334 4450 520 4516 Variis
574 4457 821 4515 conciliis
874 4454 1194 4512 auctoritate
1252 4447 1648 4521 metropolitica
1689 4446 1940 4519 praefuit:

330 4551 647 4626 Agatbensi,
682 4565 825 4607 anno
851 4547 988 4612 506;
1024 4544 1327 4602 Arelatensi
1356 4559 1433 4611 tv,
1470 4555 1612 4598 anno
1638 4538 1779 4607 524;
1806 4537 1945 4595 Car-

333 4643 758 4719 penctoratensi,
800 4656 944 4698 anno
979 4638 1123 4708 527;
1155 4638 1486 4694 Arausicano
1528 4650 1585 4703 ιι,
1616 4646 1760 4688 anno
1799 4630 1939 4698 529;

336 4751 393 4795 et
425 4739 650 4794 Vasensi
679 4752 739 4803 ιι,
789 4734 982 4792 eodem
1027 4747 1171 4788 anno
1214 4731 1506 4788 celebrato.
1563 4726 1805 4797 Denique
1849 4739 1948 4780 au—

340 4832 428 4888 uis
460 4830 529 4885 40
561 4831 616 4884 in
645 4829 959 4898 episcopatu
1004 4825 1235 4893 exactis,
1267 4835 1579 4893 supremum
1625 4819 1769 4874 diem
1815 4816 1947 4873 obiit

342 4920 433 4978 die
463 4919 530 4973 27
565 4917 788 4989 Augusti
818 4930 961 4970 anno
991 4913 1096 4970 54⁸2
1127 4913 1223 4984 (ε),
1256 4928 1377 4968 cum
1412 4924 1611 4965 annum
1641 4915 1825 4978 ageret
1853 4900 1942 4961 75.

342 5008 421 5072 De
452 5010 672 5069 Caesarii
703 5017 865 5064 astate
911 5006 1155 5078 pluribus
1182 5004 1422 5075 disputat
1461 5002 1529 5058 cl.
1561 4999 1803 5056 Norisius
1837 4995 1945 5069 (ί),

342 5104 727 5177 contenditque
775 5111 956 5161 natum
1004 5099 1306 5156 antistitem
1352 5104 1597 5153 nostrum
1642 5106 1787 5149 anno
1817 5090 1946 5157 470,

417 5285 494 5414 ἳα)
534 5282 788 5357 Cyprian.
844 5278 953 5336 Vit.
1003 5275 1207 5334 Cmsar.
1257 5289 1376 5345 cap.
1414 5274 1463 5340 l,
1516 5287 1665 5328 num.
1712 5271 1769 5342 5,
1803 5268 1949 5342 apud

417 5358 591 5414 iland.
619 5362 738 5410 Aet.
766 5350 864 5408 SS.
897 5352 1032 5414 Aug.
1066 5359 1197 5403 tom.
1231 5345 1321 5414 Vl,
1347 5359 1466 5414 pag.
1492 5342 1584 5401 65.

343 5358 591 5419 Bolland.
619 5362 738 5410 Aet.
766 5358 864 5408 SS.
897 5358 1032 5420 Aug.
1066 5359 1197 5403 tom.
1236 5358 1321 5415 VI,
1347 5359 1466 5418 pag.
1492 5358 1584 5401 eo.

415 5430 491 5491 (ὁ)
536 5428 611 5483 ld.
641 5424 801 5491 ibid.,
828 5437 977 5478 num.
1004 5423 1065 5491 8.

441 5490 491 5563 εδ
533 5498 608 5554 Id.
641 5490 799 5563 ibid.,
830 5507 979 5548 num.
1013 5490 1101 5556 i0,
1140 5492 1225 5547 ll.

445 5561 500 5643 ά)
538 5570 615 5643 ld.
652 5561 1029 5643 ibid—cap},
1058 5561 1292 5643 numznl.

446 5624 496 5712 e)’
532 5624 914 5712 Messian._Vit'.
947 5624 1288 5712 Cresar.__lib.
1318 5646 1380 5701 ιι,
1419 5643 1538 5701 cap.
1572 5627 1629 5696 4,
1659 5640 1808 5683 num.
1841 5624 1932 5694 '54,

348 5702 489 5786 apud
520 5709 761 5765 Bolland.
797 5709 834 5762 l.
866 5723 940 5764 c..
974 5721 1095 5774 pag.
1128 5702 1219 5760 85.

424 5784 508 5857 (f)
548 5782 719 5857 Neris.
763 5777 1111 5857 llist.__Pelag.
1158 5778 1251 5832 lib.
1291 5790 1351 5842 tt,
1383 5788 1499 5844 cap.
1542 5770 1633 5839 22,
1668 5785 1791 5841 pag.
1832 5767 1936 5825 5l8

456 5849 703 5908 Cnoviss.
737 5851 864 5905 edit.
896 5849 1092 5903 Veron.

456 5894 471 5908 ι
504 5870 703 5908 “OVISS.
737 5870 864 5905 emt.
904 5870 1092 5903 νει-οη.

348 5870 503 6001 ωδ)
541 5924 715 5982 Coint.
748 5920 940 6003 Annal.
979 5918 1123 5976 Eccl.
1159 5918 1351 5974 Franc.
1384 5926 1511 5972 tom.
1545 5915 1587 5983 Ι,
1622 5928 1738 5985 pag.
1773 5909 1902 5967 6H.

2050 4925 2188 4983 nihil
2226 4922 2296 4979 de
2340 4921 2560 4992 proprio
2596 4918 2725 4975 boni
2762 4932 2920 4989 agere
2958 4927 3135 4985 posse,
3167 4910 3270 4966 nisi
3300 4924 3424 4965 eum
3465 4907 3644 4969 divina

2050 5015 2219 5088 gratia
2250 5011 2597 5083 praevenerit.
2635 5027 2654 5061 ι
2690 5007 2954 5063 Plurimae
2992 5011 3252 5074 praeterea
3292 4996 3511 5067 scripsit
3547 4996 3646 5050 ho-

2051 5086 2228 5166 milias
2252 5113 2472 5162 sanctus
2499 5103 2680 5167 Pater,
2717 5115 2838 5173 qua:
2867 5098 2978 5155 lere
3015 5106 3226 5163 omnes,
3258 5098 3319 5147 ut
3344 5090 3419 5145 ait
3456 5086 3645 5145 Mabil-

2126 5265 2223 5339 (In),
2245 5265 2521 5339 Mabillon.
2557 5262 2749 5318 Annal.
2782 5255 2990 5339 Bened_.
3034 5250 3276 5339 tenuat,-
3300 5262 3426 5339 pag:
3472 5245 3563 5339 ξε),
3592 5252 3646 5304 et

2558 5316 2690 5389 sate.
2724 5348 2763 5397 ι,
2797 5339 2927 5384 ῑοηι.
2960 5328 2998 5391 Ι,
3028 5337 3152 5395 pag.
3177 5316 3315 5388 654,
3337 5316 3449 5374 not.
3477 5316 3536 5375 Ι).

1955 5398 2015 5460 D
2110 5409 2195 5479 (ἱ)
2238 5408 2386 5478 Pagi,
2417 5407 2487 5462 ad
2515 5421 2643 5479 ann.
2677 5404 2799 5479 sit,
2839 5399 2867 5470 5
2898 5399 2953 5455 8.

2116 5458 2205 5553 θ’)
2238 5458 3113 5553 ῑςξςῑίξρίιζξλέι.,εξῧιοηιχι
3162 5464 3324 5536 Αυεη
3376 5472 3497 5535 pas-
3550 5458 3641 5521 55-

2043 5539 2257 5612 ϐοιῖιέιι.
2290 5552 2355 5606 de
2383 5550 2441 5605 S.
2469 5547 2671 5602 Caesar.
2703 5544 2730 5615 §
2758 5542 2816 5615 ἓ,
2844 5557 2993 5615 ιιιιιιι.
3027 5539 3114 5594 l8.

2117 5604 2730 5695 (iii—VSaintnarthaGall:
2756 5604 2965 5695 (amisi:
2992 5620 3122 5695 tom.
3148 5606 3201 5695 Ιι
3220 5623 3341 5678 pag.

2122 5678 2206 5766 ill)
2246 5692 2515 5766 Mabillon.
2538 5688 2746 5766 Annal.
2781 5682 2981 5766 Bened.
3018 5691 3148 5766 tom.
3184 5681 3380 5766 l,__pag.
3410 5678 3498 5766 90.

2144 5746 2219 5837 ml)
2245 5746 2396 5837 ist.
2435 5761 2592 5837 littér.
2625 5761 2767 5837 dcta
2797 5756 3019 5837 France,
3056 5764 3185 5811 tum.
3334 5746 3462 5837 pag.
3490 5746 3615 5837 23.5;

2049 5819 2211 5968 δέ)ιῦ
2242 5835 2416 5892 Neris.
2452 5832 2590 5890 Hist.
2630 5830 2811 5903 Pelag.
2854 5829 2947 5887 lib.
2982 5819 3041 5898 ll,
3074 5841 3194 5895 cap.
3232 5819 3481 5895 2‘2,’pag.
3516 5819 3644 5888 Sl'l,
