4078 6440
528 381 638 442 999

1402 382 1457 441 S.
1499 376 1861 444 CESARIUS
1904 379 2121 441 EPISC.
2162 368 2652 436 ARELATENSIS.
2695 370 2995 435 NOTITIA.

3669 374 3819 442 10οό

528 496 707 559 Ionius
726 495 829 569 (α),
862 492 918 551 in
940 495 1239 567 appendice
1262 498 1655 568 Augustiniana
1686 515 1841 556 novae
1870 499 2124 556 editionis
2151 498 2205 558 Α
2229 495 2399 549 notavi
2422 494 2514 548 sub
2539 493 2624 548 die
2648 510 2682 549 x
2709 493 2953 549 calendas
2978 490 3131 547 Julii.
3151 491 3294 549 Alibi
3324 494 3485 552 docet
3511 496 3657 555 idem
3678 496 3823 558 Mar-

527 588 689 646 simul
732 588 894 644 edita:
936 598 1083 645 sunt.
1133 589 1239 645 Eas
1282 606 1411 648 vero
1457 606 1581 648 cum
1629 593 1750 649 aliis
1792 593 2115 648 Ctesarianis

526 682 801 751 opusculis
828 681 884 737 in
917 697 1081 737 unum
1112 683 1392 752 collectas,
1432 684 1669 741 edendas
1705 685 1929 755 parabat
1957 686 2120 741 Oudi-

529 790 629 828 nus
671 773 784 844 (b):
834 775 928 829 sed
976 775 1147 845 magis
1188 785 1442 833 accurate
1470 778 1707 847 digestas
1755 777 2012 833 exhibent
2040 778 2118 835 illi

525 865 717 919 eruditi
749 865 870 933 viri,
898 882 1129 937 quorum
1157 870 1319 924 modo
1346 868 1685 924 meminimus
1708 868 1805 939 (c).
1837 868 2007 925 Porro
2045 885 2117 926 ex

527 955 590 1009 iis
612 956 731 1011 illas
754 966 959 1012 tantum
983 958 1123 1029 typis
1142 960 1487 1016 excudendas
1510 961 1962 1031 consignavimus,
1986 975 2120 1031 quas

527 1060 589 1098 ex
617 1056 930 1114 pervetusto
947 1052 1134 1107 codice
1158 1068 1260 1109 ms.
1280 1068 1422 1109 anno
1444 1052 1603 1120 1669,
1627 1054 1844 1108 Parisiis
1867 1054 1920 1106 in
1943 1054 2123 1107 lucem

528 1137 707 1190 emisit
733 1140 877 1194 notis
913 1140 1204 1198 illustratas
1238 1141 1504 1201 Baluzius.
1540 1146 1738 1200 Harum
1781 1156 1957 1201 tamen
1986 1159 2121 1199 nou-

526 1227 700 1281 nullas
722 1230 889 1286 fuisse
908 1242 1064 1289 antea
1090 1236 1362 1307 evulgatas
1382 1239 1743 1307 comperimus
1761 1238 1860 1309 (ἀ).
1887 1238 2121 1293 Editoris

526 1330 707 1377 autem
733 1324 1112 1383 adnotationes
1138 1328 1374 1386 homiliis
1399 1330 1657 1403 subjecta:
1686 1332 1906 1402 paginas
1948 1329 2119 1400 respi-

527 1409 681 1467 ciunt
720 1415 972 1473 editionis
1011 1418 1330 1477 Parisiensis
1380 1437 1515 1494 quas
1569 1424 1739 1481 nostri
1788 1422 2117 1494 exemplaris

528 1506 756 1575 margini
786 1511 1133 1579 apponendas
1164 1514 1494 1572 curavimus.

517 1636 543 1640 .η
601 1594 690 1651 lll.
735 1597 981 1657 Homiliis
1012 1602 1309 1661 Baluzianis
1342 1607 1573 1677 Regulas
1602 1608 1773 1665 sancti
1801 1609 2020 1667 Caesarii
2049 1610 2119 1667 ad

528 1691 824 1747 monachos
868 1704 923 1749 et
958 1698 1219 1754 moniales
1245 1700 1583 1758 subdidimus
1627 1718 1692 1759 ex
1722 1703 1909 1759 codice
1939 1702 2118 1773 Regu-

528 1778 700 1836 larum
753 1783 1097 1843 Holsteniano
1144 1789 1460 1862 descriptas.
1508 1793 1577 1847 Et
1624 1796 1854 1865 primum
1900 1794 2118 1865 quidem

2224 590 2405 645 tenius
2443 587 2510 659 (ἱ)
2564 589 2620 643 in
2667 587 2993 643 bibliotheca
3041 589 3355 643 monasterii
3404 590 3463 644 S.
3535 590 3821 649 Maximini

2222 681 2567 737 Trevirensis
2596 690 2809 737 exstare
2841 696 2942 735 ms.
2972 679 3215 736 codicem
3249 680 3575 751 Reguiarutn
3604 683 3665 741 S.
3718 685 3823 743 Bc-

2223 776 2422 831 nedicti
2463 775 2787 830 Anianensis
2835 774 3041 829 abbatis
3084 774 3153 829 ab
3197 774 3477 831 llolstenia
3503 774 3821 844 iamdudum

2222 867 2451 933 editum,
2498 875 2556 922 et
2600 866 2888 923 admodum
2927 866 3145 937 quidem
3195 868 3474 939 eleganter
3510 884 3819 937 exaratum,

2222 961 2314 1016 ubi
2344 962 2446 1018 sub
2475 961 2634 1017 ﬁnem
2684 960 2904 1030 Regula:
2951 960 3021 1015 ad
3071 961 3334 1017 moniales
3378 962 3572 1033 legitur
3600 965 3826 1032 privile-

2222 1054 2367 1125 gium
2400 1052 2701 1109 Hormisdze
2730 1067 2908 1123 papae,
2935 1066 3043 1122 quo
3063 1052 3118 1107 in
3146 1051 3274 1108 illud
3302 1054 3694 1109 monasterium
3720 1054 3825 1108 τίτ-

2224 1144 2405 1217 ginum
2449 1159 2480 1198 a
2524 1144 2583 1200 S.
2623 1142 2860 1199 Caesario
2906 1143 3203 1211 conditum,
3242 1144 3361 1214 ejus
3408 1145 3826 1202 successoribus

2222 1236 2493 1308 episcopis
2524 1235 2926 1291 Arelatensibus
2968 1236 3115 1292 nulla
3164 1238 3375 1307 penitus
3420 1248 3659 1309 potestas
3689 1254 3823 1309 per-

2222 1333 2474 1389 mittitur.
2524 1330 2803 1401 Ejusmodi
2832 1338 3011 1387 autem
3049 1331 3387 1401 privilegium
3415 1332 3558 1403 quod
3601 1334 3658 1388 in
3705 1333 3827 1389 edi-

2222 1426 2372 1482 tione
2418 1425 2763 1482 ﬂolsteniana
2812 1424 3169 1487 desideratur,
3221 1427 3458 1481 occurrit
3504 1428 3644 1497 apud
3693 1426 3823 1482 Bol-

2222 1518 2442 1575 laudum
2486 1519 2755 1589 praedictae
2785 1517 3003 1589 Regulae
3038 1516 3336 1588 subjectum
3383 1518 3475 1589 (j).
3520 1519 3677 1586 Quod
3729 1536 3824 1576 su-

2221 1624 2428 1687 perest,
2477 1614 2987 1681 animadvertimus,
3042 1615 3179 1669 hanc
3229 1614 3476 1670 eamdem
3529 1615 3821 1685 Regulam,

2222 1706 2446 1778 perinde
2500 1720 2562 1761 ac
2604 1706 3019 1776 praecedentem,
3074 1706 3216 1760 netis
3270 1706 3489 1762 auxisse
3539 1707 3819 1763 laudatum

2221 1797 2493 1854 Cointium
2528 1796 2630 1869 (It),
2674 1813 2807 1868 quas
2838 1812 2936 1852 nos
2977 1796 3298 1867 compendio
3326 1797 3409 1852 usi
3452 1798 3598 1854 edito
3626 1809 3820 1855 nostro

526 1876 760 1931 occurrit
787 1877 995 1950 Regula
1022 1881 1089 1936 ad
1118 1884 1432 1954 monachos,
1462 1901 1619 1957 quam
1660 1888 1941 1945 Tetradius
1968 1904 2118 1959 pres-
2147 1899 2197 1961 Β
2224 1890 2573 1958 subjecimus.
2608 1889 2687 1945 Ex
2723 1889 2915 1945 eodem
2939 1888 3055 1944 viro
3097 1890 3258 1945 docto
3304 1903 3567 1961 praeterea
3614 1892 3817 1947 intelli-

526 1967 682 2037 byter
704 1979 759 2024 et
786 1971 974 2039 abbas,
1004 1974 1170 2044 ipsius
1194 1977 1415 2034 Cmsarii
1448 1996 1635 2051 nepos,
1661 1998 1727 2037 ex
1748 1998 1842 2039 ore
1868 1982 2120 2040 dictantis

526 2062 762 2130 excepit,
793 2063 1018 2135 ejusque
1040 2067 1194 2136 jussu
1231 2086 1321 2139 per
1352 2072 1551 2127 diversa
1599 2078 1907 2129 monasteria
1936 2085 2116 2132 trans-

528 2156 695 2210 misit.
733 2155 887 2213 Edita
919 2161 1119 2231 saapius
1148 2173 1305 2218 antea
1341 2164 1511 2221 fuerat
1549 2167 1602 2222 in
1634 2168 1979 2226 Bibliothecis
2020 2170 2121 2224 Pa-

529 2254 696 2316 trum,
730 2264 829 2304 nee
865 2266 969 2307 non
1017 2268 1045 2307 a
1090 2253 1353 2325 Prospero
1394 2258 1660 2314 Stellartio
1702 2261 1839 2316 inter
1886 2262 2121 2331 Regulas

526 2341 776 2397 ordinum
809 2348 1230 2403 monasticorum
1271 2358 1326 2404 et
1373 2351 1685 2408 militarium
1725 2371 1737 2407 :
1769 2370 1926 2426 quam
1957 2357 2121 2413 dein-

525 2448 653 2504 ceps
695 2450 761 2489 ex
793 2435 1053 2493 Holstenii
1082 2440 1342 2508 editione,
1380 2453 1437 2498 ut
1466 2446 1704 2500 omnium
1740 2456 2010 2516 postrema
2040 2450 2121 2506 sic

528 2527 749 2596 optima,
788 2531 1084 2589 Annalibus
1113 2536 1495 2592 ecclesiasticis
1524 2538 1853 2595 Francorum
1889 2542 2120 2599 intexuit

526 2617 767 2674 Cointius
807 2622 913 2693 (e);
964 2624 1055 2694 qui
1103 2626 1347 2682 eamdem
1394 2645 1514 2684 cum
1549 2630 1754 2701 Regula
1804 2633 2118 2689 monialium

524 2709 646 2780 ipso
674 2712 911 2771 Caesarie
941 2728 1161 2775 auctore
1192 2733 1442 2778 accurate
1471 2724 1722 2794 contulit,
1756 2728 2119 2797 nonnullaque

525 2800 641 2858 loca
679 2805 970 2864 edisseruit
1009 2825 1131 2880 qua:
1160 2813 1394 2883 aliquam
1424 2816 1793 2873 difﬁcultatem
1822 2834 2012 2890 parere
2040 2822 2119 2876 vi-

523 2894 809 2954 debantur.
858 2899 1238 2959 Monaeborum
1288 2906 1545 2978 Regulam
1597 2912 1765 2967 altera
1807 2913 2007 2982 excipit
2048 2912 2118 2968 ad

526 2988 806 3062 Virgines,
856 3009 1015 3064 quam
1065 2997 1410 3056 Mabillonius
1457 3004 1689 3072 primam
1718 2996 1857 3061 esse
1898 3006 2119 3076 conjicit

466 3148 489 3167 κ
523 3086 877 3142 monasticam
927 3090 1164 3159 regulam
1224 3092 1279 3147 in
1347 3096 1572 3165 gratiam
1629 3098 2117 3154 sanctimonialium

523 3189 794 3235 exaratam
834 3180 940 3253 (f).
981 3182 1164 3252 Neque
1207 3184 1293 3242 hic
1325 3188 1757 3256 praetereundum
1800 3190 1942 3260 quod
1971 3190 2115 3245 Mar-

2220 1984 2398 2055 gimus
2424 1983 2669 2039 eamdem
2699 1981 2917 2038 Cresarii
2946 1982 3202 2053 Regulam
3234 1982 3301 2038 ad
3333 1984 3595 2040 moniales
3619 2000 3653 2039 a
3703 1986 3817 2039 Sir-

2222 2076 2421 2131 mendo
2443 2083 2715 2146 acceptam
2737 2077 2967 2144 primum
2990 2075 3223 2132 edidisse
3245 2076 3473 2133 Pictavis
3487 2092 3632 2132 anno
3652 2078 3812 2147 1621,

2220 2166 2553 2237 Stephanum
2602 2168 2913 2236 Moquotum
2963 2181 3083 2223 cum
3128 2169 3595 2225 observationibus
3643 2170 3815 2225 Fran-

2222 2260 2350 2315 cisci
2402 2259 2663 2315 Meinardi
2714 2259 3077 2316 antecessoris
3122 2261 3504 2330 Pictaviensis;
3557 2262 3816 2333 illamque

2219 2352 2383 2423 paulo
2426 2362 2570 2422 post,
2613 2366 2754 2408 anno
2803 2353 3011 2408 scilicet
3054 2352 3214 2420 1626,
3270 2369 3484 2409 rursum
3532 2354 3814 2424 evulgasse

2224 2446 2386 2501 Duaci
2419 2445 2739 2515 Prosperum
2788 2444 3115 2501 Stellartium
3169 2445 3223 2500 in
3265 2460 3432 2515 opere
3479 2444 3813 2502 Fundamina

2222 2537 2483 2592 Ordinum
2515 2540 2796 2607 inscripto,
2822 2546 2880 2593 ut
2912 2547 3137 2594 caeteras
3160 2538 3505 2609 insequentes
3524 2538 3636 2609 jam
3658 2548 3812 2596 ante:

2220 2637 2546 2685 memoratas
2566 2624 2896 2685 omittamus.

2296 2718 2385 2775 IV.
2428 2719 2524 2773 His
2556 2720 2819 2776 accedunt
2848 2719 3088 2789 epistolae
3114 2732 3344 2792 quatuor
3370 2723 3543 2779 sancti
3568 2721 3813 2794 Cmsarii,

2220 2812 2418 2884 quibus
2438 2813 2783 2881 praemittitur
2805 2814 3045 2883 ejusdem
3067 2829 3246 2871 sermo
3267 2816 3333 2870 ad
3357 2818 3810 2875 sanctimoniales.

2222 2898 2305 2959 Ex
2355 2903 2443 2960 bis
2489 2904 2733 2975 epistolis
2781 2908 2951 2977 prima
2986 2909 3293 2964 inscribitur
3337 2911 3601 2969 Oratorim
3644 2914 3810 2968 abba-

2223 2997 2390 3067 tissae,
2423 3012 2543 3067 qua:
2572 3008 2751 3053 tamen
2803 3000 2940 3053 haud
2973 3000 3176 3071 integra
3219 3000 3477 3070 habetur;
3515 3004 3686 3060 altera
3729 3013 3809 3062 est

2222 3087 2521 3142 bortatoria
2551 3087 2616 3142 ad
2668 3088 2929 3157 virginem
2976 3088 3088 3145 Deo
3135 3092 3398 3157 dicatam;
3431 3092 3660 3163 reliqua:
3696 3094 3810 3150 dua:

2221 3181 2406 3238 missae
2452 3181 2700 3237 feruntur
2744 3182 2809 3236 ad
2860 3181 3144 3237 Caesariem
3188 3198 3429 3241 sororem
3477 3200 3654 3254 suam,
3695 3202 3809 3257 qua:

524 3277 700 3332 teniug
726 3278 1001 3334 memoria;
1028 3280 1263 3350 prodidi;
1298 3283 1403 3354 (9)⁹
1434 3283 1534 3339 sibi
1564 3282 1818 3341 nimirum
1848 3285 2112 3341 delectam
2139 3292 2188 3356 ο
2221 3274 2610 3329 monasterium
2639 3272 2807 3343 ipsius
2833 3274 3049 3328 Caesarii
3080 3275 3260 3331 fratris
3289 3291 3449 3346 opera
3474 3286 3804 3333 exstructum

522 3370 661 3427 hanc
693 3373 935 3443 regulam
962 3373 1016 3428 in
1047 3384 1259 3432 vetuSIo
1279 3378 1465 3433 codice
1491 3393 1592 3434 ms.
1618 3380 2116 3450 Augustodunensis

522 3460 704 3519 Sancti
727 3463 940 3519 Martini
970 3469 1304 3535 monasterii,
1337 3471 1389 3524 in
1418 3471 1573 3541 cujus
1603 3472 1708 3526 ﬁne
1738 3473 1854 3527 haec
1882 3473 2116 3529 maxime

524 3554 758 3609 notanda
789 3556 1138 3626 adjiciuntur,
1164 3575 1283 3631 quae
1309 3560 1507 3617 desunt
1536 3563 1587 3617 in
1615 3564 1774 3619 editis
1808 3580 1822 3619 :

592 3643 846 3702 Carsarius
873 3658 1111 3718 peccator
1133 3652 1364 3719 regulam
1388 3654 1521 3706 Itane
1549 3663 1837 3709 sanctarum
1862 3656 2115 3726 virginum

522 3740 652 3794 rexit
676 3749 724 3794 et
751 3742 955 3814 scripsit
978 3744 1073 3799 sub
1104 3745 1188 3800 die
1216 3762 1248 3801 χ
1277 3748 1517 3803 calendas
1554 3745 1708 3815 Julii,
1741 3746 1967 3804 Paulino
1993 3763 2116 3803 con-

521 3830 631 3888 sule
657 3840 903 3905 tempore.

593 3926 897 3997 Simplicius
926 3940 1160 3997 peccator
1188 3935 1445 3989 consensit
1472 3945 1522 3988 et
1547 3935 1785 4007 signavit.

594 4019 811 4076 Severus
838 4024 1107 4094 episcopus
1126 4028 1360 4080 consensi
1382 4036 1427 4081 et
1457 4029 1676 4099 signari.

596 4112 951 4187 Lupercianus
978 4118 1246 4188 episcopus
1278 4122 1511 4176 consensi
1537 4130 1582 4175 et
1608 4122 1827 4193 signavi.

592 4203 815 4263 Joannes
848 4212 1083 4264 consensi
1112 4221 1161 4265 et
1190 4212 1410 4282 signavi.

592 4298 878 4371 Cyprianus
901 4302 1170 4371 episcopus
1201 4300 1437 4357 consensi
1470 4312 1517 4357 et
1544 4304 1761 4374 signavi.

595 4390 870 4446 Montanus
895 4395 1130 4446 consensi
1158 4402 1205 4447 et
1234 4395 1451 4465 signari.

595 4479 869 4537 Ferminus
898 4494 1132 4552 peccator
1161 4488 1395 4540 consensi
1424 4496 1473 4541 et
1502 4486 1720 4559 signavi.

594 4572 797 4639 Quibus
827 4590 893 4629 ex
926 4575 1102 4629 verbis
1130 4576 1305 4645 arguit
1345 4578 1427 4632 vir
1462 4579 1703 4633 eruditus
1736 4578 1988 4647 temporis
2017 4591 2115 4633 no-
2175 4638 2181 4644 ,

2221 3366 2514 3438 regendum
2543 3375 2875 3435 susceperat.
2909 3367 3038 3434 Qua:
3064 3368 3277 3437 quidem
3310 3370 3489 3424 omnia
3514 3384 3583 3426 ex
3623 3372 3808 3429 codice

2220 3458 2549 3529 Regularum
2608 3457 2954 3513 Holsteniano
3013 3460 3242 3514 subinde
3304 3460 3521 3517 laudato
3586 3464 3806 3520 mutuati

2219 3566 2427 3606 sumus.
2465 3550 2703 3619 Denique
2745 3563 2933 3618 agmen
2964 3549 3163 3605 claudit
3205 3552 3611 3611 Testamentum
3641 3557 3805 3613 sancti

2219 3639 2440 3698 Caesarii
2496 3657 2562 3697 ex
2599 3640 2790 3696 eodem
2843 3640 3029 3695 codice
3071 3641 3433 3713 desumptum.
3494 3646 3805 3715 Huiusmodi

2217 3739 2349 3790 v’ero
2371 3733 2756 3791 ecclesiasticae
2783 3733 3113 3805 antiquitatis
3138 3750 3560 3805 monumentum,
3582 3756 3647 3795 ex
3668 3741 3804 3796 Are-

2218 3827 2441 3882 latensis
2480 3826 2736 3881 Ecclesiae
2780 3826 2999 3881 archivo
3029 3836 3338 3897 excerptum
3388 3846 3484 3900 per
3528 3829 3803 3887 Claudium

2218 3920 2347 3977 Saxi
2389 3920 2677 3985 notarium,
2717 3928 3102 3991 acceptumque
3149 3920 3217 3975 ab
3261 3922 3501 3991 ejusdem
3549 3922 3806 3980 Ecclesia:

2218 4011 2598 4067 archidiacono
2630 4010 2918 4065 Francisco
2961 4010 3175 4066 Clareto
3205 4011 3330 4067 dum
3372 4015 3556 4069 Romae
3601 4026 3803 4086 ageret,

2217 4105 2426 4173 primus
2469 4103 2639 4159 edidit
2684 4115 2868 4158 noster
2910 4102 3170 4159 Baronius
3226 4104 3312 4176 (ι).
3368 4106 3500 4161 illud
3550 4120 3806 4177 praeterea

2217 4196 2486 4266 evulgavit
2539 4194 2732 4253 Saxius
2762 4196 2814 4249 in
2852 4195 3131 4251 Pontilicio
3175 4198 3471 4253 Arelatensi
3514 4199 3612 4269 (in)
3656 4218 3669 4253 :
3717 4216 3806 4269 po-

2217 4300 2482 4345 stremum
2530 4303 2658 4343 vero
2707 4288 2949 4343 Cointius
3000 4290 3053 4344 in
3084 4291 3380 4346 Annalibus
3430 4292 3806 4348 ecclesiasticis

2218 4380 2549 4437 Francorum
2580 4378 2685 4450 (η).
2718 4379 2886 4434 Porro
2918 4380 3040 4435 huic
3069 4380 3665 4457 CmsariiTestamento
3693 4385 3806 4453 plu-

2216 4474 2414 4530 rimum
2444 4472 2783 4530 auctoritatis
2814 4487 2875 4529 ac
2907 4475 3026 4529 iidei
3058 4475 3346 4532 conciliare
3372 4476 3673 4533 Hormisdze
3704 4478 3807 4533 Ro-

2218 4568 2360 4623 mani
2405 4567 2678 4636 pontiﬁcis
2705 4567 2933 4631 litteras,
2962 4566 3071 4636 jam
3122 4567 3319 4623 dudum
3367 4569 3601 4625 advertit
3646 4572 3805 4625 ltaro-

522 4662 781 4718 tatiouem
822 4678 930 4733 quo
961 4665 1101 4719 hanc
1127 4666 1385 4735 Regulam
1417 4668 1633 4738 scripsit
1673 4679 1890 4725 sanctus
1930 4670 2109 4725 Csesa-
2138 4684 2144 4745 ς

2220 4662 2339 4717 nius
2361 4662 2459 4735 (ο),
2491 4676 2554 4717 ac
2584 4669 2706 4731 post
2748 4661 2921 4732 ipsum
2967 4661 3206 4718 Cointius
3248 4664 3349 4734 (p).
3379 4664 3461 4719 Ad
3492 4681 3582 4720 eas
3630 4674 3806 4721 autem

524 4755 659 4821 rius,
694 4770 834 4811 anno
858 4756 1108 4812 nimirum
1140 4758 1266 4826 554,
1300 4761 1399 4815 sub
1428 4762 1707 4816 consulatu
1744 4762 1973 4830 Paulini,
2003 4764 2109 4821 Oc-
2149 4777 2152 4779 λ

524 4848 869 4906 cidentalium
899 4852 1180 4909 consulum
1219 4855 1497 4924 postremi.
1525 4853 1791 4913 Caeterum
1818 4858 1959 4928 apud
1993 4859 2116 4915 Bol-

525 4942 741 4998 landum
778 4944 844 4998 ad
884 4942 1084 5001 calcem
1116 4946 1352 5016 prmiata:
1383 4947 1601 5019 Regula:
1633 4948 1818 5006 isxhaec
1844 4949 1986 5007 beati
2020 4967 2116 5008 an-

526 5035 707 5092 tistitis
755 5038 1075 5109 subscriptio
1119 5040 1345 5097 habetur
1380 5042 1456 5111 (lt)
1512 5060 1525 5096 :
1581 5042 1835 5101 Cmsarius
1880 5055 2117 5116 peccator

526 5124 778 5199 Regulam
804 5129 936 5185 hanc
957 5142 1249 5187 sanctarum
1271 5133 1523 5205 virginum
1553 5135 1707 5206 relegi
1730 5144 1777 5190 et
1795 5138 2073 5209 subscripsi
2093 5154 2116 5195 :

596 5286 675 5363 (ᾳ)
712 5285 911 5363 bisbill.
940 5289 1367 5363 Annal._Bened.
1402 5301 1528 5345 tom.
1558 5289 1601 5363 Ι,
1635 5306 1753 5363 pag.
1793 5293 1886 5348 89.

599 5356 674 5438 (ij
715 5358 924 5438 (Audin.
943 5360 1009 5438 de
1034 5360 1234 5438 script.
1259 5363 1393 5438 geel.
1423 5373 1551 5416 tom.
1581 5356 1770 5438 l,‘pa'_g.
1796 5362 1933 5421 1544
1960 5380 2113 5438 seqq.

604 5429 673 5496 (ε)
717 5427 854 5482 Hist.
888 5430 1045 5485 litter.
1076 5432 1139 5487 de
1156 5427 1220 5487 'la
1254 5430 1477 5501 France,
1513 5427 1664 5488 tom.'
1691 5427 1781 5503 Ill,
1829 5450 1984 5509 pagg.
2013 5427 2118 5493 {9'8

527 5509 679 5708 milii
720 5567 851 5653 Ibid.
885 5584 1037 5642 pagg.
1068 5571 1196 5639 209,
1224 5573 1329 5629 219
1351 5590 1503 5645 seqq.

602 5644 651 5707 (e
714 5638 890 5695 Lotnt.
923 5644 1117 5698 Annal.
1154 5645 1298 5700 Eccl.
1329 5644 1503 5703 Franc

602 5638 675 5708 (ε)
714 5638 899 5695 (ὶυὶιιιζ
923 5638 1117 5698 Annal.
1154 5638 1298 5700 Eccl.
1329 5638 1524 5703 Fra'nc.
1568 5656 1699 5703 tom.
1730 5646 1772 5715 Ι,
1818 5662 1971 5718 pagg.
2009 5644 2113 5701 489

527 5724 683 5852 δθςῗῑ
725 5780 902 5837 Mabil.
935 5782 1126 5837 Annal.
1158 5786 1356 5841 Bened.
1386 5799 1516 5844 tom.
1548 5792 1588 5859 l,
1654 5806 1738 5861 ag.
1768 5789 1856 5853 19,
1889 5790 1916 5863 ς
1951 5789 2044 5846 52.

600 5784 683 5914 lg)
725 5851 951 5908 Manen.
976 5851 1137 5909 Thes.
1161 5858 1417 5913 Anecdot.
1450 5871 1579 5914 tom.
1680 5877 1803 5914 naa.
1826 5860 1883 5914 5.
1911 5870 2019 5914 not.

626 5784 683 5852 f)
725 5784 902 5837 Mabil.
935 5784 1126 5837 Annal.
1158 5786 1356 5841 Bened.
1386 5799 1516 5844 tom.
1548 5792 1588 5859 l,
1654 5806 1738 5861 ag.
1768 5789 1856 5853 i9,
1889 5790 1916 5863 ᾗ
1951 5789 2044 5846 52.

725 5851 951 5930 Maﬁrten.
976 5851 1137 5909 Thes.
1161 5858 1417 5954 Aitecdot.
1450 5871 1579 5915 tom.
1606 5808 1650 5928 ε
1680 5877 1803 5931 pag.
1826 5860 1883 5948 15:
1911 5870 2019 5917 not.
2049 5861 2105 5919 ι).

726 5923 968 5983 Botiaud.
1001 5927 1117 5981 Act.
1152 5925 1248 5982 Sb.
1278 5926 1396 5983 Jan.
1428 5940 1555 5987 tum.
1593 5931 1630 5998 l,
1667 5946 1781 5998 pag.
1818 5932 1941 5992 7-)6.

726 5923 968 5983 Bo'tiand.
1001 5927 1117 5981 Act.
1152 5925 1248 5982 SS.
1278 5926 1396 5983 Jun.
1428 5940 1555 5987 tum.
1593 5923 1646 5999 1,
1667 5923 1781 6002 pag“.
1818 5923 1941 5992 736.

1536 6101 1569 6127 ν

2218 4754 2431 4810 litteras
2475 4752 2700 4824 digitum
2749 4753 2979 4808 intendit
3026 4754 3141 4825 ipse
3185 4753 3465 4821 Caesarius,
3517 4757 3642 4811 dum
3688 4759 3804 4812 ait:

2220 4844 2338 4899 Hoc
2361 4845 2472 4916 ipsa
2516 4844 2581 4901 S.
2612 4843 2774 4916 Papa:
2808 4843 3053 4900 Urbicani
3078 4847 3237 4901 suasit
3263 4848 3561 4902 auctoritas.
3606 4848 3807 4917 Quibus

2221 4953 2352 4996 sane
2383 4937 2564 4995 verbis
2608 4938 2943 5011 privilegium
2989 4941 3121 4996 illud
3160 4942 3399 5012 ejusdem
3432 4942 3698 5011 pontiﬁcis
3730 4944 3807 4997 in-

2221 5040 2358 5107 nuit,
2389 5039 2530 5110 quod
2576 5047 2753 5095 exstat
2790 5040 2934 5111 apud
2978 5040 3295 5099 Bollandum
3340 5041 3562 5115 Regula:
3608 5060 3807 5101 monia-

2222 5129 2354 5187 lium
2382 5130 2674 5201 adjectum,
2704 5139 2763 5188 ut
2791 5132 3040 5203 superius
3068 5136 3395 5192 monuimus.

3400 5260 3409 5298 l

2293 5305 2361 5384 (ἱ)
2398 5306 2632 5384 hiat-ten.
2671 5306 2872 5384 ifoyage
2902 5309 3060 5369 littér.
3088 5327 3209 5384 pag.
3234 5310 3339 5369 285
3361 5325 3480 5384 seq.

2294 5378 2370 5449 (j)
2414 5379 2656 5434 Bolland.
2688 5378 2725 5434 l.
2750 5378 2808 5435 'c.

2294 5398 2370 5503 (ἦ)
2414 5398 2656 5434 nouana.
2689 5398 2725 5434 ι.
2756 5398 2808 5435 c.

2293 5455 2369 5538 (η)
2411 5450 2585 5538 993'?"
2619 5451 2658 5538 't
2688 5465 2764 5538 ἓν
2796 5452 3232 5538 Ρ²εξέ⁷²η⁵εὲί1ίῐυ

2301 5521 2386 5598 (ι),
2412 5520 2629 5598 BaronL
2640 5521 2707 5576 ad
2735 5520 3025 5598 a_nn‘.'508,
3056 5524 3092 5598 ᾖ
3116 5520 3361 5598 25⁷5ρῳι.

2297 5591 2393 5668 (in)
2421 5594 2562 5668 ῥέει.
2596 5591 2794 5668 Pontif.
2822 5592 2983 5668 Arei.
3004 5591 3154 5668 ἕξω,
3188 5591 3341 5668 ρθςζζ
3378 5595 3633 5658 101-105.

2294 5659 2610 5790 (abegigik
2622 5663 2819 5720 Annal.
2859 5659 3223 5723 EcclfFrairé.
3247 5659 3317 5724 ad
3334 5682 3461 5725 ann.
3499 5669 3622 5738 542,
3651 5666 3680 5741 ς
3710 5664 3807 5737 25,

2294 5750 2342 5790 tr.
2481 5763 2504 5772 -
2617 5774 2630 5789 .
3184 5778 3187 5781 ι

2259 5746 2342 5789 ait.
2377 5739 2630 5789 616-6l8.
3184 5778 3187 5781 λ

2223 5749 2342 5804 pag.
2377 5749 2630 5790 οιυ-υιδ.

2293 5804 2365 5880 (o)
2410 5806 2600 5880 iizlt‘on.
2620 5807 2669 5880 Δ1.
2694 5806 2826 5880 (λης
2845 5806 2948 5880 28.

2291 5879 2367 5949 (p)
2411 5875 2585 5936 Coint.
2614 5877 2658 5939 l.
2686 5893 2735 5934 c.
2771 5875 2924 5952 5⁷24.
