4078 6440
383 385 514 439 1007

1439 382 1496 437 S.
1538 378 1837 436 CrESAllll
1881 376 2095 432 EPISC.
2141 378 2610 433 ARELA'I‘ENSIS

3508 379 3652 435 1008

383 506 517 560 rent,
545 505 600 551 ut
638 496 683 552 si
728 496 845 566 quis
892 497 1028 552 torte
1070 493 1405 551 saecularium
1454 495 1537 549 vel
1578 492 1955 567 paenitentiam
1986 496 2039 553 Α
2066 502 2224 545 tentis
2266 492 2552 544 leneraioil
2599 490 2784 545 eadem
2839 490 2999 561 dupla
3051 493 3321 547 restituas.
3349 492 3489 548 Audi
3514 511 3645 565 pro-

384 602 622 645 sanctum
657 602 793 658 Opus
818 589 1038 657 exsequi
1087 586 1338 653 ambiret,
1383 586 1584 655 absque
1611 588 1962 641 excusatione

364 664 554 749 aliqua
589 679 898 749 queiidiano
933 680 1195 735 interesse
1240 680 1409 749 possit
1433 678 1635 733 ofﬁcio.
1671 679 1788 748 Ipse
1834 693 1961 731 vero

384 777 557 838 spreta
582 771 729 824 omni
752 769 829 822 sol
857 768 1109 840 icittidine
1133 784 1366 834 curaque
1396 767 1675 833 terrestri,
1705 768 1770 820 ad
1796 767 1982 826 instar,

385 862 747 931 apostolorum
775 863 1051 917 solertiam
1073 864 1296 917 cultura:
1322 860 1375 916 in
1400 861 1801 931 dispensatione
1824 858 1975 917 οτιιιτ

387 956 661 1013 natoribus
687 969 745 1012 et
772 954 1085 1012 diaconibus
1106 956 1339 1029 credidit
1366 955 1468 1010 sub
1492 955 1580 1009 Dei
1608 953 1970 1009 obzestatiniie

386 1034 857 1113 committendam,
881 1058 936 1102 et
966 1057 1134 1102 totum
1184 1064 1244 1102 se
1276 1048 1442 1103 verbo
1474 1046 1566 1101 Dei
1608 1056 1663 1100 et
1708 1045 1924 1100 lectioni
1950 1084 1965 1107 ,

388 1138 641 1208 inquietis
670 1137 832 1194 etiam
870 1138 1336 1209 praedicationibus
1382 1135 1722 1205 mancipavit.
1759 1134 1966 1189 Revera

389 1239 444 1283 ut
470 1228 727 1298 spiritaiis
757 1230 1017 1295 medicus,
1040 1230 1130 1298 qui
1156 1228 1462 1283 morborum
1496 1227 1621 1279 vitia
1650 1234 1865 1277 curaret
1892 1223 1972 1276 in-

390 1328 531 1373 serta
566 1317 642 1390 [et
678 1304 994 1388 prohiberet
1027 1319 1183 1372 malis
1224 1315 1641 1385 cogitationibus
1668 1315 1932 1367 nascitnra
1954 1328 1983 1383 ;‘

347 1428 356 1483 ξ
393 1420 705 1483 tantamque
733 1402 784 1467 ei
820 1411 961 1466 Deus
990 1410 1213 1480 gratiam
1239 1410 1306 1464 de
1329 1425 1389 1463 se
1418 1407 1635 1462 dicendi
1664 1406 1811 1459 dedit
1839 1402 1973 1475 (οη,

393 1512 454 1559 tit
478 1502 928 1573 quidquidoculis
952 1502 1149 1579 videre,
1163 1502 1443 1579 potuisset,
1473 1501 1538 1552 ad
1564 1497 1972 1551 azdilicationem

395 1593 717 1648 audientium
754 1610 850 1660 pro
897 1574 1262 1648 similitudinis
1309 1591 1679 1646 consolatione
1716 1602 1979 1657 propone-

396 1693 496 1738 ret.
527 1684 755 1757 Tantuni
794 1678 1121 1736 voluminum
1166 1696 1440 1735 sacrorum
1481 1683 1674 1734 seriem
1699 1664 1981 1732 coinnien-J

395 1774 563 1839 ilavit,
593 1777 670 1827 sic
695 1788 911 1843 semper
934 1773 1173 1828 recentia
1202 1781 1568 1842 congregant,
1603 1780 1660 1824 ut
1689 1770 1757 1825 de
1779 1767 1978 1823 veteri-
2022 1824 2029 1834 .

397 1864 497 1917 bos
520 1864 650 1919 nihil
678 1867 965 1930 amitteret,
992 1863 1184 1917 similis
1208 1864 1405 1931 templo
1432 1861 1551 1923 Dei,
1578 1860 1717 1930 quod
1740 1866 1793 1912 et
1817 1872 1982 1913 novos
2016 1846 2059 1922 Β

397 1956 638 2023 quotidie
683 1954 918 2023 hospites
959 1956 1217 2021 suscipit,
1250 1966 1305 2007 et
1342 1956 1482 2006 l’ovet
1522 1952 1800 2021 antiquos;
1828 1961 1882 2004 et
1912 1952 1981 2003 ita

392 2063 615 2116 semper
639 2048 837 2119 crescit
876 2046 1276 2100 advenientium
1324 2045 1539 2099 intioitu
1566 2084 1584 2111 ,
1611 2055 1670 2099 ut
1715 2059 1982 2113 nunquam

401 2150 641 2193 veterum
672 2137 1001 2192 discessione
1030 2142 1316 2201 minuatur.
1350 2140 1424 2190 ita
1450 2136 1802 2204 quantalibet,
1829 2137 1874 2189 si
1897 2151 1983 2197 res

402 2221 667 2299 peposcit,
696 2228 997 2282 divinorum
1046 2227 1373 2281 voluminum
1404 2228 1643 2294 exempla
1684 2226 1991 2293 seriemque,

401 2330 655 2388 narrant,
688 2322 836 2389 quasi
863 2320 931 2373 de
954 2318 1092 2373 libro
1112 2321 1324 2388 cognita
1350 2326 1673 2380 recetiseret,
1707 2333 1809 2370 non
1832 2316 1986 2386 quasi

402 2396 776 2481 deinemurize
814 2411 1064 2466 thesauro
1095 2412 1224 2464 oliui
1253 2412 1385 2464 lecta
1430 2410 1720 2478 proterret,
1758 2409 1985 2481 impletis

402 2505 537 2560 illud
585 2503 857 2574 Evangelii
888 2505 1089 2558 dictum
1134 2502 1201 2556 de
1246 2503 1463 2556 homine
1514 2503 1602 2571 qui
1636 2502 1702 2556 de
1734 2501 1985 2554 thesauro

403 2612 503 2650 suo
534 2598 738 2667 profert
774 2612 908 2651 nova
940 2608 996 2670 et
1021 2606 1225 2650 vetera.
1268 2593 1627 2650 Advenientes
1654 2608 1782 2648 vero
1813 2598 1987 2663 ιιυιιιιτ

404 2685 533 2741 lices
558 2688 670 2743 sive
701 2687 1066 2759 presbyteros,
1095 2698 1424 2756 cunctosque
1459 2684 1662 2740 ordinis
1693 2684 1855 2738 divmi
1886 2686 1989 2736 mi.

405 2779 625 2843 nistros,
655 2793 769 2833 s.ve
797 2778 899 2833 loci
926 2779 1098 2845 cives,
1136 2779 1248 2834 sive
1273 2779 1431 2831 etiam
1466 2789 1785 2841 extraneos,
1819 2784 1873 2829 ut
1900 2790 1985 2829 sa-

407 2868 591 2922 lutavit
617 2876 778 2938 atque
806 2868 1001 2932 oravit,
1032 2870 1301 2937 paululum
1329 2868 1397 2923 de
1427 2869 1727 2923 concivium
1758 2868 1839 2922 vel
1862 2882 1999 2937 suo-,7

418 2976 531 3013 tum
556 2960 750 3014 allecto
779 2961 1061 3030 saluteque
1089 2958 1379 3015 consuluit.
1402 3008 1407 3015 .

480 3072 565 3130 ll.
594 3074 716 3129 Mox
739 3089 870 3129 vero
898 3075 1065 3129 armis
1086 3084 1285 3129 sanctis
1310 3072 1706 3144 przedicationis
1735 3072 1985 3141 arreptis,

407 3170 474 3226 de
496 3168 681 3224 umbra
711 3169 1054 3238 pra-sentiunt
1084 3168 1383 3237 disputans,
1413 3166 1481 3222 de
1506 3166 1843 3236 perennitate
1862 3167 1988 3221 bea-
2037 3202 2043 3209 .

408 3262 647 3322 tundinis
698 3262 1051 3335 persuadens,
1107 3262 1247 3315 alios
1270 3259 1414 3316 dulci
1454 3260 1694 3313 invitavit
1735 3259 1991 3328 ailoquio,
2018 3243 2063 3304 (ἒ

406 3360 542 3414 alios
586 3360 781 3413 acriori
830 3363 1121 3419 deterruit,
1165 3353 1303 3407 alios
1350 3352 1627 3419 minando,
1679 3351 1815 3406 alios
1843 3350 1997 3405 blatta

407 3453 601 3507 diendo
646 3456 907 3518 correxit,
945 3456 1016 3509 ali
1041 3472 1081 3509 is
1124 3465 1219 3523 per
1246 3451 1451 3507 cliarita
1479 3464 1586 3515 ein,
1615 3449 1885 3518 aliusper
1913 3448 1999 3503 dia

411 3545 745 3600 strictionem
801 3548 1071 3601 reri-cavit
1116 3565 1145 3601 a
1195 3548 1360 3610 vitiis,
1404 3543 1542 3601 alios
1582 3543 1732 3609 quasi
1773 3543 1824 3596 in
1874 3558 1999 3610 proa

410 3637 615 3692 verbiis
661 3639 989 3707 generaliter
1036 3654 1285 3707 monens,
1330 3640 1465 3694 alios
1506 3635 1750 3709 aspei'i.:s
1790 3645 1844 3688 et
1897 3634 1997 3690 sub"

413 3731 799 3785 contestatione
867 3728 1051 3786 divina
1124 3731 1428 3800 increpans,
1506 3739 1563 3783 ut
1630 3730 1830 3785 munita
1904 3734 1999 3785 Bu-

410 3828 721 3886 querentur,
744 3832 943 3876 aeterna
970 3836 1091 3876 cuin
1151 3823 1399 3891 lacryinis
1452 3822 1712 3892 suppticia
1758 3823 2000 3875 minabaa

412 3920 517 3975 tur,
573 3919 729 3977 prout
795 3910 1128 3980 singulorum
1176 3922 1401 3966 noverat
1450 3923 1542 3965 aut
1588 3912 1840 3973 virtutes,
1906 3916 2000 3964 aut

414 4017 615 4067 mores,
666 4012 758 4056 aut
787 4004 935 4058 vitia.
968 4003 1073 4059 Ista
1115 4004 1555 4073 praedicationem
1586 4005 1908 4074 proferebat,
1943 4013 1999 4058 ut

413 4103 467 4147 et
514 4095 683 4150 bonos
732 4096 978 4152 incitaret
1022 4098 1085 4152 ad
1132 4097 1354 4166 gloriam
1384 4108 1439 4152 et
1467 4099 1636 4152 malos
1667 4110 1997 4153 revneareta

414 4207 592 4258 pit-na.
618 4191 765 4246 SiClll
787 4191 963 4246 bonus
983 4192 1221 4247 medicos
1242 4193 1470 4246 diversis
1494 4193 1808 4247 vulneribus
1822 4194 2000 4248 diver-‘

412 4299 469 4336 sa
506 4285 857 4339 medicamina
882 4285 1221 4354 providebat,
1246 4285 1478 4339 atterens
1509 4300 1613 4339 non
1637 4280 1999 4355 quodunmn-

413 4392 681 4446 quemque
703 4376 1024 4444 delectaret,
1054 4377 1152 4430 sed
1204 4378 1382 4446 petios
1418 4378 1561 4445 quod
1603 4391 1847 4443 curaret;
1894 4393 1999 4432 non

413 4469 701 4536 inspicietis
747 4467 1078 4521 voluntatem
1109 4469 1315 4537 aegroti,
1345 4469 1439 4522 sed
1473 4468 1758 4522 sanitatem
1786 4468 2000 4524 deside-

413 4576 538 4614 rans
612 4571 1011 4628 conipetentein
1072 4560 1343 4625 inlirmis,
1400 4562 1649 4629 ipsosque
1720 4560 1996 4629 pontifices

412 4656 648 4709 sanctus,
700 4658 753 4702 et
796 4648 1029 4718 reliquos
1060 4659 1299 4703 rectores
1327 4648 1581 4703 Ecclesia:
1609 4650 1882 4717 granditer
1910 4653 1993 4703 in-

411 4740 691 4806 crepabat,
736 4748 794 4792 ut
821 4739 960 4806 plebi
1000 4737 1101 4793 sibi
1126 4740 1427 4793 commissa:
1458 4737 1822 4794 indesinenter
1842 4742 2001 4808 Spiri-

416 4831 521 4885 iale
552 4831 803 4901 pabulum
835 4829 1218 4893 ministrarent,
1251 4828 1437 4883 dicens
1466 4847 1478 4882 :
1515 4829 1690 4884 Uteris
1711 4830 1761 4884 in
1797 4831 1997 4886 Christi

415 4928 635 4979 nomine
674 4926 884 4977 ordinis
915 4923 1073 4992 primi
1113 4921 1372 4989 sliiritaits
1396 4922 1598 4976 militia:
1629 4923 1767 4989 loco,
1797 4924 1995 4991 frater;

416 5016 640 5072 attende
668 5010 920 5089 pastorali
948 5015 1164 5070 solertia
1198 5016 1392 5069 talenta
1418 5015 1510 5069 tibi
1534 5017 1837 5082 commissa,
1865 5034 1998 5088 qua»

485 5156 565 5221 (α)
596 5152 722 5218 Qua:
746 5150 918 5221 uncis
949 5150 1146 5203 inclusa
1179 5148 1351 5211 vides,
1392 5150 1612 5204 aberant
1638 5165 1669 5203 a
1697 5164 1822 5213 nis.,
1854 5150 1995 5218 quod

415 5219 553 5275 alias
576 5223 869 5290 sequimur.
906 5219 1100 5275 Verum
1131 5223 1394 5275 habentur
1425 5221 1512 5273 illa
1538 5222 1589 5273 in
1633 5222 1868 5274 editione
1889 5223 1997 5273 Ma~

418 5292 644 5355 bitlonii,
674 5295 779 5351 cui.
826 5292 1009 5361 paucis
1044 5290 1286 5359 exceptis
1338 5290 1539 5355 verbis,
1578 5305 1838 5345 consonat
1891 5307 1992 5344 ins.

416 5363 798 5416 Bisonticeuse.
1266 5378 1271 5383 '

488 5437 565 5502 {bi
603 5436 738 5485 Audi
769 5441 948 5485 notata
988 5432 1272 5484 Mahilluiiii
1303 5433 1370 5484 ad
1425 5434 1562 5482 hunc
1598 5431 1769 5502 locum
1824 5447 1837 5481 :
1876 5448 1894 5480 ι
1930 5431 1989 5488 5,

419 5500 771 5569 Hieronymus
819 5502 868 5554 in
905 5505 1161 5570 pzotemio
1208 5501 1325 5555 libri
1358 5502 1575 5553 secundi
1618 5500 1668 5553 i-i
1706 5502 1991 5567 Epistulam

417 5576 483 5628 ad
502 5571 725 5627 Galatas
748 5571 911 5624 refert
932 5589 993 5625 ett
1028 5572 1288 5633 Varrone,
1322 5572 1620 5625 Massiliens
1655 5587 1680 5624 s
1704 5575 1989 5625 Arelaten-

418 5646 554 5697 sium
600 5644 1103 5709 comprovuicialcs,
1145 5641 1423 5711 trilingui-8
1473 5642 1653 5703 fuisse,
1688 5657 1751 5695 ac
1781 5640 1987 5706 Gricce,

420 5716 605 5769 Latine
625 5712 932 5780 Galliceque
954 5713 1173 5765 locutus.
1200 5714 1367 5777 Quem
1392 5714 1688 5782 linguarum
1719 5726 1869 5765 usum
1896 5730 1991 5781 per

417 5784 916 5839 Gatliasexcelcbri
969 5782 1375 5835 Μειδειιιαειιδιιιιι
1420 5784 1688 5836 academta
1737 5782 1986 5837 dillusunt

412 5857 670 5925 uideam
708 5857 831 5908 licet
868 5869 930 5908 ex
959 5855 1094 5907 libro
1123 5862 1275 5907 texto
1299 5852 1427 5909 Julii
1471 5856 1694 5910 Cwsuris
1745 5861 1810 5908 dc
1842 5856 1986 5910 Bello

2071 586 2285 649 phetam
2319 598 2331 633 :
2363 581 2452 635 Va:
2497 583 2625 635 milii
2649 584 2771 650 quia
2802 584 2978 637 tacui!
3017 583 3153 639 Audi
3184 586 3497 653 Apostoluin
3525 601 3653 641 cum

2072 687 2215 729 metu
2238 674 2502 731 dicentem
2532 697 2545 730 :
2575 675 2661 729 Va:
2693 677 2820 729 mihi
2852 677 2956 731 crit
2977 679 3020 731 si
3052 693 3156 731 non
3188 679 3675 747 evangeliuverm'

2079 767 2208 823 Vide
2258 788 2323 822 ne
2359 778 2406 822 te
2428 782 2720 837 occupante
2765 762 3040 824 cathedra:
3070 769 3244 823 locum
3269 773 3407 824 alius
3437 771 3659 825 loisitaii

2073 865 2379 917 secluditur
2430 874 2483 917 et
2529 866 2735 927 dicatur
2765 864 2893 923 illud
2925 865 2993 918 de
3024 873 3075 918 te
3111 881 3121 915 :
3157 863 3416 927 Tulertint
3453 865 3661 918 clavem

2072 957 2333 1019 scientiae,
2392 973 2487 1010 nec
2530 957 2630 1025 ipsi
2680 960 2902 1020 intrant,
2947 971 3047 1011 nec
3076 957 3662 1017 siituntaltosintrare,

2072 1058 2161 1120 qui
2220 1055 2355 1105 l'oi'te
2394 1052 2587 1105 melius
2634 1050 2922 1104 dominicis
2975 1048 3300 1116 profectibus
3338 1049 3673 1117 respondere,

2077 1154 2383 1216 potuerant.
2436 1145 2549 1199 lloc
2588 1156 2791 1206 tamen,
2838 1143 3130 1211 inspirante
3164 1141 3294 1203 Deo,
3322 1141 3507 1194 habuit
3550 1155 3663 1205 pro.

2077 1240 2274 1309 prium,
2313 1250 2386 1302 ut,
2420 1241 2545 1291 diiiii
2591 1236 2821 1304 singulis
2865 1236 3075 1303 singula
3108 1233 3434 1302 proiciebat,
3466 1232 3667 1283 unicui-

2077 1346 2180 1397 que
2206 1330 2326 1380 vitae
2345 1344 2454 1380 sua:
2475 1343 2693 1381 cursum
2724 1339 2846 1401 ante
2877 1325 3062 1379 oculos
3089 1333 3465 1393 prtesentaret.
3499 1332 3553 1374 ut
3574 1322 3666 1389 qui

2078 1434 2199 1475 etim
2249 1420 2517 1480 audiebat,
2559 1436 2663 1471 non
2713 1419 2886 1470 solum
2929 1427 3285 1471 scrutatoretn
3329 1415 3507 1468 cord.s
3537 1428 3659 1465 enin

2079 1509 2347 1571 crederet,
2380 1509 2471 1562 sed
2498 1509 2948 1578 quemadmodum
2978 1518 3167 1569 testem
3195 1522 3304 1560 sua:
3327 1506 3670 1560 conscientias

2083 1602 2358 1657 fateretur.
2393 1603 2458 1654 Et
2489 1603 2621 1654 sicut
2656 1612 2772 1656 erat
2800 1602 2941 1655 circa
2965 1618 3024 1654 se
3052 1601 3456 1663 severtSsimns,
3480 1601 3547 1650 ita
3576 1613 3673 1667 ap-

2083 1693 2300 1762 putt:le
2323 1693 2465 1746 circa
2498 1694 2631 1745 alios
2664 1708 2762 1761 pro
2786 1693 3166 1747 emendatione
3196 1692 3493 1746 districtus.

2162 1806 2248 1860 l5.
2267 1805 2474 1873 Adiecit
2490 1807 2650 1859 etiam
2668 1814 2826 1873 atque
2837 1806 3090 1872 compulit
3111 1815 3169 1857 ut
3187 1804 3441 1857 laicorum
3458 1803 3671 1871 pupula-

2091 1900 2222 1952 ritas
2245 1899 2476 1971 psaltiios
2503 1907 2557 1950 et
2590 1898 2819 1967 hymnos
2850 1907 3079 1964 pararet,
3105 1899 3319 1964 altaque
3350 1904 3405 1950 et
3431 1896 3671 1949 modula-

2088 1997 2136 2041 ta
2160 2003 2287 2041 voce
2304 1991 2467 2040 instar
2480 1987 2819 2052 clericorum,
2837 1988 2924 2039 alii
2940 1986 3123 2042 Grmce
3142 1987 3243 2055 (ὁ),
3258 1989 3346 2039 alii
3362 1986 3548 2040 Latine
3563 2001 3677 2054 pro.

2084 2095 2173 2133 sas
2226 2081 2650 2147 ani‘iplinnasqne
2694 2090 2997 2148 cantarent,
3046 2086 3104 2132 ut
3132 2095 3237 2133 non
3265 2079 3526 2132 baberent
3553 2094 3672 2147 spa-

2092 2173 2222 2223 tium
2255 2173 2304 2222 iii
2334 2172 2558 2223 ecclesia
2586 2168 2778 2224 fabulis
2810 2170 3080 2238 occupari.
3109 2171 3524 2223 Prmdicationes
3552 2186 3677 2237 quo-

2087 2281 2191 2332 que
2261 2264 2785 2330 coiitpunctissiinas,
2862 2264 3088 2330 tempori
3148 2264 3228 2316 vel
3299 2261 3676 2315 festivitatibus

2087 2366 2464 2421 eongroeiites,
2494 2355 2720 2407 instituit
2744 2353 2942 2422 pariter
2967 2366 3020 2407 et
3050 2355 3270 2407 invexit.
3297 2353 3523 2407 lnlirniis
3546 2368 3681 2406 vero

2098 2443 2360 2514 imprimis
2416 2444 2605 2516 l.ilab.,
2665 2443 2929 2515 apprime]
2982 2445 3267 2508 consuluit,
3304 2446 3679 2512 subvenitque

2098 2536 2197 2599 eis,
2246 2544 2301 2588 et
2323 2538 2761 2605 spatiosisstniam
2794 2536 3065 2604 deputavit
3092 2537 3337 2600 domum,
3359 2535 3412 2588 iit
3439 2551 3542 2604 qua
3562 2537 3679 2589 sine

2089 2636 2316 2694 8ῑι¹θμιιι
2340 2629 2517 2713 aliquo
2544 2628 2777 2681 b-teiliClB
2802 2643 2938 2695 opus
2956 2638 3198 2680 sanctum
3225 2628 3431 2695 possint
3454 2628 3677 2706 audite;

2095 2719 2284 2786 lecws,
2323 2723 2605 2783 tcciuaria,
2631 2732 2879 2787 sumptts
2908 2718 3022 2790 [pro
3053 2717 3320 2791 sumptus]
3338 2734 3460 2772 cum
3493 2734 3677 2787 νει-ξος

2092 2828 2184 2875 ita,
2225 2827 2348 2882 quae
2385 2815 2604 2880 obsequi
2645 2820 2699 2865 ct
2738 2814 2940 2866 mederi
2974 2819 3175 2879 posset,
3208 2813 3467 2875 instituit;
3505 2813 3680 2863 locum

2089 2902 2506 2969 libertatemque
2533 2904 2853 2972 suggerendi
2878 2905 3105 2971 captivis
3144 2914 3199 2956 et
3229 2903 3555 2972 pauperibus
3576 2916 3677 2956 nov

2089 3005 2319 3062 negarit.
2376 2995 2724 3062 l’raccipiebat
2756 2996 3001 3047 ministro
3031 3009 3133 3047 suo
3169 3009 3405 3062 semper,
3438 2994 3625 3048 dicens
3660 3010 3679 3047 :

2096 3087 2227 3142 Vide
2276 3104 2318 3141 si
2372 3088 2530 3157 alqui
2586 3103 2879 3155 paupertini
2923 3085 3246 3154 pictoribus
3276 3094 3472 3151 astatt',
3498 3104 3565 3141 ne
3587 3101 3680 3155 pro

2094 3181 2203 3249 qui.
2224 3190 2273 3234 te
2306 3192 2487 3233 nostra
2527 3181 2756 3233 lui-stati
2794 3180 3003 3245 trepida
3030 3188 3085 3231 et
3116 3180 3412 3231 verecunda
3443 3186 3683 3246 potestas

2096 3274 2163 3326 ad
2211 3285 2483 3341 peccatum
2526 3282 2765 3323 nostrum
2806 3268 3119 3338 prmstolans
3152 3270 3379 3337 patiatur
3409 3269 3681 3337 injuriam.

2100 3365 2450 3433 'l‘raliensque
2473 3366 2627 3431 longa
2658 3363 2723 3414 de
2754 3360 3018 3430 profundo
3044 3363 3221 3415 cordis
3249 3362 3504 3429 suspiria,
3537 3362 3681 3416 dice-

2096 3459 2232 3512 bat:
2269 3456 2402 3511 Vere
2445 3456 2614 3509 lactus
2659 3467 2741 3508 est
2796 3453 3041 3507 Christus
3086 3455 3424 3521 praestolator
3475 3455 3579 3525 (ε),
3627 3461 3683 3509 et

2097 3552 2339 3621 garrulus
2388 3558 2442 3601 ct
2484 3547 2699 3609 surdus,
2750 3555 2802 3600 et
2857 3556 3031 3599 tamen
3059 3554 3211 3614 rogat
3239 3545 3685 3610 omnes,su.idet,

2098 3644 2370 3706 admetiet,
2402 3652 2753 3695 contestatur.
2805 3640 3052 3695 Addebat
3076 3642 3239 3694 etiam
3272 3639 3473 3693 nostris
3502 3641 3682 3709 procul

2100 3737 2262 3793 dubio
2304 3735 2627 3805 pt-nlectibns
2675 3737 2726 3788 in
2773 3734 3025 3803 praesenti
3068 3733 3267 3788 sacculo
3296 3748 3554 3802 pauperes
3578 3733 3675 3786 iiu-

2092 3838 2339 3907 pertitos,
2371 3836 2566 3906 quibus
2604 3849 2768 3899 nunc,
2800 3832 3117 3901 lidejussore
3145 3832 3385 3895 Christo,
3416 3846 3687 3887 commen-

2091 3928 2339 3982 daremns
2369 3929 2419 3978 iii
2462 3939 2621 3980 terris
2651 3922 2790 3990 quod
2824 3932 3009 3992 postea
3035 3922 3395 3989 ieciperenius
3425 3920 3476 3973 in
3510 3921 3689 3977 caelis.

2169 4018 2256 4073 16.
2286 4020 2387 4071 Sed
2409 4018 2844 4082 tranqtiillimtem
2864 4015 3021 4084 hujus
3035 4015 3200 4068 sancti
3222 4014 3318 4067 viri
3338 4034 3345 4073 t
3367 4028 3453 4067 ost
3483 4030 3686 4073 iaitcos

2102 4108 2223 4163 dies
2271 4109 2462 4161 a-mula
2516 4110 2714 4161 diaboli
2764 4109 3091 4175 penurbavit
3135 4108 3428 4162 adversitas
3458 4126 3476 4174 ;
3505 4118 3560 4163 et
3598 4123 3685 4164 cui

2101 4213 2207 4253 non
2259 4198 2485 4252 habebat
2532 4214 2649 4266 qua:
2689 4208 2983 4266 opponeret
3012 4203 3137 4252 vuia
3187 4203 3453 4269 corporis,
3482 4201 3685 4256 crimen

2099 4290 2286 4360 objicit
2316 4288 2606 4343 traditoris.
2656 4289 2863 4343 Etenim
2894 4299 3010 4358 post
3034 4304 3065 4342 a
3089 4291 3246 4360 iquod
3277 4303 3485 4361 tempus
3510 4294 3685 4362 perdi-

2104 4391 2186 4435 tus
2204 4381 2420 4452 quidam
2444 4380 2512 4435 de
2539 4380 2761 4434 notariis
2788 4379 2927 4433 beati
2957 4381 3079 4445 viri,
3110 4380 3417 4435 Licinianus
3443 4387 3686 4449 nomine,

2102 4474 2394 4540 assumpsit
2441 4485 2630 4542 gerere
2682 4472 2733 4524 in
2778 4471 2946 4525 virum
2974 4473 3326 4539 apostolicum
3353 4474 3497 4543 quod
3527 4478 3689 4530 disci~

2105 4566 2261 4632 pulos
2283 4564 2449 4617 ludas
2471 4581 2575 4617 non
2598 4565 2776 4619 timuit
2798 4566 3054 4618 adversus
3083 4564 3413 4621 Salvatorein
3442 4566 3694 4622 nostrum

2110 4657 2203 4708 Dei
2228 4654 2418 4708 Filiam
2444 4670 2772 4724 perpetrate.
2799 4656 3014 4711 Veneno
3037 4659 3179 4711 enim
3206 4675 3362 4713 sat-va:
3392 4663 3688 4714 accusatio-

2105 4745 2189 4798 nis
2231 4755 2486 4810 artnatus,
2512 4750 2773 4817 siiggessit
2812 4764 2902 4816 per
2931 4750 3277 4803 auricolarius
3313 4750 3532 4804 Alarico
3550 4742 3691 4820 regi,-

2104 4837 2245 4905 quod
2290 4839 2624 4893 beatissimus
2665 4837 2950 4904 Caesarius,
3001 4856 3087 4909 qui
3119 4840 3188 4895 de
3227 4839 3407 4896 Galliis
3457 4843 3695 4898 habebat.

2110 4932 2393 5001 originem,
2425 4932 2550 4985 totis
2581 4931 2788 4985 viribus
2814 4932 3088 4987 aﬂectaret
3115 4934 3440 4989 territorium
3467 4948 3521 4991 et
3557 4939 3688 4990 civi-

2109 5032 2269 5077 tatem
2300 5024 2669 5078 Arelateiiscm
2699 5025 3133 5093 Burgundionum
3182 5027 3472 5082 ditionibos
3502 5032 3689 5098 subju-

2102 5154 2331 5224 Gallico,
2356 5174 2461 5226 quo
2486 5168 2703 5213 auctore
2724 5160 2837 5213 disc
2861 5176 2978 5213 imis
3009 5159 3191 5216 Gallus
3222 5161 3271 5214 in
3300 5164 3549 5218 omnibus
3576 5165 3681 5218 fore

2099 5235 2280 5293 rebus,
2313 5229 2530 5288 tublicis
2581 5232 2902 5298 privatisque
2923 5232 3239 5293 rationibus,
3264 5233 3465 5287 Graecis
3494 5237 3682 5288 litteus

2102 5313 2225 5351 usus
2251 5315 2389 5353 esse.
2425 5302 2494 5352 At
2523 5316 2648 5352 vero
2674 5316 2739 5353 ex
2771 5305 2872 5353 hoc
2898 5306 3013 5354 loco
3051 5303 3178 5355 Vitae
3202 5305 3259 5357 S.
3290 5304 3509 5357 (lies-urit
3533 5306 3683 5358 colli-

2099 5384 2307 5441 gitiius,
2334 5373 2523 5441 lingur
2562 5369 2762 5423 Graecae
2793 5386 2946 5423 usum
2986 5372 3050 5423 ad
3081 5389 3287 5427 sextum
3321 5388 3488 5441 usque
3516 5392 3686 5429 ειη-(ιιι-
3745 5375 3749 5378 ’

2103 5440 2211 5491 lum
2239 5440 2375 5504 apud
2402 5441 2760 5503 Atelatetises,
2793 5443 2949 5494 etiam
2978 5458 3142 5511 penes
3165 5446 3325 5498 laicus
3344 5440 3682 5511 et’plebeios,

2098 5524 2445 5575 remansisse,
2469 5528 2531 5563 ac
2559 5528 2611 5562 iii
2635 5527 2801 5564 sacris
2828 5515 2930 5564 l'uis
2964 5528 3000 5565 e
3018 5514 3209 5566 ot‘liciis
3237 5526 3569 5581 usurpatum.
3609 5536 3628 5567 ι

2169 5582 2243 5652 (c)
2275 5583 2609 5634 Mabdlnnius
2661 5586 2790 5650 lt-g.t
2818 5582 3117 5651 prozelutor.
3162 5587 3327 5639 Porro
3361 5603 3454 5653 per
3492 5602 3684 5640 VtiCr'nl

2095 5648 2326 5705 arma...
2344 5656 2689 5721 designantur
2708 5648 2791 5703 Iitc
2812 5648 3069 5721 pauperes
3086 5672 3179 5709 seu
3199 5648 3437 5709 membra
3461 5660 3686 5720 Christi,

2092 5739 2321 5847 quorilim
2354 5727 2476 5778 vitia
2510 5739 2613 5777 non
2651 5735 2841 5794 negat;
2878 5728 2982 5780 illis
3030 5737 3206 5783 tamen
3256 5730 3686 5783 succurtenduui

2129 5810 2225 5847 oce
2262 5833 2274 5847 .

2129 5810 2274 5849 υοιιι.
