4078 6440
428 185 567 242 ίυιῦ

1775 180 1955 235 ἨἸἌ.
1998 175 2199 230 LIBER
2238 176 2274 230 ί.

3573 174 3712 228 idib

425 296 516 351 lini
548 305 728 359 tamen
762 294 1003 353 dicerent
1033 295 1331 366 darentque
1369 295 1501 350 mihi
1541 298 1804 349 rationem
1837 291 2000 357 aliqui
2030 288 2082 347 Α
2111 288 2255 353 regni
2285 288 2922 358 jaiiuanipriesiolcntnr,
2947 302 2996 343 ct
3030 306 3219 360 compe
3245 300 3397 348 cnter
3419 291 3707 360 ingressa,

428 389 636 443 homini
667 389 995 452 sacerdotes.
1021 388 1135 445 sive
1166 390 1401 457 reliquus
1444 389 1643 449 clerus,
1691 384 1781 454 qui
1828 382 2009 437 nescio

425 494 533 547 quo
571 478 955 548 siiperlluitatis
989 494 1174 533 amore
1205 478 1391 534 uolunt
1424 476 1553 532 dare
1585 474 1896 532 insensibile
1922 487 2010 526 ar-

424 580 645 639 genium
687 582 740 626 et
782 585 973 625 aurum
1012 571 1079 626 de
1107 570 1346 625 dooariis
1376 570 1575 625 Clirisu
1608 583 1702 635 pro
1730 566 2012 633 mancipiis

424 662 660 728 (Zbristi;
693 663 875 731 velim,
922 663 1161 733 inquam,
1196 664 1458 728 dicerent,
1497 663 1540 715 si
1580 660 1797 715 sibimet
1825 671 2015 713 casua-

426 752 550 808 liter
581 755 678 809 ista
709 755 937 810 adversa
981 758 1381 826 Contingeient,
1438 768 1614 808 utrum
1658 769 1717 805 se
1756 758 2015 821 cuperent

426 841 830 901 ittSCllsiltilibltS
868 846 1084 900 liberari
1114 846 1389 912 donariis;
1420 855 1513 900 aut
1544 844 1764 899 forsitan
1798 843 2021 897 sacrile-

428 941 575 1010 gium
622 948 1030 1007 computareut,
1071 938 1116 992 si
1148 938 1317 1011 [Μαι.
1369 939 1514 991 addit
1560 933 1665 1007 his]
1713 935 1905 1004 aliquis
1950 935 2017 988 de

404 1028 631 1088 'diviuis
683 1033 1016 1087 munusculis
1058 1032 1397 1089 subveniret.
1446 1032 1561 1087 Non
1610 1031 1776 1085 credo
1802 1040 2018 1085 contra-

428 1127 566 1182 riiiin
612 1140 737 1181 esse
784 1125 895 1179 Deo
948 1126 1013 1181 de
1067 1126 1371 1181 ministerio
1431 1143 1531 1181 suo
1592 1126 2015 1193 redemptionem

428 1216 567 1281 dari,
615 1218 704 1284 qni
751 1217 989 1285 seipsum
1045 1233 1141 1285 pro
1184 1218 1417 1271 hominis
1460 1216 1827 1287 redemptione
1858 1212 2019 1269 tradi-

428 1308 504 1361 dit
533 1305 630 1379 (a).
664 1306 915 1362 Videmus
947 1322 1011 1361 ex
1046 1308 1147 1362 hoc
1178 1307 1384 1377 aliquos
1434 1307 1653 1361 laudare
1687 1306 1900 1376 quidem
1941 1305 2021 1358 fa-

428 1410 574 1453 ctum
626 1401 792 1453 sancti
845 1399 978 1463 viri,
1043 1410 1098 1455 et
1155 1411 1332 1455 tamen
1390 1401 1697 1456 nu‘latenns
1755 1397 2019 1452 aemulari.

432 1491 619 1546 Nonne
652 1491 704 1545 in
749 1492 887 1545 vltro
928 1491 1148 1562 sanguis
1198 1491 1436 1556 Christi,
1467 1500 1523 1547 et
1554 1492 1604 1544 in
1640 1490 1782 1560 ligno
1826 1502 2022 1555 corpus

414 1572 884 1652 pretiosissimum
934 1583 1053 1651 ejus
1098 1583 1351 1652 pependit
1402 1598 1498 1650 pro
1542 1581 1699 1636 nobis
1740 1592 1792 1635 et
1845 1578 2022 1633 fulsit?

2113 381 2307 434 Christi
2352 395 2573 450 perpetu
2598 397 2626 436 s
2658 394 2966 439 mercantur
3006 386 3339 453 amplexibus
3378 385 3646 444 ittliiexero
3688 408 3704 444 :

2113 473 2183 525 ita
2214 483 2458 537 retritsar,
2486 484 2542 527 ιιι
2572 490 2742 545 usque
2790 477 2841 531 in
2875 477 3019 532 dicm
3054 478 3311 532 transitus
3340 495 3525 535 earum
3572 481 3706 539 nulli

2118 564 2276 621 liceat
2303 564 2437 619 foris
2473 566 2692 635 januam
2731 570 2912 637 egredi
2944 570 3011 626 dc
3042 572 3389 628 monasterio.

2186 654 2279 708 ‘26.
2302 655 2407 711 Pro
2428 657 2525 710 ista
2546 657 2778 729 denique
2799 676 2958 715 causa
2985 678 3189 732 proque
3207 663 3311 719 hoc
3326 664 3508 721 smdio
3526 668 3707 733 procul

2117 750 2282 806 dubio
2312 760 2498 805 ci-ntra
2530 766 2743 806 servum
2770 753 2968 808 Christi
2996 755 3267 823 diabolus,
3299 766 3356 813 ut
3378 759 3462 815 leo
3493 760 3709 814 rabidus

2120 845 2335 899 iutuuie
2353 859 2483 900 cens
2502 886 2517 904 .
2545 843 2741 900 iterum
2769 847 3112 903 accusatione
3143 851 3384 905 confecta
3406 850 3617 906 extrahi
3642 854 3709 907 ab

2121 935 2336 989 Arelate
2365 934 2661 991 antistitem
2708 934 2829 990 fecit
2850 978 2866 1002 ,
2895 946 2949 991 et
2976 936 3028 990 in
3062 937 3268 994 Italiam
3302 942 3402 994 sub
3431 942 3672 997 custodia
3704 987 3720 1009 ,

2121 1024 2541 1095 ltavcnnainque
2572 1026 2790 1095 perduci
2838 1043 2853 1082 :
2890 1037 2949 1083 ut
2995 1028 3385 1096 implereturin
3412 1048 3517 1099 eo,
3561 1036 3711 1091 Sicut

2123 1117 2382 1189 probatur
2433 1133 2624 1174 aurum
2654 1129 2709 1173 et
2749 1130 3029 1190 argentum
3060 1120 3116 1177 in
3148 1121 3401 1190 fornace,
3435 1126 3507 1180 ita
3546 1128 3743 1222 corda.

2123 1212 2417 1265 electorum
2456 1211 2597 1279 apud
2646 1211 2837 1269 Deum.
2885 1213 3030 1269 Adiit
3057 1229 3187 1285 ergo
3226 1218 3503 1285 palatium.
3529 1211 3736 1293 regem:

2124 1318 2339 1370 quoque
2362 1303 2754 1359 Theodericum
2779 1303 2995 1360 Christo
3011 1307 3147 1362 duce
3166 1309 3494 1365 salutaturus
3518 1324 3714 1380 aggre-

2123 1395 2284 1449 ditur.
2314 1393 2384 1450 Ut
2418 1410 2544 1450 veio
2572 1410 2663 1451 rex
2695 1396 2787 1452 Dei
2814 1398 3081 1454 hominem
3104 1400 3426 1470 intrepidum
3454 1419 3717 1458 venemu-

2124 1486 2357 1555 dnmque
2386 1487 2701 1556 conspexit,
2732 1488 2798 1541 ad
2832 1490 3170 1546 salutandum
3198 1505 3512 1556 reverenter
3531 1511 3716 1551 assur-

2125 1576 2223 1647 git,
2256 1592 2317 1631 ac
2346 1577 2590 1646 deposito
2613 1588 2805 1635 ornatu
2836 1579 2903 1633 de
2924 1581 3099 1650 capite
3126 1582 3423 1639 clementer
3444 1586 3711 1641 resaluta-

412 1666 539 1732 Nos
589 1686 765 1731 tamen
811 1676 1083 1732 cicdimns
1120 1688 1174 1731 et
1217 1677 1535 1731 conﬁdimus
1567 1676 1619 1729 in
1656 1674 1881 1728 Do-niiio
1907 1671 2018 1724 Deo
2054 1670 2096 1728 Β
2128 1668 2203 1720 Vit
2234 1708 2251 1734 ,
2308 1667 2539 1737 primum
2600 1669 2936 1739 interrogans
2984 1671 3053 1727 de
3095 1673 3277 1728 labore
3332 1676 3500 1744 ipsius
3555 1689 3716 1745 atque

432 1787 530 1838 per
581 1769 1001 1825 lltiS‘l‘it'Oldialﬂ
1062 1780 1117 1823 et
1169 1770 1329 1825 (idem
1381 1785 1476 1824 seu
1532 1768 1830 1821 orationem
1882 1764 2020 1818 beati

432 1862 676 1925 Caesiiii,
719 1864 843 1931 quia
875 1862 951 1916 sic
984 1864 1036 1916 in
1068 1862 1257 1916 diebus
1288 1866 1400 1915 suis
1441 1862 1507 1915 ah
1554 1860 1799 1914 hostibus
1842 1858 2021 1912 Arela-

433 1953 600 2006 tensis
630 1954 848 2007 obsesmi
881 1964 963 2006 est
994 1953 1209 2017 civitas,
1259 1960 1318 2004 ut
1360 1967 1459 2007 nec
1487 1968 1568 2017 ca.
1593 1951 1781 2005 tivitati
1816 1962 2026 2002 merue-

437 2045 528 2105 rit.
563 2059 663 2099 nec
693 2044 887 2111 praeda:
929 2044 1307 2098 succumbere.
1344 2045 1430 2097 Sic
1455 2043 1645 2097 deinde
1668 2058 1696 2095 a
1731 2039 2027 2110 \‘isigotiiis

434 2136 497 2190 ad
542 2136 988 2202 Ostrogotliortittt
1046 2134 1120 2207 (ὁ)
1176 2134 1428 2190 ιΙθνιιΙιοΗ
1478 2145 1561 2188 est
1615 2150 1865 2202 regnum.
1935 2132 2027 2187 Sic

410 2218 700 2299 'liodieqne
736 2231 787 2283 in
822 2228 1020 2285 CliriSIi
1055 2230 1274 2282 nomine
1304 2230 1368 2299 gl:
1395 2228 1678 2283 riosissimi
1711 2227 1851 2294 regis
1878 2225 2029 2280 Chil—

436 2320 637 2374 di-bciti
662 2319 746 2387 (ε)
775 2320 1021 2374 subditur
1048 2319 1256 2383 ditioni,
1292 2332 1370 2384 ut,
1401 2322 1538 2373 sicut
1567 2321 1813 2384 legitima,
1851 2331 2029 2371 trans-

437 2412 612 2465 ierunt
640 2414 708 2467 de
736 2424 894 2480 gente
934 2414 984 2464 iti
1030 2422 1240 2479 gentem
1271 2420 1327 2465 et
1378 2410 1448 2465 de
1478 2426 1642 2480 ri'gno
1671 2411 1737 2464 ad
1772 2412 2026 2477 pupulum

437 2504 689 2562 aitcrum.
730 2514 779 2557 et
813 2518 917 2555 non
953 2502 1193 2569 permisit
1234 2503 1372 2556 Dctts
1412 2504 1514 2557 sub
1554 2502 1645 2556 illo
1678 2502 1896 2555 homine
1926 2518 2055 2554 now

418 2584 562 2651 fere
590 2594 715 2651 Ai‘cl
737 2594 996 2648 ilelbiilth
1023 2596 1155 2648 suis.

418 2668 422 2672 ³
508 2686 601 2739 23.
638 2687 777 2739 inter
831 2688 929 2738 ista
985 2685 1147 2753 igitur
1203 2686 1590 2739 monasterium
1652 2684 1978 2752 pracipnnin
2012 2727 2028 2748 ,

440 2778 581 2846 quol
645 2777 816 2831 sorori
872 2792 983 2830 sita:
1046 2792 1234 2843 parare
1280 2784 1567 2846 coeperat,
1619 2776 1792 2832 inSIar
1840 2777 2033 2844 prioris

441 2884 677 2936 normae,
726 2879 777 2923 ct
821 2869 1190 2935 singularitate
1237 2869 1457 2924 claustri
1495 2870 1868 2924 reiediticavit.
1916 2870 2033 2937 Ipse

444 2977 570 3017 vero
597 2963 882 3032 (sinlitielll
917 2979 948 3015 ιι
978 2963 1049 3015 hil
1098 2962 1278 3015 obviat
1317 2963 1576 3027 misterio
1605 2967 1746 3028 quod
1785 2961 2035 3030 congruit

2130 1757 2356 1825 itineris,
2407 1758 2601 1814 dehinc
2628 1759 2697 1815 de
2738 1759 2931 1816 Gothis
2954 1764 3097 1829 suis,
3127 1780 3189 1819 ac
3209 1766 3278 1821 de
3310 1767 3715 1825 Arelatensibus

2128 1847 2419 1901 aﬂectnose
2440 1849 2738 1918 requirens.
2763 1849 2995 1919 Egresso
3019 1853 3179 1921 igitur
3197 1857 3311 1910 viro
3332 1866 3518 1911 sancto
3548 1857 3716 1929 [addi

2132 1937 2274 1992 Mali.
2325 1938 2597 2013 pontifice]
2643 1957 2673 1995 a
2701 1953 2993 2013 conspectu
3026 1947 3202 2014 regis,
3254 1964 3383 2002 suos
3424 1951 3719 2017 alloquitur

2131 2047 2254 2096 rex,
2285 2030 2471 2086 dicens
2510 2050 2523 2084 :
2555 2031 2671 2088 Non
2705 2044 2887 2102 parcat
2920 2033 3025 2089 illis
3060 2037 3198 2091 licus
3239 2040 3328 2107 qui
3359 2039 3516 2109 hujus
3560 2042 3776 2097 inno-‘r

2129 2126 2319 2176 centi.i-
2338 2125 2515 2176 virum
2534 2136 2693 2193 atque
2713 2126 3014 2184 sanctitatis
3045 2128 3240 2185 frustra
3259 2131 3501 2188 fecerunt
3528 2136 3720 2191 itinere

2133 2222 2238 2265 tam
2273 2215 2432 2282 longo
2458 2215 2657 2270 vexari.
2689 2216 2872 2282 Qualis
2892 2217 2962 2273 sit
2984 2218 3094 2284 ille,
3130 2220 3257 2275 hinc
3284 2224 3559 2291 probatur.
3592 2230 3717 2297 quia

2133 2303 2375 2373 ingresso
2389 2319 2456 2361 eo
2474 2304 2540 2358 ad
2564 2306 2901 2362 salutandum
2924 2324 3009 2364 ine
3027 2318 3170 2366 totus
3186 2315 3508 2369 contreiiiui.
3530 2316 3719 2383 Video,

2135 2396 2323 2464 inquit,
2350 2396 2649 2465 angelicum
2677 2398 2906 2462 vultum,
2941 2400 3097 2454 video
3127 2404 3485 2470 apostolicum
3514 2408 3720 2475 virum;

2135 2490 2286 2543 nefas
2313 2488 2546 2542 arbitror
2585 2489 2711 2543 mali
2738 2490 3012 2560 quippiam
3042 2491 3111 2546 de
3138 2503 3245 2548 tam
3269 2498 3578 2552 venerando
3608 2500 3722 2555 viro

2133 2595 2379 2635 cen~ere.
2410 2579 2656 2635 Postlucc
2677 2590 2896 2650 recepto
2914 2582 2964 2637 iii
2984 2583 3284 2639 diversorio
3306 2587 3468 2641 mittit
3486 2591 3723 2645 muneris

2135 2671 2274 2736 loco,
2300 2688 2565 2742 pransuro
2587 2686 2899 2743 argenteum
2925 2675 3156 2743 discum,
3187 2677 3341 2749 cujus
3367 2694 3532 2750 pensa
3556 2682 3627 2753 (ε)
3655 2684 3720 2737 ad

2136 2771 2411 2841 sexaginta
2444 2771 2608 2825 libras
2638 2772 2858 2827 circiter
2883 2772 3225 2844 jungebatur,
3259 2776 3489 2846 adjectis
3534 2780 3725 2835 solidis

2138 2864 2415 2929 trecentis,
2447 2875 2669 2934 rogante
2701 2866 2902 2934 pariter
2930 2875 2984 2921 ct
3009 2867 3258 2924 dicente:
3289 2870 3510 2938 Accipe,
3537 2884 3721 2927 sancta

2142 2953 2415 3024 cpiscope,
2464 2965 2616 3027 rogat
2646 2955 2786 3011 [ilius
2812 2966 2992 3013 vester
3020 2973 3111 3012 rex
3131 2999 3147 3024 ,
3182 2968 3239 3014 ut
3267 2961 3542 3015 vasculum
3584 2962 3721 3018 istud

443 3053 805 3123 Christiano),
858 3055 1011 3122 quasi
1058 3055 1325 3108 recentior
1365 3055 1624 3123 temporis
1668 3056 1837 3109 nostri
1888 3054 2028 3119 Noe,
2060 3053 2107 3116 C
2140 3047 2378 3103 muneris
2406 3046 2527 3101 loco
2556 3046 2840 3117 dignanter
2865 3048 3139 3105 beatitudo
3171 3060 3344 3107 vestra
3385 3052 3645 3122 percipiat
3671 3063 3721 3111 et

445 3158 664 3220 propter
686 3149 921 3202 turbines
949 3158 999 3200 et
1026 3149 1310 3215 procellas,
1333 3148 1608 3201 Sodalibais
1636 3148 1717 3201 vcl
1748 3147 2028 3203 sororibus

445 3238 499 3296 in
533 3240 698 3293 iatere
725 3239 967 3292 ecclesia:
1000 3239 1307 3291 monasterii
1334 3239 1556 3292 fabricat
1582 3254 1784 3300 arcam.
1812 3248 2032 3295 evocat-

424 3344 550 3400 ,que
585 3346 616 3383 e
658 3329 971 3384 Massilicusi
1015 3330 1343 3384 inoiiastcrio
1380 3330 1460 3399 (it)
1510 3331 1870 3384 venerabilem
1912 3347 2034 3399 ger-

426 3438 660 3489 manam
703 3439 852 3476 suam
884 3424 1193 3487 Ca'sariain,
1240 3439 1397 3493 quam
1430 3423 1559 3477 inihi
1606 3423 1726 3477 ideo
1763 3424 2035 3478 direxerat

446 3526 506 3572 ut
533 3518 769 3571 disceret
816 3517 954 3584 quod
1002 3516 1072 3569 do
1105 3526 1262 3577 eret,
1310 3526 1367 3571 et
1407 3517 1552 3584 prius
1600 3526 1744 3571 esset
1772 3518 2033 3586 discipula

444 3624 604 3678 quam
651 3613 935 3677 magistra,
981 3610 1118 3663 etin
1170 3611 1484 3676 pra-paratis
1538 3609 1853 3664 habitaculis
1910 3625 2034 3663 cum

448 3703 658 3755 duabus
720 3713 808 3754 aut
866 3703 1035 3754 tt‘ilttts‘
1093 3700 1307 3755 interim
1358 3700 1635 3753 sodalibus
1703 3699 2031 3753 intromittit.

426 3790 783 3855 ,Cnnveui'int
818 3791 940 3842 inibi
972 3790 1232 3855 virginum
1276 3790 1521 3841 iiiiiltitml
1550 3804 1644 3841 nes
1671 3790 1983 3844 catervatim
2020 3808 2032 3819 ·

450 3881 793 3934 facultatibus
858 3896 1069 3945 quoque
1123 3889 1178 3934 et
1236 3882 1545 3948 parentibus
1616 3883 2030 3948 renuntiantes,

449 3985 708 4039 respuunt
730 3974 1031 4026 mortalium
1056 3974 1214 4027 flores
1237 3972 1453 4027 fallaces
1482 3972 1686 4039 pariter
1705 3982 1760 4027 et
1780 3975 2036 4029 cadttz'os.

450 4066 667 4121 Cwsavii
713 4065 877 4132 patris
900 4105 916 4129 ,
947 4064 1197 4118 Caesariic
1233 4065 1422 4117 matris
1456 4074 1712 4129 expetunt
1738 4065 2035 4134 gremium,

450 4171 714 4224 quatenus
742 4171 862 4209 cuin
896 4156 1086 4210 eodem
1132 4155 1375 4210 accensis
1413 4154 1749 4222 lampadibus
1793 4156 2037 4213 rmlesﬁs

523 4308 598 4381 (α)
620 4309 696 4363 Ex
733 4309 880 4361 hisce
901 4309 1069 4361 Sam-ti
1099 4308 1275 4381 verbis
1295 4309 1506 4364 aliunde
1528 4318 1785 4373 patetnon
1803 4310 2039 4364 defuisse

448 4384 538 4449 qui
579 4379 891 4435 charstatein
925 4381 1061 4433 hanc
1091 4379 1209 4449 ejus
1236 4381 1706 4447 reprehenderent.
1738 4381 2035 4436 Defendere

2138 3138 2189 3190 iii
2214 3154 2366 3191 usuin
2399 3153 2498 3208 pro
2530 3139 2791 3194 memoria
2822 3140 2905 3195 sui
2936 3140 3149 3197 habeat.

2205 3234 2297 3289 27.
2341 3234 2436 3289 Ille
2467 3250 2625 3297 vero,
2673 3235 2767 3305 qui
2797 3236 2849 3290 in
2882 3251 3036 3291 usum
3068 3253 3267 3292 mensa:
3296 3253 3412 3294 sua:
3441 3248 3723 3308 argentum

2137 3340 2404 3397 nunquam
2456 3324 2642 3380 habuit
2687 3327 2892 3397 absque
2938 3328 3239 3384 cochlearia
3270 3328 3719 3402 [cochlearibus],

2136 3418 2224 3473 die
2274 3420 2426 3472 tertia
2470 3433 2568 3489 per
2610 3417 2888 3473 minstros
2941 3434 3068 3475 suos
3119 3422 3474 3491 appretiatuin
3519 3423 3611 3478 dis
3636 3440 3726 3480 uni

2140 3511 2259 3565 facit
2310 3512 2518 3581 publice
2561 3512 2886 3577 venundari,
2940 3511 3164 3582 ejusque
3195 3515 3366 3583 pretio
3394 3516 3725 3585 captivorum

2136 3603 2299 3673 coepit
2329 3605 2591 3671 plurimos
2618 3602 2871 3659 liberare.
2905 3602 3049 3666 Mox.
3075 3604 3343 3672 inquiunt,
3370 3606 3481 3672 rrgi
3516 3606 3727 3661 nuntia-

2140 3706 2337 3748 verunt
2366 3694 2549 3747 famuli
2580 3694 2663 3746 sui
2699 3712 2712 3747 :
2750 3694 2889 3749 Ecce
2910 3695 3141 3750 vidimus
3173 3696 3224 3749 in
3255 3697 3533 3766 proposito
3562 3711 3726 3750 vena-

2140 3789 2267 3842 lium
2307 3786 2635 3840 doiuiiiicnin
2666 3802 2858 3841 ιιιιιιιιις
2890 3790 3097 3852 venale.
3130 3789 3282 3856 cuius
3308 3804 3382 3857 pr.
3405 3780 3480 3843 tio
3519 3790 3579 3845 S.
3611 3788 3726 3845 Cato

2140 3881 2311 3934 sarius
2338 3879 2704 3933 multitudines
2732 3880 2925 3934 liberat
2944 3881 3300 3948 captivorum.
3330 3880 3542 3937 Etenim
3580 3890 3725 3937 tanta

2140 3974 2434 4027 enormitas
2465 3987 2754 4041 pauperum
2803 3973 2856 4026 iii
2895 3973 3014 4028 nied
3041 3982 3152 4029 tatu
3194 3976 3277 4045 (ί)
3313 3975 3483 4045 ipsius
3511 3986 3627 4031 erat
3673 3982 3728 4031 et

2140 4065 2333 4119 domus
2374 4064 2512 4119 atrio
2561 4066 2859 4133 constipata
2888 4104 2904 4128 ,
2933 4075 2991 4120 ut
3019 4065 3107 4120 vix
3139 4066 3205 4120 ad
3235 4067 3573 4122 salutandum
3604 4084 3727 4123 eum

2142 4173 2242 4229 pro
2259 4157 2523 4212 densitate
2544 4156 2943 4226 suggereiitium
2966 4158 3285 4214 miserorum
3314 4160 3486 4229 possit
3517 4161 3727 4217 accedi.

2143 4323 2284 4368 terat
2311 4311 2599 4367 Cmsarins.

2213 4385 2290 4452 (ὸ)
2328 4384 2692 4438 Theudoricus
2741 4383 3185 4454 Ostrogotnorum
3225 4401 3317 4442 rex
3353 4386 3541 4442 urbem
3580 4389 3729 4443 obsi-

450 4431 660 4520 ipnupie
687 4431 767 4505 se
812 4431 1319 4528 [mterattja-isariu;
1362 4452 1611 4528 exi-inple
1657 4453 1717 4506 S.
1748 4454 2031 4528 Augustini
2062 4431 2117 4491 D
2139 4431 2300 4510 didm:-
2330 4456 2607 4528 litieratam
2632 4457 2822 4528 eodem
2855 4431 3097 4524 teinpore
3126 4457 3227 4511 sibi
3258 4461 3508 4521 asseruit,
3545 4471 3601 4515 nt
3634 4460 3729 4528 pa-

448 4534 503 4575 et
532 4524 588 4577 S.
643 4523 945 4580 Ambrosii.
994 4538 1129 4590 quos
1170 4523 1221 4575 in
1271 4521 1373 4574 hoc.
1421 4524 1559 4575 l'aCIo
1607 4532 1726 4576 erat
1772 4526 2028 4578 imitatus.

453 4592 586 4647 Audi
620 4593 791 4664 ipsum
834 4593 892 4645 S.
929 4592 1305 4664 Αιιεὶιτοξίιιιιι,
1345 4591 1439 4645 lib.
1482 4608 1515 4647 ti
1546 4593 1612 4645 de
1638 4594 1879 4657 Ofﬁciis,
1909 4609 2029 4664 cap.

449 4664 519 4715 ’ἐκ
545 4680 559 4715 :
590 4680 606 4710 ι
645 4662 755 4714 "ac
783 4664 1093 4729 maximum,
1129 4662 1335 4730 inquit,
1366 4664 1692 4717 incentivum
1725 4662 2030 4718 niisericiir-

434 4735 580 4793 .diae,
612 4743 669 4784 ut
706 4734 1096 4797 compatiamnr
1124 4733 1318 4785 alxenis
1345 4734 1735 4787 calamitatibus
1754 4775 1767 4791 .
1796 4738 2032 4789 necessi-

456 4810 592 4856 tates
622 4804 865 4861 alioruin,
894 4815 1151 4869 quantum
1186 4817 1496 4872 possumus,
1519 4804 1766 4870 jnwmns
1789 4820 1805 4869 ;
1830 4815 1886 4859 et
1912 4809 2030 4872 plus

456 4873 719 4925 interdum
750 4886 907 4940 quam
930 4888 961 4939 p
985 4887 1231 4925 tsSUlltlls.
1266 4871 1451 4923 Melius
1470 4886 1552 4925 est
1583 4874 1724 4927 enim
1752 4892 1848 4939 pro
1877 4871 2033 4931 mise-

456 4943 686 4996 ricordia
714 4958 904 4994 causas
924 4953 1199 5009 prirstare,
1232 4946 1311 4992 vel
1337 4940 1497 4995 invidi
1519 4959 1585 4995 sm
1619 4947 1844 5011 perpeti,
1874 4960 2032 5010 quam

457 5014 792 5080 pra-tundere
831 5017 913 5065 inc
932 5013 1253 5074 eiu-entiam;
1276 5023 1342 5083 int
1376 5028 1472 5063 nos
1498 5015 1785 5083 aliquando
1818 5017 1867 5067 in
1900 5017 2037 5068 invi-

454 5087 595 5137 diam
624 5084 909 5137 incidiinn~
932 5124 948 5156 ,_
978 5084 1118 5149 quod
1159 5082 1599 5156 confregerimns
1623 5101 1746 5137 vasa
1771 5092 2033 5156 inysuca,

456 5166 517 5210 iit
555 5158 798 5220 cap'ivos
841 5154 1261 5213 rediiiiereuins.
1301 5154 1443 5222 quod
1492 5155 1703 5209 Ariani:
1749 5154 2037 5222 displicere

371 5276 376 5281 ,
459 5234 738 5300 induerat;
767 5240 866 5300 nec
896 5236 1000 5277 tam
1028 5224 1220 5300 factum
1252 5225 1587 5300 displiceret,
1618 5242 1778 5295 quam
1811 5240 1867 5279 ut
1888 5240 2037 5282 es.~et

453 5297 594 5364 quod
619 5297 670 5350 iii
714 5295 867 5349 nobis
896 5295 1398 5361 reprehenderem}.
1434 5296 1567 5364 Quis
1592 5310 1769 5349 autem
1803 5309 1887 5352 est
1926 5308 2031 5352 tam

452 5368 640 5440 durus,
673 5369 912 5428 immitis,
963 5370 1191 5440 ferreus,
1229 5380 1315 5440 ι-ηί
1356 5368 1829 5440 άῇςιιιίεθςιινιιιιοιι
1874 5371 2033 5421 Ιιοηιο

456 5436 739 5527 Satiris:
765 5438 1218 5527 =139':_'r!92_"~'.'1','1-"
1247 5436 1316 5527 ai;
1348 5436 2037 5527 mw"ﬁ"?l.l?i'il¥i""“'°t

454 5521 594 5573 νιιιιι,
623 5522 743 5594 quae
776 5484 1038 5594 graviores
1072 5484 1447 5594 Ιυρρίὶὲἶιῖὠιὶιξ
1469 5484 1887 5589 ξξιιυιθευιξιιιιιιιιε
1908 5514 2038 5594 ,uvel

580 5560 594 5573 ν
642 5560 656 5589 2
704 5560 733 5562 η
776 5560 805 5575 υ
852 5580 861 5589 .
1155 5560 1236 5604 “fr:
1294 5560 1436 5601 min
1715 5578 1747 5589 ..
1794 5560 1929 5593 "*1
1963 5560 2036 5566 τ’

448 5578 690 5658 pueruli,
725 5579 804 5630 vel
837 5575 1061 5658 infantes
1083 5578 1146 5629 ali
1172 5608 1234 5658 ml
1259 5577 1459 5658 cum",
1513 5591 1812 5658 coiitagus.
1843 5586 2036 5648 quibus

452 5616 690 5658 νηητ...
732 5616 804 5630 η..
837 5616 1060 5657 ...η-την..
1083 5616 1146 5629 -.,
1172 5616 1225 5680 ,ι’
1322 5616 1459 5680 rum
1513 5616 1812 5658 .,.......,,.....
1843 5616 2036 5648 ..ων-ιο

451 5657 637 5702 inertis
666 5659 805 5701 uictu
833 5632 1317 5773 inquinatam“)?!
1333 5674 1517 5761 Mc,"
1552 5650 1711 5722 plane
1740 5650 1919 5708 dicere
1944 5670 2037 5723 po-

1209 5698 1287 5809 ι’)
1333 5698 1354 5761 ι

2136 4538 2207 4582 iet
2233 4540 2297 4581 ex
2331 4526 2532 4580 tributo
2579 4541 2674 4594 per
2709 4526 2881 4597 ipsum
2913 4528 3316 4584 Arelatensibus
3344 4531 3593 4587 remisso.
3627 4526 3724 4586 Adi

2133 4597 2596 4664 commentarium,
2621 4614 2769 4652 num.
2796 4598 2883 4653 17.

2204 4668 2276 4739 (c)
2319 4668 2667 4723 Childelierto
2723 4668 2915 4737 obtigit
2979 4669 3167 4724 civitas
3214 4672 3540 4726 Arelatensis
3586 4688 3727 4725 anno

2136 4738 2266 4801 536,
2296 4754 2418 4791 cum
2453 4738 2652 4806 Vitiges
2677 4739 3125 4809 Ostrogothorum
3159 4755 3252 4795 rex
3292 4739 3513 4796 Francis
3539 4742 3724 4805 cessit,

2135 4809 2393 4881 quidquid
2426 4811 2733 4881 possidebat
2762 4811 2814 4863 in
2859 4810 3054 4872 Gallia.
3086 4827 3346 4881 regesque
3371 4811 3724 4878 Francorum,

2139 4880 2232 4932 iiiii
2257 4886 2313 4931 et
2335 4879 2577 4931 limi-edes
2601 4879 2879 4945 Clodovei,
2897 4879 3166 4938 ditionem
3193 4881 3336 4935 illam
3368 4882 3508 4936 inter
3527 4896 3588 4937 se
3610 4897 3727 4948 par.

2140 4951 2217 5003 titi
2249 4958 2394 5002 sunt.
2426 4948 2580 5003 Plura
2603 4950 2672 5005 de
2704 4951 2787 5005 liis
2809 4950 3053 5008 Cointius
3082 4952 3148 5008 ad
3184 4967 3381 5005 annum
3420 4951 3548 5019 556,
3578 4968 3727 5006 num.

2144 5022 2164 5073 ι
2199 5028 2253 5071 et
2279 5033 2431 5086 seqq.
2515 5026 2518 5035 '
3594 5045 3599 5051 ο

2210 5090 2289 5157 (ιι)
2328 5108 2345 5141 ι
2379 5089 2431 5142 In
2451 5089 2813 5157 Partlienone,
2839 5094 2914 5145 ait
2939 5091 3297 5154 Mabillonins,
3322 5107 3349 5143 a
3366 5090 3572 5147 Joanne
3595 5091 3731 5149 Cas-

2140 5159 2292 5212 siano
2322 5164 2819 5216 saueiimonialibus
2845 5172 3028 5217 erecto
3057 5165 3107 5215 in
3153 5178 3280 5231 agro
3311 5163 3559 5217 Massilia
3597 5172 3726 5218 suti-

2143 5232 2348 5284 urbaiio
2376 5234 2441 5284 ad
2474 5233 2756 5288 Yvelinum
2785 5248 3020 5287 amnem.
3049 5234 3189 5286 unde
3225 5248 3416 5288 nomm
3445 5237 3724 5297 cmiiobio,

2141 5302 2282 5366 quod
2313 5303 2516 5368 pridem
2549 5320 2795 5359 eversum
2839 5311 2943 5371 est,
2988 5304 3248 5358 reditibus
3272 5303 3331 5359 S.
3371 5304 3549 5359 Paula
3589 5305 3724 5359 Par-

2141 5374 2356 5425 tlienoni
2393 5376 2597 5427 urbano
2624 5374 2912 5428 attributis.
2950 5392 2971 5426 ι

2212 5444 2285 5515 (ε)
2340 5443 2504 5497 Pansa
2542 5459 2639 5512 pro
2666 5446 2923 5512 pondere,
2954 5443 3177 5514 Opinor,
3208 5443 3295 5499 hic
3324 5445 3576 5512 sumitur,
3607 5447 3729 5502 licet

2139 5517 2239 5585 alia
2268 5529 2480 5585 quoque
2510 5515 2776 5581 Signiﬁcat
2815 5516 2953 5582 apud
2984 5519 3270 5585 scriptorcs
3300 5518 3461 5572 medii
3492 5522 3615 5573 aevi.

2140 5657 2171 5710 l_
2213 5583 2302 5707 (ί)
2345 5583 2457 5639 Vox
2481 5587 2710 5641 obscura
2730 5595 2831 5655 est,
2857 5595 2912 5642 at
2936 5583 3124 5643 sensus
3146 5602 3210 5643 ex
3241 5589 3591 5659 sequentibus
3611 5587 3727 5645 col-

2166 5672 2228 5710 ιιιι
2259 5670 2341 5709 ιη’.
3704 5690 3709 5693 .

2166 5670 2341 5725 igitur.
3704 5690 3709 5693 -
