4078 6440
356 243 491 303 1017

320 362 729 433 prosternitur,
761 369 816 415 et
844 359 1124 428 imponens
1152 352 1311 424 capiti
1340 365 1578 417 manum,
1605 362 1794 404 omnes
1815 361 1936 402 sen-
1969 346 2016 403 Α

470 430 537 501 ian
567 425 768 501 mum
803 425 944 501 tactu
983 450 1089 501 olei
1117 448 1254 501 sacri
1301 446 1573 501 neruuxit.
1608 443 1724 501 Otto
1772 442 1933 501 facto,
2002 432 2344 497 .maledixit.
2394 441 2549 499 ῑπουι
2582 446 2809 501 1³⁸³³⁸0⁸³³
2858 430 2975 496 Ῐυῖ¹ν
3027 428 3097 482 ila
3144 428 3198 483 ίη
3244 442 3311 481 eo
3350 425 3637 480 εθιηδτίίθν

350 472 445 514 ως
473 472 537 512 ac
567 456 768 511 vttltttm
803 461 944 507 tactu
983 450 1089 505 olei
1117 448 1254 509 sacri
1301 446 1573 513 perunxit.
1608 443 1724 510 Quo
1772 442 1933 504 facto,

351 526 684 621 nequaquam
734 546 988 614 deinceps
1043 541 1253 610 repetiit
1295 540 1570 593 mulierem
1619 534 1842 606 depulsa
1884 537 1934 588 in

352 643 571 699 nomine
595 640 793 695 Christi
824 637 1121 694 calamitas.

424 761 514 817 3%.
545 761 753 815 Interea
782 758 1010 812 habebat
1041 757 1362 827 praecipuam
1394 754 1537 809 inter
1566 753 1805 821 reliquas
1825 751 1936 805 sol-

353 852 685 910 licitudiuem
732 853 1092 918 captivorum;
1126 859 1409 918 tantusque
1462 848 1513 901 in
1559 840 1667 900 "hac
1706 845 1934 900 admini-

352 944 737 1000 stratione'fuit
755 954 971 1013 tamque
999 944 1305 1010 prmelarus.
1335 948 1394 995 ut
1416 941 1612 993 nullius
1643 942 1745 993 hoc
1771 938 1941 1007 possit

353 1042 574 1107 explere
602 1039 812 1092 relatio.
843 1036 971 1091 Nam
998 1035 1224 1101 quodam
1256 1036 1364 1096 die.
1396 1034 1522 1087 dum
1550 1034 1765 1087 deesset
1809 1048 1939 1086 sau-

353 1132 456 1189 ctis
477 1125 733 1186 manibus
759 1131 869 1182 auri
899 1131 980 1184 vel
1008 1129 1309 1200 argenti‘sp
1343 1128 1487 1193 cies,
1530 1128 1673 1196 quod
1724 1118 1941 1179 daretur

353 1226 558 1291 egenis,
585 1222 950 1292 interpellatus
968 1238 997 1275 a
1023 1237 1277 1291 paupere,
1302 1224 1409 1273 ait:
1435 1219 1569 1283 Quid
1602 1220 1692 1272 tibi
1724 1220 1939 1283 faciam,

324 1316 560 1370 .misell-
591 1317 786 1369 meus?
817 1314 955 1383 qmd
992 1314 1161 1367 habeo
1205 1315 1304 1367 hoc
1342 1313 1414 1367 'do
1462 1311 1580 1367 tibi.
1634 1311 1941 1379 Ingrediens

354 1423 484 1473 ergo
513 1406 885 1469 cellatusuatn,
906 1405 1250 1471 casulamqtle
1266 1420 1423 1474 quam
1451 1404 1839 1472 processeriam
1865 1402 1939 1474 (a)

357 1498 947 1566 habebatialbamque
999 1494 1075 1567 (b)
1126 1498 1431 1565 paschalem
1480 1496 1761 1562 exhibens,
1796 1494 1945 1550 dedit

354 1590 427 1650 ei.
458 1588 677 1643 dicens:
717 1588 879 1657 Vade,
912 1591 1082 1643 vende
1108 1589 1409 1654 cuicunque
1428 1586 1651 1652 clerico,
1683 1598 1739 1642 et
1770 1588 1944 1657 pretio

356 1683 524 1750 ipsius
568 1682 776 1736 redime
818 1682 1086 1750 captivum
1121 1689 1292 1734 tmun.
1321 1680 1437 1734 Non
1471 1681 1646 1734 solum
1677 1682 1820 1734 enim
1852 1680 1939 1744 qui

353 1791 476 1829 eum
517 1780 858 1844 expetieruut
896 1773 1219 1841 captivitatis
1266 1780 1391 1827 sunt
1426 1772 1656 1826 vinculis
1686 1771 1940 1836 absoluti,

354 1868 817 1935 sedipsequoque
863 1881 958 1934 pro
1009 1864 1335 1919 redimendis
1380 1864 1605 1933 captivis
1654 1862 1947 1918 Carcassu-

355 1975 476 2012 nam
508 1958 578 2019 fc)
610 1958 879 2025 profectus
906 1967 989 2011 est
1016 1957 1314 2011 civitatem.
1350 1955 1482 2009 Nam
1517 1964 1573 2009 et
1603 1954 1784 2009 multis
1820 1954 1949 2009 vici-

323 2078 327 2083 τ
356 2052 453 2118 bus
481 2065 572 2118 per
593 2050 706 2103 loca
737 2049 944 2103 diversa
977 2048 1222 2112 abbates,
1242 2050 1498 2103 diacones
1520 2055 1575 2103 et
1592 2046 1823 2102 clericos
1849 2061 1947 2115 pro

326 2177 337 2185 υ
353 2143 723 2212 redemptione
745 2143 1075 2197 miserorum
1090 2142 1305 2195 direxit.

425 2258 515 2313 55.
556 2258 658 2312 Tot
686 2266 864 2311 autem
896 2256 1091 2311 divinae.
1112 2258 1297 2326 gratiae
1326 2257 1555 2310 virtutes
1578 2255 1726 2309 solus
1746 2255 1830 2307 bal
1852 2269 1946 2309 ere

353 2362 828 2433 promeruit,quot
878 2363 964 2415 vix
1024 2361 1076 2413 iu
1133 2359 1383 2429 plurimis
1434 2361 1543 2413 Deo
1585 2359 1946 2415 servientibus

356 2456 669 2509 floruerunt.
704 2454 820 2524 Ipse
852 2465 1029 2508 tamen
1051 2454 1132 2508 sic
1164 2456 1213 2507 in
1244 2469 1302 2507 se
1334 2469 1767 2523 unamquamque
1820 2467 1946 2520 per-

332 2563 542 2603 .souam
588 2562 801 2614 semper
848 2545 1104 2609 excoluit,
1154 2555 1403 2613 tanquam
1457 2545 1500 2598 si
1552 2545 1721 2612 ipsam
1771 2543 1942 2598 sulam

355 2655 574 2709 prorsus
634 2640 886 2693 haberet:
930 2639 1108 2692 tandiu
1143 2638 1260 2705 eius
1284 2637 1641 2704 prtecedeutia
1685 2635 1942 2706 pulcher-

332 2736 487 2799 Aritna
521 2748 581 2785 ac
606 2730 986 2798 iucundissima
1023 2731 1323 2793 videbatur,
1365 2729 1601 2797 quandiu
1637 2745 1670 2783 a
1709 2745 1943 2799 sequen-

357 2824 496 2879 tibus
538 2823 864 2879 vinceretur.
908 2822 1038 2888 Quis
1079 2821 1224 2876 cuim
1267 2822 1382 2891 ejus
1433 2821 1771 2890 patientiam,
1821 2822 1942 2890 quis

334 2917 679 2985 puritatem,
726 2919 843 2985 quis
892 2917 1213 2971 charitatem
1244 2958 1260 2982 ,
1314 2916 1433 2985 quis
1478 2916 1739 2970 fervorem
1782 2916 1940 2983 spiri-

356 3018 466 3073 tus,
513 3009 635 3077 quis
678 3008 1055 3062 discretionem
1083 3052 1098 3073 ,
1164 3008 1281 3075 quis
1342 3007 1727 3076 benignitatem
1755 3047 1773 3073 ,
1821 3007 1941 3077 qu's

1745 225 1926 283 VITA.
1968 220 2168 278 LIBER
2210 218 2248 278 Ι.

1978 1723 2021 1781 Β
2047 1720 2133 1773 dis
2206 1721 2415 1774 orabat.

3508 212 3644 270 IOI8

2115 340 2208 395 54.
2246 338 2303 394 Si
2346 338 2464 408 quis
2516 351 2737 393 suorum
2782 335 2981 405 iuravit
3028 333 3229 401 subito,
3258 340 3365 389 aut
3412 331 3637 388 forsitan

2039 525 2351 580 vindicavit.
2398 525 2543 579 Illius
2592 532 2769 578 tamen
2820 524 2918 577 ista
2971 524 3068 575 fuit
3109 536 3206 590 pro
3251 517 3634 574 maledictione

2041 619 2369 675 benedictio.
2400 617 2446 671 si
2475 628 2660 672 contra
2692 620 2923 686 aliquem
2955 613 3247 683 aliquando
3295 624 3471 666 motus
3502 618 3589 666 est
3621 627 3637 666 :

2040 710 2221 765 Deleat
2254 709 2395 764 Deus
2429 718 2925 777 peccatumttnum,
2980 708 3190 763 auferat
3232 706 3372 760 Deus
3418 712 3640 773 peccata

2041 811 2152 869 tua,
2181 805 2406 873 castiget
2450 804 2705 856 Dominus
2752 803 3009 857 delictum
3047 814 3217 865 tuum,
3252 807 3312 853 ιιι
3358 798 3485 855 illuc
3528 813 3635 853 nou

2006 930 2011 935 ι
2040 908 2284 952 servetur
2311 897 2402 951 tibi
2429 912 2444 963 ;
2468 895 2833 965 eorrigatvhic
2864 896 3119 949 Dominus
3162 908 3406 949 errorem
3448 904 3634 947 'tuutn.

2041 992 2121 1045 Att
2156 990 2240 1064 [ad
2273 992 2459 1044 om’ttit
2493 988 2662 1059 Μαίη]
2695 991 3003 1042 interiorem
3033 1003 3190 1044 suum
3236 986 3498 1056 prodebat
3540 1000 3635 1041 ex-

2043 1082 2228 1137 terior.
2256 1081 2397 1135 Nam.
2422 1084 2573 1135 vultu
2602 1097 2815 1147 semper
2843 1080 3051 1150 placido
3080 1089 3134 1135 et
3161 1080 3424 1148 angelico,
3460 1081 3555 1134 ita
3582 1088 3642 1131 ut

2042 1173 2337 1225 secundum
2365 1172 2721 1239 Scrip'uram,
2751 1173 2915 1227 corde
2945 1174 3160 1226 laetante
3189 1173 3367 1225 vultus
3396 1172 3642 1226 floreret.

2046 1260 2346 1333 Sic[Mab.,
2376 1261 2535 1332 siettt]
2586 1278 2854 1332 nunquam
2914 1263 2965 1315 in
3010 1263 3118 1315 risu
3142 1260 3292 1331 justo
3328 1260 3630 1325 remissior,

2046 1351 2117 1403 ita
2158 1366 2428 1421 nunquam
2480 1354 2727 1405 mmroris
2778 1351 3054 1405 nimietate
3124 1351 3415 1418 depressus
3448 1394 3463 1419 ,
3535 1349 3671 1405 nisis

2048 1442 2186 1497 forte
2228 1444 2445 1513 quando
2503 1460 2603 1513 pro
2668 1446 2856 1497 alienis
2903 1443 3138 1514 peccatis
3195 1443 3434 1513 lugebat.
3498 1443 3643 1498 Nun-

2018 1550 2210 1603 ,quam
2273 1535 2504 1603 aliquem
2555 1536 2681 1590 odio
2755 1536 2980 1600 habuit,
3032 1546 3088 1590 et
3149 1551 3252 1590 n0n
3320 1538 3493 1590 solum
3545 1550 3642 1604 pro

2049 1629 2256 1691 amicis,
2304 1629 2399 1683 sed
2447 1630 2607 1683 etiam
2663 1646 2757 1699 pro
2812 1630 3045 1683 inimicis
3106 1640 3215 1684 toto
3271 1630 3464 1684 affectu
3521 1644 3643 1685 cor-

2488 1722 2596 1775 Nec
2663 1722 2856 1799 docuit!
2904 1725 3080 1776 verbis
3112 1724 3253 1792 quod
3313 1738 3417 1777 non
3468 1723 3644 1778 aditu—

2024 1812 2227 1882 Aplervt
2272 1814 2558 1881 exemplis.
2591 1814 2744 1869 Nulla
2798 1831 2920 1870 eum
2981 1814 3110 1869 hora
3158 1816 3263 1869 diei
3317 1816 3435 1871 sine
3475 1816 3643 1871 divini

2020 1904 2251 1972 eloquii
2301 1905 2650 1961 meditatione
2692 1907 2973 1971 transnbat,
3024 1905 3117 1960 sed
3142 1921 3240 1961 nec
3287 1905 3643 1962 dormientem

2052 1998 2397 2063 praeteribat;
2434 2012 2554 2051 nam
2586 1999 2895 2065 frequenter
2920 2010 2974 2054 et
2997 1999 3236 2053 dormire
3268 1999 3414 2053 visus
3463 2009 3545 2054 est
3582 2009 3640 2054 et

2056 2086 2327 2141 meditari.
2361 2089 2576 2142 Et-cum
2606 2104 2636 2142 a
2669 2090 3015 2145 meditatione
3043 2091 3367 2158 psalmorum
3396 2099 3484 2143 aut
3507 2105 3646 2159 przeo

2048 2178 2329 2234 dicatione
2358 2195 2574 2236 cessare
2606 2182 2906 2244 videretur.
2942 2184 3110 2237 lector
3139 2192 3232 2237 aut
3258 2184 3498 2237 notarius
3520 2191 3646 2238 ante

2024 2285 2169 2329 eum
2202 2272 2379 2341 legere
2409 2288 2514 2326 uoa
2549 2274 2849 2328 desistebat
2875 2292 2891 2329 :
2928 2276 2998 2329 ita
3033 2286 3089 2329 ut
3120 2285 3267 2330 recte
3296 2285 3351 2329 et
3379 2276 3644 2330 veraciter

2046 2361 2283 2417 diceret:
2313 2361 2586 2416 Meditatio
2607 2365 2779 2417 cordis
2802 2367 2899 2417 mei
2926 2366 2978 2417 in
3002 2378 3275 2436 conspectu
3308 2374 3395 2418 tuo
3424 2380 3643 2435 semper.

2118 2451 2209 2506 35.
2254 2452 2494 2519 Quodam
2527 2454 2686 2522 igitur
2717 2464 2959 2521 tempore
2990 2457 3118 2508 dum
3155 2458 3258 2510 iter
3281 2466 3467 2524 ageret
3500 2460 3644 2512 circa

2048 2544 2240 2613 Alpina
2298 2545 2435 2608 loca,
2461 2547 2542 2598 vir
2584 2546 2904 2600 venerabilis
2965 2557 3184 2602 sanctus
3226 2547 3522 2601 Eucheriu;
3566 2550 3645 2618 (ti)

2046 2635 2332 2704 episcopus
2360 2651 2479 2689 cum
2530 2636 2645 2705 ipso
2695 2647 2832 2692 erat.
2891 2638 3110 2692 Factum
3144 2652 3226 2693 est
3263 2649 3440 2692 autem
3493 2650 3549 2692 ttt
3587 2639 3644 2695 in

2048 2729 2226 2782 media
2254 2736 2418 2783 strata
2452 2728 2522 2799 (ε)
2546 2772 2562 2796 ,
2596 2730 2780 2784 infelix
2834 2741 2887 2784 ct
2919 2733 3124 2785 infirma
3158 2734 3357 2786 mulier
3393 2747 3645 2787 ocemre-

2028 2832 2128 2881 .ret
2154 2824 2399 2877 manibus
2445 2831 2500 2877 et
2550 2824 2773 2893 pedibus
2822 2816 3137 2888 contractis,
3184 2836 3239 2879 et
3286 2842 3380 2893 per
3440 2834 3640 2879 terram

2057 2924 2293 2984 reptans.
2327 2916 2494 2985 Quam
2527 2933 2648 2971 cum
2682 2916 2867 2971 fuisset
2895 2918 3142 2984 intuitus,
3174 2918 3525 2986 interrogavit
3568 2919 3649 2983 ip-

2030 3024 2163 3065 sum
2195 3018 2439 3064 sanctum
2476 3008 2799 3063 Euchetium
2858 3009 2982 3076 quid
3037 3022 3178 3064 esset
3226 3010 3327 3063 Itoc
3373 3010 3515 3079 quod
3569 3010 3648 3064 sic

336 3102 530 3189 ,zelum
581 3111 845 3166 sanctum,
882 3101 998 3170 quis
1044 3099 1228 3169 jugem
1276 3100 1677 3153 meditationem
1730 3099 1819 3153 die
1879 3113 1942 3153 ac
1970 3106 2017 3167 ρ
2052 3116 2145 3167 per
2175 3109 2370 3155 terram
2401 3117 2460 3156 se
2492 3102 2745 3156 traheret.
2794 3103 2887 3158 Ilte
2929 3104 3204 3157 mulierem
3270 3105 3644 3172 interrogavit.

358 3204 517 3250 nocte
545 3195 597 3249 iu
632 3195 743 3262 lege
772 3194 977 3247 Domini
1002 3193 1201 3262 poterit
1222 3194 1514 3261 explicare?
1536 3202 1777 3248 assertor
1801 3192 1943 3256 fidei.

360 3286 527 3341 forma
558 3285 918 3348 sacerdotum,
947 3294 1166 3339 ornatus
1197 3284 1568 3352 ecclesiarum,
1626 3286 1948 3350 prmdicator

332 3379 567 3447 gratiae,
587 3377 878 3431 exstiucmr
897 3376 1079 3446 jurgii,
1106 3376 1453 3429 seminarium
1483 3375 1782 3440 chatitatis,
1820 3393 1948 3429 nur-

336 3484 444 3541 _nro
476 3468 801 3536 disciplium,
834 3482 1040 3520 morum
1065 3466 1407 3534 ponderator,
1439 3467 1568 3521 libra
1588 3468 1827 3535 consilii,
1855 3467 1952 3523 de-

362 3564 532 3618 fensio
565 3563 907 3631 pupillorum,
940 3561 1273 3625 captivorum
1299 3562 1619 3629 redemptio.
1671 3562 1947 3629 Nunquam

360 3655 427 3709 de
454 3670 548 3709 ore
578 3655 719 3709 illius
741 3654 1026 3719 detractio,
1062 3669 1334 3723 nunquam
1385 3654 1750 3715 mendacium.
1805 3670 1947 3708 nun-

338 3760 519 3814 quam
574 3745 909 3797 maledicutm
954 3754 1139 3798 contra
1179 3744 1609 3813 qualemcunque
1666 3761 1948 3812 personam

335 3836 644 3905 processit.
678 3834 745 3887 Et
775 3851 878 3886 non
905 3836 1079 3887 solum
1111 3850 1213 3887 non
1244 3835 1477 3888 detraxit
1526 3836 1799 3903 cuiquam,
1852 3836 1949 3889 sed

364 3943 466 3982 nec
492 3927 859 3980 detrahentem
892 3924 1155 3992 patienter
1181 3924 1402 3978 audivit.

340 4102 343 4105 γ
436 4038 516 4109 (α)
546 4038 595 4091 ΙιΙ
626 4045 1004 4109 est.quautum
1034 4034 1404 4109 conjicin,_qtn
1438 4036 1491 4088 in
1520 4034 1952 4103 processionibus

366 4104 461 4166 seu
494 4104 908 4172 supplicantium
950 4104 1159 4171 agmine
1193 4107 1498 4160 utebantur.

338 4180 341 4181 ⁷
438 4182 511 4248 (ὁ)
572 4178 841 4231 Plouetmn
887 4177 1057 4229 albam
1112 4178 1341 4243 explicat
1385 4176 1741 4231 Mabilluuius.
1778 4176 1952 4233 Malim

348 4249 672 4317 intelligere
704 4259 907 4302 vestem
943 4251 1136 4300 lineam
1173 4248 1420 4310 talarem,
1446 4263 1567 4315 qutc
1607 4249 1725 4301 alba
1757 4248 1950 4315 passim

348 4323 587 4382 dicitur,
619 4334 831 4388 quaque
860 4320 1169 4373 sacerdotes
1209 4318 1502 4371 induuntur
1542 4320 1759 4372 missam
1804 4321 1951 4374 cele-

371 4395 570 4447 braturi
599 4394 699 4443 sub
719 4395 897 4443 trasu'a
922 4405 1013 4444 seu
1041 4389 1274 4460 pl.meta.
1302 4390 1610 4445 Paschaletu
1631 4401 1804 4458 vocat,
1826 4393 1951 4462 quia

368 4465 568 4532 οιιιίιιιι
596 4476 732 4524 enat,
757 4470 811 4513 et
850 4462 1123 4515 [05ιὶνίιίιί
1158 4462 1390 4528 paschali
1422 4463 1693 4529 deputata.

440 4534 810 4607 (c)_Carms_sn,
860 4549 978 4601 quae
1021 4532 1340 4586 Carrassona
1375 4535 1682 4607 frequenter
1713 4534 1957 4607 nomina-

367 4603 476 4663 tur.
512 4604 555 4657 G
574 4609 681 4659 illis
704 4604 1037 4663 Carcttssone.
1070 4608 1197 4658 urbs
1220 4613 1304 4657 est
1333 4608 1385 4657 in
1410 4603 1686 4657 Occuania
1716 4605 1953 4658 inferiori

368 4679 433 4728 ad
466 4678 685 4730 Atacem
728 4676 970 4738 fluvium,
1005 4690 1125 4743 qua:
1147 4679 1279 4728 satis
1307 4686 1431 4727 nota
1452 4681 1556 4736 est,
1586 4682 1641 4727 et
1666 4677 1954 4729 Intervallo

374 4763 477 4797 non
512 4760 705 4815 exiguo
725 4745 788 4797 ab
815 4746 946 4797 urbe
972 4744 1272 4799 Arelatensi
1296 4745 1503 4799 dissita.
1536 4745 1669 4798 IIittc
1700 4748 1957 4800 eximium

373 4825 539 4869 sancti
564 4814 801 4867 studium
825 4816 890 4866 ad
917 4816 1257 4869 redimendos
1283 4824 1525 4883 capttvos
1550 4816 1849 4870 luculenter
1878 4818 1961 4871 itt-

373 4885 624 4940 note~cit.

444 4957 523 5025 (ά)
561 4976 577 5005 t
614 4952 911 5025 Eucherius
929 4954 1136 5009 scilicet
1157 4954 1360 5020 junior,
1387 4955 1561 5024 inquit
1581 4956 1952 5010 Mabillonins:

372 5023 657 5081 ttaut’tluus
691 5023 845 5097 hujus
877 5027 1117 5097 nominis
1136 5025 1341 5080 sedisse
1372 5026 1425 5079 itt
1456 5023 1708 5079 cathedra
1745 5028 1959 5097 Lugdu-

352 5098 548 5161 ‘nettsi,
602 5111 762 5163 supra
816 5095 865 5147 in
907 5097 1041 5147 actis
1096 5096 1151 5148 S.
1188 5097 1486 5149 Consortize
1530 5095 1954 5150 demonstratum

372 5180 475 5223 est.
520 5187 539 5221 ι
581 5168 774 5220 Υοιιιιη
824 5166 891 5219 de
938 5165 1206 5219 Eucherio
1248 5167 1313 5230 ll,
1358 5169 1447 5236 qui
1496 5167 1729 5220 Ctesariu
1774 5168 1960 5223 fuisset

372 5251 878 5306 (ξιιιιιθιηρηι-τιηεης,
931 5250 1033 5289 non
1082 5236 1215 5290 levis
1262 5248 1341 5290 est
1391 5239 1758 5293 controversia
1820 5241 1960 5293 inter

372 5312 629 5366 eruditos.
662 5320 717 5360 nt
749 5309 933 5360 videre
962 5309 1111 5359 estin
1144 5323 1277 5361 nova
1310 5310 1480 5362 Gallia
1496 5308 1796 5362 Christiana
1824 5320 1954 5363 tom.

373 5380 461 5443 IV,
496 5382 599 5434 col.
629 5379 701 5433 20
753 5389 806 5433 et
854 5379 1223 5447 sequentibus,
1258 5379 1345 5431 tthi
1378 5394 1643 5447 pra-ctpua
1680 5382 1955 5446 utriusque

373 5451 541 5518 partis
579 5460 891 5519 argumenta
933 5461 1303 5520 receuSentur.
1354 5452 1524 5520 Ipsam
1562 5451 1703 5501 litem
1736 5451 1957 5504 omnino

374 5522 629 5573 dirimere
679 5539 781 5573 non
830 5531 915 5575 est
964 5519 1120 5588 ltuth
1163 5522 1283 5586 loci,
1331 5539 1451 5578 cuin
1506 5522 1555 5574 id
1599 5521 1714 5572 fieri
1764 5522 1950 5575 debeat

374 5592 587 5660 quando
620 5601 735 5646 acta
759 5593 815 5647 S.
847 5591 1095 5646 Eucherii
1130 5598 1344 5658 venient
1391 5590 1749 5648 dI:CttlIeltda.
1783 5592 1955 5645 Atta-

374 5666 505 5715 meo
531 5660 687 5716 facile
733 5664 1026 5732 ostendam,
1057 5677 1116 5715 ex
1160 5664 1262 5732 hor;
1313 5675 1433 5730 loco
1463 5663 1680 5718 imbelle
1711 5660 1954 5729 depromi

373 5729 759 5802 argumentum
783 5749 876 5803 pro
920 5733 1147 5788 secundo
1182 5729 1481 5813 chfierio.
1531 5732 1663 5787 Nam
1698 5732 1957 5801 imprimis

2028 3192 2170 3263 'Ipsa
2199 3193 2625 3262 respoudit,jam
2654 3194 3025 3249 annis.multis
3070 3196 3415 3265 paralyticam
3455 3212 3551 3252 se.
3596 3206 3649 3253 et

2052 3286 2303 3338 omnibus
2353 3288 2611 3343 membris
2655 3302 2777 3341 esse
2836 3297 3194 3342 contractam.
3245 3288 3394 3343 Tum:
3459 3288 3651 3343 beatus

2052 3376 2319 3431 Ctesarius
2350 3378 2483 3433 dixit
2512 3390 2699 3433 sancto
2724 3381 2990 3434 Eucherio
3015 3398 3027 3434 :
3070 3381 3364 3456 .Dcsceude
3394 3392 3448 3435 et
3495 3384 3646 3450 signa

2059 3482 2198 3522 eam.
2230 3468 2326 3523 Ille
2357 3470 2508 3535 quasi
2534 3472 2801 3539 trepidare
2825 3478 2881 3525 et
2909 3487 3168 3526 excusare.
3190 3476 3354 3541 coepit
3380 3489 3396 3527 :
3429 3475 3651 3528 omnino

2055 3560 2145 3616 ille
2176 3579 2281 3617 non
2306 3564 2568 3619 desstere
2623 3565 2720 3618 nisi
2776 3564 2995 3618 faceret.
3033 3565 3324 3620 Descendit
3365 3567 3546 3635 itaque
3595 3575 3650 3618 et

2052 3655 2287 3723 signavit
2312 3672 2429 3708 eam
2459 3670 2507 3708 et
2544 3657 2714 3712 dixit:
2756 3656 2892 3711 Ecce
2940 3655 3042 3711 feci
3091 3658 3231 3723 quod
3274 3656 3504 3724 j'tssisti.
3548 3655 3649 3709 Coi

2056 3760 2242 3799 "IISIIS
2272 3745 2382 3798 ait:
2421 3745 2568 3798 Mitte
2618 3761 2832 3797 manum
2867 3756 3033 3810 tuam,
3068 3754 3121 3798 et
3152 3746 3497 3812 apprehende
3539 3762 3652 3798 tua-

2056 3852 2181 3889 nutn
2216 3836 2445 3898 illius,et
2475 3835 2620 3903 erige
2640 3850 2780 3889 eam.
2808 3836 2902 3889 Ille
2924 3837 3198 3902 respondit
3223 3852 3236 3887 τ
3268 3836 3480 3891 Faciam
3505 3835 3649 3888 aliud

2055 3925 2311 3995 quidquid
2342 3935 2395 3978 tu
2412 3924 2677 3978 Eucherio
2702 3923 2951 3992 jusseris,
2973 3928 3107 3978 hanc
3131 3940 3259 3980 vero
3288 3940 3401 3979 rem
3429 3926 3646 3993 aggredi

2058 4053 2157 4091 nec
2187 4037 2239 4090 in
2273 4052 2375 4089 ms.
2412 4046 2617 4099 nostro,
2643 4052 2741 4091 nec
2766 4042 2813 4089 in
2845 4038 3081 4091 editione
3106 4037 3403 4091 Mabillonii
3436 4038 3646 4091 Euche-

2058 4110 2172 4163 rius
2200 4109 2393 4162 dicitur
2440 4111 2726 4174 episcOpus
2772 4109 3173 4172 Lugdunensis,
3223 4108 3317 4160 sed
3352 4109 3645 4175 episcopus

2058 4189 2287 4242 tantum,
2319 4179 2393 4232 ita
2444 4189 2500 4231 ttt
2541 4194 2637 4232 vox
2675 4178 3030 4250 Lugdunensis
3080 4180 3322 4232 videatur
3366 4180 3575 4245 adi-cla
3619 4194 3649 4233 a

2055 4250 2237 4319 Sttrto,
2264 4255 2348 4315 qui
2382 4265 2446 4301 eo
2477 4249 2635 4301 modo
2664 4249 2772 4303 retu
2806 4250 2973 4316 magis
3004 4250 3280 4316 expliCure
3309 4251 3496 4303 Voluit.
3558 4250 3639 4304 Ιζι

2058 4322 2218 4373 Sorio
2278 4320 2492 4388 irrepsit
2555 4335 2657 4373 vox
2710 4322 2898 4374 eitletn
2955 4323 3005 4372 in
3061 4323 3298 4375 edittone
3381 4321 3643 4375 Vinceutti

2060 4391 2312 4449 Barralts.
2359 4391 2448 4457 qui
2504 4391 2718 4445 Sttriutu
2772 4393 2822 4445 itt
2867 4393 3048 4444 multis
3097 4403 3314 4445 secutus
3359 4408 3462 4446 εει.
3494 4392 3640 4446 'Jaut

2064 4478 2193 4515 vero
2220 4478 2323 4514 non
2356 4464 2641 4532 difficulter
2667 4463 2876 4516 ostendi
2909 4471 3085 4532 potest
3107 4463 3262 4530 cujus
3288 4464 3526 4517 civititis
3553 4480 3649 4517 att-

2065 4534 2215 4587 listes
2245 4530 2399 4587 fuerit
2448 4536 2764 4587 Eucherius.
2803 4533 2856 4587 In
2890 4530 3096 4586 laudata
3131 4535 3303 4588 Gallia
3347 4534 3649 4592 Christiana

2064 4615 2196 4657 tum.
2232 4605 2272 4669 I,
2305 4606 2414 4658 col.
2441 4603 2568 4668 79S,
2594 4608 2946 4674 proferuntur
2967 4621 3029 4658 ex
3074 4607 3440 4661 vetustissuuo
3464 4608 3628 4659 tiouci

2036 4677 2259 4731 .Iioruttt
2289 4674 2476 4730 codice
2498 4692 2599 4729 ms.
2630 4692 2845 4729 untutna
2865 4682 3219 4745 quorumdam
3251 4679 3647 4744 episcoporum,

2064 4747 2153 4815 qtti
2182 4748 2625 4814 subscripserunt
2654 4748 2886 4801 concilio
2902 4748 3204 4801 Arelatensi
3239 4764 3310 4809 tv,
3339 4746 3536 4799 adttitis
3566 4763 3625 4799 ur

2066 4817 2210 4871 Iumu
2247 4818 2594 4879 nominibus;
2633 4834 2753 4885 qua:
2798 4817 2850 4872 in
2891 4818 3134 4871 cauciliis
3165 4818 3323 4871 editis
3375 4818 3622 4870 desidera

2066 4889 2279 4940 buttlltr.
2343 4888 2484 4940 Inter
2535 4892 2631 4941 ltus
2676 4887 2944 4941 antistites
2992 4890 3227 4957 legitur:
3273 4885 3559 4957 Eucherius
3606 4889 3624 4938 ἰ

2068 4956 2257 5010 Christi
2303 4959 2508 5010 nomine
2545 4959 2831 5022 Avennica',
2867 4961 2916 5011 td
2949 4955 3065 5021 est,
3089 4957 3378 5011 Aveniouts
3415 4955 3652 5013 Harlesii?

2067 5030 2354 5098 episcopus.
2406 5029 2537 5083 lliuc
2590 5031 2765 5084 infero
2787 5028 2813 5093 ,'
2850 5031 3173 5083 Eucherium
3226 5029 3654 5089 Aveuioueuseu.

2068 5114 2187 5169 esse
2217 5115 2303 5167 qui
2339 5110 2566 5167 quatuor
2596 5104 2840 5155 conciliis
2870 5116 2965 5169 per
2994 5102 3050 5154 ὃ.
3089 5100 3407 5161 Camurium,
3446 5111 3501 5152 ut
3533 5117 3656 5154 nar-

2070 5166 2182 5221 ravi
2238 5166 2329 5230 ius,
2358 5166 2499 5222 iulia
2535 5188 2731 5235 paucos
2773 5166 2943 5224 annos
2977 5172 3195 5233 habitis,
3240 5185 3433 5237 nempe
3472 5172 3656 5225 Arela-

2070 5240 2203 5292 tensi
2237 5255 2310 5303 tv,
2338 5241 2867 5306 Cat-petitoracteusi,
2905 5243 3237 5294 Arausicauo
3269 5256 3327 5300 Il.
3352 5256 3406 5294 et
3440 5238 3655 5295 Vah-nsi

2068 5311 2404 5379 solueriprus
2451 5313 2643 5379 legitur
2692 5312 3010 5373 Eucherius,
3056 5313 3173 5365 sine
3217 5313 3366 5365 urbis
3414 5312 3654 5367 nomine.

2069 5382 2200 5437 lliuc
2236 5385 2459 5436 ulterius
2492 5386 2699 5437 deduco
2724 5400 2828 5435 non
2859 5386 3018 5438 altum
3051 5382 3376 5437 Eucltetiutn
3409 5384 3511 5439 hoc
3537 5386 3657 5439 loco

2064 5452 2229 5505 fuisse
2261 5454 2317 5507 S.
2348 5456 2564 5506 Caesarit
2598 5452 2873 5518 comitem,
2902 5469 3060 5522 quam
3101 5456 3372 5507 laudatum
3416 5455 3659 5510 Aveuio-

2064 5539 2310 5587 neusem,
2345 5538 2465 5576 cum
2511 5524 2559 5576 id
2596 5526 2836 5577 locorum
2866 5526 3239 5594 prep‘mquitas
3270 5523 3488 5579 omnino
3527 5540 3658 5580 sua-

2060 5594 2205 5657 deat,
2228 5605 2282 5647 et
2307 5605 2617 5662 argumenta
2641 5611 2740 5662 pro
2766 5595 3443 5664 EucherioLugdunensill
3467 5597 3657 5662 allata,

2062 5667 2270 5738 nullius
2291 5664 2395 5718 sint
2422 5665 2704 5738 momenti,
2736 5676 2795 5719 ut
2821 5667 3033 5721 ostendi
3062 5671 3260 5738 poterit
3285 5683 3383 5725 suo
3406 5668 3549 5725 loco.

2048 5780 2051 5783 .
2119 5740 2206 5807 ,(e)
2239 5736 2414 5793 Strata
2448 5753 2544 5806 pro
2571 5736 2652 5791 via
2682 5752 2825 5809 saepe
2849 5736 3075 5811 legitur.
3140 5794 3144 5799 .
3358 5774 3361 5779 ν
