4078 6440
1600 318 1779 374 \‘lTA.
1825 318 2022 373 ιιηεκ
2066 318 2129 372 ll.

3363 316 3502 372 “.96

1304 561 1645 644 LIBER
1722 502 2386 643 SECUNDUS.

431 735 821 781 Αυοτοιιωυε
851 737 1162 782 Μεςςιηι)
1196 735 1608 779 ΡΒΕΒΒΥΤΕΒΟ
1643 735 1719 775 ΕΤ
1757 734 1828 776 51‘

1931 732 2087 773 .‘lANO
2119 732 2426 786 DIACONO;
2460 732 2543 774 EX
2576 730 2877 773 EDITIONE
2907 727 3298 775 ΜΑΒιιιοΝιι.

1686 856 2043 875 h—

740 920 967 975 CAPUT
1008 920 1295 975 PRIMUM.

232 1028 393 1085 Varia
440 1034 718 1097 miramur,
764 1032 945 1097 quibus
989 1035 1181 1085 monita
1223 1034 1460 1102 qnwdam
1508 1035 1822 1106 virtutesque

809 1105 1223 1172 interponuntur.

300 1214 353 1267 Ι.
397 1213 689 1269 Messianus
721 1216 999 1285 presbyter
1019 1227 1072 1269 et
1093 1216 1396 1285 Stephanus
1422 1217 1708 1272 dixerunt:
1742 1218 1817 1273 De

229 1308 424 1373 sancti,
454 1307 855 1375 beatissimique
886 1309 1060 1362 Patris
1082 1322 1133 1363 et
1164 1310 1460 1364 sacerdotis
1488 1327 1550 1364 ac
1581 1311 1819 1373 magistri

233 1399 401 1452 nostri
426 1396 630 1453 domini
660 1398 878 1454 Caesarii
903 1402 1312 1455 conversatione
1342 1413 1503 1467 atque
1533 1403 1817 1459 tirtntibus

230 1491 321 1544 illa
346 1493 541 1546 dieturi
571 1509 690 1563 qua:
722 1495 801 1547 vel
836 1494 998 1548 simul
1031 1495 1107 1547 vel
1135 1494 1406 1565 sigillatitn
1427 1493 1495 1549 de
1523 1511 1588 1549 ea
1612 1512 1817 1567 Cogno-

226 1582 422 1647 vimus,
466 1586 550 1639 vel
592 1601 715 1639 cum
760 1586 1112 1641 sanctissimis
1146 1588 1479 1653 coepiscOpis
1512 1588 1590 1656 (a)
1622 1587 1672 1642 id
1717 1598 1817 1655 est,

230 1676 430 1730 domno
479 1678 745 1748 Cypriano
795 1689 849 1733 et
899 1680 1098 1733 domno
1145 1679 1386 1733 Firmino
1430 1688 1589 1748 atque
1633 1689 1821 1733 sancto

231 1769 480 1825 Viventio
508 1769 585 1839 (ὁ)
620 1771 819 1840 pariter
850 1771 1112 1835 vidimus;
1158 1772 1247 1839 qni
1278 1782 1329 1825 et
1368 1786 1430 1825 ea
1459 1787 1577 1840 qua:
1607 1771 1675 1827 de
1706 1774 1821 1840 ipso

227 1862 473 1928 superius
501 1861 702 1930 scripta
735 1872 878 1920 sunt.
923 1863 990 1914 ab
1025 1862 1177 1915 initio
1209 1862 1507 1917 referentes
1540 1877 1711 1930 usttue
1753 1864 1820 1917 ad

229 1952 388 2015 Mem
430 1953 636 2007 articuli
679 1954 1085 2019 concluscrunt,
1139 1963 1193 2006 et
1215 1954 1370 2008 nobis
1411 1958 1720 2020 permittere
1760 1968 1823 2008 ac

227 2041 412 2109 jubere
452 2043 655 2111 dignati
688 2053 843 2109 sunt,
890 2052 947 2097 ut
985 2046 1352 2112 unusqu‘sqne
1393 2053 1657 2110 nostrum,
1700 2060 1822 2109 qua:

227 2134 331 2188 sibi
357 2134 424 2188 de
446 2137 608 2203 gestis
630 2135 748 2204 ejus
774 2144 956 2189 essent
989 2135 1124 2189 bene
1144 2136 1358 2204 cognita
1378 2176 1393 2200 ,
1422 2137 1653 2191 fideliter
1675 2152 1822 2190 enar-

228 2233 391 2279 raret.
447 2225 560 2279 Non
611 2228 931 2295 indigemus,
978 2226 1064 2281 vel
1094 2228 1141 2280 si
1171 2229 1324 2281 nobis
1368 2236 1677 2297 suppeteret
1705 2226 1821 2280 elo-

229 2318 444 2386 quentia
490 2318 789 2383 secularis,
840 2320 961 2388 quia
992 2334 1208 2373 omnem
1245 2321 1528 2373 mundatne
1561 2319 1820 2372 facundia:
1854 2308 1900 2368 Β

229 2409 552 2463 transcendit
596 2422 845 2465 ornatum
898 2421 1201 2465 sanctarum
1251 2413 1449 2466 veritas
1495 2412 1817 2465 actionum:

228 2500 479 2567 adquam
535 2500 848 2569 plenissime
892 2502 1365 2556 demonstrandam
1400 2504 1487 2555 illa
1524 2503 1679 2556 nobis
1727 2518 1822 2571 pu-

230 2593 359 2646 ritas
386 2592 812 2663 simplicitasque
843 2594 1115 2663 sufficiat,
1174 2612 1275 2663 qua
1308 2596 1420 2663 ipse
1450 2612 1662 2665 quoque
1695 2597 1821 2649 bea-

231 2683 471 2738 tissimus
523 2684 679 2738 Pater
710 2686 969 2739 miracula
1002 2703 1119 2756 qum
1146 2701 1174 2739 a
1208 2687 1359 2740 nobis
1387 2696 1511 2740 sunt
1544 2686 1820 2740 teferenda

232 2773 471 2843 perfecit,
518 2776 749 2829 maxime
794 2792 914 2830 cum
963 2777 1273 2846 frequenter
1323 2779 1425 2831 hoc
1476 2788 1529 2831 et
1574 2778 1688 2845 ipse
1718 2780 1820 2831 ‘do-

233 2883 391 2921 ntnus
412 2870 681 2923 communi
715 2870 964 2923 habuerit
990 2871 1041 2923 in
1076 2885 1347 2933 sermone,
1376 2873 1499 2940 qu'a
1527 2869 1665 2940 quod
1700 2884 1825 2924 eru-

233 2961 341 3015 dite
396 2960 694 3028 diccrctur,
757 2962 1165 3030 intelligentiam
1220 2962 1395 3017 doctis
1455 2963 1825 3016 tantummodo

234 3055 595 3119 ministraret;
639 3054 780 3123 quod
824 3068 953 3107 vero
983 3054 1322 3121 simpliciter,
1370 3064 1424 3109 et
1448 3055 1637 3108 doctos
1666 3053 1826 3108 simul

233 3154 287 3198 ct
318 3144 591 3214 simplices
636 3156 1007 3216 competenter
1051 3149 1361 3201 instrueret.
1406 3147 1548 3216 Ergo
1588 3163 1672 3211 ea,
1705 3163 1825 3217 qme

236 3235 498 3290 veraciter
526 3236 594 3290 ab
622 3251 687 3291 eo
718 3239 854 3289 facta
886 3237 1096 3291 dictave
1132 3239 1504 3309 cognovimus,
1544 3240 1825 3307 aggredie-

234 3344 355 3381 mur
388 3328 495 3381 Deo
526 3329 763 3397 propitio
802 3330 983 3382 verbis
1030 3328 1280 3382 infucatis
1330 3338 1385 3381 et
1431 3329 1680 3398 integris,
1731 3345 1826 3398 pro

236 3430 386 3486 parte
412 3435 511 3489 qua
545 3434 828 3487 possumus
860 3461 875 3485 ,
907 3421 1155 3475 fidelibus
1186 3419 1522 3475 auditoribus
1552 3420 1823 3486 intimare,

240 3519 295 3563 nt
322 3525 386 3564 ex
432 3511 559 3579 ipsis
587 3521 643 3565 et
685 3511 911 3565 inlirntis
947 3511 1439 3578 cuutpuuctimiein,
1484 3519 1540 3566 et
1576 3512 1827 3581 perfectis

236 3602 507 3670 gaudium,
540 3613 593 3656 ct
632 3602 699 3655 ad
735 3602 1119 3670 perfectionem
1170 3603 1513 3658 tendentibus
1561 3603 1828 3659 ministre-

1848 928 1898 983 Α
1926 920 2163 972 attraxit.
2200 918 2327 971 l’ost
2353 921 2678 978 orationem,
2726 932 2883 983 quam
2914 931 3034 969 cum
3080 918 3329 985 lacrttnis
3364 917 3515 984 fudit,

1925 1014 2103 1064 statim
2130 1010 2323 1063 reverti
2356 1011 2421 1061 ad
2451 1010 2668 1062 domum
2693 1008 2937 1062 ccclesie
2969 1010 3152 1075 carpit.

1995 1103 2047 1156 5.
2086 1102 2213 1156 Erat
2251 1102 2392 1155 enim
2425 1100 2831 1155 consuetudinis
2874 1105 3009 1167 ejus,
3050 1110 3108 1153 ut
3148 1116 3293 1165 cum,
3333 1106 3521 1168 spritu

1924 1192 2023 1244 sibi
2072 1192 2409 1258 insinuante,
2461 1205 2647 1257 preces
2685 1204 2812 1243 suas
2852 1190 3093 1242 exaudiri
3148 1206 3244 1257 pro
3292 1192 3523 1247 infirmis

1925 1291 2266 1351 agnosceret,
2292 1283 2473 1334 statim
2501 1297 2623 1334 ctttn
2652 1280 2928 1335 celeritate
2957 1280 3152 1334 exinde
3183 1281 3518 1348 discederet;

1926 1388 1992 1427 ne
2023 1374 2065 1426 si
2096 1371 2185 1427 illo
2212 1381 2480 1439 ιιι-ινδθηιθ
2514 1375 2666 1424 lit-ret
2710 1372 2849 1439 quutl
2886 1373 2998 1439 ipse
3029 1390 3055 1422 :t
3092 1372 3314 1426 Domino
3348 1374 3522 1443 preci-4

1925 1466 2026 1520 bus
2051 1468 2418 1533 impetrasset,
2459 1466 2636 1535 aliqua
2673 1464 2993 1529 arrogantiae
3026 1473 3338 1518 nasceretur
3368 1481 3523 1518 occa-

1926 1559 2024 1614 sio.
2065 1561 2202 1626 Quia
2238 1569 2289 1612 et
2329 1574 2518 1613 revera
2554 1558 2861 1625 frequenter
2906 1567 2957 1612 et
3007 1554 3237 1612 dulciter
3271 1560 3422 1627 quasi
3469 1561 3521 1615 in

1927 1653 2116 1723 figura,
2148 1661 2204 1707 ut
2232 1669 2390 1707 nemo
2423 1653 2721 1721 intelligere
2748 1662 2948 1718 posset,
2982 1653 3235 1707 dicebat:
3269 1652 3363 1706 Cui
3397 1653 3520 1705 ani-

1928 1762 2136 1800 marum
2182 1761 2307 1800 cura
2334 1746 2541 1799 credita
2581 1755 2685 1813 εει,
2738 1744 2948 1797 fortiter
2978 1744 3138 1797 debet
3178 1745 3365 1797 timere
3403 1759 3521 1798 cor-

1931 1853 2121 1907 porum
2172 1838 2499 1906 volttptalem
2561 1851 2837 1891 exercere.
2891 1836 3129 1905 Denique
3187 1837 3521 1905 simplicibus

1926 1930 2096 1999 magis
2119 1945 2276 1998 qnam
2304 1929 2476 1982 doctis
2500 1928 2639 1982 iSIud
2673 1928 2848 1980 divina
2876 1930 3044 1996 gratia
3078 1931 3369 1981 conceSsit.
3404 1928 3520 1982 Uti-

1928 2037 2048 2075 nam
2073 2019 2153 2089 (d)
2181 2022 2233 2073 in
2271 2020 2351 2072 his
2382 2036 2498 2087 qum
2526 2019 2679 2073 nobis
2717 2019 3023 2071 misericors
3056 2018 3313 2070 Dominus
3342 2019 3518 2083 dedit,

1927 2110 2306 2164 discretionem
2336 2111 2491 2164 nobis
2512 2112 2610 2163 sibi
2647 2110 2894 2176 placitam
2925 2111 3183 2165 concedat
3210 2112 3223 2164 !
3261 2112 3405 2165 lstnd
3441 2124 3519 2165 ta-

1929 2217 2048 2255 men
2100 2218 2127 2253 a
2178 2201 2332 2254 nobis
2380 2201 2611 2269 indignis
2664 2202 2885 2255 minime
2930 2212 3011 2255 est
3067 2205 3517 2272 praisuutendtun.

1932 2293 2247 2347 Discedcnte
2276 2308 2404 2360 ergo
2427 2309 2491 2345 eo
2526 2292 2620 2363 (ε),
2669 2294 2833 2361 cmpit
2881 2292 3074 2346 iterum
3118 2304 3276 2360 atgue
3306 2296 3521 2365 iterum

1926 2384 2159 2437 clamare
2212 2395 2360 2452 pater
2399 2396 2522 2454 post
2574 2397 2789 2438 euntem
2825 2401 2837 2436 :
2873 2385 3001 2438 Navi
3054 2388 3215 2452 quia,
3269 2388 3310 2439 si
3354 2387 3519 2443 Deum

1928 2486 2075 2528 tnttnt
2109 2488 2355 2542 precatus
2382 2490 2554 2542 esses,
2592 2475 2752 2529 filiam
2786 2492 2957 2529 meant
2991 2477 3121 2531 ntibi
3171 2478 3512 2536 ι’ράιιὶίιὶδειτι.

1926 2565 2079 2619 'l'une
2107 2567 2195 2619 ille
2224 2582 2387 2619 unmn
2419 2567 2486 2621 de
2514 2566 2865 2621 cubiculariis
2893 2569 3005 2622 suis
3030 2569 3265 2638 reliquit,
3293 2571 3475 2625 dicens
3502 2588 3519 2627 :

1930 2655 2096 2722 Vade,
2150 2657 2375 2711 observa
2430 2658 2525 2723 ibi,
2567 2666 2623 2711 et
2672 2668 2791 2727 post
2844 2660 3116 2726 paululum
3162 2662 3302 2725 veni,
3343 2673 3396 2715 et
3430 2661 3519 2716 dic

1929 2748 2203 2816 mihiquid
2234 2749 2426 2817 agitur.
2463 2751 2694 2801 ﬁet-dunt
2730 2752 2857 2803 liora
2890 2752 3179 2819 completa,
3206 2763 3259 2807 et
3289 2752 3417 2807 eCce
3444 2754 3521 2809 illi

1929 2841 2228 2893 nuntiavit:
2267 2841 2488 2904 Dotnue,
2529 2841 2737 2910 inquit,
2780 2858 2991 2896 reversa
3038 2844 3101 2896 ad
3146 2860 3204 2898 se
3234 2856 3315 2898 est
3349 2845 3521 2909 puella

1928 2945 2088 3000 supra
2113 2947 2272 3001 quam
2297 2934 2522 2998 orastis;
2570 2950 2690 3003 qua:
2722 2935 2822 2987 hoc
2848 2934 2977 2987 dicit
3006 2949 3021 2990 :
3048 2934 3282 2989 Domnus
3319 2937 3524 3006 episco-

1932 3040 2027 3092 pus
2061 3024 2147 3078 hic
2189 3024 2305 3090 fuit,
2354 3025 2504 3093 cujus
2534 3024 2870 3079 orationibus
2902 3027 3109 3080 reddita
3153 3043 3269 3081 sum
3302 3038 3356 3082 et
3394 3044 3523 3085 sana

1932 3117 2094 3170 facta.
2125 3116 2229 3169 Pro
2255 3132 2357 3186 qua
2403 3132 2460 3172 re
2491 3117 2640 3171 venit
2672 3127 2823 3185 pater
2851 3119 3052 3186 gratias
3096 3134 3284 3188 agens,
3334 3130 3387 3173 et
3427 3120 3523 3176 sibi

1926 3209 2038 3277 jam
2083 3223 2180 3279 per
2208 3210 2484 3263 orationes
2512 3220 2722 3266 vestras
2756 3204 3061 3266 revocatum
3101 3226 3131 3265 a
3167 3220 3337 3266 morte
3367 3212 3527 3269 filiam

1933 3309 2281 3368 protestatur.
2316 3300 2470 3367 Nam,
2501 3301 2726 3355 Domino
2764 3302 2922 3357 hodie
2965 3302 3195 3372 denique
3236 3314 3525 3372 annuente,

1932 3391 2115 3446 vivens
2145 3392 2303 3461 hujus
2331 3393 2407 3447 rei
2438 3395 2551 3462 ipsa
2586 3410 2681 3462 per
2707 3410 2766 3449 se
2798 3394 2950 3449 testis
2980 3394 3184 3450 existit.

2000 3507 2057 3561 4.
2104 3506 2211 3563 Sed
2242 3508 2366 3562 licet
2410 3508 2492 3573 (ut
2530 3524 2648 3562 mos
2696 3524 2981 3563 servorum
3030 3508 3123 3564 Dei
3167 3509 3272 3580 est)
3316 3524 3528 3580 semper

1931 3599 2155 3655 virtutes
2184 3600 2454 3655 faciendas
2478 3611 2736 3656 excusent
2757 3618 2773 3668 ;
2795 3601 2839 3656 is
2871 3602 3139 3672 prmcipue
3169 3617 3357 3657 servus
3379 3603 3529 3661 Citrio

238 3702 325 3746 tur
372 3694 699 3763 exemplum.
753 3696 1070 3765 Incipiemus
1116 3696 1275 3765 igitur
1299 3738 1314 3761 ,
1370 3697 1820 3766 quemadmodum
1854 3694 1899 3758 C
1931 3695 2022 3761 Sti,
2049 3706 2111 3776 ~et
2153 3694 2367 3766 quando
2400 3697 2465 3748 ad
2497 3711 2735 3765 praesens
2764 3694 2867 3749 sibi
2914 3696 3180 3764 pra-stari,
3229 3696 3531 3754 insinuante

238 3787 603 3851 recordanur,
640 3788 872 3841 breviter
914 3804 1075 3857 opera
1107 3788 1225 3856 ejus
1272 3801 1479 3845 sancta.
1529 3790 1640 3844 Deo
1686 3790 1838 3860 adju-

237 3888 421 3940 vanle,
452 3894 719 3933 retexere.

306 3968 361 4022 2.
394 3968 535 4023 Petri
562 3968 773 4023 diaconi
804 3969 963 4038 hujus
985 3971 1229 4023 ecclesise
1262 3970 1383 4027 lilia.
1420 3970 1472 4024 it
1526 3986 1629 4040 qua
1661 3973 1834 4026 omnis

237 4064 439 4119 utilitas
465 4065 658 4117 domus
690 4063 861 4132 ipsius
888 4064 1186 4116 consistere
1216 4063 1519 4127 videbatur,
1574 4066 1835 4131 languore

237 4156 386 4222 gravi
414 4155 665 4218 faciente,
698 4153 876 4208 triduo
911 4153 1021 4224 jattt
1061 4164 1205 4207 muta
1233 4154 1442 4222 jacebat
1477 4171 1490 4207 :
1520 4170 1617 4222 pro
1648 4170 1750 4225 qua
1778 4171 1835 4210 re

238 4249 467 4319 quodam
497 4248 584 4300 die
628 4246 852 4316 pedibus
880 4261 940 4301 se
972 4246 1265 4301 beatissimi
1297 4247 1395 4300 viri
1429 4256 1717 4314 prostravt
1748 4247 1833 4302 di-

240 4352 403 4393 cens:
431 4339 713 4404 Miserere,
762 4352 919 4392 serve
962 4338 1181 4401 Christi,
1211 4340 1505 4392 senectutis
1555 4355 1708 4404 mc:c,
1741 4354 1836 4393 ora

240 4446 338 4502 pro
368 4431 473 4485 filia
514 4449 655 4495 mea,
688 4432 810 4501 quia
850 4432 1064 4487 confido
1101 4431 1194 4486 tibi
1224 4450 1254 4485 u
1288 4432 1514 4486 Domino
1545 4432 1679 4486 nihil
1709 4448 1834 4488 esse

238 4524 564 4594 negandum.
606 4523 751 4577 Pone
792 4540 1008 4578 manum
1050 4538 1214 4593 super
1244 4539 1384 4588 eam,
1429 4535 1483 4579 et
1528 4526 1677 4579 salva
1708 4526 1833 4582 crit.

239 4617 359 4672 Jam
394 4618 538 4675 enim
588 4633 681 4686 per
730 4618 964 4672 triduum
1015 4628 1158 4671 muta
1207 4618 1379 4672 oculis
1420 4618 1619 4671 clausis
1660 4618 1832 4690 jacet,

241 4707 492 4776 horisque
522 4714 577 4760 et
604 4709 885 4761 momentis
915 4708 1139 4777 singulis
1169 4707 1371 4761 exitum
1409 4707 1524 4775 ejus
1552 4721 1829 4776 exspecto.

241 4799 360 4866 Quo
389 4799 592 4863 audito,
629 4812 803 4852 motus
828 4812 881 4854 et
919 4802 1233 4868 compulsus
1277 4802 1527 4871 lacrymis
1562 4805 1726 4867 senis,
1761 4804 1826 4857 ad

242 4891 459 4946 demum
481 4890 597 4959 ejus
626 4891 860 4958 perrexit
895 4908 907 4943 :
936 4893 1025 4947 ubi
1051 4909 1173 4948 eum
1226 4895 1497 4961 ingressus
1537 4894 1745 4958 fuisset,
1778 4906 1835 4950 ct

244 4997 435 5040 omnes
463 4982 514 5036 in
546 4982 657 5051 ipsa
690 4983 854 5036 domo
880 4999 999 5037 cum
1035 4994 1185 5051 patre
1216 4984 1427 5039 fortiter
1469 4986 1658 5040 flentes
1686 4988 1831 5040 vide-

243 5086 357 5140 ret,
430 5074 497 5128 ad
547 5072 844 5128 orationem
891 5075 1245 5143 prosternitur

240 5166 475 5237 Ellas(c)
498 5166 563 5219 ad
595 5177 754 5235 caput
781 5165 897 5233 ejus
930 5166 1066 5218 inter
1087 5164 1360 5233 angustias
1386 5181 1524 5220 arca-
1555 5177 1608 5220 ct
1632 5167 1751 5220 lccti
1782 5182 1843 5223 se

268 5324 273 5325 “
321 5322 395 5391 (a)
424 5320 735 5389 Coepiscopi
772 5334 965 5373 nomen
1006 5336 1111 5373 non
1142 5321 1207 5372 ad
1242 5321 1585 5382 llessianunt.
1616 5325 1702 5391 qui
1739 5343 1831 5377 su-

243 5392 352 5446 lutn
379 5393 677 5462 presbyter,
709 5408 806 5445 nec
828 5393 893 5444 ad
928 5392 1281 5455 Stephanum,
1312 5393 1398 5461 qui
1429 5394 1686 5447 diaconus
1711 5403 1830 5449 tan-

244 5474 354 5516 ttnn
377 5473 491 5516 erat
516 5478 531 5527 ;
565 5464 655 5516 sed
688 5464 751 5516 ad
777 5463 1100 5533 Cyprianum
1130 5473 1183 5516 et
1211 5464 1349 5516 alios
1380 5465 1744 5529 referendum,
1774 5478 1831 5521 ut

243 5533 495 5586 observat
524 5534 878 5587 Mabillouius.

270 5602 275 5607 ’
316 5603 392 5670 (b)
432 5600 696 5658 Vincentio
738 5606 930 5675 legitur
975 5606 1023 5658 in
1073 5615 1215 5660 textu
1251 5605 1577 5673 Maltilluttii,
1618 5622 1828 5675 errore,

243 5675 457 5739 Opinor,
509 5678 925 5743 typograpltco;
982 5694 1102 5729 ttattt
1135 5678 1249 5745 ipse
1278 5679 1328 5733 in
1361 5678 1833 5734 observationibus

249 5746 821 5816 przeviis‘tt.i'cAt-itatts
848 5750 1031 5815 verba,
1063 5750 1218 5807 habet
1256 5750 1504 5816 Viventio,
1538 5750 1610 5804 uti
1638 5760 1691 5804 et
1723 5751 1828 5806 Su-

246 5813 358 5871 rius
387 5822 440 5871 et
468 5813 720 5871 Barralis.

1940 3785 2191 3850 Domino,
2223 3787 2527 3841 eottlidebat
2548 3826 2564 3851 ,
2614 3801 2714 3840 nec
2746 3794 2873 3839 tunc
2905 3798 3113 3840 temere
3138 3786 3407 3856 arripere,
3435 3787 3530 3842 sed

1937 3889 2093 3933 caute
2148 3880 2520 3946 subterfugere
2568 3879 2800 3933 volebat.
2858 3879 3049 3933 Verum
3104 3880 3219 3933 sive
3269 3880 3531 3948 stetisset,

1938 3969 2051 4023 sive
2081 3971 2337 4040 fugisset,
2371 3985 2640 4039 nunquam
2686 3971 2789 4025 sibi
2833 3968 3123 4039 postulanti
3153 3969 3322 4025 defuit
3368 3971 3531 4026 Dens.

1939 4065 2105 4128 Quem
2139 4062 2228 4115 ille
2262 4063 2312 4115 in
2341 4062 2503 4115 corde
2533 4076 2630 4116 suo
2661 4078 2766 4114 non
2796 4062 2966 4115 solum
3001 4062 3054 4115 in
3082 4062 3327 4116 oratione
3354 4073 3406 4115 et
3434 4062 3533 4116 ob-

1939 4154 2261 4219 secratione,
2292 4153 2385 4207 scd
2412 4154 2573 4207 etiam
2605 4154 2654 4206 itt
2685 4154 2935 4208 convivio
2958 4198 2971 4223 ,
3004 4154 3059 4209 in
3091 4156 3301 4219 itinere,
3334 4155 3385 4207 in
3416 4156 3532 4207 col-

1940 4238 2230 4311 locatione,
2279 4247 2331 4300 in
2381 4261 2660 4312 consessu,
2716 4248 2766 4300 in
2824 4249 3114 4316 prosperis,
3164 4248 3215 4302 in
3268 4247 3531 4313 adversis,

1937 4340 2100 4393 etiam
2134 4340 2185 4393 in
2215 4353 2406 4392 somno
2433 4353 2648 4408 semper
2677 4353 2860 4393 secum
2904 4337 3111 4393 habuit.
3161 4338 3401 4409 Denique
3433 4353 3535 4394 nos

1940 4431 2061 4501 ip~i,
2122 4430 2209 4486 vel
2254 4431 2500 4485 conservi
2544 4431 2713 4485 nostri
2755 4432 2843 4501 qui
2880 4432 2933 4486 in
2963 4431 3094 4486 cella
3126 4431 3292 4503 ipsius
3324 4445 3533 4487 manse-

1939 4536 2080 4594 runt,
2115 4524 2290 4578 sciunt
2338 4540 2457 4595 qua:
2483 4524 2733 4595 dicimus,
2767 4525 2917 4580 illum
2945 4526 3084 4579 inter
3108 4541 3302 4596 pansas
3331 4526 3533 4589 somni,

1938 4630 2073 4684 quas
2114 4615 2223 4685 jam
2256 4625 2385 4670 astas
2417 4630 2520 4670 non
2563 4616 2736 4670 solum
2779 4616 3061 4686 exigebat,
3110 4617 3204 4670 sed
3243 4618 3404 4671 etiam
3438 4632 3535 4686 pro

1939 4706 2251 4761 inﬁrmitate
2281 4706 2571 4778 aliquoties
2596 4707 2893 4776 premebat,
2923 4708 3117 4777 spiritu
3161 4723 3377 4776 semper
3400 4709 3535 4779 vigi-

1937 4800 2080 4853 lante
2122 4799 2324 4853 diceret
2356 4797 2558 4872 [sensus
2584 4810 2655 4852 est
2682 4796 3033 4869 immrfectus]
3063 4809 3314 4868 tanquam
3346 4799 3537 4853 admo'

1938 4904 2093 4955 nens,
2143 4891 2234 4959 qui
2265 4892 2524 4959 psalmum
2557 4890 2801 4945 diceret:
2835 4892 3087 4961 Age‘dic.
3138 4890 3279 4945 Nulli
3308 4890 3533 4943 dubium

1938 4990 2019 5033 est
2068 4980 2207 5047 quod
2234 4988 2326 5032 aut
2354 4981 2707 5049 spiritualiter
2738 4998 2859 5036 cum
2901 4984 3099 5037 sanctis
3128 4982 3408 5049 psallebat,
3442 4990 3534 5035 aut

1295 5092 1307 5127 :
1356 5076 1441 5128 ubi
1503 5076 1644 5128 velut
1710 5078 1847 5132 alter
1873 5084 1926 5143 ι)
1951 5079 2097 5124 certe
2136 5069 2263 5123 illud
2297 5069 2601 5138 impleverit
2651 5073 3019 5141 prapheticum
3046 5094 3058 5127 :
3088 5071 3197 5143 Ego
3238 5073 3457 5138 dormio,
3488 5077 3537 5126 et

1950 5179 2035 5217 cor
2066 5180 2232 5217 meum
2272 5162 2463 5233 rigilat.
2514 5164 2847 5236 Frequenter
2876 5166 3039 5221 etiam
3071 5167 3121 5217 in
3153 5178 3348 5234 sopore
3386 5162 3535 5233 posi-

2016 5320 2090 5389 (c)
2121 5322 2268 5387 Apud
2300 5320 2514 5375 Suritnn
2551 5330 2607 5374 et
2650 5321 2910 5374 llarralim
2950 5322 3143 5390 legitur
3174 5320 3399 5382 Eliscus,
3436 5334 3535 5375 nec

1941 5397 2074 5446 satis
2103 5400 2328 5459 apparet
2373 5403 2491 5443 utra
2534 5392 2691 5445 lectio
2729 5394 2796 5445 sit
2829 5396 3181 5459 pra-terenda.
3228 5393 3354 5444 Nam
3386 5401 3535 5444 uter-

1938 5480 2062 5532 que,
2108 5464 2252 5517 Elius
2281 5464 2341 5516 Ill
2382 5462 2511 5530 lit'g.
2539 5477 2793 5524 c.tp.xvtt,
2815 5472 2867 5515 et
2900 5464 3125 5517 Elusa-Its
3161 5464 3220 5517 ιν
3250 5463 3379 5530 lleg.
3410 5478 3532 5532 cap.

1938 5551 2013 5596 tv,
2050 5551 2273 5598 pueruzn
2321 5542 2592 5587 mortuum
2620 5536 2891 5589 reVucavit
2920 5535 2983 5588 ad
3017 5535 3176 5589 vitam
3201 5536 3392 5590 eodem
3418 5534 3533 5589 fere

1939 5607 2118 5659 modo.
2844 5632 2849 5635 τ
3192 5644 3195 5645 ν

2012 5678 2089 5744 (tl)
2109 5675 2315 5730 Utinam
2342 5675 2686 5749 legiturapnd
2709 5676 2985 5736 Bzrralim.
3011 5682 3163 5732 vitam
3193 5676 3329 5745 apud
3356 5673 3533 5729 Mahil-

1939 5747 2337 5801 IOniumerrure
2362 5747 2538 5801 forsan
2565 5750 2899 5818 typOgraplti,
2922 5764 3066 5803 certe
3087 5766 3188 5802 tton
3220 5751 3347 5803 satis
3365 5756 3553 5802 recte;

2012 5821 2091 5890 (ιι)
2114 5818 2190 5873 Eo
2221 5818 2561 5876 desideratur
2590 5824 2641 5876 itt
2665 5820 2901 5877 editione
2932 5822 3244 5878 Mabillonii.
3282 5848 3291 5859 ι
3520 5820 3527 5829 “
