4078 6440
400 98 542 191 tos:

1771 120 1954 180 VITA.
1992 120 2200 180 LIBER
2237 126 2304 186 ll.”

3539 144 3681 203 {058

401 251 691 321 impressas
734 251 979 303 recentes
1020 242 1159 298 inter
1204 240 1325 297 illas
1366 239 1620 306 intexta,
1659 220 1794 309 quas
1836 238 1982 308 prius
2011 242 2060 299 A
2092 254 2188 296 nes
2218 242 2294 315 (ε)
2323 254 2565 304 vocatur.
2594 247 2870 306 Balnearia
2900 250 3100 309 ibidem
3132 252 3423 323 grandibus
3448 255 3681 330 fastigiis

402 356 656 417 perpessa
690 340 879 395 fuerat.
911 338 1059 391 Tunc
1086 334 1278 391 iterum
1306 332 1543 415 exhibita
1569 337 1695 387 ante
1722 331 1894 396 illum,
1920 330 1995 385 ita

402 435 626 492 turbatis
649 430 823 486 oculis
844 429 1065 485 confusa
1092 437 1144 483 et
1171 420 1356 481 aversa
1384 424 1454 480 ab
1480 438 1547 479 eo
1568 422 1703 478 facie
1726 420 1992 491 apparuit,

403 536 467 583 ut
502 524 755 582 omnibus
798 529 1081 590 appareret
1122 519 1175 573 in
1220 516 1407 572 faciem
1448 514 1589 571 servi
1635 513 1730 569 Dei
1774 513 1996 568 minime

404 636 525 677 eam
557 632 718 689 posse
750 616 1039 684 reSpicere.
1070 612 1175 668 Sed
1206 610 1295 666 ille
1323 610 1483 681 capiti
1511 608 1627 679 ejus
1658 622 1872 663 manum
1898 606 1997 661 im-

402 728 628 788 ponens,
671 709 1097 781 benedictionem
1146 704 1325 769 dedit;
1378 703 1573 759 deiude
1602 702 1780 757 oleum
1828 699 1995 755 bene-

402 808 557 877 dixit,
577 822 642 861 ex
665 820 770 872 quo
793 818 911 860 eam
940 798 1215 855 nocturnis
1246 796 1392 852 horis
1424 794 1647 865 perungi
1663 791 1857 863 jussit;
1888 799 1998 845 sta-

405 904 606 974 timque
634 904 706 957 ita
732 914 863 956 sana
892 897 1030 954 facta
1060 906 1158 962 est,
1184 904 1242 951 ut
1264 894 1517 966 deinceps
1547 892 1771 950 teutatio
1796 890 1999 947 daemo-

404 995 492 1053 nis
520 997 587 1050 ad
622 994 765 1049 illam
799 1006 907 1047 non
940 996 1323 1044 reverteretur.

478 1089 565 1147 16.
607 1089 730 1144 Alio
770 1101 901 1142 vero
940 1093 1182 1153 tempore
1209 1097 1332 1137 eum
1365 1080 1417 1136 iu
1449 1079 1715 1136 diteceses
1758 1077 2002 1134 venisse-

407 1198 547 1249 mus,
599 1181 775 1236 infans
815 1193 1079 1237 annorum
1120 1176 1335 1231 circiter
1381 1183 1504 1230 octo
1544 1171 1779 1228 clericali
1816 1171 2001 1227 habitu

406 1275 607 1344 degens
652 1274 707 1327 iu
753 1272 947 1326 altario
995 1269 1142 1324 venit
1184 1284 1199 1323 :
1241 1267 1331 1322 ubi
1385 1274 1507 1335 post
1567 1264 2002 1334 praedicationem

409 1365 428 1435 (
441 1379 600 1434 quam
646 1377 751 1416 non
802 1362 973 1415 solum
1004 1359 1055 1414 in
1085 1359 1321 1425 civitate,
1352 1357 1445 1413 sed
1476 1357 1635 1412 etiam
1668 1356 1721 1411 in
1755 1355 2004 1410 omnibus

370 1514 371 1517 η
405 1454 696 1526 parechiis,
731 1468 851 1507 cum
890 1453 1081 1522 potuit,
1114 1466 1209 1519 per
1243 1464 1303 1505 se
1338 1450 1654 1503 memoriter
1692 1447 1868 1503 facere
1897 1447 2002 1502 mi-

366 1546 369 1549 ’
408 1552 553 1605 nime
582 1545 833 1615 distulit),
856 1560 978 1600 cum
1006 1559 1065 1598 se
1092 1542 1160 1599 de
1185 1541 1427 1598 cancello
1454 1540 1520 1596 ad
1557 1540 1728 1596 altare
1754 1553 2002 1595 revocas-

406 1655 511 1712 set,
544 1644 759 1699 missam
787 1642 896 1712 jam
926 1649 1163 1709 coeperat
1191 1639 1486 1695 celebrare.
1519 1636 1691 1691 Homo
1725 1651 1855 1691 vero
1884 1635 1999 1704 ipse
2028 1626 2082 1690 Β

406 1740 645 1810 graviter
674 1754 703 1791 a
729 1736 920 1806 spiritu
948 1733 1278 1805 nequissimo
1304 1734 1469 1801 cmpit
1489 1731 1670 1787 vexari
1700 1746 1715 1787 :
1746 1744 1868 1785 nam
1894 1738 2003 1785 tre-

408 1847 559 1887 more
583 1840 639 1886 et
666 1829 871 1900 spumis
894 1827 1226 1882 horribiliter
1248 1825 1606 1896 quatiebatur.
1635 1822 1786 1877 Tunc
1806 1837 2000 1878 omnes

410 1936 586 1984 terror
615 1943 721 1981 unu
748 1925 990 1981 modicus
1021 1924 1235 1978 invasit.
1271 1922 1364 1978 Ille
1396 1935 1526 1977 vero
1564 1920 1749 1975 oculos
1790 1919 1844 1973 in
1883 1933 1999 1973 eoe-

408 2019 518 2075 lum
550 2020 789 2085 elevans,
821 2032 1010 2087 preces
1039 2018 1103 2070 ad
1135 2016 1417 2072 Dominum
1457 2030 1554 2083 pro
1597 2012 2003 2081 recuperatione

409 2113 525 2183 ejus
555 2112 771 2178 direxit,
804 2120 854 2166 et
886 2111 1049 2181 coepit
1079 2110 1274 2165 iterum
1312 2106 1515 2163 omisso
1556 2106 1649 2160 illo
1693 2104 1760 2159 ad
1810 2105 2004 2160 missas

407 2205 684 2260 faciendas
716 2221 785 2260 se
802 2212 1137 2259 convertere.
1171 2202 1320 2257 Tunc
1349 2199 1566 2272 quidam
1599 2199 1881 2268 presbyter
1900 2196 2003 2252 Ca-

408 2298 738 2353 tarnsceusis
789 2296 1077 2363 Ecclesiae,
1131 2295 1299 2351 Ursus
1365 2292 1616 2359 nomine,
1684 2291 2004 2346 iufautulum

406 2386 581 2460 Ipsum
621 2398 745 2444 ante
789 2389 953 2459 pedes
983 2387 1101 2458 ejus
1128 2385 1377 2457 projecit.
1407 2384 1560 2452 Quod
1602 2382 1692 2438 ille
1729 2397 1870 2450 agre
1908 2396 2002 2435 su-

412 2484 666 2551 spiciens,
698 2484 812 2537 ait:
844 2483 1037 2537 Pareat
1077 2480 1193 2548 tibi,
1234 2479 1425 2550 inquit,
1474 2478 1640 2543 Deus,
1675 2474 2000 2531 benedicte:

412 2577 551 2631 istud
583 2576 808 2630 aliorum
833 2592 970 2647 opus
994 2584 1097 2642 est,
1131 2591 1238 2630 non
1269 2590 1468 2630 meum.
1501 2572 1571 2628 Et
1601 2572 1724 2628 licet
1753 2570 1845 2626 ille
1872 2582 2005 2639 pro-

410 2677 533 2740 pter
578 2670 862 2723 humanam
914 2656 1274 2738 arrogantiam
1318 2667 1628 2736 denegaret,
1673 2678 1780 2719 uou
1824 2672 2004 2717 tamen

413 2774 572 2816 servo
600 2775 699 2815 suo
728 2759 897 2815 defuit
923 2759 1095 2814 virtus
1121 2758 1320 2814 divina.
1351 2757 1544 2813 Statim
1583 2771 1711 2826 ergo
1750 2755 1840 2810 ubi
1882 2763 2007 2809 ante

411 2854 574 2925 pedes
604 2854 721 2924 ejus
755 2868 885 2921 puer
923 2854 1038 2922 ipse
1078 2853 1353 2922 proiectus
1390 2858 1495 2917 est,
1541 2864 1705 2904 sanus
1744 2846 2003 2913 surrexit;

410 2961 511 3002 nec
542 2961 775 3014 unquam
818 2945 884 3000 ad
928 2960 1049 3000 eum
1094 2943 1315 3014 Spiritus
1361 2957 1593 3013 nequam
1635 2939 1812 3011 rediit,
1846 2954 2005 3010 quem

414 3040 577 3094 etiam
614 3038 1002 3093 subdiaconem
1035 3039 1089 3091 in
1122 3037 1235 3105 ipsa
1268 3034 1495 3091 ecclesia
1522 3033 1628 3088 vidi
1651 3032 1751 3103 (a).

492 3131 581 3186 17.
616 3131 748 3186 Nam
789 3146 914 3186 cum
957 3130 1022 3184 ad
1064 3127 1441 3184 Citaristanam
1476 3127 1550 3197 (b)
1583 3124 1887 3195 parochiam
1914 3140 2009 3181 ve-

417 3225 592 3280 nisset
621 3226 870 3280 visitandi
900 3224 1091 3294 gratia,
1115 3223 1394 3294 cujusdam
1424 3221 1615 3278 Novati
1642 3220 1870 3277 hominis
1891 3220 2011 3293 [ul.,

412 3316 673 3390 nominis]
706 3319 810 3373 illia
843 3329 948 3372 tam
994 3316 1286 3372 nefandum
1323 3324 1378 3372 et
1410 3314 1533 3369 novi
1571 3313 1782 3385 generis
1812 3314 2015 3369 daemo-

410 3412 558 3466 nium
590 3410 866 3465 videbatur
893 3410 1207 3475 incurrisse,
1240 3420 1297 3463 ut
1321 3407 1368 3461 si
1397 3406 1611 3477 quando
1634 3406 1824 3478 pedem
1852 3417 2006 3462 extra

411 3503 609 3557 ostium
640 3503 832 3557 domus
858 3518 970 3559 suae
996 3502 1256 3567 misisset,
1288 3500 1471 3555 statim
1504 3499 1794 3554 multitudo
1821 3513 2012 3554 corvo-

412 3609 531 3648 rum
561 3594 614 3647 in
648 3593 836 3648 faciem
880 3594 1047 3663 ipsius
1096 3594 1395 3648 lacerantes
1445 3592 1739 3659 irruebant,
1772 3598 1828 3645 et
1864 3591 2013 3644 illam

421 3693 657 3738 tremore
684 3696 989 3752 quassatam
1018 3685 1100 3739 vel
1124 3700 1245 3738 eum
1270 3684 1477 3751 apumis
1501 3684 1825 3745 vnlutantes,
1850 3696 2015 3737 omne

421 3775 565 3832 illius
587 3776 785 3829 nudum
814 3776 954 3843 quod
983 3776 1311 3843 reperissent
1332 3788 1549 3841 corpus,
1574 3773 1679 3827 hoc
1697 3781 1782 3827 est
1799 3772 2012 3839 faciem,

414 3867 704 3933 cervicem,
737 3866 820 3923 vel
860 3865 1119 3936 quidquid
1166 3864 1309 3919 aliud
1360 3864 1713 3931 invenissent,
1757 3863 2018 3932 deturpa-

414 3967 553 4013 reut.
590 3962 719 4026 Quae
753 3957 880 4012 dum
927 3957 995 4012 ad
1031 3965 1276 4011 sanctum
1316 3954 1490 4010 virum
1524 3954 1711 4008 fuisset
1749 3953 2012 4020 exhibita,

415 4065 584 4121 usque
613 4050 678 4104 ad
706 4049 980 4106 basilicam
1022 4064 1180 4119 quam
1231 4048 1471 4118 ingressa
1514 4054 1617 4112 est,
1650 4045 1742 4100 ubi
1787 4046 1873 4099 vir
1919 4045 2017 4100 Dei

416 4150 554 4209 erat,
586 4144 1031 4209 supervenientes
1073 4154 1271 4196 corvos
1316 4153 1416 4195 nos
1446 4139 1676 4193 vidimus
1707 4152 1869 4208 super
1894 4152 2015 4193 eam

420 4236 731 4290 volitantes.
760 4233 879 4289 Non
912 4242 1087 4287 tamen
1111 4234 1221 4301 jam
1252 4233 1340 4288 vel
1369 4241 1495 4286 tunc
1523 4232 1638 4286 ausi
1669 4230 1887 4286 fuerunt
1917 4230 2017 4284 im-

418 4328 635 4397 portuni
667 4328 893 4381 irruere.
932 4326 1063 4379 Nam
1105 4339 1229 4378 eum
1276 4331 1401 4377 ante
1437 4322 1608 4391 ipsum
1638 4324 1895 4389 venisset,
1926 4324 2013 4378 vi-

419 4420 555 4473 dens
585 4417 776 4472 faciem
824 4416 994 4486 ipsius
1033 4414 1347 4470 deformiter
1388 4413 1700 4479 laceratam,
1746 4415 1901 4470 nobis
1934 4430 2018 4471 se-
2046 4399 2104 4463 Ι)

422 4520 568 4565 οτι-ιε
590 4510 1044 4578 dixitzNunquam
1068 4510 1171 4563 isto
1192 4522 1390 4577 genere
1412 4506 1688 4562 diabolum
1711 4507 2020 4563 insidiatum

424 4606 580 4657 alicui
605 4605 685 4656 vel
715 4604 841 4670 legi,
865 4603 947 4656 vel
970 4603 1101 4667 vidi,
1126 4603 1208 4656 vel
1232 4599 1433 4654 audivi.
1457 4599 1608 4654 Tunc
1630 4608 1756 4654 ante
1776 4610 2023 4656 sanctum

427 4695 593 4749 altare
644 4707 804 4761 super
851 4700 1009 4759 caput
1059 4692 1176 4759 ejus
1228 4704 1446 4743 manum
1496 4691 1798 4758 imponens,
1840 4692 2023 4746 oleum

427 4786 723 4850 benedixit,
750 4783 905 4853 eique
931 4782 1118 4836 Oculos
1139 4791 1193 4835 et
1217 4795 1377 4836 aures
1409 4782 1681 4848 perunxit,
1710 4786 2025 4849 cunctisque

427 4874 752 4939 videntibus,
777 4891 872 4942 per
896 4873 1123 4941 plateam
1147 4872 1211 4925 ad
1235 4871 1455 4927 domum
1479 4884 1629 4924 suam
1654 4887 1782 4925 sana
1806 4887 2022 4926 reversa

428 4980 540 5033 est;
571 4975 622 5022 et
660 4980 751 5037 per
795 4965 1035 5030 biduum,
1066 4964 1205 5033 quod
1252 4965 1324 5027 ibi
1372 4963 1595 5030 fuimus,
1634 4963 1701 5018 ad
1740 4964 2023 5019 ecclesiam

431 5061 713 5134 processit,
746 5060 1093 5127 incursusque
1132 5057 1220 5118 ille
1262 5066 1533 5130 deinceps
1574 5055 1641 5112 ad
1672 5057 1844 5129 ipsam
1885 5073 2019 5113 nun-

429 5173 585 5230 quam
617 5168 864 5211 reversus
895 5160 992 5207 εει.

502 5252 588 5306 18.
635 5246 891 5304 DeVuluto
920 5245 1038 5338 hinc
1065 5250 1297 5338 tempom
1334 5248 1506 5325 venit
1536 5244 1601 5298 ad
1625 5259 1815 5338 pag-rum
1845 5244 2020 5338 eccje-

426 5345 521 5401 siae
558 5351 772 5410 nostrai,
804 5338 888 5395 ubi
915 5346 963 5393 et
988 5302 1641 5485 diwceszgrzuzgquod
1668 5302 2022 5393 “summu-io-

501 5494 575 5572 (ᾳ)
603 5496 715 5572 Hoc
733 5488 1003 5572 miracultlttl
1017 5504 1123 5572 nam
1319 5558 1352 5572 Α
1366 5513 1528 5572 liam
1562 5494 1616 5550 in
1648 5491 2019 5572 littera-Bubus-

457 5567 468 5579 .
501 5536 574 5576 η,
606 5536 712 5545 ..η
733 5536 1102 5571 -..Ψ
1363 5536 1527 5592 μω..
1649 5536 1846 5572 την..-
1876 5536 1889 5546 .

404 5582 563 5645 μαψ.
584 5561 763 5645 P139.by
769 5567 871 5645 ‘PTI'
896 5562 1082 5645 ιεῗῗίῖἕίίθ
1097 5548 1140 5645 (Ἀ
1155 5585 1269 5645 ιιιῖ
1306 5558 1399 5645 (ᾗ,
1411 5574 1626 5645 me".ta
1638 5577 1757 5642 '.'°v.
1775 5561 1816 5645 ἕ,
1838 5564 1890 5618 5-

584 5610 876 5736 ἳῇιὶιᾶνίδιαὲ
893 5610 1082 5736 gift/gl"?
1099 5610 1173 5736 ﬁt
1183 5610 1890 5736 ’ἐοιίίζξξξίίἶόῖἔὶιῗιᾶ
1917 5635 2019 5693 Te-

2101 348 2404 397 construeta
2433 351 2557 398 sunt
2582 361 2596 397 :
2626 345 2711 399 ubi
2748 346 2795 401 si
2830 349 2949 419 quis
2988 349 3275 404 momentis
3304 351 3530 421 singulis
3554 368 3686 410 casu

2103 437 2379 503 transiret,
2417 438 2596 494 statim
2638 455 2731 509 per
2771 457 2968 498 nomen
3008 444 3340 499 clamabatur
3367 460 3382 498 :
3407 445 3553 501 illico
3582 447 3686 504 sibi

2103 532 2336 602 iugentia
2366 547 2493 588 saxa
2531 544 2622 587 aut
2650 543 2773 590 ante
2814 537 2996 605 pedes,
3037 546 3128 593 aut
3176 550 3296 609 post
3338 554 3397 595 se
3437 539 3688 596 cadentia

2099 640 2221 681 cum
2250 637 2393 682 metu
2422 627 2732 696 aspiciebat,
2771 640 3022 685 caventes
3056 632 3291 687 universi
3331 646 3399 687 ne
3429 631 3553 687 inde
3582 648 3685 688 un~

2104 736 2261 791 quam
2300 722 2655 792 praeterirent.
2702 720 2857 777 Unde
2902 724 3061 778 etiam
3110 725 3466 779 mouebantur
3497 740 3690 781 omnes

2104 817 2404 871 nescientes
2448 831 2515 870 ne
2563 816 2616 870 in
2669 815 2797 870 illud
2846 817 3137 886 periculum
3182 818 3515 886 inciderent,
3550 819 3692 876 unde

2106 906 2581 978 praetergredi-uou
2612 905 2900 961 audebant.
2926 904 3058 961 Cum
3096 921 3224 964 ecce
3252 908 3334 963 vir
3366 908 3460 964 Dei
3489 908 3691 964 ibidem

2105 1000 2358 1071 requisita
2387 998 2542 1070 [forte
2566 997 2877 1071 requisitus]
2905 999 2970 1054 ad
2999 999 3158 1055 aliam
3183 1001 3465 1055 ecclesiam
3495 1015 3689 1071 perge-

2105 1102 2208 1158 ret,
2227 1094 2477 1159 clericus,
2500 1094 2584 1148 cui
2600 1107 2729 1148 cura
2748 1100 2866 1148 erat
2879 1092 3019 1147 illius
3038 1102 3252 1162 portare
3269 1092 3515 1147 baculum
3529 1092 3691 1163 (quod

2106 1185 2436 1243 notariorum
2466 1184 2700 1241 officium
2731 1184 2871 1254 erat)
2893 1186 3088 1240 oblitus
3110 1193 3213 1248 est,
3237 1185 3290 1239 iu
3317 1199 3425 1255 quo
3450 1184 3696 1240 ministe-

2106 1277 2190 1333 rio
2220 1277 2421 1332 inutilis
2465 1292 2567 1348 ego
2607 1275 2930 1332 serviebam.
2975 1274 3127 1333 Tune
3166 1275 3266 1331 loci
3304 1276 3451 1331 illius
3477 1276 3693 1344 incolat,

2109 1385 2231 1425 eum
2258 1386 2378 1426 eum
2411 1360 2770 1438 invenissent;
2794 1370 3090 1441 gaudentes
3123 1369 3372 1425 dicebant
3400 1370 3503 1427 sibi
3533 1385 3560 1422 a
3589 1368 3697 1425 Do—

2110 1464 2257 1518 mino
2289 1464 2585 1532 praestitum
2612 1472 2670 1518 ut
2697 1463 2895 1533 aliquid
2924 1463 3068 1518 illius
3104 1462 3464 1532 reperissent;
3496 1462 3699 1517 miran-

2111 1562 2201 1611 tur
2226 1564 2280 1611 et
2301 1564 2467 1625 agunt
2499 1557 2609 1612 Deo
2636 1557 2852 1627 gratias,
2872 1556 3185 1627 virgamque
3213 1556 3383 1628 ipsam
3405 1555 3473 1610 de
3494 1555 3700 1626 pariete

2108 1646 2475 1717 suspendunt;
2500 1649 2789 1718 statimque
2814 1646 3057 1719 effugata:
3086 1657 3214 1703 sunt
3240 1647 3448 1703 insidiae
3472 1646 3696 1715 diaboli,

2107 1751 2161 1796 et
2177 1742 2315 1796 ultra
2333 1741 2463 1796 nulli
2485 1741 2539 1796 iu
2559 1741 2680 1796 loco
2700 1739 3090 1812 nequissimum
3112 1741 3314 1798 malum
3337 1744 3511 1798 facere
3531 1755 3701 1813 usque

2106 1836 2269 1893 hodie
2294 1836 2630 1891 adversarius
2658 1836 2772 1906 ipse
2801 1837 3168 1905 praesumpsit.

2182 1949 2269 2005 19.
2319 1949 2528 2005 Accidit
2571 1949 2733 2005 etiam
2768 1963 2836 2005 eo
2871 1957 3113 2019 tempore
3142 1957 3198 2004 ut
3224 1962 3361 2005 unus
3403 1963 3470 2028 ex
3514 1947 3701 2005 Galliis

2108 2042 2328 2113 quidam
2364 2042 2666 2097 Benenatus
2696 2041 2937 2111 nomine,
2970 2057 3076 2097 non
3108 2057 3295 2112 opere,
3323 2042 3552 2108 venerit,
3578 2040 3701 2112 qui-

2108 2149 2212 2205 que
2238 2148 2298 2188 se
2326 2132 2635 2203 deploraret
2658 2148 2782 2188 cum
2811 2136 3095 2206 nepotibus
3125 2136 3236 2189 suis
3256 2136 3523 2203 captivum
3553 2119 3699 2188 esse.

2109 2226 2355 2282 Habebat
2396 2227 2625 2297 puellam
2678 2230 2973 2295 parvulam,
3001 2244 3158 2297 quam
3204 2228 3345 2282 virili
3391 2228 3573 2283 habitu
3614 2228 3698 2282 in-

2109 2319 2302 2385 dueus,
2327 2319 2393 2374 ad
2415 2320 2588 2388 ipsum
2611 2320 2965 2389 demonstrat,
2994 2322 3212 2375 dicens:
3237 2320 3335 2375 Hie
3356 2335 3525 2391 nepos
3548 2334 3703 2376 meus

2110 2420 2217 2479 est,
2254 2421 2308 2466 et
2348 2426 2558 2468 mecum
2606 2427 2726 2466 cum
2773 2426 2962 2467 sorore
3008 2427 3125 2480 sua,
3155 2428 3275 2483 quae
3312 2420 3431 2482 post
3472 2427 3570 2468 nos
3600 2414 3706 2467 huc

2111 2516 2391 2578 properat,
2419 2506 2619 2577 captivi
2648 2507 2979 2563 detinentur.
3011 2506 3163 2561 Tune
3189 2508 3271 2561 vir
3300 2506 3395 2561 Dei
3423 2506 3609 2562 dolens
3637 2506 3706 2560 de

2111 2605 2424 2675 captivitate
2466 2618 2653 2659 eorum
2703 2618 2801 2674 pro
2848 2601 3041 2657 affectu
3072 2617 3232 2673 quem
3268 2601 3318 2658 ei
3348 2602 3608 2658 Dominus
3638 2604 3707 2659 ab

2112 2698 2337 2754 infantia
2366 2697 2743 2767 inspiraverat,
2770 2697 2918 2751 illum
2949 2698 3041 2767 qui
3078 2698 3310 2766 puellam
3350 2698 3521 2768 ipsam
3552 2698 3708 2753 exhi-

2111 2791 2323 2858 buerat,
2358 2800 2412 2847 et
2442 2793 2612 2861 ipsam
2638 2792 2781 2847 velut
2808 2807 3032 2861 puerum
3054 2793 3302 2862 credens,
3326 2792 3521 2848 blande
3550 2808 3709 2850 oscu-

2112 2884 2276 2940 latur.
2305 2886 2470 2955 igitur
2496 2896 2714 2955 accepta
2745 2895 2970 2957 uterque
3000 2886 3389 2956 redemptione,
3414 2886 3503 2941 ubi
3534 2886 3707 2957 appli-

2035 3012 2086 3077 ρ
2117 2987 2364 3045 cuerunt,
2406 2986 2769 3034 revertuntur.
2820 2979 2952 3033 Post
2988 2979 3205 3033 biduum
3251 2981 3444 3035 iterum
3474 2980 3705 3049 puellam

2117 3075 2309 3144 ipsam,
2349 3072 2498 3127 velut
2543 3073 2595 3127 in
2642 3070 2828 3127 habitu
2872 3072 3089 3142 proprio
3132 3080 3191 3126 ut
3236 3073 3465 3142 amplius
3504 3071 3707 3128 solidos

2117 3167 2406 3236 acciperet,
2438 3176 2675 3221 revocat.
2709 3166 2823 3221 Hec
2849 3181 2978 3220 vero
3006 3167 3261 3236 agebatur
3290 3182 3384 3236 per
3411 3166 3707 3236 suggestio-

2118 3275 2245 3316 nem
2272 3261 2442 3316 sancti
2474 3261 2577 3315 viri
2614 3259 2799 3316 Jacobi
2822 3262 3143 3334 presbyteri,
3175 3262 3264 3331 qui
3290 3271 3478 3316 saneta
3500 3260 3709 3331 simpli-

2118 3360 2281 3415 citate
2308 3373 2404 3414 sua
2440 3357 2617 3413 omnia
2648 3357 2795 3413 illum
2837 3358 2893 3413 in
2933 3359 3161 3414 veritate
3188 3357 3344 3430 queri
3381 3356 3705 3413 iusiuuabat.

2118 3451 2270 3507 Tune
2297 3462 2353 3508 et
2380 3451 2539 3522 huius
2580 3453 2770 3521 puellae
2799 3452 3008 3521 accepit
3033 3454 3223 3507 iterum
3252 3452 3699 3520 redemptionem.

2117 3547 2251 3604 Nam
2274 3562 2499 3618 quorum
2524 3557 2647 3600 tunc
2668 3546 3047 3600 sollicitudinis
3068 3545 3166 3599 fuit
3185 3553 3545 3615 cognoverunt
3562 3543 3702 3614 quod

2120 3640 2525 3708 ipsam'postea
2569 3638 2904 3702 exhibuerat,
2949 3650 3109 3705 quam
3151 3635 3298 3705 prius
3338 3634 3476 3689 virili
3521 3634 3707 3689 habitu

2120 3738 2504 3786 ostentaverat.
2534 3730 2686 3793 Quod
2709 3743 2830 3784 cum
2861 3729 3227 3799 indignatione
3250 3730 3447 3783 'saucto
3482 3728 3577 3783 Dei
3602 3742 3709 3781 non

2120 3825 2298 3880 solum
2322 3838 2421 3893 ego
2452 3823 2548 3887 illi,
2576 3823 2672 3877 sed
2694 3822 2856 3876 etiam
2887 3821 3221 3889 supradictus
3248 3820 3531 3891 presbyter
3551 3818 3709 3875 simul

2121 3928 2328 3974 etcum
2371 3913 2696 3971 verecundia
2738 3914 3097 3984 suggerebant
3137 3910 3416 3983 [Barralis,
3454 3924 3712 3981 suggere‘

2122 4007 2257 4081 bat].
2289 4009 2440 4063 Tunc
2466 4008 2579 4074 ille,
2610 4015 2667 4061 ut
2701 4016 2817 4061 erat
2857 4006 2999 4061 circa
3038 4003 3351 4075 peregrinos
3375 4017 3589 4072 semper
3615 4001 3713 4055 mi'

2124 4101 2366 4156 tissimus
2388 4110 2446 4156 et
2476 4099 2761 4169 benignus,
2800 4098 3116 4170 presbytero
3142 4094 3275 4149 dixit
3308 4111 3322 4148 :
3354 4094 3493 4159 Noli,
3523 4093 3712 4161 inquit,

2124 4203 2181 4250 tu
2207 4203 2391 4249 sancte
2421 4192 2611 4257 irasci;
2636 4201 2694 4245 tu
2722 4190 2865 4245 bene
2888 4189 3059 4244 fecisti
3078 4190 3415 4259 peregrinqu
3442 4200 3712 4241 commen-

2124 4288 2283 4351 dare;
2312 4286 2403 4342 tibi
2432 4301 2530 4356 pro
2550 4286 2689 4339 bona
2718 4282 2996 4336 voluntate
3021 4290 3108 4337 tua
3130 4280 3442 4335 redditurus
3471 4286 3551 4332 est
3576 4277 3715 4331 Deus

2129 4378 2454 4433 mercedem.
2481 4376 2550 4430 Et
2578 4375 2653 4430 illi
2680 4374 2891 4430 misello
2916 4371 3263 4443 parcat'Deus
3285 4380 3559 4439 peceatqu
3592 4368 3717 4433 hoc,

2130 4474 2219 4543 qui
2244 4488 2331 4527 me
2356 4470 2484 4527 fecit
2504 4468 2741 4540 puellam
2762 4467 3022 4532 osculari;
3043 4475 3099 4522 et
3125 4466 3223 4519 huc
3243 4465 3519 4535 praemium
3545 4464 3718 4533 puella

2130 4567 2249 4637 ipsa
2297 4566 2579 4637 percipiat,
2623 4572 2699 4630 ut,
2747 4561 2868 4633 quia
2912 4562 3012 4616 etsi
3061 4560 3335 4629 indignum
3385 4562 3721 4613 sacerdotem

2131 4660 2365 4717 osculari
2388 4660 2753 4729 praesumpsit,
2780 4658 2939 4711 talem
2967 4654 3426 4709 sanctimonialem
3460 4650 3641 4715 faciat,
3667 4658 3721 4703 ut

2134 4753 2298 4806 alium
2320 4752 2492 4806 virum
2521 4765 2793 4819 nunquam
2818 4749 3111 4804 osculetur.
3140 4748 3244 4800 Sed
3273 4748 3394 4814 quia
3421 4744 3719 4797 futurorum

2136 4848 2337 4901 arbiter
2364 4847 2507 4900 Deus
2529 4846 2687 4899 scivit
2712 4844 2856 4897 illam
2886 4844 3004 4896 sine
3026 4840 3187 4894 dubio
3210 4839 3261 4891 iu
3286 4836 3587 4905 virginitate
3610 4846 3723 4899 per:

2135 4941 2331 4996 durare
2369 4956 2475 4995 non
2516 4954 2696 5010 posse,
2740 4954 2806 4992 ne
2844 4941 2984 4993 servi
3027 4934 3120 4988 Dei
3152 4929 3320 4985 oratio
3367 4929 3513 4981 irrita
3545 4928 3719 4993 fieret,

2134 5036 2238 5090 alia
2268 5037 2450 5090 statim
2482 5034 2569 5088 die
2591 5034 2658 5088 de
2689 5032 2793 5087 hoc
2822 5031 3021 5085 mundo
3048 5024 3315 5082 discessit.
3350 5024 3472 5077 [hec
3501 5022 3721 5076 Arelate

2133 5129 2199 5184 ad
2226 5128 2504 5183 basilicam
2538 5126 2937 5194 Apostolorum,
2968 5120 3059 5175 ubi
3088 5121 3204 5189 ipse
3233 5125 3487 5173 metatum
3520 5114 3721 5169 habue-

2131 5237 2239 5292 rat,
2266 5226 2480 5281 celebre
2506 5237 2622 5277 acta
2652 5228 2964 5274 noscuntur.

2196 5319 2287 5375 20.
2326 5319 2446 5374 Alio
2488 5330 2617 5372 vero
2659 5324 2902 5383 tempore
2944 5320 3187 5365 matrona
3229 5306 3475 5379 quadam
3502 5307 3557 5363 iu
3584 5304 3719 5363 urbe

2124 5491 2303 5545 Ionem
2334 5495 2389 5541 ct
2409 5480 2718 5543 Massiliun,
2753 5486 2811 5530 ut
2842 5471 3372 5548 nntatMabillonius.
3658 5536 3669 5548 _

2198 5562 2271 5632 (c)
2296 5561 2495 5632 Lucum
2537 5568 2646 5609 non
2677 5548 2927 5616 invenio;
2969 5557 3023 5604 at
3058 5552 3270 5602 constat
3319 5543 3468 5598 illum
3507 5550 3629 5595 esse
3655 5543 3713 5594 in

2127 5629 2427 5693 Arelatensi
2455 5642 2604 5698 agro.

3140 5703 3217 5773 33
