4078 6440
507 430 645 491 1055

1560 416 1619 470 5.
1658 408 1961 471 αιωη
1997 401 2209 462 EPISC.
2247 399 2721 456 ARELATENSIS

3592 362 3713 453 lost

504 545 841 602 Massiliam
868 537 944 609 (tt)
978 551 1104 590 casu
1149 531 1336 599 pedem
1364 528 1465 584 sibi
1512 527 1742 590 quavit,
1771 527 1844 579 ita
1886 536 1943 578 ut
1981 535 2074 590 per
2099 517 2159 579 Α
2247 512 2339 569 25.
2382 512 2595 567 Retulit
2622 512 2791 566 etiam.
2812 507 2966 563 nobis
2991 521 3161 577 nuper
3195 508 3706 581 quidam-presbyter,

507 653 744 709 tempora
789 630 1177 700 multapedem
1226 628 1395 696 ipsum
1442 624 1495 678 in
1546 631 1689 676 terra
1735 632 1933 687 ponere
1970 630 2076 670 non

508 740 718 802 posset»;
738 727 836 785 sed
864 724 1104 781 manibus
1131 726 1428 776 sustentata
1458 714 1788 771 servulorum
1834 722 2078 774 suorum,

509 799 683 875 vix~ad
704 816 988 872 ecclesiam
1011 812 1133 867 duci
1156 816 1380 878 poterat,
1406 803 1788 859 validissimum
1811 799 2083 854 sustinens

510 913 773 969 dolorem.
803 907 908 965 Sed
934 907 1057 974 quia
1089 903 1268 959 multae
1294 907 1418 956 sunt
1440 896 1809 951 miserationes
1851 888 2083 953 Domini,

511 1001 724 1073 quando
747 996 1071 1069 ipsetvoluit,
1091 1007 1282 1049 causas
1303 988 1477 1047 eﬂecit
1496 996 1556 1043 ut
1579 987 1656 1040 vir
1689 985 1779 1038 Dei
1810 982 1877 1036 ad
1903 982 2087 1035 civita-

516 1071 622 1149 tem
652 1093 833 1160 ipsam.
858 1087 1177 1149 ambularet.
1205 1082 1401 1138 Audito
1428 1080 1614 1133 mulier
1637 1076 1865 1130 adventu
1898 1071 2086 1141 ipsius,

514 1182 639 1236 fecit
665 1158 961 1245 tie-adeum
992 1173 1333 1230 salutandum
1361 1167 1571 1224 adduci.
1618 1167 1747 1233 Qum
1776 1170 1995 1228 accepta
2022 1158 2089 1212 ab

513 1288 580 1329 eo
606 1272 855 1328 oratione
893 1277 947 1322 et
986 1265 1374 1324 benedictione,
1407 1259 1539 1313 nihil
1574 1258 1671 1326 ipsi
1711 1256 1779 1308 de
1807 1266 1967 1306 causa
1994 1263 2090 1303 sua

518 1361 860 1429 praesumpsit
899 1371 1203 1427 suggerere.
1233 1353 1340 1410 Sed
1364 1364 1603 1426 regressa
1630 1346 1698 1401 ab
1716 1361 1802 1412 eo,
1827 1344 1891 1398 ad
1929 1344 2090 1398 sella-

517 1448 733 1525 rem.(b)
762 1451 925 1518 ipsius
948 1445 1355 1518 appropinquari
1377 1458 1436 1499 se
1461 1438 1695 1512 permitti
1722 1435 1945 1506 rogavit.
1965 1433 2093 1500 Quae

518 1543 586 1603 de
612 1541 950 1611 supersellio,
980 1539 1069 1608 qui
1099 1538 1285 1591 sellam
1311 1535 1540 1604 tegebat,
1569 1532 1741 1585 locum
1765 1525 2093 1580 debilitatum

519 1634 746 1695 ﬁdeliter
786 1640 1031 1701 tangens,
1080 1630 1257 1683 statim
1306 1626 1584 1695 pristinam
1637 1622 1919 1693 sanitatem
1962 1616 2096 1671 reci-

523 1726 695 1793 piens,
727 1733 975 1793 tanqnam
1003 1722 1047 1775 si
1076 1720 1269 1774 malum
1295 1733 1397 1772 non
1433 1716 1618 1770 luisset
1647 1724 1914 1779 perpessa,
1947 1706 2099 1778 pedi-

520 1815 617 1869 bus
635 1815 766 1874 suis,
787 1813 930 1866 nullo
953 1817 1303 1870 sustentante,
1331 1804 1608 1860 incolumis
1636 1815 1849 1857 reversa
1870 1809 1970 1864 est,
1998 1797 2097 1851 Do-

523 1907 663 1960 mino
694 1919 863 1973 usque
892 1905 941 1957 in
975 1903 1114 1957 diem
1144 1909 1459 1969 prteseutem
1487 1897 1682 1967 gratias
1703 1909 1884 1963 agens.

594 1997 683 2047 21.
725 1993 966 2058 Quodam
998 1993 1157 2060 igitur
1186 1989 1274 2043 die
1307 1989 1465 2058 (quod
1499 1986 1645 2039 multi
1686 1982 1965 2051 noverunt)
2001 1982 2100 2035 hac

525 2089 579 2143 iit
623 2088 841 2141 civitate
886 2083 1159 2153 cujusdam
1218 2082 1436 2135 Joannis
1493 2079 1710 2132 domum
1752 2072 2102 2144 apprehendit

528 2176 686 2246 ignis,
717 2174 945 2228 vicinam
984 2172 1245 2237 virginum
1280 2167 1629 2222 monasterio.
1660 2164 2102 2233 Appropinquare

524 2268 687 2337 igitur
708 2266 887 2333 carpit,
914 2274 969 2316 ut
996 2262 1124 2316 nulli
1147 2261 1366 2315 dubium
1391 2267 1534 2313 esset
1553 2257 1730 2309 omnia
1758 2255 1951 2308 ibidem
1977 2268 2102 2305 con-

527 2359 834 2415 cremanda.
869 2357 1115 2411 Turbatae
1148 2354 1306 2423 igitur
1344 2352 1550 2406 ancillae
1593 2349 1705 2413 Dei,
1732 2347 1923 2416 quibus
1956 2346 2103 2399 exire

528 2455 657 2508 foris
696 2468 802 2506 non
847 2449 1059 2514 licebat,
1092 2447 1255 2501 libros
1286 2446 1369 2499 vel
1399 2459 1505 2508 res,
1536 2443 1699 2497 cellas
1738 2440 1891 2512 [forte
1921 2433 2101 2506 sellas]

532 2555 584 2601 et
619 2546 823 2613 seipsas
862 2548 957 2610 per
1001 2541 1263 2595 cisternas
1300 2536 1595 2608 jactabant,
1625 2533 1713 2587 ubi
1744 2530 1854 2585 Deo
1892 2530 2127 2598 dispeno'

530 2646 682 2691 sante
712 2645 838 2689 tunc
862 2648 998 2703 aqua
1023 2632 1227 2697 deerat;
1263 2642 1330 2683 ne
1359 2624 1479 2683 illas
1504 2625 1804 2695 desperatio
1833 2622 2105 2691 perturba-

532 2738 630 2783 ret.
658 2727 1049 2791 Currentesque
1075 2717 1698 2792 praepositi‘mouasterii,
1727 2717 2106 2770 nuntiaverunt

535 2816 669 2888 patri
700 2819 954 2883 ipsarum,
993 2830 1059 2868 eo
1094 2812 1235 2882 quod
1277 2814 1383 2881 jam
1427 2812 1481 2863 in
1525 2810 1765 2877 proximo
1792 2815 1933 2861 esset
1956 2806 2107 2859 cellae

533 2925 662 2963 suae.
684 2910 777 2964 Ille
790 2908 1109 2962 festinanter
1124 2918 1374 2971 egressus
1401 2902 1574 2969 media
1602 2910 1757 2955 nocte
1784 2916 1873 2968 per
1896 2913 2105 2952 murum

535 3000 601 3055 ad
626 3003 797 3055 locum
825 3000 1050 3054 veniens
1092 2996 1181 3050 ubi
1224 2997 1435 3049 ﬂamma
1475 3003 1612 3055 erat,
1642 2990 1872 3047 orationi
1897 3004 1956 3043 se
1982 3001 2106 3057 pro-

534 3100 791 3147 sternens.
815 3090 930 3165 [pro
961 3086 1391 3159 prostemebat],
1412 3085 1648 3154 ipsisque
1664 3082 1939 3137 mandatis
1958 3089 2013 3135 et
2041 3080 2111 3134 de

534 3197 690 3239 muro
724 3184 965 3237 clamans
994 3198 1007 3235 :
1036 3180 1150 3234 Non
1196 3180 1449 3243 timeatis,
1496 3177 1810 3231 benedictae.
1850 3174 1967 3229 Mox
2007 3186 2110 3227 sae-

536 3274 687 3327 viens
714 3272 931 3327 llatnma
956 3271 1167 3325 virtutis
1195 3284 1306 3323 sua:
1336 3267 1545 3322 dimisit
1572 3265 1899 3319 incendium.

606 3360 698 3415 22.
738 3361 847 3415 Nec
893 3361 994 3415 hoc
1038 3359 1231 3414 silebo.
1283 3357 1523 3424 Quodam
1569 3356 1727 3423 igitur
1773 3363 2015 3422 tempore
2058 3352 2114 3407 in

554 3452 915 3522 Alpiuislocis
942 3451 1138 3505 factum
1178 3465 1301 3504 esse
1342 3447 1749 3503 celeberrimum
1778 3444 2111 3513 praedicatur.

544 3545 678 3597 Dum
703 3541 979 3610 cujusdam
1021 3539 1157 3594 ﬁnes
1183 3537 1497 3593 nobilissimi
1537 3536 1635 3591 viri
1660 3542 1945 3603 tempestas
1984 3532 2118 3589 assi-

540 3633 963 3704 duaperniciosa
998 3630 1263 3686 inlusione
1289 3636 1615 3692 contereret,
1653 3635 1978 3693 cunctosque
2002 3622 2116 3676 fru-

540 3740 665 3789 ctus-
686 3728 788 3785 loci
832 3726 975 3783 illius
1001 3725 1082 3780 vis
1116 3721 1396 3793 grandinis
1423 3721 1723 3785 devoraret,
1768 3718 1837 3773 ita
1870 3725 1927 3772 ut
1962 3714 2119 3770 annis

540 3820 762 3891 singulis
790 3820 930 3875 nulla
958 3818 1158 3873 ibidem
1204 3829 1329 3885 spes
1371 3811 1591 3869 subsidii
1634 3818 1965 3874 remaneret;
1993 3822 2109 3863 ces-

540 3912 719 3983 sitque
745 3912 1031 3975 iterum‘ut
1058 3909 1282 3965 baculus
1327 3907 1446 3977 ejus
1470 3919 1608 3969 casu
1638 3904 1834 3969 ibidem
1871 3914 2120 3956 remane-

540 4013 647 4071 ret,
677 4004 877 4072 dequa
913 4001 1058 4071 virga
1088 4014 1367 4070 possessor
1394 3999 1509 4068 ipse
1534 4010 1746 4051 crucem
1795 3995 1909 4050 ﬁeri
1934 3992 2115 4062 jussit,

542 4108 702 4164 quam
739 4093 1079 4149 eminentiori
1110 4094 1229 4148 loco
1256 4093 1362 4148 fide
1397 4102 1643 4146 armatus
1667 4090 1863 4156 inﬁxit,
1911 4097 1988 4157 ut,
2029 4103 2120 4143 ve-

541 4183 950 4253 nientelapide,
981 4183 1275 4239 contrairet
1300 4185 1446 4253 virga
1483 4180 1752 4252 discipuli,
1797 4195 1928 4235 crux
1956 4181 2121 4249 magi-

542 4274 659 4328 stri.
690 4275 914 4328 Tantam
950 4274 1146 4329 ibidem
1179 4262 1320 4328 Deus
1357 4274 1427 4327 ob
1457 4272 1715 4327 honorem
1741 4272 1889 4327 servi
1935 4271 2015 4325 sui
2042 4271 2121 4324 di-

544 4375 736 4433 gnatus
786 4376 870 4419 est
939 4365 1152 4436 Operari
1198 4366 1484 4431 virtutem,
1536 4375 1593 4418 ut
1657 4364 1730 4419 ibi
1783 4363 2118 4432 postmodum

546 4458 831 4513 maximam
873 4460 1169 4516 ubertatem
1211 4460 1386 4528 daret,
1437 4460 1577 4515 unde
1624 4461 2122 4529 repulerattempc-

545 4555 758 4603 statam.

2181 609 2320 678 quod
2350 618 2475 663 ante
2498 608 2699 674 aliquot
2724 618 2915 669 annos,
2950 603 3071 657 dum
3099 603 3271 658 adhuc
3300 602 3639 669 laicns‘esset,
3664 610 3713 660 li.

2184 702 2255 755 lia
2283 716 2375 756 sua
2403 700 2725 754 ardremonio
2754 698 3063 751 vexabatur.
3092 699 3201 763 Qui
3227 712 3462 751 maerens
3481 700 3712 758 etluaeus

2183 795 2275 848 uni
2304 793 2586 847 examicis
2613 794 2722 847 suis
2770 790 2939 845 dixit:
2966 789 3101 855 Quid
3127 792 3314 844 faciam
3362 790 3557 853 tutelis,
3597 796 3713 858 quod

2185 884 2303 939 lilia
2322 898 2436 938 mea
2466 883 2797 937 διόδωοηίοσ
2819 880 3075 935 νεηιυῖ
3105 880 3290 935 Melius
3338 880 3471 934 mihi
3498 879 3649 935 fuerat
3672 892 3715 937 ut

2188 993 2287 1032 nee
2315 991 2460 1041 usta,
2490 984 2579 1030 aut
2607 985 2771 1031 certe
2801 990 2905 1028 moi
2921 983 3006 1027 tua
3038 974 3158 1027 ruis:
3171 983 3239 1027 et.
3287 970 3389 1029 Cui
3408 974 3717 1042 iliearespon-

2190 1070 2301 1121 dit:
2324 1068 2616 1132 Nolisﬂere,
2642 1067 2734 1121 sed
2763 1064 2915 1129 vade,
2941 1063 3046 1118 duc
3071 1078 3186 1118 eam
3211 1064 3280 1117 ad
3297 1065 3547 1119 domuum
3573 1065 3717 1121 (Stesa-

2190 1161 2349 1223 rium,
2382 1167 2436 1213 et
2454 1156 2587 1209 utier
2606 1171 2724 1209 eam
2757 1156 2829 1208 illi
2852 1165 3079 1217 secrete,
3102 1164 3161 1209 ut
3176 1166 3323 1209 curet
3348 1170 3481 1219 eam.
3508 1156 3596 1211 ille
3614 1172 3717 1211 vero

2193 1249 2323 1307 nihil
2344 1249 2600 1311 dubitans
2631 1248 2774 1301 venit
2817 1248 3049 1312 Arelate,
3095 1257 3150 1303 et
3179 1247 3380 1302 vadens
3406 1250 3636 1303 cucurrit
3659 1252 3723 1316 ei,

2191 1348 2247 1395 et
2271 1338 2556 1409 prestravit
2584 1354 2645 1393 se
2672 1339 2737 1391 ad
2767 1339 2930 1407 pedes
2955 1340 3073 1407 ejus
3097 1354 3217 1393 cum
3248 1340 3514 1407 lacryntis,
3539 1343 3717 1396 dicens:

2195 1436 2419 1500 Domne,
2466 1436 2721 1490 miserere
2762 1434 2959 1488 misero
2986 1435 3150 1501 mihi;
3189 1448 3325 1489 cura
3354 1434 3512 1491 lilium
3555 1453 3715 1492 meam.

2195 1528 2293 1595 Qui
2340 1527 2567 1582 sollicite
2617 1528 2948 1596 interrogans
2978 1527 3107 1595 quid
3145 1526 3389 1591 haberet,
3438 1528 3717 1596 respondit:

2196 1622 2555 1678 Daemonium.
2579 1620 2723 1675 Dixit
2743 1622 2793 1677 ei
2824 1640 2836 1673 :
2862 1620 3022 1685 Tace,
3061 1629 3116 1673 et
3145 1629 3420 1674 revertere
3450 1619 3513 1673 ad
3538 1620 3718 1675 domum

2199 1722 2367 1769 tuam.
2400 1714 2552 1767 Mane
2572 1728 2693 1767 cum
2723 1712 2997 1765 matutina:
3015 1712 3284 1773 dicuntur,
3308 1723 3565 1766 revertere
3591 1714 3722 1766 etad-

2198 1805 2305 1859 duc
2332 1814 2504 1859 tecum
2548 1804 2771 1872 puellam
2803 1804 2991 1871 ipsam,
3039 1814 3091 1858 et
3132 1815 3357 1856 matrem
3400 1802 3531 1873 ejus,
3579 1811 3625 1857 et
3648 1806 3721 1856 Oil-

2126 1880 2176 1942 Β
2203 1912 2355 1950 serva
2384 1895 2459 1968 [id
2484 1904 2558 1949 est
2585 1894 2859 1965 exspecta]
2889 1893 3048 1948 dictis
3076 1895 3356 1947 matutinis
3382 1897 3431 1947 in
3467 1894 3592 1947 atrio
3615 1893 3721 1949 Sin-

2202 1993 2274 2045 cti
2306 1989 2594 2057 Stephani;
2623 1998 2679 2044 et
2700 2003 2822 2043 cum
2852 1998 3115 2043 secretum
3144 1989 3366 2054 videris,
3410 1988 3521 2042 veni
3554 1991 3613 2043 ad
3636 1992 3720 2043 cel-

2204 2083 2309 2137 lam
2346 2092 2401 2137 et
2443 2082 2669 2151 appella.
2698 2082 2794 2136 ille
2832 2096 2961 2135 vero
2993 2081 3137 2143 fecit,
3186 2081 3326 2135 sicut
3369 2083 3603 2150 iusserat.
3633 2082 3723 2150 Ipse

2204 2182 2383 2228 autem
2425 2183 2629 2228 secrete
2666 2173 2969 2243 egrediens,
3009 2183 3061 2226 et
3097 2188 3271 2243 genua
3320 2174 3375 2227 in
3410 2184 3543 2226 terra
3571 2176 3723 2240 ligans,

2203 2278 2323 2318 cum
2352 2274 2502 2333 patre
2523 2272 2576 2317 et
2602 2272 2770 2316 matre
2805 2264 2997 2331 puella:
3026 2264 3221 2329 oravit,
3270 2263 3571 2333 erigensque
3593 2276 3646 2317 se
3665 2264 3723 2316 si-

2203 2358 2384 2426 gnavit
2408 2372 2525 2411 eam
2556 2366 2607 2411 et
2637 2356 2835 2411 dimisit
2863 2371 3072 2411 sanam.

2275 2448 2469 2503 lterum
2499 2448 2775 2502 ambulans
2805 2463 2897 2516 per
2931 2449 3155 2516 plateam
3179 2448 3432 2517 civitatis,
3465 2449 3582 2502 vidit
3598 2464 3722 2502 econ-

2207 2549 2287 2593 tra
2311 2540 2367 2594 in
2398 2540 2512 2593 foro
2545 2538 2928 2606 hominemqui
2956 2552 2983 2590 a
3014 2537 3286 2593 daemonio
3308 2539 3570 2607 agebatur.
3592 2536 3722 2604 Quem

2206 2646 2325 2686 cum
2352 2632 2667 2686 attendisset
2694 2640 2931 2695 econtra,
2963 2646 3178 2685 manum
3200 2632 3303 2686 sub
3331 2631 3501 2686 casula
3524 2630 3721 2696 habens,

2206 2732 2314 2779 uta
2343 2724 2452 2778 suis
2477 2738 2579 2776 non
2603 2722 2893 2785 videretur,
2920 2736 3132 2775 crucem
3164 2732 3351 2776 contra
3375 2738 3488 2776 eum
3512 2722 3723 2791 fecit;qui

2206 2819 2386 2874 statim
2424 2831 2453 2870 a
2484 2816 2769 2870 tentatione
2799 2814 2995 2868 inimici
3024 2816 3302 2871 absolutus
3326 2825 3430 2871 est.

2288 2909 2379 2962 24.
2418 2907 2549 2963 Nam
2582 2906 2713 2960 illud
2753 2922 2910 2974 quam
2938 2919 3178 2961 sanetum
3208 2916 3269 2961 et
3313 2907 3463 2961 dulce
3488 2912 3607 2968 erat,
3632 2917 3722 2957 cum

2207 3016 2303 3070 per
2332 3003 2449 3056 dies
2476 3001 2862 3055 incessabiliter
2887 3011 3187 3071 opportune
3224 3001 3540 3065 volentibus,
3568 3000 3721 3065 impor-

2209 3102 2336 3149 tune
2381 3093 2705 3156 nolentibus,
2754 3093 2977 3146 verbum
3028 3072 3116 3145 Dei
3165 3091 3597 3160 ingereretzcum
3639 3086 3723 3157 jan

2214 3199 2336 3238 sero
2372 3197 2595 3251 pausare
2626 3182 2895 3245 venisset,
2938 3190 2995 3235 ut
3026 3182 3106 3234 vel
3139 3184 3307 3249 ipsius
3339 3180 3475 3233 horae
3505 3187 3722 3232 momento

2138 3243 2183 3306 c
2215 3273 2283 3329 de
2312 3273 2600 3345 Scripturis
2628 3272 2822 3325 divinis
2866 3281 2917 3326 et
2956 3272 3023 3323 de
3067 3272 3413 3327 instructions
3455 3277 3616 3322 sancta
3646 3277 3723 3345 nou

2218 3378 2459 3433 vacaret,
2510 3370 2687 3420 aiebat
2727 3365 2792 3417 ad
2836 3380 2932 3417 nos
2967 3381 2978 3416 :
3015 3354 3178 3416 Dicite
3234 3363 3384 3430 inihi,
3428 3360 3596 3429 inquit,
3629 3340 3723 3426 quid

2216 3463 2543 3515 cmnavimus
2571 3458 2762 3512 hodiel
2789 3459 2963 3527 qualia
2994 3456 3191 3511 fercula
3223 3453 3530 3510 habuimus?
3565 3454 3725 3504 uesta.

2218 3563 2399 3609 centes
2442 3553 2863 3621 suSpirabainus,
2915 3551 3034 3618 quia
3088 3549 3209 3602 illuc
3268 3549 3553 3602 intellectus
3586 3548 3725 3596 noster

2219 3643 2532 3707 ducebatur,
2565 3656 2671 3709 quo
2699 3642 2785 3695 ille
2822 3640 3013 3694 solitus
3042 3650 3154 3695 erat
3183 3655 3284 3693 nos
3316 3650 3601 3708 provocare,
3620 3627 3725 3701 quod

2218 3736 2287 3790 de
2311 3736 2431 3789 cibo
2460 3732 2686 3802 spiritali
2724 3732 2868 3800 loqui
2896 3731 3136 3797 volebat;
3188 3740 3241 3785 et
3273 3726 3391 3785 ideo
3431 3741 3519 3782 nos
3545 3727 3726 3779 interro-

2217 3836 2385 3896 garet.
2420 3825 2637 3880 Dicebat
2669 3825 2861 3878 iterum
2887 3841 2899 3876 :
2929 3823 3073 3887 Scio,
3104 3823 3297 3893 inquit,
3338 3819 3473 3891 quod
3507 3818 3546 3872 si
3570 3810 3721 3869 sollici~

2218 3928 2305 3976 tus
2333 3920 2481 3975 fuero
2524 3919 2647 3988 quid
2685 3919 3099 3979 cmnaverimus,
3139 3916 3302 3971 etiam
3342 3912 3530 3982 etquid
3558 3904 3727 3978 prandi-

2220 4010 2374 4066 diSliS
2404 4006 2738 4082 [prandiStis]
2772 4008 3035 4064 retinetis.
3070 4007 3126 4063 Si
3160 4017 3343 4062 autem
3379 4005 3728 4068 interrogemus.

2220 4101 2344 4171 quid
2376 4081 2439 4154 ad
2473 4114 2712 4154 mensam
2744 4099 2936 4152 lectum
2968 4100 3059 4163 sit,
3100 4112 3201 4151 non
3244 4092 3587 4151 recordamur.
3617 4081 3728 4141 Unde

2223 4196 2377 4249 datur
2401 4194 2622 4262 intelligi
2654 4195 2778 4263 quia
2812 4193 2939 4246 illud
2970 4195 3143 4259 nobis,
3170 4190 3314 4261 quod
3342 4176 3729 4247 retinemusidul'

2222 4288 2355 4341 citer
2392 4288 2601 4357 sapuit;
2646 4286 2770 4340 illud
2815 4302 2939 4339 vero
2971 4288 3112 4355 quod
3162 4300 3267 4338 non
3322 4284 3605 4338 retinemus.
3652 4280 3728 4322 "0“

2223 4378 2394 4430 Solum
2426 4391 2669 4445 saporem
2700 4377 2752 4430 in
2801 4377 2978 4445 palato
3007 4376 3187 4430 cordis
3228 4375 3393 4427 nostri
3426 4370 3603 4423 nullum
3632 4373 3729 4429 prfe-

2223 4468 2376 4528 stitit,
2408 4469 2500 4521 sed
2532 4467 2691 4520 etiam
2736 4467 2998 4519 fastidium
3038 4454 3264 4516 forsitan
3295 4464 3428 4516 fecit.
3479 4460 3536 4512 Et
3561 4447 3729 4520 ingenii

2214 4577 2378 4617 tacens
2425 4561 2637 4616 dicebat
2664 4558 2741 4614 :0
2773 4558 2955 4611 infelix
3001 4556 3200 4610 oblivio
3247 4556 3518 4616 bonorum,
3545 4546 3617 4602 cui
3644 4544 3729 4615 [ρνο

620 4639 752 4694 Item
781 4640 1009 4709 quadam
1029 4640 1116 4694 die
1145 4640 1358 4695 domum
1390 4640 1655 4696 Vincentii
1676 4639 1951 4711 cujusdam
1975 4655 2121 4695 com-
2142 4600 2357 4724 n‘qua;
2392 4652 2501 4717 alii,
2528 4649 2667 4722 quia]
2712 4649 2842 4703 nihil
2876 4645 3164 4701 infehcius!
3201 4648 3263 4701 Et
3313 4600 3550 4713 ίηείρέρξιε
3574 4600 3729 4689 abin}.

548 4733 830 4802 prehendit
883 4732 1043 4800 ignis,
1093 4730 1246 4802 cujus
1293 4733 1543 4786 solarium
1603 4749 1670 4799 ex
1720 4734 1865 4804 ligno
1919 4733 2116 4786 factum

546 4823 777 4879 ﬂammze
806 4824 1047 4878 cedebat.
1102 4824 1191 4878 Ille
1229 4824 1418 4879 videns
1464 4839 1521 4879 se
1566 4825 1693 4878 nihil
1728 4824 1905 4879 valere
1942 4840 2118 4892 posse,

549 4925 749 4984 quanta
776 4914 944 4985 potuit
974 4914 1255 4969 velocitate
1278 4915 1341 4968 ad
1372 4918 1538 4983 ipsum
1567 4916 1819 4969 doinnuui
1854 4918 2113 4982 perrexit,

549 5009 770 5076 genibus
799 5008 1085 5063 advolutus
1113 5017 1265 5077 rogat
1299 5018 1353 5062 ut
1394 5018 1590 5061 oraret.
1639 5010 2007 5079 Egressumue
2038 5012 2117 5063 lo-

550 5114 659 5164 ras,
687 5114 899 5155 crucem
929 5111 1115 5156 contra
1136 5100 1402 5155 ﬂammam
1429 5102 1571 5167 fecit,
1606 5118 1725 5170 qua;
1751 5104 2001 5158 continuo
2034 5117 2123 5157 re-

551 5192 722 5256 diens,
754 5193 821 5244 ita
852 5191 1019 5262 sopita
1052 5201 1153 5259 est,
1183 5201 1240 5245 ut
1270 5206 1369 5246 nec
1408 5192 1617 5261 signum
1656 5194 1923 5262 paruisset
1950 5196 2002 5248 in
2030 5210 2123 5249 so-

553 5282 673 5336 larii
696 5282 909 5337 tabulis.

1147 5349 1377 5407 CAPlL'l'
1413 5349 1497 5407 lli.

558 5442 675 5496 Alia
713 5445 992 5515 miracula;
1018 5459 1143 5499 cura
1178 5444 1464 5503 instruendi
1493 5445 1793 5515 discipulos,
1836 5456 1883 5501 et
1912 5449 2119 5515 quosvis

682 5513 754 5565 αι
772 5517 1113 5581 Mutinam
1146 5514 1415 5581 hortandi;
1445 5521 1652 5570 uirtutes
1672 5528 1719 5570 et
1749 5513 1983 5571 visiones.

625 5625 708 5698 (α)
737 5624 973 5705 {lassata
1024 5629 1151 5683 urbs
1198 5639 1278 5683 est
1324 5630 1603 5687 notissima
1653 5637 1705 5687 in
1745 5633 2019 5688 Provincia
2053 5632 2121 5687 ad

556 5696 706 5750 mare
736 5696 1195 5752 Mediterraneum.

626 5763 705 5834 (ὁ)
733 5760 950 5845 sellaria
984 5777 1075 5845 aut
1100 5768 1445 5845 cellariusest
1482 5787 1653 5839 equus
1681 5776 1867 5829 sellam
1892 5784 2110 5840 gestans

560 5845 648 5893 aut
684 5841 893 5905 gestare
918 5836 1127 5904 solitus,
1156 5847 1211 5893 ut
1248 5841 1411 5897 variis
1442 5836 1702 5913 exeritplis
1736 5836 2033 5901 ostenditur
2062 5849 2117 5905 in

2231 4745 2327 4807 tio,
2371 4743 2509 4810 quod
2544 4742 2734 4793 lectum
2788 4743 2954 4794 luerat
2986 4740 3068 4793 vel
3115 4740 3427 4808 expositum,
3474 4724 3727 4800 repetebat;

2232 4836 2485 4903 nobisque
2518 4834 2740 4887 misellis
2763 4847 2891 4886 voce
2924 4832 3235 4900 prophetica
3266 4845 3383 4885 cum
3418 4823 3594 4895 gemitu
3621 4815 3730 4871 dice-

2230 4926 2319 4980 bat
2356 4943 2370 4979 :
2405 4926 2675 4994 colligite,
2718 4923 2950 4993 colligite
2996 4923 3227 4977 triticum
3269 4916 3601 4977 dominicum;
3638 4904 3729 4994 qui?

2232 5019 2351 5073 ἀίει»
2396 4990 2569 5082 vobis,
2612 5036 2712 5071 non
2745 4990 2965 5071 diu'erit
3013 5026 3069 5069 ut
3111 5015 3388 5079 colligatis.
3423 5004 3592 5063 Videte
3624 4990 3729 5063 (1⁸οδ

2231 5111 2371 5165 dico.
2425 5108 2669 5177 Colligite
2716 5108 2836 5177 quia
2888 5109 3161 5176 quaesituri
3195 5106 3324 5159 estis
3365 5094 3726 5177 istud‘tempust

2229 5218 2376 5267 vere,
2410 5218 2534 5255 vere
2565 5174 2835 5271 quaesituri
2856 5192 2859 5193 ν
2881 5174 3013 5255 estis
3052 5200 3183 5253 istos
3212 5198 3325 5252 dies
3354 5200 3406 5249 et
3446 5185 3583 5242 valde
3619 5174 3725 5233 (1653‘

2228 5293 2486 5347 deraturi.

2298 5390 2389 5444 95-
2433 5390 2581 5455 Quod
2632 5389 2732 5445 etsi
2774 5398 2895 5441 tunc
2926 5386 3147 5440 abusive
3171 5368 3371 5439 desidia
3397 5382 3560 5432 nostra
3598 5357 3729 5455 susei:

2234 5483 2434 5555 piebat,
2474 5485 2586 5555 jam
2628 5494 2803 5537 tamen
2853 5497 2992 5536 nunc
3039 5478 3247 5534 venisse
3299 5466 3580 5545 probamus.
3620 5446 3727 5524 (11³οά

2235 5640 2504 5697 Glossario
2545 5641 2747 5709 Cangii.
2802 5637 3181 5709 Superselliumj
3233 5646 3355 5688 vero
3403 5609 3725 5709 e'Siﬂﬁffﬁuli'ﬂ

2240 5686 2502 5697 ww-.."
2550 5686 2747 5709 ν-..,,.-.
2802 5686 3173 5707 νην----ηπ-
3246 5686 3285 5688 η
3488 5692 3500 5703 ,
3706 5692 3726 5706 _

2233 5715 2380 5767 sellae
2408 5716 2526 5781 equi
2561 5715 2883 5781 imposnum.
2925 5711 3034 5765 Hoc
3084 5708 3225 5781 man
3256 5719 3353 5781 suo
3375 5686 3704 5781 ξρξξκέξίδιωυ

2232 5750 2526 5840 fittest:
2545 5750 2914 5853 ἑίέἐῖξῖἔιὶἶὶἐὶξιι
2925 5750 3279 5833 ’ἔίὶέὶςῖἔιῖιιῖ
3289 5750 3494 5837 legitur
3512 5750 3647 5811 Cella.

2017 5996 2077 6009 r‘.v
2118 5976 2205 6005 πεῖ·
