4078 6440
550 695 644 754 29.
667 688 981 750 Cbartarius
1002 682 1079 754 (α)
1103 677 1346 750 publicus
1364 669 1579 726 nomine
1598 659 1927 722 Desiderius,
1948 667 2068 708 cum

483 789 652 848 multo
683 794 924 851 tempore
953 773 1227 847 quartanis
1254 766 1492 823 febribus
1521 759 1728 814 fortiter
1759 755 1826 807 ita
1853 761 2070 818 urgere-

479 891 590 947 tur,
633 887 691 935 ut
732 876 892 933 etiam
935 867 1220 942 praevalida
1264 861 1543 931 iuventute
1587 856 1830 912 careret;
1879 855 2068 911 aquam

477 979 622 1037 unde
651 987 844 1045 corpus
867 968 1000 1026 illud
1027 971 1269 1022 sanctum
1300 959 1468 1011 lotum
1498 959 1603 1014 est,
1633 943 1905 1016 paululum
1935 937 2069 991 hau-

479 1076 571 1142 sit,
605 1080 764 1140 atque
797 1067 956 1124 etiam
987 1064 1056 1118 ita
1087 1066 1309 1115 sanatus
1337 1059 1442 1115 est,
1477 1057 1531 1100 ut
1568 1060 1672 1099 non
1703 1041 1875 1096 solum
1909 1031 2075 1088 febris

479 1171 596 1241 ipsa
620 1167 870 1234 juvenem
899 1174 1004 1214 non
1028 1157 1316 1223 repeteret,
1340 1143 1435 1201 sed
1463 1141 1621 1196 etiam
1646 1136 1814 1189 virtus
1840 1136 1891 1185 et
1914 1126 2076 1182 robur

481 1262 763 1335 pristinum
794 1258 848 1311 in
879 1255 1016 1322 ipso,
1048 1246 1278 1304 Domino
1303 1244 1591 1298 annuente,
1622 1230 1846 1286 rediret.

555 1355 722 1409 Filius
750 1364 881 1405 vero
913 1343 1132 1400 illustris
1161 1338 1260 1392 viri
1292 1331 1458 1395 Salvi,
1490 1342 1609 1384 cum
1643 1318 1883 1379 tertianis
1912 1311 2076 1368 febri-

481 1448 582 1504 bus
617 1444 746 1501 satis
785 1439 1014 1513 graviter
1045 1439 1344 1501 urgeretur,
1377 1435 1451 1488 et,
1485 1428 1542 1476 ut
1580 1426 1663 1473 est
1691 1412 1923 1469 studium
1956 1403 2080 1459 talis

481 1541 608 1606 viri,
633 1537 836 1594 crebris
860 1499 1166 1602 potionibus
1190 1523 1316 1577 huic
1337 1511 1628 1573 inﬁrmitati
1655 1499 2080 1572 competentibus

482 1592 911 1690 illum—studeret.
942 1618 1184 1682 mederi,
1219 1613 1354 1669 nihil
1401 1620 1621 1679 prorsus
1664 1597 1838 1672 jttvari
1887 1592 2077 1664 potuit.

484 1726 640 1784 Tunc
680 1731 740 1778 ut
788 1717 1126 1774 Christianus
1157 1728 1170 1763 :
1200 1709 1400 1768 Curre,
1432 1699 1631 1769 inquit,
1669 1693 1777 1757 ﬁli,
1807 1697 1862 1744 et
1903 1695 2084 1755 quaere

484 1833 678 1892 aquam
726 1813 870 1869 unde
915 1809 1144 1863 domnus
1173 1801 1455 1869 episcopus
1500 1793 1642 1845 lotus
1684 1792 1784 1842 est,
1820 1787 1910 1834 aut
1937 1783 2082 1830 certe

488 1869 557 1968 de
590 1905 914 1964 vesﬁmento
944 1913 1040 1954 suo
1071 1892 1321 1962 reliquias
1349 1889 1487 1948 lava,
1511 1890 1565 1936 et
1592 1879 1734 1942 bibe,
1755 1881 1810 1929 et
1824 1869 2085 1924 Dominus

486 2001 642 2058 dabit
663 1998 970 2054 sanitatem.
1002 1959 1201 2044 Statim
1227 1995 1284 2036 ut
1318 1981 1516 2034 factum
1558 1981 1661 2033 est,
1692 1967 1868 2022 omnis
1898 1959 2084 2026 febris,

494 2104 550 2152 et
581 2088 837 2160 quidquid
871 2078 1270 2141 incommodum
1301 2073 1422 2136 fuit,
1452 2069 1519 2122 ab
1546 2080 1610 2120 eo
1641 2057 1908 2118 discessit.

563 2209 736 2265 Filius
767 2204 928 2258 etiam
957 2193 1186 2252 illustris
1213 2190 1310 2245 viri
1339 2183 1604 2256 quondam
1636 2173 1884 2232 Martiani
1916 2169 2092 2240 gravi-

491 2313 575 2362 ter
613 2299 848 2356 febribus
886 2286 1240 2348 incommodis
1282 2282 1360 2336 sic
1404 2275 1721 2346 angebatur,
1768 2277 1824 2321 ut
1863 2264 2024 2320 etiam
2061 2275 2092 2314 a

494 2391 720 2452 medicis
769 2388 1166 2454 desperaretur.
1221 2375 1312 2429 llle
1361 2384 1526 2431 vero,
1570 2373 1627 2418 ut
1671 2362 1813 2415 Deus
1868 2353 2096 2420 instiirat

497 2483 762 2558 propitius
784 2522 797 2542 ,
824 2450 1014 2548 quibus
1045 2470 1159 2524 vult
1189 2462 1395 2521 mederi
1419 2506 1432 2527 ,
1466 2458 1568 2512 ﬁde
1595 2463 1649 2510 et
1678 2450 1956 2508 alacritate
1985 2459 2095 2500 (δαδ-

497 2537 580 2653 ἱ)1ι
604 2537 795 2646 petere
824 2537 881 2627 tit
911 2563 1110 2636 aliquid
1143 2559 1284 2631 quod
1318 2558 1385 2611 de
1414 2551 1653 2608 vestibus
1679 2537 2096 2600 famuliDomini

498 2635 646 2736 erat,
679 2668 782 2739 ipsi
813 2635 1045 2718 lavatum
1085 2654 1376 2712 bibendum
1421 2649 1659 2703 daretur.
1708 2641 1859 2694 Tunc
1887 2635 1954 2690 ad
1985 2647 2095 2698 me,

499 2731 588 2824 vel
617 2731 683 2819 ad
705 2731 948 2828 reliquos
978 2755 1251 2815 absentes,
1283 2746 1373 2816 qui
1404 2742 1528 2796 inde
1557 2737 1663 2794 sibi
1695 2731 1891 2802 aliquid
1922 2742 2098 2783 reser-

501 2865 713 2920 varant,
746 2851 1011 2913 curritur;
1063 2843 1202 2914 apud
1235 2836 1535 2908 quempiam
1564 2826 1872 2900 quaesitum,
1913 2821 2101 2874 inven-

504 2962 646 3015 tum,
677 2949 965 3010 datumque
1003 2913 1199 2994 estide
1244 2931 1565 2986 vestimento
1613 2919 1754 2990 quod
1802 2913 2100 2970 exhibitum

505 3054 626 3110 est,
661 3054 851 3106 aquam
884 3008 1068 3105 ipsam
1117 3025 1384 3095 sumpsit,
1427 3027 1699 3083 sanusque
1743 3008 1966 3064 effectus
1994 3011 2096 3068 est,

506 3136 776 3206 huiusque
808 3102 1055 3185 miraculi
1088 3120 1242 3178 testis
1276 3131 1372 3188 per
1400 3112 1638 3182 seipsum
1667 3102 1868 3162 existit.

575 3248 668 3305 50.
712 3247 857 3302 Alias
883 3256 1032 3310 vero,
1085 3244 1247 3292 eunte
1293 3246 1378 3288 me
1422 3243 1519 3299 per
1558 3225 1824 3294 plateam,
1866 3215 2104 3270 Francus

509 3341 748 3413 quidam,
777 3337 887 3406 jam
927 3308 1070 3388 totus
1110 3327 1314 3397 frigore
1349 3326 1627 3391 quartana
1659 3311 1824 3368 febris
1849 3308 2103 3362 incurvus

510 3403 672 3501 atque
697 3403 1103 3485 tremebundus,
1135 3427 1260 3473 ante
1290 3429 1377 3470 me
1410 3407 1738 3465 ambulabat.
1775 3403 1842 3456 Et
1871 3414 1991 3455 cum
2021 3410 2107 3450 ve-

510 3525 703 3582 lociter
741 3522 821 3576 ire
871 3517 1209 3584 disponerem
1262 3521 1360 3570 ego
1386 3546 1401 3571 ,
1441 3516 1547 3571 quo
1590 3508 1861 3564 cmperam
1887 3531 1902 3556 ,
1943 3485 2108 3555 caapit

512 3574 1009 3689 post‘meﬁclamare
1043 3623 1055 3657 :
1089 3597 1413 3663 Benedicte,
1449 3591 1496 3646 si
1525 3589 1693 3644 habes
1713 3626 1728 3651 ,
1781 3584 1846 3637 da
1878 3577 2008 3634 mihi
2038 3574 2106 3629 de

514 3665 800 3778 drapo[b)
831 3699 1005 3756 sancti
1047 3691 1265 3751 Caesarii
1309 3693 1527 3754 propter
1568 3680 1793 3748 frigoras
1838 3665 2106 3745 [frigora],

663 3759 857 3852 multis
898 3789 1076 3855 valet,
1107 3783 1233 3838 volo
1273 3779 1477 3835 bibere.
1537 3773 1649 3842 Ego
1674 3809 1690 3835 ,
1735 3765 1824 3836 qui
1855 3759 2111 3818 velociter

515 3903 811 3964 properare
841 3882 1088 3938 volebam
1133 3890 1239 3946 quo
1279 3881 1547 3939 coeperam
1571 3907 1586 3932 ,
1629 3860 1738 3916 dixi
1767 3875 1783 3912 :
1815 3856 1869 3913 Si
1900 3869 1987 3909 me
2019 3867 2112 3907 ex—

517 3945 756 4054 spectas,
789 3979 1028 4033 crastino
1056 3972 1126 4025 do
1156 3945 1253 4023 tibi
1284 3961 1426 4034 quod
1451 3956 1669 4030 quaeris.
1713 3952 1805 4006 llle
1833 3961 1960 4003 vero
1993 3945 2066 3998 ait
2099 3956 2113 3995 :

518 4035 636 4146 Ergo
666 4070 827 4128 hodie
867 4069 1040 4122 habeo
1070 4063 1232 4125 diem,
1267 4066 1321 4112 et
1346 4056 1458 4125 jam
1491 4059 1633 4105 totus
1664 4057 1869 4106 tremo;
1903 4035 2116 4108 quando

519 4129 912 4236 teuexspectare
935 4156 1141 4213 habeo?
1168 4155 1317 4208 Tunc
1342 4162 1444 4217 ego
1472 4160 1578 4199 non
1607 4140 1782 4195 otiose
1811 4133 1942 4189 mihi
1965 4129 2118 4185 illum

520 4262 580 4317 in
611 4262 786 4329 platea
813 4255 973 4310 toties
998 4260 1120 4306 ante
1149 4246 1379 4316 positum
1411 4240 1673 4310 cogitans,
1707 4230 1823 4287 dixi
1847 4227 1914 4284 ad
1944 4239 2065 4280 eum
2099 4237 2116 4276 :

521 4315 684 4416 Veni,
713 4345 949 4420 juvenis,
993 4356 1092 4411 ego
1143 4315 1233 4392 tibi
1282 4334 1421 4389 dabo
1472 4327 1615 4399 quod
1662 4321 1876 4395 quaeris.
1928 4315 2121 4372 Statim

527 4443 688 4498 ambo
717 4440 1041 4500 redivimns;
1072 4440 1128 4488 et
1154 4445 1274 4486 cum
1315 4427 1369 4480 in
1410 4423 1542 4478 cella
1581 4434 1699 4474 mea
1731 4412 1982 4485 ingressi,
2008 4424 2122 4465 ma-

529 4551 633 4591 nus
654 4542 880 4601 uterque
910 4533 1240 4583 lavassemus
1264 4513 1644 4593 [lavissemus],
1671 4509 1868 4582 protuli
1897 4507 2121 4560 linteum

531 4643 600 4684 ex
629 4640 734 4696 quo
762 4592 1005 4679 sanctum
1037 4632 1231 4685 corpus
1260 4611 1433 4667 dulcis
1468 4605 1650 4662 domni
1693 4603 1786 4675 [aL
1815 4599 1939 4652 add.
1971 4592 2119 4664 boni]

531 4732 734 4777 tersum
768 4717 959 4770 fuerat.
990 4712 1108 4766 Tuli
1138 4724 1236 4776 ego
1272 4703 1547 4776 parvulam
1581 4705 1806 4765 partem,
1842 4701 1896 4745 ttt
1938 4690 2123 4744 darem

483 4811 486 4815 ’
531 4813 580 4868 ei
606 4829 622 4877 ;
655 4822 708 4864 et
735 4809 821 4863 ille
844 4807 1085 4862 Francus
1111 4817 1229 4856 cum
1261 4795 1446 4868 grandi
1477 4793 1656 4846 furore
1687 4788 1780 4859 [αι.
1809 4782 2021 4852 timore]
2054 4782 2127 4835 ait

531 4873 936 4966 ad'mezTolle,
971 4900 1148 4958 homo,
1174 4892 1298 4962 quid
1328 4884 1604 4943 mentiris?
1639 4882 1750 4951 Ego
1779 4876 1956 4932 audivi
1984 4873 2127 4944 quod

535 4997 626 5052 ille
670 4995 992 5051 Benedictus
1036 5004 1143 5045 non
1188 4985 1410 5041 linteum
1438 5025 1453 5050 ,
1494 4977 1589 5035 sed
1629 4987 1837 5046 pannos
1879 4970 1932 5024 in
1971 4982 2129 5023 usum

611 5170 688 5245 (α)
719 5168 1029 5227 Chartarius
1053 5163 1292 5245 hncloco
1319 5157 1564 5239 designat
1584 5147 2122 5208 commentariensem

537 5234 635 5300 seti
666 5234 953 5304 notarium,
988 5245 1046 5292 ut
1081 5237 1239 5298 vulgo
1271 5234 1554 5304 loquimur.

611 5315 686 5379 (ὁ)
728 5315 777 5367 Id
811 5323 895 5368 est
925 5301 1131 5378 panno,
1163 5301 1510 5379 Gallisdrap:

615 5356 686 5450 [es
726 5356 955 5436 Barralis
991 5356 1131 5448 legit,
1157 5356 1468 5450 capitatam:
1493 5371 1657 5450 Porro
1695 5356 2127 5450 voxlcapitsllum

540 5429 640 5525 ιπδ
665 5429 826 5506 variis
857 5429 1115 5514 sumituor;
1165 5429 1234 5500 atr
1257 5447 1341 5498 hic
1385 5441 1686 5525 signiﬁcare
1712 5434 1933 5525 lidetur
1969 5429 2127 5479 horas

539 5500 825 5606 énonicas
854 5500 1146 5576 breviores.
1199 5518 1374 5570 lltitur
1417 5500 1514 5566 hac
1553 5524 1681 5563 voce
1712 5501 2043 5606 Tnmn‘ensis
2076 5500 2126 5549 itt

647 5602 655 5606 .
821 5593 859 5606 η
1195 5588 1258 5606 IBL
1324 5602 1372 5606 __
1447 5598 1537 5606 η-..
1597 5583 1627 5606 L'
1710 5579 1760 5606 :n
1810 5587 1994 5606 omnm
2073 5575 2126 5606 ul

543 5573 1146 5652 HistoriaﬁFi-ancorutn
1195 5588 1288 5641 lib.
1323 5602 1410 5648 ιχ,
1443 5598 1562 5650 cap.
1597 5583 1658 5643 6,
1710 5579 1762 5652 in
1810 5573 2018 5650 eadem,
2073 5575 2131 5620 ut

544 5674 786 5734 apparet,
812 5663 1204 5734 signiﬁcatione
1231 5677 1242 5708 :
1274 5676 1300 5734 _«
1330 5640 1690 5734 iit'ing'rcssus
1728 5650 1778 5701 in
1810 5640 2127 5734 oratprium,

543 5713 645 5791 mrer
663 5713 1149 5804 postpos'fift—oIipse
1170 5713 1668 5797 capitellumvunum
1713 5729 1871 5785 atque
1900 5713 2127 5766 alterum

545 5821 609 5861 ac
636 5803 854 5861 tertium
884 5803 1032 5857 dicit.
1058 5819 1078 5851 ι

619 5857 707 5943 (ἀί)
730 5857 1009 5932 [Cic—indeii;
1048 5879 1138 5926 aut
1181 5866 1432 5922 cicindilt's
1460 5904 1473 5930 ,
1521 5861 1820 5931 lampadem
1859 5857 2130 5926 designat,

1528 341 1589 397 S.
1627 330 1925 394 CAESAR“
1967 325 2175 384 EPISC.
2223 315 2692 378 ARELATENSIS

2913 285 2934 298 -1

2887 325 2952 356 ,θ’

2864 359 2878 370 ο

3593 307 3712 368 ίοω

2175 436 2439 502 habuerit,
2474 433 2617 504 quod
2642 444 2741 501 ego
2769 428 2948 484 lavare
2975 424 3116 489 volo,
3148 422 3296 480 etde
3331 435 3464 492 aqua
3500 420 3716 478 desidero

2173 533 2376 588 bibere.
2427 530 2577 585 Tunc
2624 542 2723 598 ego
2773 540 2893 580 cum
2942 521 3189 590 lacrymis
3229 518 3384 574 dixi:
3418 517 3552 572 Bene
3585 516 3716 585 dicit,

2173 645 2358 686 verum
2406 627 2619 682 audisti.
2671 623 2776 679 Sed
2827 621 2951 676 hinc
3000 617 3074 691 [id
3103 627 3172 672 est
3203 617 3304 670 hoc
3334 610 3513 683 linteo]
3554 625 3720 676 corpus

2174 721 2342 790 ipsius
2375 719 2546 774 sancti
2595 714 2808 786 quando
2835 712 3045 767 transiit
3075 711 3348 765 detersum
3379 717 3476 762 est.
3519 704 3579 760 Et
3603 704 3719 759 ille:

2175 815 2252 870 Da
2274 829 2423 884 ergo,
2449 812 2640 881 inquit,
2666 810 2708 864 si
2735 822 2894 863 sanus
2922 806 3044 861 sim.
3077 806 3379 872 Acceptura
3403 799 3516 871 [pro
3535 806 3724 862 accepto

2175 905 2362 976 linteo]
2395 907 2572 975 itaque
2599 903 2778 959 Statim
2809 901 2860 956 in
2889 898 3073 955 eadem
3105 897 3234 952 hora
3265 910 3297 950 a
3318 893 3537 950 Domino
3558 892 3727 950 sanita-

2177 1008 2284 1054 tem
2317 996 2503 1053 sensit.

2249 1116 2339 1170 51.
2383 1113 2487 1170 Sed
2529 1111 2653 1182 quia
2693 1108 2954 1165 beneﬁcia
3006 1106 3310 1162 orationum
3352 1104 3489 1159 servi
3526 1102 3726 1167 Domini,

2179 1225 2298 1279 quae
2326 1206 2643 1275 corporibus
2671 1213 2724 1258 et
2749 1204 3028 1257 animabus
3056 1201 3303 1254 Christus
3336 1215 3431 1267 per
3459 1197 3594 1251 illum
3622 1211 3730 1263 prte-

2182 1301 2350 1366 stitit,
2381 1298 2602 1355 omnino
2639 1297 2784 1352 nulla
2826 1297 3002 1366 lingua
3047 1294 3187 1348 valet
3223 1303 3282 1346 ut
3317 1292 3529 1359 dignum
3564 1298 3637 1343 est
3660 1304 3732 1343 εις

2182 1395 2406 1467 pedire,
2453 1395 2578 1449 licet
2618 1392 2888 1447 rusticitas
2926 1405 3060 1443 mea:
3098 1385 3421 1455 eloquentia:
3458 1382 3596 1453 quasi
3622 1383 3734 1436 fatua

2184 1496 2424 1556 resonet,
2449 1488 2570 1558 quia
2594 1502 2695 1542 nec
2717 1485 2920 1555 peritus
2941 1497 3191 1538 sermone
3230 1481 3426 1544 existo,
3458 1488 3618 1531 tamen
3638 1491 3731 1529 cum

2186 1581 2516 1650 sapientibus
2545 1594 2724 1635 sermo
2745 1588 2848 1644 est,
2875 1590 3042 1646 pauca
3067 1575 3226 1629 etiam
3261 1572 3559 1627 testimonia
3581 1583 3734 1638 magna

2187 1686 2314 1733 sunt
2339 1692 2515 1731 rerum
2543 1675 2938 1737 emolumenta;
2970 1684 3158 1725 sensus
3190 1682 3321 1721 suos
3353 1681 3447 1735 pro
3475 1663 3732 1719 testimonio

2114 1828 2164 1888 Β
2189 1769 2388 1824 habent
2417 1768 2508 1837 qui
2538 1766 2681 1820 ﬁdeli
2729 1775 2908 1820 mente
2955 1778 3082 1817 vera
3124 1761 3266 1815 dicta
3299 1758 3602 1824 suscipiunt.
3633 1753 3736 1808 lllud

2191 1871 2368 1888 ιηνυι..
2403 1875 2508 1888 ..η-
2550 1865 2869 1888 numini-nom
2916 1854 3056 1888 ηηιιιὶ
3099 1867 3273 1888 nnnm-
3303 1850 3356 1888 in
3388 1849 3515 1888 nulla
3544 1861 3623 1888 cna
3648 1859 3736 1888 ρρς.

2191 1871 2371 1916 tamen
2403 1875 2510 1914 non
2550 1865 2872 1927 prazteream
2915 1854 3058 1923 quod
3099 1867 3273 1919 nuper
3303 1850 3357 1904 in
3388 1849 3517 1903 cella
3544 1861 3623 1900 sna
3648 1859 3736 1898 ces-

2191 1954 2297 2018 sit,
2328 1951 2418 2008 ubi
2447 1958 2820 2017 corpusculum
2852 1946 3080 2017 quievit,
3116 1961 3183 2000 ex
3212 1959 3319 2014 qua
3344 1943 3408 1996 ad
3436 1954 3642 2008 superna
3664 1938 3739 1991 mi-

2191 2044 2387 2118 gravit.
2413 2040 2956 2126 Dicentibussanctis
2981 2036 3240 2093 fratribus
3266 2034 3394 2090 inibi
3422 2032 3643 2104 capitella
3665 2030 3738 2101 (c),

2193 2139 2324 2208 ipsis
2369 2122 2771 2208 praestantibus-
2791 2131 2884 2205 [αι.
2915 2127 3340 2201 praesentibus],
3383 2142 3514 2180 unus
3543 2126 3602 2179 de
3626 2122 3741 2176 cubi-

2193 2231 2444 2297 culariis,
2485 2245 2620 2301 quos
2659 2230 2714 2285 in
2750 2226 3011 2297 obsequio
3045 2223 3269 2289 habuit,
3310 2221 3434 2277 dum
3477 2218 3741 2275 cicindelem

2196 2326 2280 2396 (ά)
2310 2325 2682 2387 concinnaret,
2715 2321 2784 2377 de
2811 2319 3059 2375 manibus
3086 2318 3133 2372 ei
3166 2331 3335 2387 super
3361 2314 3576 2383 lapidem
3603 2313 3742 2378 lapsus

2197 2427 2280 2474 est
2312 2435 2325 2472 :
2358 2417 2447 2488 qui
2481 2431 2582 2472 nec
2611 2415 2781 2472 versit
2809 2413 2886 2486 [id
2913 2420 2986 2468 est
3011 2424 3197 2467 versus
3225 2408 3355 2483 est],
3380 2422 3474 2464 nec
3493 2405 3646 2476 fregit,
3669 2415 3741 2457 nec

2200 2511 2497 2568 exstinctus
2528 2518 2632 2566 est.

2273 2629 2360 2682 52.
2386 2628 2523 2682 Dum
2548 2640 2678 2696 ergo
2704 2624 2792 2679 hic
2808 2620 3157 2692 evangelista,
3185 2626 3251 2674 ut
3279 2617 3521 2685 legimus,
3538 2610 3740 2669 eximium

2203 2735 2579 2791 summumque
2621 2719 2772 2774 verbi
2814 2730 2949 2786 opus
2980 2722 3288 2784 opportune
3329 2711 3607 2778 importune
3641 2703 3741 2771 agit,

2203 2816 2440 2886 dumque
2482 2829 2692 2870 sacrum
2732 2809 2966 2877 complet
3003 2806 3243 2862 ofﬁcium
3269 2846 3284 2871 ,
3325 2803 3472 2858 adest
3509 2799 3586 2853 Dei
3622 2804 3740 2856 nutu,

2206 2926 2310 3004 non
2343 2908 2589 2964 tradente
2622 2907 2768 2975 ipso,
2800 2910 2860 2957 ut
2887 2901 3318 2957 criminabantur
3347 2894 3548 2961 Ariani,
3575 2891 3653 2946 sed
3682 2899 3744 2942 ta-

2207 2989 2330 3058 men
2351 3002 2551 3071 jugiter
2573 3006 2831 3055 exorante
2852 3009 2951 3063 pro
2969 2991 3246 3056 omnibus,
3270 3005 3390 3046 cum
3415 2983 3741 3054 tranquillitate

2208 3107 2262 3153 et
2288 3096 2470 3164 quiete
2503 3094 2557 3148 in
2582 3090 2975 3148 Arelatensium
3006 3085 3224 3142 civitate
3261 3078 3609 3153 gloriosissimi
3631 3073 3742 3128 Chil-

2210 3189 2419 3246 deberti
2463 3187 2556 3260 (ε)
2605 3182 3079 3241 catholicissimum
3121 3179 3174 3233 in
3221 3177 3425 3233 Christi
3461 3172 3648 3229 nomine
3682 3180 3743 3220 re-

2210 3299 2398 3356 gnum,
2422 3295 2542 3335 cum
2577 3278 2775 3332 virtute
2805 3284 3167 3337 mansuetum,
3193 3286 3320 3325 cum
3350 3270 3612 3323 severitate
3635 3272 3744 3314 com-

2211 3393 2395 3441 mune,
2414 3389 2536 3430 cum
2556 3371 2859 3427 humilitate
2875 3367 3251 3436 conspicuum,
3272 3361 3564 3419 sacerdotes
3583 3348 3746 3410 Domini

2215 3485 2324 3525 non
2345 3477 2552 3522 terrore
2565 3463 2896 3524 concutiens,
2919 3460 3014 3517 sed
3033 3458 3386 3515 veneratione
3407 3451 3746 3516 constringens.

2221 3559 2273 3615 in
2308 3559 2495 3616 Galliis
2534 3557 2860 3613 eminentius
2897 3554 3145 3608 omnibus
3169 3592 3185 3617 ,
3219 3551 3278 3605 in
3324 3546 3566 3604 Ecclesiis
3591 3534 3747 3596 cunctis

2221 3654 2428 3723 aequale
2459 3651 2759 3722 privilegio,
2805 3646 3144 3708 celsitudine,
3184 3643 3462 3697 civitatem
3501 3630 3748 3690 humanitus

2221 3759 2636 3817 recognoscens.
2661 3719 2752 3796 [De
2783 3742 2886 3796 hoc
2912 3754 3041 3810 ergo
3071 3737 3235 3791 homo
3283 3734 3376 3788 Dei
3405 3730 3617 3787 refectus
3642 3719 3748 3791 pari-

2223 3845 2308 3894 ter
2332 3814 2386 3894 et
2415 3838 2570 3894 laetus
2589 3834 2841 3904 despexit
2865 3828 3288 3885 Ariomanitidas
3316 3825 3482 3880 minas
3510 3829 3559 3876 et
3582 3814 3749 3873 crebras

2223 3933 2634 3992 accusationes,
2690 3923 3036 3993 falsiloquia,
3100 3920 3470 3976 simulationes
3527 3910 3748 3969 conﬁctas.

2221 4029 2370 4086 Vidit
2391 4041 2520 4096 ergo
2547 4033 2600 4080 et
2624 4024 2835 4077 laetatus
2859 4028 2962 4082 est,
2987 4016 3372 4085 appositusque
3399 4011 3462 4073 ad
3486 4017 3638 4078 patres
3656 4011 3752 4055 suos

2223 4120 2278 4175 in
2310 4125 2589 4173 senectute
2619 4112 2760 4168 bona
2790 4111 2843 4164 in
2874 4108 3071 4162 Christi
3104 4105 3329 4162 nomine
3364 4097 3752 4174 plenus‘dierum.

2298 4210 2387 4267 '55.
2421 4208 2555 4265 Cum
2586 4219 2717 4275 ergo
2744 4203 2935 4259 crebro
2963 4198 3340 4255 semianimem
3367 4193 3596 4250 redderet
3616 4187 3754 4254 ipsum

2227 4302 2605 4374 conspectibus
2636 4297 2835 4354 nostris
2865 4293 3186 4356 inﬁrmitas;
3219 4298 3275 4345 et
3305 4291 3439 4352 inter
3465 4284 3568 4339 haec
3587 4283 3754 4344 septua-

2228 4400 2490 4471 gesimum
2525 4395 2740 4450 tertium
2769 4397 2983 4460 gereret
3012 4385 3171 4439 totius
3198 4383 3323 4438 vitae
3347 4377 3561 4434 tramitis
3579 4377 3754 4427 annum,

2229 4509 2259 4549 e
2289 4491 2483 4562 quibus
2512 4455 2980 4556 quadragesimum
3013 4478 3068 4532 in
3102 4474 3407 4546 pontiﬁcatu
3447 4469 3655 4525 verteret
3678 4455 3780 4510 cir-,

2151 4606 2205 4666 ι)
2229 4588 2381 4643 culus
2419 4598 2644 4655 gyrum;
2696 4576 3071 4634 animadvertit
3115 4587 3211 4642 per
3248 4571 3490 4639 spiritum
3529 4557 3756 4617 imminere

2235 4679 2489 4738 transitus
2518 4677 2682 4739 diem,
2714 4682 2769 4729 et
2792 4674 2933 4727 inter
2957 4684 3063 4723 non
3092 4664 3332 4720 modicos
3368 4672 3496 4731 quos
3516 4647 3756 4724 patiebatur

2233 4777 2472 4842 dolores,
2503 4771 2802 4826 sciscitatus
2830 4776 2912 4821 est
2951 4777 3108 4832 quam
3157 4763 3210 4815 in
3254 4755 3492 4827 proximo
3516 4752 3641 4804 esset
3665 4740 3757 4793 bea-

2239 4868 2430 4925 tissimi
2455 4862 2732 4935 Augustini
2758 4855 3110 4929 depositionis
3137 4853 3274 4907 dies.
3300 4850 3366 4903 Et
3387 4860 3501 4901 cum
3527 4832 3759 4896 imminerd

2235 4956 2802 5019 commemorationem
2835 4950 3005 5021 ipsius
3035 4946 3332 5009 didicisset,
3364 4933 3591 4997 Conﬁdo,
3621 4925 3696 4986 ait.
3718 4917 3760 4973 in

2133 3210 2180 3274 C

2238 5153 2294 5200 ut
2317 5142 2428 5210 jam
2455 5136 2586 5191 alias
2610 5130 2813 5188 monui.

2311 5191 2542 5284 (ef—Quo
2568 5208 2881 5284 tetu-poreAet
2901 5213 3002 5284 qua
3027 5191 3200 5277 occasi

2240 5262 2548 5355 pervenerit
2583 5262 2772 5355 civi-tas
2804 5262 3127 5355 Arelatensis
3150 5305 3164 5326 ,
3192 5262 3211 5332 j

2241 5308 2548 5355 pervellunt.
2583 5308 2772 5330 υινιισνο
2804 5308 3127 5325 numnum..-
3150 5308 3164 5326 ,
3192 5308 3301 5332 νη--

2239 5358 2304 5410 ad
2354 5354 2444 5406 lib.
2482 5367 2532 5415 ι,
2563 5363 2682 5414 cap.
2723 5345 2788 5415 5W.
2838 5352 2949 5396 not.
3003 5341 3166 5415 Porro
3202 5327 3586 5415 ‘thldebertus.
3618 5308 3762 5415 stibi:

2242 5380 2304 5410 au
2356 5380 2444 5406 IIU.
2483 5380 2496 5404 ι
2563 5380 2623 5403 ια
2668 5384 2682 5399 ο
2723 5380 2788 5401 υ.
2838 5380 2949 5396 ιιυι.
3005 5380 3163 5394 ...ην
3214 5380 3324 5386 -_---_

2242 5428 2378 5481 licus
2409 5391 2546 5484 erat’,
2576 5380 2695 5473 cu‘nt
2727 5414 2914 5468 Gothis
2946 5410 3157 5484 ariatiis
3180 5405 3276 5484 diu
3305 5380 3763 5484 paruissent

2243 5453 2378 5481 tlcua
2409 5453 2522 5476 cun
2576 5453 2695 5473 ιυιιι
2730 5453 2914 5468 νυνι-υ
2946 5453 3157 5464 ..........,
3190 5453 3276 5460 ...-

2241 5509 2451 5558 tenses;
2485 5461 2602 5547 erat
2631 5501 2842 5557 quoque
2885 5479 3231 5558 henignus_in
3274 5453 3762 5558 personas-26%;;

2241 5519 2451 5558 161158δῇ
2485 5519 2602 5547 Cl‘al
2631 5519 2842 5557 ιιυυιιυῠ
2886 5519 3144 5550 uulua-".9
3183 5519 3230 5530 ...
3276 5519 3442 5543 r--_.-
3702 5521 3707 5527 ,

2239 5570 2400 5622 sticas
2427 5607 2442 5632 ,
2495 5572 2553 5617 ut
2599 5568 2861 5632 testantur
2901 5555 3074 5632 varia:
3119 5549 3234 5617 ejus
3286 5539 3620 5632 fundatiopf's;

2240 5590 2400 5622 sucus
2427 5607 2442 5632 ,
2497 5590 2553 5617 us
2600 5590 2850 5615 “tamtum
2919 5590 3074 5606 νει-..ω
3119 5590 3234 5617 ην..
3286 5590 3406 5600 .__-_
3681 5595 3685 5600 .

2240 5642 2434 5694 mirum
2465 5651 2570 5689 non
2600 5640 2681 5686 est
2710 5625 2915 5682 laudari
2946 5624 3061 5692 ejus
3084 5635 3301 5694 regnum
3327 5613 3393 5668 ab
3418 5590 3763 5694 .aucgffmvlﬁv

2240 5658 2434 5694 mtrutn
2466 5658 2570 5689 nun
2600 5658 2681 5686 cat.
2710 5658 2915 5682 muuau
2946 5658 3061 5692 qua
3085 5658 3301 5690 "an"...
3327 5658 3390 5668 ...,
3425 5658 3508 5664 -η

2240 5711 2365 5765 licet
2405 5705 2644 5775 alioquin
2684 5709 2832 5771 gesta
2876 5694 2995 5760 ejus
3035 5693 3217 5772 omnia
3253 5701 3360 5745 non
3389 5681 3492 5738 sint
3515 5676 3650 5738 οςω
3669 5658 3758 5715 ι’*

2241 5780 2436 5836 danda.

3207 5202 3309 5244 one
3331 5183 3394 5238 ad
3418 5171 3761 5244 Childehertutn

3219 5276 3302 5314 am
3334 5252 3441 5308 dixi
3472 5251 3518 5304 in
3547 5245 3761 5314 adnotatts
