4078 6440
464 239 622 299 10M
1938 234 2055 293 HO!

2157 235 2223 293 IA
2262 237 2302 292 ι.
3611 241 3756 299 1οη

464 350 711 410 Domino
729 391 745 419 ,
783 349 926 423 quod
955 362 1133 407 meum
1160 348 1440 405 transitum
1471 361 1577 404 non
1607 347 1766 418 longe
1792 346 2059 404 divisurus
2088 351 2144 411 Α
2168 347 2384 415 festum,
2409 347 2464 403 id
2489 355 2574 404 est
2600 361 2654 403 vt
2674 346 3014 403 calendarum
3036 346 3433 420 Septembrium
3461 359 3586 409 ante
3606 354 3751 412 diem

470 454 566 502 est
594 444 661 498 ab
704 444 906 513 ipsius;
946 445 1099 514 quia,
1129 450 1188 498 ut
1228 443 1328 511 ipsi
1369 444 1573 509 nostis,
1606 450 1863 512 quantum
1896 441 2061 497 dilexi
2165 440 2519 509 depositionis
2546 441 2716 497 sancti
2745 442 3026 511 Augustini
3053 442 3329 509 antistitis,
3360 452 3415 500 et
3440 454 3563 514 post
3600 444 3750 503 diem

473 537 599 608 ejus
617 535 1093 591 catholicissimum
1118 549 1357 600 sensum,
1384 545 1584 590 tantum
1610 552 1716 602 me,
1739 536 1838 591 etsi
1861 535 2063 592 discre-

478 638 697 700 pantem
745 629 984 695 meritis,
1016 628 1235 684 minime
1276 637 1453 683 tamen
1495 643 1620 683 reor
1662 628 1909 682 distantia
1938 628 2059 682 lon-

476 723 630 791 giore
659 721 1013 791 depositionis
1040 735 1173 777 mete
1201 720 1341 775 diem
1372 720 1592 789 ab-ejus
1618 721 1795 775 obitus
1821 729 2059 789 tempore

476 814 813 883 sequestrari
845 829 860 867 :
894 813 1098 868 interea
1126 812 1321 867 crescit
1348 811 1662 878 additurque
1689 812 1865 866 exitus
1896 811 2060 867 Israel

477 902 552 959 de
580 914 719 957 terra
748 902 988 974 Egypti,
1011 903 1063 957 id
1085 911 1168 958 est
1192 902 1383 956 animat
1411 910 1609 956 sanctae
1639 902 1705 957 de
1734 903 1835 958 hoc
1861 902 2059 957 mundo

475 997 775 1065 corporalis
805 997 928 1051 vitae
950 995 1214 1066 migratio.

553 1087 645 1143 54.
672 1088 831 1143 lubet
859 1103 987 1157 ergo
1010 1102 1067 1141 se
1096 1086 1425 1141 monasterio
1455 1085 1745 1156 virginum,
1777 1085 1916 1155 quod
1940 1086 2059 1155 ipse

472 1178 826 1245 fundaverat,
868 1180 997 1234 sella
1029 1179 1392 1232 lamulantium
1425 1192 1585 1232 manu
1640 1182 1857 1247 gestari,
1906 1178 2058 1249 quasi

474 1273 854 1328 consolaturus
890 1272 1115 1337 anxias,
1165 1271 1357 1340 quibus
1400 1270 1631 1340 suspicio
1678 1271 1931 1325 transitus
1973 1272 2055 1326 sui

471 1365 776 1420 absmlerat
819 1381 1065 1420 somnum
1091 1407 1106 1431 ,
1149 1372 1203 1419 et
1240 1363 1415 1418 cibum
1459 1363 1674 1418 oblivio.
1722 1363 2053 1418 Psalmorum

470 1471 693 1525 quoque
720 1471 856 1511 sono
885 1456 1138 1529 lacrymis
1170 1457 1484 1523 intercluso,
1516 1458 1774 1527 mugitum
1809 1470 1906 1525 pro
1933 1471 2058 1510 can-

471 1547 606 1614 tico,
641 1556 695 1603 et
714 1548 966 1619 gemitum
994 1563 1090 1618 pro
1119 1546 1346 1602 Alleluia
1386 1546 1703 1602 reddebant.
1754 1545 2056 1602 Consolatis

470 1637 638 1707 igitur
666 1637 1107 1708 compcllatisque
1138 1637 1342 1692 ﬁliabus
1371 1652 1477 1697 non
1507 1638 1839 1692 alacritatem
1869 1645 2055 1691 contu.

2164 531 2518 587 dedicationis
2540 534 2852 589 monasterii
2876 535 2957 588 sui
2987 549 3107 589 cum
3127 535 3237 605 jam
3264 535 3360 607 (ε),
3392 535 3748 594 valedixisset

2166 625 2339 696 pridie
2368 626 2601 692 cunctis,
2635 626 2948 681 imminente
2994 627 3125 682 hora
3167 630 3360 697 prima,
3391 628 3530 684 inter
3555 645 3748 686 manus

2162 716 2253 787 qui
2282 716 2509 771 aderant
2536 717 2875 787 pontificum,
2904 727 2959 772 et
2989 719 3444 789 presbyterorum,
3476 735 3539 775 ac
3569 720 3748 777 diaco-

2162 825 2375 877 norum,
2401 811 2610 865 beatam
2637 811 2869 865 animam
2898 812 3050 868 laetus
3080 812 3261 867 emisit
3285 814 3353 867 ad
3380 812 3674 868 Christum.

2234 900 2323 957 55.
2366 900 2548 957 Sancti
2589 901 2748 955 etiam
2778 903 3019 970 corporis
3048 904 3366 959 vestimenta
3398 904 3475 958 ita
3497 919 3529 956 a
3558 903 3750 960 diver—

2160 994 2237 1048 sis
2280 992 2694 1049 lamentantibus
2724 993 2805 1047 vel
2834 993 3080 1048 ﬁdelibus
3126 996 3335 1065 populis
3376 996 3457 1064 pia
3497 997 3749 1053 violentia

2161 1084 2565 1154 diripiebantur,
2612 1095 2670 1139 ut
2697 1083 3077 1140 assistentibus
3102 1085 3257 1141 nobis
3289 1087 3620 1157 presbyteris
3648 1088 3751 1142 mi-

2161 1178 2455 1246 nistrisque
2478 1177 2567 1231 vix
2597 1178 2830 1245 potuerit
2851 1177 2935 1232 vel
2959 1192 2989 1229 a
3014 1176 3474 1246 suscipiendarum
3498 1179 3752 1249 reliquia-

2160 1286 2277 1325 rum
2310 1271 2560 1339 patientia
2588 1271 2849 1325 revocari.
2903 1272 2979 1325 De
3007 1270 3200 1339 quibus
3221 1269 3440 1340 jugiter,
3474 1271 3585 1326 Deo
3615 1287 3752 1341 prte-

2159 1367 2338 1415 stante
2363 1400 2378 1425 ,
2412 1362 2550 1414 sicut
2589 1360 2833 1430 superius
2877 1360 3029 1427 dixi,
3064 1360 3394 1414 inﬁrmorum
3441 1362 3749 1419 curationes

2159 1452 2484 1507 creberrime
2511 1452 2871 1508 celebrantur.
2900 1452 3226 1507 Admirabile
3253 1452 3469 1522 quidem
3498 1453 3751 1524 gaudium

2160 1544 2288 1599 fecit
2332 1546 2385 1600 in
2430 1546 2581 1601 caelis
2606 1586 2622 1613 ,
2668 1546 2723 1600 in
2764 1547 2923 1601 terris
2951 1561 3080 1599 vero
3110 1546 3500 1601 intolerabilem
3548 1547 3753 1601 luctum

2158 1636 2377 1706 reliquit
2401 1655 2414 1703 ;
2449 1652 2605 1707 quem
2638 1638 2838 1693 luctum
2866 1652 2973 1693 non
3002 1638 3174 1692 solum
3199 1636 3349 1706 boni,
3376 1638 3469 1693 sed
3498 1647 3554 1693 et
3582 1639 3625 1693 si
3658 1638 3750 1709 qui

472 1730 560 1795 lit,
589 1730 683 1784 sed
730 1745 1016 1786 maerorem
1063 1730 1433 1784 accumulavit.
1479 1729 1690 1784 Etenim
1733 1729 1781 1782 in
1814 1736 2062 1798 promptu
2091 1735 2139 1795 B
2165 1732 2291 1786 mali
2321 1729 2600 1795 viderunt,
2630 1731 2787 1786 simul
2817 1731 3222 1800 participarunt.
3256 1729 3387 1783 Nam
3414 1730 3534 1800 quis
3564 1729 3618 1783 in
3645 1743 3744 1783 ex-

473 1833 589 1875 erat
623 1837 915 1891 agnoscere
938 1824 1046 1893 jam
1078 1824 1427 1893 migraturum
1457 1838 1577 1877 esse
1608 1822 1673 1877 ad
1704 1822 1937 1877 divinam
1966 1837 2059 1892 pa-

474 1914 636 1968 triam
663 1914 804 1983 pium
831 1916 1063 1970 Patrem.
1096 1915 1397 1984 Alloquitur
1422 1915 1600 1985 itaque
1630 1914 1878 1983 primam,
1906 1914 2055 1983 quasi

474 2017 630 2058 more
658 2015 711 2058 et
740 2004 1023 2060 dulcedine
1051 2019 1144 2059 sua
1182 2005 1318 2059 ultra
1342 2004 1708 2065 ducentarum
1759 2003 2056 2071 puellarum

472 2096 835 2151 venerabilem
876 2095 1159 2152 Caesariam
1213 2093 1291 2168 (a)
1338 2104 1584 2163 matrem,
1630 2104 1687 2150 et
1726 2094 2054 2159 consolatur,

472 2198 637 2258 atque
665 2188 731 2243 ad
765 2189 992 2258 palmam
1022 2189 1242 2245 tendere
1270 2202 1515 2255 supernae
1546 2188 1842 2243 vocationis
1874 2186 2056 2240 horta-

472 2291 597 2348 tur;
644 2290 699 2337 et
736 2291 793 2335 ut
832 2289 1047 2336 teneant
1082 2280 1319 2351 regulam
1362 2295 1520 2350 quam
1561 2280 1675 2349 ipse
1706 2287 1828 2332 ante
1857 2279 2056 2348 aliquot

470 2388 644 2428 annos
673 2373 1005 2437 instituerat,
1040 2380 1255 2438 monet;
1306 2371 1489 2440 sicque
1530 2370 1691 2425 etiam
1722 2370 1900 2425 taliter
1938 2384 2056 2425 eas-

473 2466 595 2521 dem
640 2474 962 2521 testamento
998 2480 1096 2520 suo
1141 2464 1252 2535 (ὁ),
1286 2464 1696 2519 succedentibus
1740 2464 1903 2518 etiam
1952 2463 2052 2517 sibi

473 2559 759 2627 episc0pis,
783 2566 837 2612 et
864 2557 1070 2626 reliquo
1091 2556 1238 2610 clero
1258 2556 1612 2625 prasfectnrae,
1638 2556 1723 2609 vel
1746 2554 2050 2620 comitibus,

473 2662 571 2703 seu
595 2647 803 2701 civibus
832 2662 926 2717 per
952 2647 1209 2715 epistolas
1243 2660 1367 2700 suas
1394 2644 1757 2711 commendat,
1787 2655 2054 2714 quatenus

474 2738 695 2794 minime
713 2739 1012 2807 perferrent
1034 2748 1273 2806 tempore
1291 2747 1408 2807 post
1432 2737 1611 2791 futuro
1641 2738 1897 2794 laborem.
1926 2738 2055 2793 Erat

477 2831 783 2886 constitutio
804 2830 971 2899 ipsius
987 2830 1298 2885 monasterii
1320 2844 1385 2885 eo
1408 2837 1648 2900 tempore
1678 2832 1833 2885 annis
1865 2830 2049 2899 plena-

477 2926 571 2983 riis
591 2925 659 2981 50
687 2925 782 2997 (ε).
806 2925 905 2980 Dat
931 2940 1059 2995 ergo
1086 2925 1166 2979 eis
1190 2924 1484 2980 orationem
1514 2932 1570 2979 et
1597 2922 2049 2992 benedictionem,

2162 1823 2366 1893 sequiis
2396 1823 2505 1877 illis
2532 1832 2748 1877 sanctus
2777 1824 2861 1877 vel
2904 1832 3189 1877 extraneus
3230 1830 3446 1891 promer
3486 1820 3751 1890 lacrymas

2160 1916 2425 1985 psalmum
2470 1915 2703 1970 cecinit?
2748 1916 2858 1971 Sed
2904 1931 3093 1970 omnes
3126 1918 3346 1970 omnino
3375 1914 3502 1969 boni
3534 1913 3748 1980 malive,

2156 2007 2283 2078 justi
2315 2016 2368 2061 et
2396 2007 2579 2076 injusti
2605 2047 2620 2072 ,
2666 2004 2961 2061 Christiani
3000 2007 3083 2061 vel
3116 2005 3287 2061 Judaei
3312 2047 3327 2071 ,
3370 2005 3752 2061 antecedentes

2160 2097 2245 2153 vel
2290 2106 2577 2167 sequentes
2624 2112 2788 2151 voces
2833 2098 3034 2151 dabant
3066 2114 3081 2150 :
3112 2095 3205 2149 Va:
3229 2139 3243 2162 ,
3284 2110 3365 2149 vae
3385 2136 3399 2159 ,
3431 2106 3485 2148 et
3512 2095 3752 2165 quotidie

2158 2189 2386 2258 amplius
2413 2204 2515 2256 γει),
2548 2190 2670 2257 quia
2724 2204 2830 2242 non
2884 2186 2984 2241 fuit
3032 2187 3224 2258 dignus
3271 2186 3501 2241 mundus
3549 2186 3751 2244 diutius

2159 2283 2319 2337 talem
2345 2282 2545 2337 habere
2572 2297 2875 2352 praeconem
2904 2296 2998 2336 seu
3030 2282 3468 2336 intercessorem.
3495 2280 3751 2349 Sepultus

2158 2377 2340 2447 itaque
2366 2386 2450 2431 est
2479 2376 2534 2429 in
2572 2376 2794 2430 basilica
2822 2376 3032 2429 Sancta:
3058 2375 3238 2429 Maria:
3267 2389 3479 2442 semper
3504 2374 3747 2442 virginis.

2157 2482 2315 2537 quam
2348 2467 2464 2534 ipse
2493 2464 2762 2530 condidit,
2804 2464 2889 2517 ubi
2928 2478 3076 2518 sacra
3122 2463 3385 2533 virginum
3418 2478 3645 2533 corpora
3678 2464 3747 2520 de

2158 2554 2484 2613 monasterio
2513 2570 2611 2610 suo
2654 2556 2978 2609 conduntur.
3024 2552 3136 2607 Nos
3167 2569 3381 2623 quoque
3411 2554 3552 2608 ﬁdeli
3582 2556 3748 2610 devo-

2159 2652 2307 2706 tione
2335 2658 2389 2704 et
2416 2649 2698 2703 sedulitate
2726 2647 2903 2704 debita
2947 2662 3266 2702 veneremur
3294 2648 3348 2703 in
3381 2649 3558 2715 terris,
3592 2646 3747 2718 cujus

2157 2742 2331 2798 anima
2379 2740 2700 2796 conﬁdimus
2728 2783 2743 2808 ,
2793 2739 3087 2808 gaudemus
3110 2780 3126 2805 ,
3169 2748 3222 2793 et
3259 2738 3573 2807 gloriamur,
3606 2738 3748 2808 quod

2157 2834 2438 2905 praefulget
2488 2834 2540 2889 in
2597 2834 2791 2901 coalis,
2838 2834 2904 2888 ad
2955 2832 3166 2888 laudem
3211 2842 3266 2889 et
3314 2833 3571 2889 honorem
3618 2833 3746 2891 Jesu

2157 2926 2354 2982 Christi
2386 2925 2598 2980 Domini
2627 2926 2817 2994 nostri,
2852 2926 2940 2995 qui
2972 2939 3090 2981 cum
3120 2934 3324 2981 aeterno
3353 2925 3509 2980 Patre
3537 2936 3593 2983 et
3617 2925 3742 2996 Spi-

474 3018 593 3075 vale
622 3019 864 3073 ultimum
896 3017 1114 3086 dicens,
1148 3016 1253 3071 illis
1280 3016 1642 3089 rugientibus,
1673 3017 1740 3071 ad
1769 3018 2051 3073 ecclesiam
2154 3019 2261 3073 ritu
2297 3027 2482 3073 sancto
2511 3017 2643 3073 vivit
2672 3027 2727 3074 et
2765 3027 2954 3089 regnat
2997 3016 3139 3074 Deus
3178 3032 3275 3089 per
3312 3017 3519 3075 inﬁnita
3545 3019 3742 3076 seacula

475 3111 779 3166 revertitur.
808 3108 989 3166 Tertio
1011 3123 1239 3177 namque
1263 3108 1350 3165 die
1379 3116 1500 3178 post
1527 3108 1698 3163 sancti
1724 3106 1938 3164 Genesii
1965 3107 2046 3181 (ά)
2076 3124 2124 3189 C
2156 3110 2493 3166 saeculorum.
2521 3110 2715 3167 Amen.

546 3242 623 3312 (a)
657 3242 779 3298 Haec
807 3242 1036 3299 Casaria
1059 3239 1314 3312 secunda,
1344 3256 1462 3312 qua:
1487 3241 1661 3298 sorori
1685 3241 1900 3298 Catsarii
1929 3256 2052 3300 suc-

475 3323 1058 3455 ceizgrgsestamentum
1101 3384 1344 3439 dedimus
1385 3384 1442 3439 in
1482 3385 1899 3451 Commentario,
1934 3385 1962 3455 §
1993 3384 2046 3438 6.

571 3386 623 3455 ὁ)
660 3385 1058 3440 Testamentum
1101 3385 1344 3439 dedimus
1385 3385 1442 3439 in
1482 3385 1899 3451 Commentario,
1926 3385 1962 3527 ξ
1993 3385 2046 3438 6.

568 3465 620 3537 βλ
655 3456 729 3537 lle
760 3455 1381 3537 monasterionaedtﬁcato
1419 3459 1628 3537 egimus
1654 3497 1668 3520 ,
1712 3455 1840 3537 ibid:
1865 3496 1879 3521 ,
1920 3536 1923 3537 ν
1989 3455 2047 3510 2.

566 3528 626 3596 'd)
666 3527 795 3583 Acta
822 3528 875 3582 So
911 3528 1126 3583 Genesii
1155 3528 1405 3598 martyris
1428 3529 1756 3582 Arelatensis
1787 3527 2046 3582 illustrata

2159 3253 2291 3314 sunt
2313 3244 2379 3299 ad
2399 3243 2473 3298 25
2500 3244 2742 3314 Augusti.

2230 3313 2306 3387 (ε)
2349 3313 2745 3387 Dedicatiiinem
2780 3315 2978 3372 iactam
3016 3315 3087 3369 26
3114 3314 3447 3385 Septembris
3482 3315 3607 3372 anni
3636 3314 3744 3370 512

2158 3386 2392 3458 diximus
2435 3386 2488 3441 in
2538 3386 2989 3443 Commentario“
3034 3403 3181 3443 num.
3216 3387 3313 3451 18,
3339 3387 3574 3458 indeque
3616 3401 3743 3445 cum

2158 3457 2321 3529 Pagio
2348 3458 2693 3529 probavimus
2720 3469 2989 3514 mortuum
3018 3473 3139 3516 esse
3168 3474 3309 3515 anno
3334 3456 3459 3513 542.

536 3664 554 3686 ’
588 3666 682 3731 Qui
703 3666 763 3731 S._
780 3667 973 3718 Casarii
995 3669 1156 3721 Vitam
1177 3668 1230 3718 in
1250 3648 1557 3719 Bibliotheca
1590 3664 1747 3731 Regia
1778 3668 2069 3731 exscripsit,
2097 3668 2231 3720 hunc
2269 3669 2668 3719 commentarium
2712 3667 2961 3731 omiserat.
2985 3667 3167 3718 Postea
3189 3679 3310 3731 vero
3345 3662 3741 3731 animadverten-

473 3731 551 3777 tes
572 3727 635 3778 de
659 3742 719 3779 eo
743 3729 1029 3794 frequenter
1051 3734 1132 3795 agi
1157 3733 1208 3781 in
1230 3736 1378 3794 uotis,
1408 3732 1565 3794 ipsum
1587 3731 1648 3782 ad
1670 3726 1853 3781 calcem
1876 3726 1991 3781 torui
2007 3769 2022 3795 ,
2047 3726 2162 3794 quia
2178 3732 2278 3795 jam
2301 3743 2400 3781 non
2423 3732 2547 3781 alius
2572 3731 2712 3780 nobis
2729 3734 2928 3793 patebat
2949 3730 3103 3792 locus,
3130 3729 3408 3791 rejecimus.
3466 3726 3598 3775 Eutr.

477 3881 3740 3913 *Μ

718 4122 786 4172 ω
887 4065 1808 4211 OPERUM
1888 4068 2460 4211 PARS
2546 4063 3356 4209 PRIOR.

1579 4345 2591 4463 SERMONES.

2061 4548 2135 4629 Ι.

550 4666 613 4727 S.
645 4666 918 4732 Caesario
947 4670 1302 4733 Arelatensi
1334 4667 1592 4748 ascripti
1630 4668 1783 4730 sunt
1815 4680 2142 4729 sermones
2182 4672 2525 4743 sequentes
2551 4662 2934 4742 Appendicis
2972 4661 3119 4723 tomi
3145 4657 3353 4738 quinti
3385 4657 3446 4718 S.
3481 4656 3737 4737 Augus-

470 4745 592 4827 tini
642 4764 932 4824 Operum,
969 4767 1195 4827 nempe
1228 4770 1245 4810 :

550 4812 881 4904 Sermones
910 4812 972 4899 2,
1002 4828 1060 4899 ιι,
1091 4812 1150 4897 8',
1183 4831 1283 4904 10,
1315 4830 1414 4902 11,
1453 4829 1549 4901 12,
1580 4828 1678 4898 13,
1709 4824 1939 4899 15,16,
1992 4824 2055 4904 1s

2156 4823 2230 4904 :22
2548 4821 2656 4904 3!?!
2688 4822 2797 4904 35a
2820 4822 2925 4904 37’,
2950 4821 3057 4904 13.89
3228 4812 3735 4904 ίξὲλιὲιβδλέξν

470 4901 573 4982 88,
604 4902 702 4969 66,
735 4905 835 4973 69,
869 4890 970 4981 76,’
1001 4890 1104 4982 78,
1130 4890 1232 4979 89,
1260 4890 1361 4977 91,
1391 4890 1491 4978 98,
1528 4890 1831 4982 103,107,
1865 4890 2002 4976 11'0,
2037 4901 2055 4958 1

2159 4947 2174 4975 ,
2210 4890 2524 4982 115.116.
2560 4890 2697 4982 .129.
2736 4890 3210 4982 131.139.1195,
3246 4895 3383 4982 123v
3423 4894 3558 4982 12%
3590 4890 3734 4982 ἓὲἔξν

469 4966 613 5062 223,
641 4966 783 5057 228,
812 4966 970 5058 289,’
989 4966 1130 5058 231;,
1145 4966 1305 5062 239,
1333 4966 1491 5060 2'53,
1502 4966 1661 5060 256,
1673 4966 1829 5059 267,
1847 4966 1999 5056 269,
2018 4985 2055 5040 2

2156 4966 2172 5052 .’
2191 4966 2346 5057 281,
2379 4966 2524 5057 286,
2549 4966 2695 5059 288,
2728 4966 2869 5057 289,
2904 4966 3049 5057 292,
3076 4966 3219 5051 298,
3247 4973 3393 5053 301,
3420 4970 3563 5035 898.
3588 4966 3737 5045 303,

2043 5150 2155 5231 II.

1066 5269 1209 5352 (Ex
1235 5269 1631 5335 Bibliotheca
1659 5269 1943 5336 Maxima
1970 5270 2231 5330 Patrum
2261 5265 2616 5345 Margarini
2644 5263 2722 5327 de
2756 5264 2819 5327 la
2851 5261 3107 5341 Bigne.)

469 5058 611 5138 307,
637 5061 781 5138 898,
810 5062 951 5139 899,
979 5064 1120 5142 313,
1147 5065 1285 5126 310.

975 5450 1257 5510 HOMILIA
1296 5454 1526 5511 PRIMA.

1064 5547 1143 5602 De
1169 5547 1442 5604 Paschale.

547 5634 1021 5708 Estta,chum,
1051 5651 1105 5695 et
1134 5641 1338 5710 laetare,
1392 5649 1555 5697 terra.
1600 5640 1743 5696 Deus
1790 5642 1895 5696 iste
1922 5654 2047 5696 am-

2072 5465 2127 5526 D
2152 5453 2339 5509 Doleat
2386 5452 2644 5517 internus,
2693 5449 2817 5520 quia
2866 5446 3133 5504 resolutus
3174 5454 3288 5513 est;
3327 5445 3581 5517 gaudeat,
3607 5445 3734 5518 quia

2152 5545 2400 5600 visitatus
2443 5552 2545 5598 est.

2229 5638 2491 5703 Resultet,
2541 5636 2663 5706 quia
2704 5633 2937 5705 ignotam
2987 5630 3157 5686 lucem
3186 5638 3307 5700 post
3351 5627 3547 5684 sucula
3576 5626 3733 5696 longa

470 5725 615 5798 ptius
665 5741 736 5784 ex
763 5730 1012 5800 sepulcro
1066 5733 1293 5790 radiavit
1347 5747 1506 5803 quam
1558 5732 1627 5790 de
1655 5733 1769 5789 sole
1815 5731 2039 5791 refulsit.
2130 5734 2305 5821 'vidit,
2351 5741 2406 5788 et
2454 5733 2506 5787 in
2558 5729 2834 5802 profunda:
2873 5725 3044 5784 noctis
3092 5723 3320 5793 caligine
3348 5718 3656 5790 respiravit.
3686 5716 3733 5772 0
