4078 6440
462 102 607 171 ,1045

1907 82 2193 155 eorum
2233 86 2299 147 il.

3584 88 3734 145 ηοω

470 228 521 279 ιι
565 216 846 283 criminum
892 225 1100 279 servos.
1158 210 1277 275 lam
1306 211 1499 289 melior
1525 217 1608 273 est
1637 203 2130 267 vernaculorumA
2222 204 2367 272 .Quid
2388 209 2689 276 serpensin
2718 209 2901 278 virga?
2926 206 3249 263 ls'bomo'in
3280 208 3442 262 Deum
3466 216 3734 277 receptus.

471 312 627 377 ratio,
664 326 810 383 ,guos
862 307 1139 380 originalis
1188 303 1397 367 videtur
1450 302 1737 363 inclinasse
1784 298 2049 355 .conditio.

473 404 689 459 Habetis
712 401 848 471 boni
880 401 1070 461 famuli
1113 406 1346 457 vestram
1379 395 1821 461 consolationem,
1864 408 1959 461 pro
1980 392 2052 447 li-

478 496 686 548 bertate
732 488 1145 570 complectimini
1195 489 1471 549 honestam
1504 486 1849 551 servitutem.
1894 482 2050 555 into-

477 586 697 641 Ieraliile
736 585 926 661 jugum
961 594 1012 638 et
1054 582 1191 639 fteda
1235 578 1551 645 dominm'o,
1591 586 1649 634 et
1695 576 2054 633 erubescenda

474 677 757 747 subiectio.
806 666 907 729 Aut
962 673 1085 742 quid
1116 671 1229 738 Spei
1280 671 1598 737 relinquitur
1640 668 1913 729 servienti,
1966 666 2056 725 ubi

475 750 679 824 reterna
709 767 1060 837 morsjuncta
1110 774 1193 820 est
1237 763 1504 818 servituti.
1553 761 1681 819 Sine
1730 775 1888 821 causa
1916 765 2000 817 est
2027 772 2058 812 a

462 854 608 915 'l‘nris
630 859 713 915 vel
755 873 951 929 genere
979 857 1062 912 vel
1120 858 1321 910 honore
1348 854 1692 923 conspicuus,
1727 853 1814 921 qui
1846 867 1950 905 non
1979 858 2062 909 est

476 953 620 1007 intus
650 954 924 1017 ingenuus.
965 949 1119 1005 Gravi
1153 950 1489 1003 damnatione
1521 950 1782 1003 iterantur
1806 945 2055 1010 crimina,

477 1058 759 1113 postquam
786 1043 980 1095 Christi
1010 1042 1412 1111 sanguinesunt
1451 1038 1739 1111 redempta.
1774 1038 2060 1091 lnexeusa-

466 1112 585 1189 'bile
609 1138 801 1191 malum
855 1144 933 1186 est
964 1144 1081 1202 post
1111 1142 1336 1185 mortem
1369 1129 1736 1197 Redemptoris
1765 1128 1929 1183 nostri
1962 1126 2065 1180 Do-

478 1225 610 1277 mini
644 1240 854 1277 servum
909 1223 1161 1277 maculari
1216 1222 1468 1289 peccatis.
1504 1222 1557 1273 Si
1610 1220 1744 1272 forte
1764 1214 2065 1271 charissimi

477 1314 711 1369 hominis
744 1315 1108 1386 cujuscunque
1149 1329 1333 1366 servus
1362 1312 1509 1366 duris
1538 1309 1735 1363 domini
1765 1308 1845 1363 siti
1876 1320 2063 1376 urgea-

482 1416 570 1460 tur
613 1405 875 1476 imperiis,
922 1420 1237 1475 quocunque
1259 1402 1510 1475 fugiendo
1541 1412 1629 1455 aut
1659 1398 1909 1454 latitando
1941 1413 2067 1451 eva-

479 1505 611 1560 dere
635 1518 685 1557 et
717 1505 986 1559 declinare
1036 1502 1279 1573 iniquum
1325 1502 1602 1556 dominum
1650 1507 1841 1567 potest.
1875 1498 2070 1554 Servus

2156 300 2239 355 Ac
2266 300 2427 355 sicin
2456 302 2692 357 «nomine
2722 297 3415 363 estexinauitaidivin'stas,
3448 308 3506 353 ut
3532 300 3586 354 in
3632 300 3741 354 Deo

2144 391 2544 461 ,glorilicaretur
2569 392 2892 449 humanitas.
2914 393 3191 448 Habemus
3203 392 3382 447 adhuc
3398 393 3737 462 rinieptetico.

2161 484 2264 538 sub
2302 484 2534 551 simplici
2573 492 2630 539 et
2678 486 2787 553 pari
2817 485 2969 554 signo
3017 499 3184 538 sacra:
3235 484 3618 552 redemptionis
3652 487 3744 537 in-

2159 576 2353 645 signia.
2405 574 2536 630 Cum
2586 578 2638 631 in
2670 578 2884 632 deserto
2914 576 3014 633 «lilii
3040 578 3201 633 Israel
3230 578 3432 645 absque
3450 578 3553 632 ulla
3578 578 3746 634 mise-

2162 667 2390 723 ricordia
2416 667 2694 723 venenatis
2722 679 3027 738 serpentum
3060 670 3324 727 morsibus
3348 679 3745 737 sternerentur,

2162 760 2357 829 legitur
2380 759 2575 827 (Num.
2602 775 2640 815 ti
2657 757 2674 827 )
2693 761 2888 815 beatus
2920 761 3139 832 Moyses
3165 762 3352 816 divino
3380 764 3749 815 commonitus

2164 852 2421 911 instinctu
2460 862 2764 921 serpentem
2786 868 2980 909 atreum
3006 854 3289 922 praefixum
3314 853 3617 922 iignointer
3632 867 3752 908 aue-

2166 950 2283 1004 dias
2322 947 2672 1005 morientium
2706 948 3187 1011 .enesisseturbas,
3220 948 3602 1007 etmandasse
3626 962 3751 1014 per-

2167 1044 2417 1099 euntibus
2440 1050 2497 1096 ut
2534 1052 2662 1110 .post
2704 1024 2961 1107 exceptos
3004 1039 3297 1097 virulentos
3344 1034 3575 1093 ictusad
3618 1053 3754 1105 prai-

2169 1137 2396 1192 sentiam
2439 1134 2705 1204 serpentis
2755 1147 2852 1201 pro
2878 1131 3184 1202 recipienda
3214 1132 3441 1184 sanitate
3465 1142 3755 1184 concurre-

2164 1236 2312 1285 rent.
2369 1225 2487 1293 Quo
2543 1224 2988 1292 confugientibus,
3070 1233 3174 1279 tam
3246 1230 3492 1290 prompta
3567 1221 3757 1275 aderat

2172 1318 2459 1373 Salubritas
2524 1316 2850 1379 medii-andi,
2892 1332 3059 1385 quam
3108 1316 3265 1370 celox
3314 1315 3488 1370 inerat
3538 1313 3759 1369 felicitas

2174 1411 2433 1469 intuendi.
2487 1408 2823 1479 Sequebatur
2862 1418 3074 1464 certum
3107 1408 3205 1463 sub
3232 1416 3600 1461 momentaoea
3631 1421 3759 1460 con-

2175 1502 2522 1571 templatione
2587 1501 2903 1566 remedium,
2967 1500 3088 1569 quia
3159 1498 3352 1553 latebat
3410 1501 3461 1551 in
3514 1484 3804 1565 serpente.

482 1612 598 1663 pec:
621 1599 688 1649 ati
717 1614 821 1665 quo
855 1596 1049 1666 fugiet?
1074 1602 1186 1661 Quo
1213 1610 1273 1649 se
1299 1594 1507 1648 trahet?
1529 1594 1856 1663 Quocunque
1877 1590 2065 1660 fugiat,
2096 1575 2146 1635 Β
2174 1598 2503 1671 mysterium,
2552 1597 2613 1653 ,δῇ
2663 1597 2956 1651 dixerimus
3004 1595 3105 1649 hoc
3150 1595 3202 1648 in
3250 1594 3367 1648 loco
3395 1593 3519 1661 quia
3554 1589 3761 1646 nomini

483 1706 592 1743 non
625 1688 753 1757 ittgit
779 1690 1033 1758 seipsum.
1062 1689 1174 1743 Non
1206 1696 1287 1743 est
1308 1704 1412 1756 quo
1446 1696 1531 1742 eat
1552 1687 1687 1741 mala
1720 1685 2066 1739 conscientia.

482 1782 737 1849 Sequitur
767 1796 843 1844 se,
878 1782 984 1834 imo
1013 1794 1115 1833 non
1162 1780 1357 1834 recedit
1388 1796 1414 1831 a
1446 1794 1524 1832 se.
1550 1777 1646 1831 Vix
1679 1776 1891 1846 aliquod
1924 1777 2071 1831 defo-

481 1878 561 1927 ris
591 1884 755 1940 potest
809 1889 930 1927 esse
960 1872 1271 1938 remedium,
1324 1872 1539 1941 quando
1578 1869 1720 1925 intus
1767 1878 1849 1925 est
1879 1869 2071 1924 vulnus

478 1962 769 2019 inclusum.
819 1962 954 2039 Quid
1002 1966 1215 2029 prodest
1252 1965 1389 2033 quod
1424 1964 1582 2017 homo
1624 1973 1897 2021 sonantem
1936 1960 2072 2035 fugit

483 2073 689 2121 arcmn,
715 2058 802 2127 qui
841 2057 1076 2127 jaculum
1127 2074 1307 2112 secum
1351 2067 1525 2126 portat
1552 2056 1807 2111 infixum?
1839 2057 2072 2123 Serpens

480 2147 578 2203 ille
633 2151 732 2203 etsi
774 2148 1037 2204 revocavit
1084 2165 1345 2213 morsum,
1377 2147 1588 2225 reliquit
1617 2164 1895 2203 venenum.
1927 2148 2075 2203 Fecit

481 2241 710 2310 quisque
765 2257 1035 2310 peccatum
1086 2251 1143 2295 ut
1189 2243 1416 2312 aliquam
1464 2250 1681 2313 caperet
1722 2244 2068 2311 voluptatem.

482 2334 753 2391 Bemanet
782 2336 921 2404 quod
953 2336 1188 2403 damnat,
1220 2336 1453 2405 prmterit
1483 2336 1621 2405 quod
1651 2336 1900 2392 delectat.
1934 2335 2078 2390 Con-

483 2437 749 2505 summata
783 2430 1029 2501 iniquitas
1076 2438 1371 2498 permanet,
1418 2430 1658 2501 voluptas
1706 2430 1922 2500 fugitiva
1947 2445 2075 2508 per-1

486 2516 700 2572 transit.
752 2518 827 2571 De
882 2518 980 2570 hac
1012 2532 1138 2586 ergo
1192 2517 1448 2573 servitute
1500 2528 1554 2572 et
1597 2519 1666 2573 de
1712 2520 1793 2587 his
1837 2518 2078 2573 hostibus

490 2621 660 2674 usque
686 2606 751 2660 ad
785 2607 1028 2673 baptismi
1061 2605 1235 2660 littora
1265 2607 1360 2660 Dei
1412 2609 1664 2677 populum
1709 2610 2080 2679 persequenti-

490 2698 593 2753 bus
621 2698 901 2753 innumera
931 2702 1259 2765 captivorum
1287 2700 1449 2754 millia
1480 2717 1574 2768 per
1605 2701 1739 2757 sacri
1766 2702 1924 2767 fontis
1958 2702 2101 2761 irri-v

492 2809 653 2862 gnum
702 2792 892 2845 liberat
946 2790 1177 2854 ChriSto,
1227 2800 1280 2846 et
1336 2789 1621 2861 confringit
1687 2808 1851 2860 super
1914 2807 2078 2861 aquas

492 2870 653 2949 caput
680 2882 926 2937 draconis
967 2874 1163 2951 magni.
1219 2881 1295 2935 Ac
1337 2882 1413 2937 sic
1439 2881 1528 2937 ille
1558 2883 1884 2938 smvissimus
1914 2885 2075 2941 draco

494 2972 767 3041 proprium
793 2988 1053 3027 venenum
1105 2974 1156 3027 in
1188 2987 1373 3027 necem
1404 2976 1482 3027 sui
1517 2976 1751 3029 refusum
1778 2974 1943 3029 sensit
1968 2972 2117 3043 exi-i

495 3062 587 3128 tii;
616 3079 677 3116 ac
704 3062 828 3117 dum
878 3079 1069 3118 nocere
1112 3079 1172 3119 se
1203 3063 1391 3128 credit,
1423 3064 1546 3118 dum
1589 3075 1770 3120 centra
1797 3066 2078 3121 Dominum

492 3152 650 3207 suum
698 3169 870 3209 caecus
916 3154 1170 3223 impetum
1226 3153 1371 3220 facit,
1420 3154 1650 3224 dumque
1703 3157 1951 3212 tormenti
1998 3156 2079 3210 sui

491 3240 654 3300 illidit
684 3246 734 3299 in
782 3246 973 3314 solida,
1005 3243 1112 3300 ictu
1145 3262 1242 3301 suo
1287 3260 1653 3313 repercussus,
1696 3232 1883 3301 fortem
1918 3246 2081 3302 fuisse

494 3350 556 3390 se
586 3334 771 3399 doluit,
819 3326 872 3391 et
924 3352 1135 3391 omnem
1168 3336 1391 3391 nocendi
1425 3338 1710 3406 potentiam
1743 3356 1800 3392 se
1838 3336 2083 3392 amisisse

494 3437 769 3507 cognovit,
817 3440 905 3508 qui
939 3439 1125 3493 noxios
1172 3439 1554 3493 virulentorum
1589 3441 1823 3495 dentium
1872 3456 2081 3496 morsus

493 3542 651 3583 sacro
702 3530 755 3584 in
799 3546 1021 3611 corpore
1068 3530 1299 3601 reliquit.
1358 3532 1423 3586 Et
1480 3533 1600 3587 ideo
1653 3549 1790 3588 nunc
1841 3533 2080 3589 infelices

495 3622 758 3693 quosque,
792 3614 933 3693 quos
990 3625 1089 3678 sibi
1134 3640 1410 3680 assensum
1443 3626 1648 3681 facilem
1680 3630 2081 3683 accommodare

499 3712 824 3782 praeviderit,
860 3718 923 3770 ad
969 3717 1146 3772 fauces
1194 3735 1317 3772 suas
1348 3720 1783 3774 sollicitationum
1821 3722 2080 3774 carmini-

494 3804 597 3857 bus
617 3807 800 3865 trahit,
827 3816 888 3859 ut
908 3809 1260 3861 voluntariam
1289 3810 1519 3876 prazdam
1547 3811 1765 3865 inermis
1783 3822 2080 3880 exspectet.

498 3884 576 3951 Ac
628 3896 849 3963 proinde
892 3907 1187 3965 prostratus
1218 3898 1440 3954 Domino
1471 3902 1759 3956 humanum
1783 3920 1950 3974 genus
1979 3920 2081 3961 non

497 3988 648 4056 quasi
678 3985 863 4042 fortior
888 3989 1181 4059 impugnat,
1215 3990 1309 4044 sed
1347 3991 1524 4061 iniqua
1557 3995 1777 4048 consilia
1806 3999 1954 4063 quasi
1986 3999 2085 4053 de-

500 4076 739 4133 bilitatus
763 4078 1017 4136 insibilat.
1065 4081 1227 4148 Cujus
1254 4096 1349 4134 vos
1373 4082 1603 4136 Carmina
1638 4091 1694 4138 ut
1727 4085 1939 4157 possitis
1962 4104 2085 4143 eva-

499 4166 648 4236 dere,
689 4171 755 4224 de
803 4172 1029 4239 eloquiis
1074 4171 1168 4226 Dei
1218 4162 1401 4227 vorem
1427 4189 1594 4229 sacrae
1617 4176 1997 4233 incarnationis
2024 4179 2085 4234 li-

498 4254 689 4317 benter
740 4248 939 4317 audite.
976 4263 1125 4319 Hunc
1166 4264 1411 4341 Christus
1441 4282 1544 4321 non
1574 4265 1628 4321 in
1656 4284 1748 4323 sua
1781 4270 2083 4339 divinitate,

496 4350 591 4405 sed
624 4353 673 4404 in
704 4360 887 4406 nostra
933 4368 1093 4408 carne
1119 4344 1407 4423 superavit,
1450 4361 1688 4412 utetiam
1720 4376 1748 4414 a
1780 4362 1929 4416 nobis
1959 4380 2078 4418 eum

493 4438 736 4511 snperari
758 4458 912 4511 posse
929 4455 1271 4501 monstraret.
1300 4445 1468 4514 Hunc,
1489 4449 1727 4519 inquam,
1748 4468 1840 4522 per
1864 4465 2079 4511 sanctos

494 4526 620 4587 Snus
647 4531 886 4590 Christus
915 4527 1199 4591 interfecit.
1232 4536 1300 4592 Et
1335 4541 1467 4594 forte
1510 4540 1593 4596 hic
1624 4551 1702 4596 est
1738 4542 1829 4598 ille
1855 4522 2082 4616 Serpens

499 4620 827 4707 queni'beati
864 4622 1026 4695 Moysi
1058 4630 1203 4696 virga
1236 4627 1289 4682 in
1312 4640 1613 4699 serpentem
1638 4640 2083 4701 versa,c0nsum-

498 4708 858 4784 psitlft‘xod.
909 4718 1016 4787 Iv).
1067 4720 1182 4785 Quo
1235 4736 1428 4789 genere
1469 4724 1579 4794 jam
1624 4734 1750 4780 tunc
1806 4728 2081 4785 evidenter

498 4804 750 4891 ostendit,
778 4814 873 4872 per
894 4806 1093 4875 virgam
1117 4806 1265 4873 item,
1302 4825 1395 4877 per
1424 4812 1617 4868 Christi
1644 4816 1849 4870 Domini
1882 4818 2079 4887 regiam

499 4904 843 4964 potestatem,
921 4898 1304 4954 conterendum
1376 4916 1499 4960 esse
1556 4909 1739 4961 mortis
1786 4920 2078 4964 auctorem.

500 4986 663 5057 Moysi
688 4987 864 5057 itaque
886 5002 1064 5044 contra
1099 4992 1368 5049 maleficos
1408 4998 1734 5064 decertante,
1764 5003 1922 5056 modo
1953 5016 2082 5058 con-

498 5079 805 5134 vertebatur
848 5077 988 5151 virga
1013 5080 1064 5136 in
1095 5078 1419 5155 serpentem,
1466 5089 1626 5144 modo
1653 5107 1875 5162 serpens
1903 5110 2080 5148 rever-

499 5171 711 5224 tebatur
742 5169 791 5224 in
816 5170 1034 5239 virgam.
1085 5174 1220 5241 Quid
1244 5189 1323 5235 est
1352 5180 1489 5239 hoc?
1514 5182 1566 5236 ln
1616 5196 1867 5253 serpente
1889 5199 2078 5256 perso-

500 5276 618 5317 nam
666 5262 894 5318 hominis
928 5266 1190 5323 maledicti
1236 5279 1321 5350 qui
1350 5276 1747 5345 crucil‘igendus
1798 5278 2082 5335 maledice-

498 5355 670 5422 batur,
722 5374 967 5429 agnosce.
1004 5360 1058 5413 in
1089 5362 1230 5435 virga
1276 5384 1549 5454 sceptrum
1600 5370 1762 5439 regite
1809 5369 2082 5435 dignitatis

791 5452 1104 5559 Quid-mirga
1152 5456 1206 5527 in
1255 5448 1609 5559 serp'entemi
1661 5460 1805 5515 idem
1857 5462 2079 5520 Deusin

501 5536 763 5593 hominem
796 5550 1037 5597 mutatus.

2175 1706 2357 1768 typum
2408 1694 2620 1761 species
2665 1690 2974 1758 refugienda
3025 1688 3335 1757 praetulerit,
3390 1686 3507 1754 quis
3548 1699 3651 1738 non
3695 1682 3761 1737 ad

2174 1787 2349 1856 ipsum
2377 1786 2752 1839 contremiscat
2788 1780 3064 1835 auditum?
3113 1778 3219 1834 Sed
3251 1777 3368 1841 quis
3415 1777 3497 1831 vel
3526 1774 3764 1844 cogitare

2175 1878 2318 1937 istud
2348 1876 2591 1939 auderet,
2621 1874 2723 1929 nisi
2758 1872 2874 1939 ipse
2904 1870 3138 1941 mysterii
3160 1869 3491 1937 exposuisset
3516 1868 3764 1933 figuram,

2174 1970 2264 2039 qui
2296 1970 2479 2038 figuris
2518 1967 2683 2037 ipsius
2709 1964 2946 2032 suscepit
2976 1960 3262 2033 iniuriam?
3284 1961 3388 2025 Qui
3423 1960 3638 2027 proprio
3664 1972 3767 2028 per

2174 2058 2519 2130 Evangelium
2570 2066 2791 2112 testatur
2839 2055 3076 2109 oraculo.
3126 2053 3296 2118 Sicut,
3332 2052 3521 2121 inquit,
3556 2049 3764 2121 Moyses

2170 2153 2417 2208 exultavit
2446 2160 2728 2220 serpentem
2771 2150 2825 2204 in
2850 2149 3071 2214 deserto,
3094 2148 3171 2202 ita
3201 2147 3420 2201 exaltari
3452 2152 3651 2212 oportet
3670 2143 3769 2197 Ito-

2174 2244 2327 2299 mim’s
2368 2242 2535 2308 ﬁlium
2578 2242 2766 2310 (Joan.
2793 2240 2904 2308 ut).
2954 2238 3242 2293 Videamus
3288 2247 3467 2290 autem
3510 2235 3633 2304 quid
3664 2234 3769 2288 sibi

2176 2334 2308 2389 velit
2362 2342 2547 2387 contra
2612 2330 2945 2398 serpentium
2988 2329 3135 2381 virus
3180 2327 3452 2396 serpentis
3494 2316 3764 2393 aspectus.

2181 2428 2413 2494 Serpens
2442 2425 2510 2479 ab
2528 2425 2679 2481 initio
2718 2423 3036 2487 maledictus
3060 2429 3198 2476 erat.
3232 2422 3296 2475 Et
3316 2420 3407 2489 qui
3437 2419 3770 2486 suspenden-

2179 2520 2279 2573 dus
2308 2520 2491 2575 fuisset
2524 2517 2577 2573 in
2630 2517 2774 2588 ligno
2800 2516 2937 2573 sicut
2977 2525 3030 2570 et
3078 2514 3340 2579 Salvator,
3386 2515 3772 2568 maledictioni-

2176 2614 2280 2671 bus
2309 2612 2634 2682 replebatur.
2668 2611 2864 2666 lterum
2890 2610 3031 2665 enim
3077 2609 3236 2665 dicit:
3275 2606 3583 2660 Maledicta;
3606 2607 3770 2661 omnis

2179 2707 2266 2774 qui
2285 2706 2467 2776 pendet
2494 2706 2546 2757 in
2569 2706 2706 2774 ligno
2727 2703 2744 2772 (
2766 2703 2919 2757 Deut.
2948 2718 3034 2757 χχι
3051 2702 3091 2771 ).
3130 2701 3381 2756 Videmus
3399 2700 3527 2770 quid
3546 2711 3771 2767 serpens

2180 2801 2365 2849 contra
2392 2803 2717 2863 Serpentem.
2751 2793 2884 2848 item
2913 2793 3194 2847 damnatus
3218 2801 3402 2851 contra
3431 2792 3765 2857 damnatum,

2182 2885 2497 2939 maledictus
2518 2896 2699 2937 contra
2725 2885 3089 2950 maledictum,
3122 2882 3383 2950 sapientia
3406 2890 3590 2934 contra
3623 2880 3773 2934 calli-

2184 2979 2424 3041 ditatem,
2452 2978 2657 3029 bonitas
2686 2985 2867 3029 contra
2894 2975 3177 3037 malitiam,
3228 2980 3435 3026 acetum
3463 2984 3509 3026 et
3543 2972 3611 3026 fel
3645 2987 3774 3025 con-

2187 3083 2267 3125 tra
2295 3086 2581 3133 venenum,
2615 3084 2759 3123 mors
2794 3077 2978 3121 contra
3008 3080 3234 3121 mortem
3263 3082 3581 3121 consumens
3611 3066 3774 3119 devo-

2185 3172 2416 3227 rantem,
2444 3174 2496 3216 et
2540 3161 2867 3215 interﬁciens
2912 3157 3258 3214 occidentem.
3302 3158 3391 3213 Sic
3421 3168 3473 3212 et
3517 3159 3629 3227 ipse
3662 3157 3772 3211 Do-

2188 3262 2359 3312 minus
2394 3256 2625 3326 loquitur
2668 3271 2764 3327 per
2810 3256 3122 3325 prOphetam
3158 3273 3167 3305 :
3210 3254 3254 3306 0
3302 3271 3472 3318 mors,
3526 3272 3609 3309 ero
3636 3269 3773 3308 mors

2188 3358 2294 3414 tuo,
2348 3364 2543 3399 morsus
2577 3356 2691 3399 tuus
2732 3362 2839 3412 ero,
2889 3348 3116 3416 inferne(
3142 3345 3259 3399 Ose.
3288 3360 3377 3398 xm
3481 3345 3585 3400 Sed
3612 3344 3772 3400 etiam

2188 3442 2345 3496 modo
2372 3441 2595 3509 medela,
2645 3442 2688 3495 si
2721 3441 2987 3505 volumus,
3015 3440 3168 3493 nobis
3190 3451 3376 3494 contra
3406 3454 3641 3495 morsum
3664 3453 3776 3493 ser-

2187 3534 2384 3605 pentis,
2417 3535 2530 3586 viso
2560 3543 2806 3602 serpente
2842 3533 3137 3586 confertur.
3172 3531 3319 3598 Quod
3354 3543 3475 3583 tunc
3496 3529 3777 3584 evidenter

2188 3612 2697 3700 impletur,quando
2744 3640 3015 3698 peccatum
3042 3628 3209 3695 ipsius
3241 3628 3440 3695 peccati
3470 3624 3776 3697 cognitione

2187 3730 2426 3785 curatur,
2462 3731 2513 3774 et
2536 3720 2739 3773 crimen
2773 3722 3010 3773 criminis
3033 3718 3370 3772 confessione
3397 3718 3662 3795 aboletur.
3698 3721 3775 3772 Ac

2191 3815 2267 3867 sic
2300 3813 2459 3865 homo
2498 3815 2709 3879 quando
2752 3812 2879 3866 dicit
2905 3827 3024 3865 cum
3078 3812 3363 3880 pmpheta:
3394 3811 3650 3878 Quoniam
3670 3812 3775 3865 im“-

2187 3907 2399 3976 quitates
2428 3920 2564 3957 meas
2592 3921 2679 3975 ego
2721 3920 2962 3975 agnosco,
3015 3913 3058 3957 et
3103 3904 3340 3957 delictum
3387 3918 3555 3956 meum
3600 3911 3777 3957 contra

2189 4014 2268 4051 me
2311 4007 2381 4050 est
2411 4013 2606 4069 semper
2655 3995 2833 4066 (Ρδιιι.
2859 4003 2961 4065 L),
3004 3998 3219 4066 quando
3245 3996 3379 4049 bene
3411 3995 3623 4063 respicit
3656 4009 3775 4060 pec-

2189 4097 2366 4142 catum
2418 4102 2593 4149 suum,
2630 4097 2781 4141 sanat
2814 4102 3046 4141 morsum
3081 4087 3343 4154 serpentis
3389 4101 3483 4156 per
3512 4085 3777 4152 serpentis

2191 4192 2486 4244 aspecmm.
2519 4179 2754 4248 Serpens
2782 4178 2960 4248 itaque
2992 4189 3175 4232 colitra
3213 4188 3537 4251 serpentem,
3571 4176 3672 4231 hoc
3696 4186 3778 4231 est

2190 4269 2434 4325 Christus
2458 4286 2785 4340 persequens
2816 4280 3091 4339 peccatum
3116 4272 3214 4324 sub
3244 4254 3433 4323 habitu
3457 4268 3774 4339 peccatoris.

2191 4362 2257 4416 Et
2284 4360 2403 4415 ideo
2441 4362 2575 4415 dixit
2619 4360 2937 4430 Apostolus:
2974 4360 3034 4413 Et
3063 4360 3123 4413 de
3153 4372 3353 4430 peccato
3380 4361 3638 4412 damnavit
3661 4374 3778 4427 pec-

2191 4455 2432 4509 catumin
2459 4456 2645 4527 carne(
2668 4455 2814 4509 Rom.
2851 4470 2939 4509 vrn
2962 4453 3000 4525 ).
3038 4454 3176 4509 Idem
3212 4465 3486 4525 peccatum
3521 4454 3777 4524 originale

2190 4530 2385 4603 delevit
2418 4563 2511 4615 per
2554 4563 2767 4601 carnem
2800 4547 3027 4601 similem
3067 4552 3437 4617 peccatricem,
3470 4555 3526 4603 et
3564 4548 3630 4601 de
3654 4561 3777 4616 pec-

2189 4648 2309 4695 cato
2357 4648 2655 4707 petcalum,
2692 4637 2742 4692 id
2789 4649 2870 4693 est
2913 4651 3135 4693 mortem
3180 4641 3245 4697 de
3291 4648 3462 4695 morte
3504 4639 3772 4693 contrivit.

2191 4728 2358 4785 Recte
2390 4730 2592 4799 peccati
2621 4732 2835 4785 nomine
2867 4742 3091 4787 mortem
3133 4733 3445 4802 appellavit,
3470 4730 3591 4800 quia
3631 4745 3775 4784 ean‘r

2192 4823 2311 4879 dem
2340 4824 2406 4875 de
2439 4834 2655 4890 peccato
2703 4836 2911 4878 constat
2966 4842 3081 4880 esse
3112 4812 3435 4895 generatam.
3468 4824 3773 4880 Secuwlum

2191 4911 2325 4979 hmc,
2372 4912 2503 4966 nihil
2544 4922 2625 4969 est
2668 4916 2812 4970 aliud
2863 4918 3157 4986 procedens
3188 4918 3252 4970 de
3281 4928 3528 4986 serpente
3548 4918 3772 4979 sanitas,

2190 5017 2349 5072 quam
2380 5002 2549 5058 latens
2593 5008 2740 5075 quasi
2788 5009 2883 5060 sub
2916 5006 3117 5079 peccati
3145 5022 3308 5061 carne
3336 5007 3605 5061 divinitas.
3637 5007 3769 5075 Quae

2192 5110 2311 5149 cum
2342 5097 2408 5148 ita
2427 5097 2534 5151 sint
2564 5138 2582 5167 ,
2602 5100 2919 5163 charissimi,
2940 5100 3369 5166 intros‘picientes
3391 5099 3771 5168 nosmetipsos,

2192 5189 2236 5242 si
2286 5187 2480 5258 aliquid
2526 5190 2759 5245 vulneris
2809 5190 3154 5254 senserimus,
3214 5190 3393 5244 statim
3448 5190 3773 5261 refugientes

2186 5288 2488 5349 peceatum,
2535 5282 2902 5350 confugiamus
2928 5280 2994 5333 ad
3026 5276 3316 5335 Christum.
3364 5282 3439 5335 Ad
3473 5284 3616 5337 illum
3657 5284 3769 5354 spei

2186 5379 2383 5425 nostra:
2440 5369 2715 5424 elevemus
2767 5369 3044 5435 obtutum;
3075 5372 3140 5425 ad
3183 5371 3328 5425 illum
3361 5378 3551 5428 mentis
3578 5374 3764 5429 oculos

2186 5461 2541 5516 conferamus.
2574 5460 2881 5529 Cujusmodi
2910 5472 3086 5516 autem
3118 5463 3188 5518 sit
3220 5466 3319 5520 iste
3361 5480 3569 5519 morsus
3606 5466 3771 5520 debe-

2186 5568 2308 5609 mus
2338 5567 2645 5625 agnoscere.
2680 5555 2781 5621 Qui
2813 5554 3041 5611 alienum
3075 5559 3270 5611 malum
3302 5558 3535 5626 respicit,
3582 5557 3672 5626 qui
3711 5558 3763 5611 in
