4078 6440
433 227 577 303 {ori

1496 226 1558 308 s.
1582 228 1898 309 Cassam
1938 246 2154 308 EPISC.
2176 228 2669 311 [ARELATENSIS

3587 261 3725 320 rats

431 361 663 417 alienam
712 317 828 418 rein
872 359 1031 417 anxia
1062 363 1355 433 cupiditate
1384 364 1639 435 suspirat,
1687 367 1775 436 qui
1803 366 2033 422 alienam
2061 367 2117 428 Α
2141 364 2243 421 hoc
2268 366 2323 421 in
2353 366 2471 423 loco
2498 368 2893 439 magniﬁcentia
2915 372 3047 427 tanti
3080 373 3318 431 muneris
3342 374 3555 433 beatam
3583 393 3723 449 prac~

432 456 716 511 mulierem
749 455 1073 525 importunis
1096 457 1268 512 oculis
1291 468 1345 513 et
1368 466 1599 514 mortem
1629 458 1696 513 ad
1726 474 1787 514 se
1815 459 2035 515 trahen-

432 546 574 601 tibus
598 546 884 616 conSpicit,
928 547 1017 616 qui
1047 548 1101 602 in
1146 549 1322 605 alieno
1352 565 1577 620 corpore
1612 552 1879 608 sacriﬁcat
1919 554 2036 608 dia-

432 638 576 703 bolo,
629 639 861 692 animam
905 654 1057 694 suam
1113 642 1349 696 toxicato
1381 643 1587 711 spiculo
1637 645 1689 698 in
1717 647 1881 701 corde
1912 662 2033 715 per-

432 744 620 785 cussus
646 739 761 786 est:
814 731 901 787 hic
949 747 1108 803 quam
1150 733 1316 788 debili
1366 750 1569 803 morsu,
1621 746 1727 791 tam
1774 738 2032 794 exitiabili

432 827 703 877 sauciatus
746 833 849 878 est.
904 825 1004 891 Qui
1057 825 1312 879 malitiam
1343 826 1428 880 vel
1478 827 1731 881 invidiam
1780 838 2030 897 tanquam

431 915 624 969 vulnus
664 915 927 971 inclusum
980 916 1033 970 in
1088 918 1382 973 visceribus
1432 920 1648 985 retinet,
1692 921 2031 979 amarissimo

430 1017 590 1078 atque
618 1009 894 1065 mortifero
925 1011 1084 1066 dente
1133 1012 1361 1067 laniatus
1391 1022 1493 1069 est.
1541 1015 1640 1083 Qui
1674 1017 1776 1071 fide
1804 1032 2025 1086 vacuus,

430 1112 482 1156 et
514 1101 637 1156 odio
666 1105 878 1169 plenus,
902 1112 1048 1159 totus
1102 1106 1351 1160 draconis
1374 1106 1519 1161 illius
1550 1108 1846 1163 devoratus
1879 1128 2028 1165 mor-

431 1193 603 1248 sibus.
631 1193 737 1249 Sed
768 1204 821 1249 et
864 1196 908 1249 si
939 1197 1011 1250 ita
1054 1197 1146 1263 sit,
1203 1199 1406 1253 nullum
1438 1201 1686 1255 convenit
1714 1203 2022 1272 desperare.

430 1283 684 1354 Legimus
716 1286 916 1341 inJona
942 1288 1199 1357 propheta
1224 1290 1404 1360 (lance
1424 1292 1523 1360 tt),
1558 1293 1827 1362 quomodo
1846 1293 2026 1350 bestia

431 1380 591 1432 etiam
639 1380 948 1435 devoratum
993 1394 1213 1453 cogatur
1260 1399 1531 1442 evomere.
1577 1388 1715 1458 Ergo
1757 1390 1897 1444 inter
1939 1391 2025 1445 di-

431 1486 618 1527 versos
648 1488 882 1541 morsus,
925 1475 1278 1545 respiciamus
1307 1479 1372 1532 ad
1400 1477 1696 1549 Christum,
1738 1492 1798 1537 ut
1844 1484 1933 1543 ille
1954 1485 2025 1541 ad

432 1578 533 1618 nos
556 1565 823 1633 respiciat.
847 1566 944 1621 Hic
974 1570 1328 1638 respiciamus
1345 1572 1413 1626 ad
1434 1582 1737 1630 sanatorem
1756 1588 2019 1647 nostrum,

398 1660 399 1663 ‘
430 1656 537 1726 iam
585 1657 694 1712 illic
736 1674 767 1713 a
797 1662 1173 1727 peccatoribus
1217 1664 1321 1718 nisi
1353 1664 1489 1719 forte
1513 1666 1564 1719 in
1598 1665 1802 1737 judicio
1819 1685 1922 1724 non
1945 1670 2024 1724 vi-

2141 461 2367 515 sentiam
2397 461 2692 517 Trinitatis.
2726 463 2866 518 Ecce
2910 464 3051 521 mala
3087 468 3363 525 innumera
3402 471 3642 542 antiquis
3667 490 3732 529 ac

2139 553 2446 607 recentibus
2491 554 2751 622 impressa
2803 554 3137 624 vulneribus,
3175 562 3445 630 perpetuis
3472 565 3735 634 gehennae

2139 643 2222 698 vix
2239 645 2501 713 expianda
2525 646 2825 716 suppliciis,
2845 657 2993 703 terna
3018 651 3393 710 submersione
3413 667 3732 728 purgantur.

2142 736 2260 791 Uno
2290 750 2561 793 momento
2594 730 2858 810 otﬂrante
2878 742 3135 800 velociter
3158 746 3290 815 Deo,
3308 748 3451 805 inter
3474 765 3739 821 aquarum

2138 831 2288 887 sinus
2334 832 2669 888 flammarum
2716 836 2904 905 pabula
2952 851 3366 897 consumuntur.
3411 844 3477 898 Et
3520 844 3642 899 ideo
3670 846 3738 901 Β.

2142 925 2429 993 Apostolus
2456 926 2630 981 dicit:
2668 926 2970 1001 Consepultt'
3023 948 3198 986 sumus
3249 951 3367 988 cum
3413 935 3616 990 Christo
3646 952 3745 1007 per

2140 1018 2446 1089 baptismum
2496 1022 2548 1073 in
2602 1032 2840 1076 mortem.
2899 1023 3293 1095 Demerguntur
3342 1029 3536 1084 anima:
3581 1045 3746 1085 sacro

2136 1112 2364 1179 gurgite,
2390 1111 2610 1165 veniunt
2631 1114 2865 1167 eonﬁnia
2894 1117 3081 1170 mortis
3112 1130 3166 1172 et
3194 1119 3338 1175 vitaz.
3373 1120 3436 1173 Et
3465 1136 3586 1191 qua
3618 1136 3749 1191 per-

2136 1200 2328 1255 ditioni
2351 1203 2598 1257 obnoxia:
2625 1205 2836 1259 fuerant
2866 1206 2960 1260 illo
2984 1209 3171 1276 prima;
3203 1210 3495 1265 nativitatis
3518 1221 3745 1280 exortu,

2135 1297 2415 1375 salutifero
2442 1310 2797 1355 renascuntur
2817 1315 3031 1355 occasu.
3062 1303 3346 1359 Exuuntur
3374 1304 3623 1361 fmditate
3653 1308 3745 1360 in-

2132 1390 2362 1445 visibilis
2390 1392 2706 1460 senectutis,
2736 1405 2789 1449 et
2821 1406 3166 1464 peccatorum
3208 1397 3555 1455 deformitate
3602 1416 3748 1455 con-

2134 1488 2353 1549 tracta,
2400 1485 2693 1540 induuntur
2740 1486 3135 1556 pulchritudine
3181 1490 3417 1544 cmlestis
3468 1490 3738 1547 infantia.

2133 1575 2427 1644 Stupetnus
2476 1577 2743 1633 interdum
2791 1580 2859 1633 ad
2909 1581 3331 1649 magnitudinem
3383 1583 3661 1651 novitatis,
3691 1585 3749 1641 si

2132 1669 2348 1739 quando
2381 1670 2630 1725 audimus
2673 1683 2764 1727 aut
2792 1672 3023 1743 legimus
3052 1674 3333 1731 Dominum
3362 1674 3548 1731 Iesum
3579 1678 3748 1735 Chri-

431 1747 688 1803 dendum.
732 1750 844 1804 Aut
873 1754 1148 1821 quomodo
1170 1755 1293 1824 quis
1320 1755 1510 1812 videre
1541 1759 1737 1827 poterit
1753 1771 2029 1817 auctorem
2060 1758 2109 1818 B
2139 1774 2281 1817 stum
2310 1777 2377 1818 ex
2398 1764 2514 1818 sola
2536 1763 2738 1818 femina
2759 1774 3005 1820 cessante
3021 1768 3454 1823 virilisconsortii
3477 1772 3749 1827 societate

428 1838 635 1910 gloriae,
664 1842 909 1898 dicturus
930 1848 1048 1900 vale
1078 1847 1327 1901 ultimum
1353 1863 1533 1904 rerum
1566 1854 1807 1907 natura}?
1826 1853 1889 1908 Et
1907 1855 2029 1912 ideo

429 1934 521 2001 qui
549 1933 696 1986 illum
732 1934 816 1989 hic
843 1949 1138 2006 agnoscere
1168 1939 1400 1995 noluerit
1426 1943 1739 2012 acquisitus,
1759 1944 1871 2017 jam
1902 1963 2027 2003 eum

429 2024 539 2079 illic
570 2041 673 2080 non
716 2029 914 2096 poterit
961 2030 1145 2085 videre
1192 2031 1499 2088 damnatus.
1532 2035 1683 2091 Nunc
1725 2053 1855 2107 ergo
1901 2054 2027 2095 eum

429 2115 538 2171 ﬁde
568 2125 624 2171 et
656 2120 912 2188 Operibus
940 2132 1063 2177 ante
1092 2136 1442 2194 conspectum
1474 2138 1713 2183 nostrum
1744 2134 2029 2186 constitua—

430 2223 575 2273 mus,
628 2218 684 2263 et
725 2210 792 2264 ad
836 2214 1031 2268 caelum
1064 2216 1248 2270 oculos
1297 2232 1392 2286 spe
1432 2219 1661 2275 ducente
1699 2222 2024 2291 jaculemur.

430 2298 826 2357 Demonstravit
854 2304 906 2359 in
962 2306 1139 2362 Veteri
1180 2309 1529 2366 Testamento
1590 2313 1799 2384 Moyses
1844 2331 2027 2373 reme-

430 2392 602 2462 dium,
665 2407 946 2467 postquam
1020 2415 1246 2469 serpens
1306 2406 1701 2462 momordisset.
1780 2407 2028 2467 Christus

428 2483 586 2541 etiam
627 2488 771 2544 istud
806 2490 1057 2558 ostendit,
1101 2498 1395 2566 quomodo,
1425 2498 1472 2552 si
1500 2500 1738 2567 resistas,
1780 2504 2029 2561 mordere

430 2594 538 2633 non
582 2582 769 2649 possit.
809 2583 996 2639 Videte
1041 2600 1236 2642 nomen
1270 2589 1361 2644 Dei
1401 2594 1564 2647 veStri
1593 2604 1851 2664 quantum
1902 2612 2029 2665 pro-

431 2674 590 2730 desse
622 2680 789 2745 possit
820 2678 871 2731 iu
917 2680 1105 2751 gratia,
1139 2682 1281 2752 quod
1300 2693 1507 2740 tantum
1538 2687 1736 2756 profuit
1757 2691 1810 2743 in
1832 2688 2024 2761 figura.

430 2766 755 2824 Referuntur
784 2771 852 2825 ad
892 2784 1197 2845 serpentem
1221 2791 1344 2832 cum
1381 2778 1617 2833 remedio
1646 2779 1919 2849 aSpexisse
1939 2797 2026 2837 re.

426 2856 687 2914 dimendi.
713 2861 985 2929 Quantum
1017 2866 1286 2924 salubrius
1307 2869 1430 2939 erit,
1454 2872 1500 2927 si
1528 2871 1596 2928 ad
1620 2871 1890 2930 Christum
1938 2888 2025 2932 re-

426 2951 657 3022 spiciant
682 2953 793 3025 jam
826 2956 1117 3032 redempti!

1014 3094 1299 3153 HOMILIA
1326 3096 1417 3157 IlI.

1022 3210 1101 3268 De
1142 3212 1417 3273 Paschate.

491 3343 754 3403 ﬂodierni
802 3345 907 3403 diei
962 3359 1309 3405 sacrosancta
1368 3350 1683 3407 solemnitas
1710 3392 1727 3420 ,
1759 3350 2023 3410 Hebraice

399 3433 613 3510 "phase,
644 3442 835 3497 Graece
864 3443 1084 3512 pascha,
1113 3444 1301 3500 Latine
1331 3446 1587 3500 transitus
1617 3447 2020 3514 interpretatur.

419 3531 535 3586 Hoc
560 3532 970 3588 celebraverunt
990 3534 1162 3589 Judaei
1196 3547 1315 3606 post
1337 3537 1555 3611 longum
1584 3537 1911 3607 captivitatis
1931 3539 2020 3609 ju-

418 3637 543 3693 gum
576 3638 641 3678 ex
668 3625 901 3696 ASgypto
924 3626 1261 3683 recedentes.
1291 3626 1433 3684 Ecce
1464 3628 1623 3682 etiam
1667 3643 1811 3683 nunc
1852 3646 2022 3702 popu-

417 3718 528 3772 lum
556 3719 647 3775 Dei
673 3718 985 3786 liberatum;
1018 3737 1145 3778 ecce
1172 3723 1366 3778 iterum
1398 3723 1563 3793 phase
1600 3724 1797 3795 agitur,
1824 3727 2019 3783 iterum

419 3812 681 3867 transitus
707 3811 1031 3868 celebratur.
1066 3815 1350 3881 Quomodo
1380 3817 1569 3870 iterum
1594 3820 1852 3874 transitus
1877 3821 2019 3875 cele-

419 3903 640 3961 bratur?
670 3907 813 3963 idem
840 3910 907 3963 de
936 3911 1198 3966 servitute
1235 3910 1304 3966 ad
1350 3912 1678 3980 libertatem,
1706 3915 1774 3970 de
1823 3916 2019 3988 iniqui-

416 4005 529 4052 tate
555 3997 625 4053 ad
663 4001 957 4068 justitiam,
982 4003 1048 4057 de
1074 4004 1229 4072 culpa
1272 4002 1339 4058 ad
1370 4008 1620 4075 gratiam,
1654 4006 1723 4061 de
1749 4019 1922 4063 morte
1946 4008 2016 4063 ad

417 4090 582 4147 vitam
611 4109 709 4163 per
741 4095 1015 4151 salutifera
1051 4097 1249 4151 ﬂuenta
1290 4099 1566 4154 transitur.
1616 4100 1773 4154 Potes
1819 4102 2015 4156 iterum

417 4187 612 4241 excelsi
635 4187 841 4243 brachii
872 4189 1088 4258 antiqua
1138 4189 1308 4243 Rubri
1354 4191 1519 4244 maris
1566 4205 1821 4246 exercere
1850 4193 2014 4247 mira-

417 4277 555 4328 cula.
611 4276 910 4346 Ingreditur
953 4282 1130 4334 anima
1160 4282 1351 4334 vitales
1402 4281 1607 4346 undas,
1635 4285 1779 4337 velut
1823 4284 2013 4339 rubras

414 4364 611 4422 Christi
643 4371 905 4442 sanguine
955 4380 1320 4427 consecratas.
1369 4373 1672 4443 Ingreditur
1722 4376 2013 4432 mortiferis

413 4462 572 4532 plena
615 4464 835 4530 debitis,
868 4467 1025 4534 paulo
1074 4477 1195 4535 post
1245 4468 1491 4522 felicibus
1545 4478 1880 4537 peccatorum
1930 4472 2014 4528 di-

2052 3139 2100 3206 C

2140 1857 2497 1927 progenitum.
2532 1858 2670 1913 Ecce
2694 1873 2833 1912 nunc
2866 1860 3333 1929 peregrinantibus
3366 1872 3571 1916 natura:
3601 1862 3749 1931 legi-

2139 1948 2241 2003 bus
2269 1990 2284 2015 ,
2316 1950 2612 2005 innumerae
2654 1966 2750 2019 per
2777 1966 2991 2005 omnem
3037 1960 3233 2005 terram
3275 1953 3645 2008 multitudines
3671 1954 3750 2010 de

2138 2040 2256 2095 solo
2278 2040 2397 2096 sinu
2432 2041 2593 2096 fontis
2625 2052 2877 2112 tanquam
2913 2051 3065 2109 partu
3111 2044 3335 2115 virginis
3364 2056 3744 2113 procreantur.

2138 2134 2377 2191 Gaudeat
2397 2134 2594 2189 Christi
2614 2136 2870 2201 Ecclesia,
2894 2150 3012 2204 qua:
3033 2135 3101 2189 ad
3124 2137 3536 2193 similitudinem
3562 2140 3745 2195 beata:

2135 2227 2315 2283 Maria:
2337 2238 2523 2283 sancto
2551 2230 2750 2296 Spiritu
2799 2239 3059 2297 operante
3085 2230 3311 2296 ditatur,
3343 2243 3399 2285 et
3427 2242 3603 2287 mater
3646 2233 3741 2287 di-

2137 2322 2277 2376 vinas
2316 2323 2483 2392 prolis
2530 2321 2786 2376 efficitur.
2837 2320 3027 2375 Cesset
3070 2336 3199 2391 ergo
3233 2323 3527 2377 inﬁdelium
3560 2340 3742 2380 caecus

2134 2429 2289 2469 error
2319 2428 2584 2482 asserere,
2619 2413 2764 2485 quod
2794 2414 2987 2467 femina
3014 2429 3133 2483 qua:
3159 2416 3276 2470 sine
3298 2417 3415 2470 viro
3443 2416 3611 2469 lilium
3643 2432 3741 2485 po-

2134 2509 2237 2563 tuit
2267 2524 2477 2579 parere,
2503 2510 2657 2580 virgo
2686 2523 2790 2562 non
2823 2509 2997 2578 potuit
3021 2524 3358 2577 permanere.
3388 2510 3533 2566 Ecce
3560 2528 3741 2581 quan-

2135 2610 2221 2657 tos
2246 2610 2301 2657 et
2328 2612 2649 2673 quantorum
2700 2601 2896 2655 fratres
2926 2603 3029 2656 sub
3060 2617 3163 2655 una
3196 2611 3353 2656 nocte
3383 2604 3538 2658 nobis
3563 2602 3739 2663 edidit

2133 2695 2357 2752 fecunda
2386 2694 2455 2749 de
2475 2695 2596 2749 sinu
2626 2694 2945 2764 integritatis
2971 2695 3213 2749 Ecclesia
3243 2703 3414 2750 mater
3437 2706 3490 2750 et
3510 2711 3734 2765 sponsa.

2132 2786 2413 2842 Mirabaris
2444 2785 2601 2854 paulo
2630 2794 2757 2839 ante
2779 2784 2847 2839 de
2871 2785 3272 2851 incorruptione
3298 2798 3611 2842 nascentem
3636 2786 3737 2843 ho-

2130 2879 2334 2934 minem
2365 2893 2379 2931 :
2422 2878 2623 2931 mirare
2654 2890 2815 2942 nunc,
2852 2876 2996 2945 quod
3036 2892 3144 2932 non
3169 2878 3346 2933 minus
3393 2895 3587 2936 novum
3626 2889 3733 2950 est,

2132 2972 2294 3025 etiam
2324 2979 2723 3025 renascentem.
2772 2967 3127 3023 Conferamus
3172 2970 3217 3024 si
3259 2972 3433 3041 placet
3470 2972 3568 3027 has
3594 2972 3734 3029 duas

2132 3072 2355 3128 matres,
2379 3071 2434 3117 et
2456 3062 2737 3132 utriusque
2757 3062 3033 3130 generatio
3062 3061 3223 3117 ﬁdem
3253 3075 3491 3119 nostram
3522 3067 3576 3121 in
3596 3067 3731 3123 alte-

2130 3166 2280 3213 rutra
2302 3154 2695 3211 corroborabit.
2723 3155 2942 3209 Mariam
2986 3165 3195 3210 secreto
3235 3157 3479 3226 implevit
3526 3159 3723 3228 illapsu

2130 3252 2298 3306 sancti
2323 3248 2558 3319 Spiritus
2583 3248 2946 3314 obumbratio,
2970 3257 3024 3303 et
3053 3249 3351 3305 Ecclesiam
3379 3251 3435 3306 in
3466 3250 3614 3307 fonte
3634 3252 3729 3307 be-

2128 3346 2342 3400 nedicto
2372 3342 2545 3399 sancti
2569 3342 2800 3412 Spiritus
2824 3343 3094 3397 maritavit
3118 3343 3337 3398 infusio.
3367 3345 3532 3400 Maria
3556 3344 3726 3402 tilium

2126 3439 2244 3495 sine
2292 3446 2515 3508 peccato
2558 3436 2772 3506 genuit,
2800 3444 2854 3489 et
2893 3436 3131 3490 Ecclesia
3184 3434 3239 3489 in
3268 3435 3352 3489 liis
3399 3452 3535 3507 quos
3560 3452 3728 3506 gene-

2124 3531 2264 3585 ravit
2313 3536 2532 3600 peccata
2580 3527 2931 3596 consumpsit.
2984 3527 3086 3581 Per
3142 3527 3364 3582 Mariam
3410 3539 3592 3583 natum
3643 3537 3726 3586 est

2124 3624 2268 3696 quod
2295 3625 2349 3677 in
2378 3621 2638 3693 principio
2673 3630 2811 3684 erat,
2848 3635 2940 3689 per
2972 3619 3267 3675 Ecclesium
3302 3634 3550 3676 renatum
3580 3621 3722 3692 quod

2122 3716 2178 3772 in
2210 3716 2475 3786 principio
2534 3713 2790 3785 perierat.
2843 3712 2935 3767 Illa
2989 3712 3231 3783 plurimis
3272 3716 3574 3785 generavit,
3606 3716 3720 3772 hac

2123 3808 2374 3879 populos.
2426 3807 2538 3874 llla,
2571 3816 2629 3861 ut
2658 3805 2937 3870 novimus,
2968 3807 3119 3878 virgo
3173 3821 3497 3875 permanens
3550 3808 3715 3864 semel

2121 3907 2331 3975 peperit
2358 3900 2548 3968 ﬁlium,
2582 3898 2697 3954 haec
2720 3912 2934 3968 semper
2976 3901 3114 3967 parit
3144 3912 3239 3967 per
3266 3899 3527 3967 virginem
3556 3913 3715 3969 spon-

2120 4010 2263 4052 sum.
2294 3994 2448 4062 Quod
2474 4008 2604 4064 ergo
2636 3993 2859 4063 putabas
2884 4006 2914 4044 a
2936 3991 3151 4044 saeculis
3189 3989 3459 4060 singulare
3485 3991 3712 4045 miracu-

2120 4092 2254 4156 lum,
2279 4091 2388 4159 jam
2420 4102 2614 4143 munus
2644 4101 2880 4140 annuum
2909 4098 3253 4154 recognosce.
3285 4081 3342 4139 Si
3380 4093 3713 4139 resurrectu-

2120 4201 2239 4240 rum
2262 4198 2387 4240 esse
2414 4191 2465 4236 te
2484 4181 2723 4246 dubitas,
2746 4177 2945 4232 mirare
2965 4179 3019 4231 in
3046 4188 3096 4232 te
3122 4177 3347 4244 prolem,
3373 4191 3535 4246 quam
3560 4175 3714 4246 paulo

2120 4286 2245 4334 ante
2272 4290 2502 4332 noveras
2528 4275 2719 4327 mortis
2751 4270 3043 4326 hzeredem.
3079 4268 3180 4329 Ubi
3223 4278 3348 4324 sunt
3395 4269 3487 4338 qui
3530 4267 3715 4323 dicunt

2119 4388 2243 4428 esse
2264 4369 2503 4441 genesim
2528 4368 2607 4420 vel
2634 4366 2820 4428 fatum,
2854 4378 2950 4432 per
2973 4360 3118 4432 quod
3151 4362 3204 4414 in
3234 4369 3511 4430 peccatum
3538 4370 3713 4415 trans.

2120 4465 2199 4520 ire
2229 4476 2353 4534 pars
2390 4459 2666 4516 hominum
2698 4456 2930 4511 violenta
2960 4452 3282 4510 necessitate
3311 4452 3569 4524 cogatur?
3612 4452 3712 4508 Ubi

414 4555 573 4608 tanda
617 4556 927 4623 naufragiis.
961 4556 1018 4609 ιη
1066 4572 1177 4610 uno
1217 4558 1519 4626 eodemque
1561 4560 1718 4615 undae
1762 4562 2011 4619 salutaris
2039 4524 2094 4585 Β
2118 4566 2243 4613 sunt
2274 4554 2364 4625 qui
2394 4553 2581 4608 dicunt
2618 4564 2739 4607 esse
2761 4548 2989 4616 animas,
3024 4560 3147 4616 quae
3200 4561 3320 4600 cum
3369 4545 3713 4599 damnatione

415 4648 685 4701 elemento
709 4687 724 4711 ,
759 4657 1012 4716 tanquam
1064 4647 1349 4720 ngyptius
1403 4663 1655 4719 peccator
1696 4654 1856 4721 perit,
1889 4662 2007 4709 tan-

414 4754 575 4808 quam
606 4737 1086 4807 Hebrzeusjusiitia
1115 4748 1224 4793 tota
1257 4745 1571 4808 permansit.
1599 4743 1742 4797 Reus
1761 4743 2005 4816 diluitur,

411 4832 892 4899 reatus_aboletur.
915 4832 1045 4888 Mira
1073 4833 1287 4889 Domini
1314 4835 1624 4900 clementia,
1654 4851 1774 4906 qua:
1801 4838 2010 4894 irrevo-

411 4925 583 4982 cabile
611 4928 811 4993 scelus,
841 4937 897 4983 et
944 4928 1168 4983 infectas
1221 4930 1507 4983 criminum
1540 4934 1799 4999 maculas,
1831 4932 1899 4987 ad
1926 4935 2011 4989 in-

410 5020 607 5077 feCtum
638 5035 877 5090 revocat,
904 5033 957 5077 et
980 5034 1316 5092 peccatorem
1343 5034 1564 5093 peccato
1587 5027 1851 5083 moriente
1875 5029 2006 5084 vivi-

410 5115 551 5166 tit-at.
584 5114 720 5169 Ecce
760 5114 922 5167 homo
950 5115 1095 5170 fonte
1138 5116 1497 5187 demergitur,
1531 5127 1585 5173 et
1628 5121 1744 5174 sola
1793 5131 2005 5179 secreto

409 5218 630 5258 munere
663 5204 894 5258 hominis
944 5205 1095 5274 culpa
1127 5206 1431 5262 damnatur.
1481 5207 1816 5265 Criminosus
1846 5212 2004 5283 tingi-

408 5304 513 5355 tur,
547 5304 603 5349 et
631 5298 802 5351 solum
833 5296 1037 5352 crimen
1070 5302 1448 5370 exstinguitur.
1483 5300 1601 5370 Quo
1635 5318 1833 5374 genere
1878 5320 2003 5374 pro—

406 5388 682 5459 pheticum
707 5391 839 5445 illud
864 5391 1114 5460 impletur
1134 5394 1409 5448 oraculum
1440 5410 1452 5446 :
1480 5391 1547 5447 Et
1567 5396 1787 5463 aperuit,
1808 5397 2000 5464 inquit,

405 5499 545 5553 aqua
590 5484 891 5538 tribulantes
940 5503 1061 5553 eos;
1099 5497 1145 5540 et
1191 5504 1323 5541 unus
1376 5504 1440 5542 ea:
1487 5489 1558 5543 eis
1608 5503 1712 5542 non
1758 5488 2005 5543 remansit

410 5573 585 5647 (Prol.
616 5577 693 5643 κ).
729 5576 878 5631 Unus
907 5594 971 5633 ex
1003 5578 1108 5633 illis
1135 5578 1187 5632 id
1217 5580 1431 5635 unicum
1478 5596 1543 5635 ac
1595 5581 1829 5649 primum
1871 5579 2002 5634 illud

405 5668 668 5738 originale
696 5667 936 5724 debitum
992 5672 1130 5726 sacri
1181 5671 1343 5727 fontis
1388 5675 1527 5728 unda
1571 5674 1834 5727 vacuavit.
1868 5671 2005 5726 Illud

406 5762 675 5835 singulare
696 5765 953 5822 delictum
980 5767 1139 5838 primi
1164 5769 1404 5839 parentis
1433 5754 1730 5823 interemit.
1756 5766 2004 5824 Ostendit

2116 4660 2257 4706 natae
2289 4648 2357 4703 ad
2387 4659 2613 4702 mortem
2642 4652 2871 4715 cogente
2899 4641 3057 4697 malae
3096 4648 3304 4696 natura:
3354 4638 3713 4707 praelinitione

2114 4742 2428 4814 rapiantur?
2452 4739 2567 4795 Jam
2596 4738 2827 4808 primum
2856 4734 2903 4790 si
2934 4737 3004 4789 ita
3027 4742 3130 4801 est,
3154 4745 3321 4803 quare
3344 4730 3516 4785 malos
3534 4737 3593 4783 et
3613 4726 3711 4781 hu-

2115 4852 2275 4895 mana
2307 4837 2393 4891 lex
2422 4844 2475 4890 et
2503 4833 2689 4888 divina
2734 4829 3081 4893 condemnat,
3110 4826 3211 4880 nisi
3241 4824 3365 4894 quia
3395 4821 3585 4876 vitium
3614 4835 3710 4876 vo-

2116 4930 2339 4986 luntatis
2364 4928 2419 4983 in
2448 4927 2600 4996 culpa
2621 4924 2739 4979 est?
2769 4922 2982 4978 Justitia
3022 4918 3165 4974 enim
3202 4933 3313 4973 non
3348 4916 3533 4987 punit,
3563 4913 3705 4984 quod

2116 5032 2309 5080 natura
2340 5020 2637 5091 compellit.
2662 5016 2771 5073 Sed
2796 5023 2934 5071 esto.
2962 5012 3170 5083 Aliquis
3208 5012 3499 5082 deputatus
3546 5008 3711 5064 fuerit

2114 5118 2425 5194 perditioni,
2448 5114 2792 5186 praeiudicata
2811 5119 2958 5167 sorte
2976 5106 3251 5163 nascendi.
3272 5107 3407 5160 Ecce
3426 5100 3710 5160 descendi-

2113 5222 2199 5269 tur
2221 5215 2273 5268 in
2298 5212 2496 5265 fontem
2525 5216 2778 5277 tanquam
2808 5204 2864 5259 in
2893 5201 3221 5272 sepulcrum.
3254 5196 3428 5253 Etiam
3449 5198 3496 5251 si
3523 5209 3707 5250 macu-

2113 5308 2218 5362 lata
2251 5304 2439 5359 fuisset
2465 5310 2678 5366 natura,
2709 5298 2892 5367 utique
2919 5294 3225 5351 evanuisset
3245 5291 3300 5345 in
3325 5289 3572 5345 nihilum.
3602 5289 3706 5342 Ac-

2113 5398 2344 5467 cepisset
2370 5392 2610 5450 deterior
2637 5391 2790 5462 origo
2831 5390 3141 5453 terminum,
3164 5383 3285 5455 quia
3316 5381 3563 5439 sumebat
3588 5393 3704 5434 me-

2108 5492 2214 5546 lior
2245 5489 2351 5544 vita
2385 5486 2723 5559 principium.
2749 5483 2845 5539 Hic
2878 5483 2989 5552 jam
3016 5480 3264 5535 videmus
3301 5473 3574 5547 quomodo
3602 5486 3701 5528 nos

2110 5583 2252 5637 Deus
2283 5588 2464 5637 noster
2488 5579 2557 5634 de
2600 5592 2761 5633 manu
2813 5574 3028 5631 redimit
3068 5570 3294 5641 inimici.
3342 5567 3510 5624 Totus
3537 5567 3705 5621 homo

2109 5674 2348 5740 diluitur,
2367 5673 2684 5737 absolvitur,
2711 5670 3020 5723 innovatur.
3040 5666 3175 5721 Cum
3197 5662 3402 5717 venerit
3426 5657 3698 5725 diabolus,

2106 5765 2215 5834 jam
2263 5779 2369 5821 non
2394 5764 2635 5835 agnoscit
2664 5775 2841 5827 suum,
2872 5774 3034 5829 quem
3059 5755 3341 5815 exinanita
3368 5762 3425 5809 et
3450 5747 3700 5820 exposita
