4078 6440
591 229 723 286 1051

1642 222 1703 278 S.
1739 219 2026 276 C/ESARII
2067 170 2790 296 ΕριεοξΑιιειιιΤΕΝειε

3705 225 3866 302 tos:

590 340 798 394 Pharao
834 334 1032 406 (Exod.
1065 335 1129 402 ι),
1162 346 1407 401 premens
1438 332 1690 401 populum
1746 333 1859 398 Dei,
1913 330 2161 386 inimicus
2186 333 2242 391 Α
2268 330 2352 383 nis
2383 342 2675 385 coronatus
2725 340 2830 386 est.
2863 330 3019 398 Quod
3067 345 3196 406 vero
3243 334 3497 390 coccinea
3524 335 3753 404 induas
3783 359 3868 403 εει

587 432 817 500 spiritui,
846 430 1045 482 amicus
1070 427 1238 492 carui,
1282 424 1616 479 fortitudines
1660 425 2000 494 prmfocabat,
2032 438 2162 478 con-

587 523 937 591 cupiscentias
983 519 1301 574 invertebat.
1334 517 1574 592 Mortuus
1625 532 1752 585 ergo
1799 526 1879 570 est
1921 516 2160 568 Christus

589 625 803 682 propter
827 613 1128 681 iniquitates
1159 620 1390 672 nostras,
1433 620 1489 663 et
1525 611 1662 662 sicut
1693 611 1807 661 ovis
1838 610 1902 660 ad
1933 609 2161 661 occisio-

589 719 712 757 nem
739 704 929 756 ductus
982 711 1082 765 est,
1125 709 1180 755 et
1205 701 1343 754 sicut
1373 715 1542 767 agnus
1573 714 1753 753 coram
1797 701 2046 751 tondente
2102 713 2160 751 se

581 796 702 848 sine
730 809 876 860 \joce,
902 793 976 847 sic
1005 809 1110 848 non
1138 798 1424 861 aperuitos
1449 808 1628 846 suum.
1656 793 1749 846 llic
1769 800 1854 846 est
1875 792 1962 844 ille
1989 806 2159 859 agnus

585 901 744 954 quem
791 883 846 940 in
896 900 996 938 una
1028 884 1186 942 domo
1215 883 1499 940 comedere
1545 898 1610 938 ex
1657 884 1773 952 lege
1822 883 2160 951 praecipiuntur

584 975 778 1046 (Exod.
807 976 922 1044 xu),
956 978 1242 1030 succinctis
1271 977 1466 1029 lumbis
1489 977 1708 1032 nostris.
1743 978 2036 1030 Comedere
2065 991 2159 1027 au-

582 1075 686 1120 tem
718 1083 836 1120 eum
873 1067 1112 1134 pedibus.
1159 1068 1298 1133 Quid
1327 1081 1405 1122 est
1435 1070 1486 1122 in
1533 1085 1636 1124 una
1662 1069 1863 1124 domo?
1905 1069 1958 1123 id
1991 1080 2072 1124 est
2102 1072 2154 1123 in

584 1160 787 1211 unitate
835 1159 1087 1210 Ecclesiae
1142 1159 1393 1227 jubemur
1443 1176 1631 1216 carnes
1689 1161 1804 1231 l'jlls
1860 1176 2150 1216 assumere.

584 1251 765 1303 Ariani
818 1264 946 1317 ergo
993 1261 1044 1304 et
1091 1252 1314 1305 diversa:
1361 1253 1727 1307 haereticorum
1760 1255 2152 1319 perversitates,

580 1357 684 1396 non
717 1345 765 1394 in
796 1360 895 1397 una
930 1345 1077 1398 illum
1104 1346 1387 1398 comedunt
1425 1345 1603 1399 domo.
1637 1349 1786 1412 Quod
1836 1347 1978 1411 ideo,
2014 1349 2154 1400 sicut

581 1436 632 1489 in
657 1437 855 1490 diluvio
879 1453 980 1491 noo
1016 1440 1247 1491 ›31ι’31ιις
1273 1451 1374 1505 est,
1408 1441 1506 1493 nisi
1531 1443 1614 1507 qui
1655 1453 1788 1493 inter
1818 1454 1996 1492 art-am
2045 1441 2154 1494 Noe

581 1529 677 1582 fuit
709 1533 978 1596 inventus,
1015 1533 1081 1585 ita
1111 1534 1334 1586 diversa}
1365 1534 1482 1586 lidei
1516 1533 1757 1586 homines
1786 1543 1933 1586 extra
1970 1533 2152 1586 Eri-Ie-

578 1621 670 1674 sia,-
698 1623 912 1675 domum
946 1641 1046 1677 non
1083 1625 1338 1679 habentes
1388 1642 1598 1692 aenum,
1643 1625 1731 1694 qui
1778 1634 1861 1678 est
1884 1623 2147 1688 Christus,

2265 419 2568 490 chlamyde,
2599 422 2649 474 in
2675 423 2910 474 'umenta
2936 419 3136 477 Christi
3161 427 3345 479 merita
3369 438 3680 483 sanctorum
3705 447 3863 490 sunt.

2264 512 2378 566 .lam
2407 524 2528 567 tunc
2557 514 2733 581 itaque
2759 521 3053 584 martyrum
3085 520 3344 582 sanguine
3374 522 3425 571 in
3456 520 3548 574 illo
3579 527 3730 576 cocci
3768 541 3861 578 co-

2264 604 2378 657 lore
2402 605 2753 671 perfunditur.
2789 605 2938 671 Quod
2981 618 3156 660 autem
3186 607 3356 662 Iudici
3388 625 3658 679 purpurea
3698 615 3861 667 chla-

2263 694 2403 746 mide
2447 693 2684 747 indutum
2735 693 2874 748 ﬂexo
2908 694 3134 748 adorant
3172 712 3332 763 genu,
3367 701 3564 752 vellent
3605 703 3850 769 nollent,

2259 795 2439 850 regem
2473 783 2617 834 illttm
2662 792 2716 836 et
2767 783 3049 836 Domitium
3080 785 3618 853 conlitenturXQuod
3668 801 3857 845 autem

2264 875 2313 926 in
2345 889 2501 928 crure
2527 874 2662 927 dixit
2695 875 2825 927 Sitio
2855 873 3038 945 (Joan.
3084 881 3218 941 xix),
3245 876 3402 930 fidem
3431 877 3484 931 in
3517 880 3633 932 suis
3669 884 3857 948 requi-

2259 966 2426 1018 rebat.
2453 968 2552 1020 Sed
2586 969 2706 1031 quia
2731 967 2784 1018 in
2818 967 3028 1036 propria
3058 967 3218 1030 venit,
3252 978 3299 1020 et
3339 970 3419 1021 sui
3465 986 3581 1022 eum
3623 973 3857 1039 recipere

2263 1057 2536 1110 uoluerunt
2566 1056 2744 1126 (Joau.
2779 1056 2844 1124 ι),
2889 1071 2982 1125 pro
3011 1063 3272 1112 siiaviiate
3319 1059 3444 1112 fidei
3479 1062 3533 1113 ei
3567 1061 3855 1128 perﬁdiam

2260 1151 2569 1216 prOpinavei
2586 1157 2700 1200 unt.
2723 1147 3013 1215 Porrigitur
3031 1157 3238 1202 acetum
3261 1143 3497 1215 malitiae,
3515 1154 3646 1216 quia
3667 1154 3854 1205 vinum

2257 1239 2532 1307 sapientia:
2561 1239 2700 1306 quod
2733 1251 2761 1290 a
2805 1239 3022 1292 Christo
3061 1250 3378 1306 acceperant
3411 1243 3695 1308 peccando
3733 1256 3854 1309 per-

2257 1331 2521 1382 diderant.
2557 1330 2775 1382 l’tttallll'
2797 1331 3088 1382 acerbitate
3110 1331 3371 1384 tnalorum
3398 1342 3742 1394 nostrorum,
3765 1333 3855 1383 da-

2257 1432 2409 1475 turus
2463 1419 2799 1473 dulcedinem
2855 1421 3116 1474 bonorum
3160 1437 3405 1474 suorum.
3451 1422 3560 1476 Sed
3605 1432 3668 1475 et
3713 1438 3852 1476 nunc

2253 1515 2492 1583 quotidie
2518 1513 2731 1582 quando
2761 1515 2996 1578 peccatis
3041 1513 3422 1575 contristatur,
3446 1516 3850 1578 exacerbatur,

2255 1607 2398 1659 aceti
2433 1604 2829 1679 quodammodo
2858 1605 2931 1656 illi
2965 1615 3119 1670 potus
3139 1617 3193 1658 et
3213 1606 3365 1657 cibus
3391 1607 3524 1658 leihs
3557 1607 3848 1672 ingeritur.

577 1714 704 1764 salvi
729 1727 848 1767 esse
879 1731 980 1769 non
1011 1731 1251 1784 possunt.
1277 1717 1428 1783 Quod
1479 1733 1603 1767 vero
1657 1715 1814 1784 hujus
1843 1717 1963 1784 agni
1991 1727 2142 1781 caput

2255 1697 2440 1750 V'elum
2465 1696 2643 1764 temph
2669 1695 2928 1748 scinditur
2951 1694 3164 1763 (Matth.
3191 1711 3368 1759 xxv";
3412 1693 3582 1750 Herc.
3601 1713 3668 1747 ιι
3686 1701 3728 1759 ).
3753 1695 3849 1748 Vc-

576 1818 692 1854 cum
729 1805 953 1870 pedibus
1003 1807 1282 1861 conn-dere
1329 1823 1425 1860 nos
1472 1808 1666 1862 debere
1694 1808 1965 1876 Scriptura
1997 1825 2148 1862 com-

577 1907 858 1958 memorat,
894 1899 990 1952 hoc
1021 1911 1135 1966 est,
1182 1910 1235 1953 ut
1270 1901 1433 1954 Deum
1467 1911 1521 1955 et
1567 1902 1829 1956 hominem
1864 1904 1973 1972 pari
2018 1919 2146 1956 cou-

575 1992 808 2050 lessione
832 2012 1165 2054 veneremur.
1193 1999 1366 2064 Caput
1387 2002 1710 2070 accipiamus
1735 2002 1800 2055 de
1821 2020 1884 2056 eo
1909 2003 2051 2072 quod
2073 2003 2146 2058 di-

575 2094 644 2145 cit
678 2093 736 2145 Β.
781 2092 1013 2149 Joannes
1039 2135 1054 2159 ,
1103 2095 1168 2148 In
1195 2098 1444 2164 principio
1474 2107 1582 2151 erat
1623 2097 1836 2150 Verbum
1869 2098 2048 2166 (Joan.
2082 2103 2141 2167 I).

577 2183 746 2236 Pedes
772 2167 898 2238 vero
928 2185 993 2236 de
1021 2201 1085 2239 eo
1132 2169 1268 2252 quod
1305 2189 1588 2255 Apostolus
1632 2191 1814 2242 scribit
1845 2207 1860 2242 :
1893 2191 2145 2259 Semeti‘p-

573 2275 979 2344 sumcxinanivit
1001 2278 1216 2346 formam
1237 2281 1363 2332 servi
1387 2281 1658 2347 accipiens,
1692 2282 1741 2332 in
1763 2281 2141 2335 similitudinem

571 2361 786 2418 hominis
813 2367 998 2434 factus,
1031 2377 1077 2420 et
1104 2369 1275 2420 habitu
1299 2370 1527 2423 inventus
1554 2381 1606 2424 ut
1631 2371 1780 2425 homo
1812 2371 2028 2440 iRliilip.
2056 2378 2138 2440 ιι).

570 2454 637 2507 Ει
660 2459 824 2532 factus
847 2474 909 2510 ea:
935 2459 1159 2523 muliere,
1192 2461 1357 2530 factus
1382 2464 1471 2514 sub
1503 2465 1608 2533 lege
1632 2462 1825 2533 (Cu/al.
1851 2464 1948 2532 tv).
1974 2470 2143 2534 Upor-

563 2531 644 2626 let
669 2561 792 2626 ergo
816 2557 871 2600 ιιι
899 2551 1051 2616 hujus
1084 2553 1248 2606 nostri
1274 2555 1393 2622 agni
1417 2556 1663 2608 carnibus
1691 2557 1975 2610 succinctis
2003 2557 2140 2612 lum-

561 2623 670 2704 bis,
706 2623 890 2704 idest,
917 2641 1255 2720 mortiﬁcatis
1283 2644 1584 2698 carnalibus
1616 2645 1989 2720 passionibus,
2019 2662 2137 2701 cum

568 2746 771 2785 summa
802 2734 980 2816 cordis
1027 2746 1078 2789 et
1114 2739 1357 2804 corporis
1386 2739 1612 2804 puritate
1642 2752 1938 2795 vescamur.
1967 2719 2141 2808 Caput

567 2837 684 2902 cum
712 2824 1026 2906 pedibus,
1056 2840 1159 2890 est,
1193 2839 1245 2884 et
1265 2845 1326 2882 ex
1358 2830 1464 2884 Deo
1485 2833 1720 2898 genitum
1756 2831 2062 2895 credamus,
2087 2843 2140 2886 et

566 2899 630 2968 ex
662 2899 874 2969 homine
905 2899 1256 2984 procreatum.
1293 2920 1442 2985 Quod
1486 2935 1664 2975 autem
1705 2923 1812 2976 dixi
1844 2933 1897 2976 et
1924 2939 1984 2975 ex
2033 2925 2137 2978 Deo

566 3006 825 3074 genitum,
857 3009 992 3063 forte
1039 3011 1146 3064 sint
1175 3012 1334 3082 aliqui
1367 3013 1432 3066 de
1484 3013 1657 3068 minus
1686 3015 1911 3070 eruditis
1932 3017 2021 3084 qui
2050 3016 2133 3070 div

568 3105 690 3149 cant
724 3085 774 3150 in
807 3099 970 3153 corde
1012 3114 1108 3153 suo
1138 3119 1150 3152 :
1183 3101 1460 3169 Quomodo
1494 3106 1629 3160 Dens
1680 3107 1868 3160 Filium
1900 3108 2128 3176 genuit?
2161 3088 2208 3152 ο

567 3184 705 3239 Nihil
742 3189 824 3242 hic
849 3204 1163 3260 corporeum
1197 3194 1509 3261 cogitemus.
1541 3197 1673 3262 Quid
1707 3209 1785 3251 est
1825 3202 1964 3252 enim
2002 3201 2139 3254 Deus

567 3276 733 3331 Deum
766 3282 967 3354 genuit,
999 3283 1098 3336 nisi
1130 3283 1198 3337 de
1225 3285 1342 3350 igne
1373 3288 1506 3353 ignis
1532 3290 1898 3357 apparuit,qu
1930 3292 1994 3346 de
2024 3294 2138 3348 luce

568 3375 866 3440 processit?
893 3375 1030 3443 Ergo
1064 3388 1275 3445 propter
1306 3380 1515 3448 aliquos
1539 3385 1624 3450 qui
1656 3384 1788 3437 tardi
1821 3396 1942 3439 sunt
1971 3386 2033 3439 ad
2064 3389 2144 3440 in-

566 3465 932 3544 telligendum.
966 3467 1192 3535 aliquam
1237 3468 1342 3536 iam
1390 3473 1620 3539 speciem
1654 3473 1738 3526 vel
1787 3479 2140 3542 comparatio-

559 3543 688 3607 :nem
715 3556 780 3608 de
809 3543 1036 3611 terrenis
1058 3575 1119 3612 ac
1151 3561 1445 3616 visibilihus
1471 3580 1823 3620 assumamus.
1857 3567 2007 3621 \‘etbi
2032 3584 2140 3642 gra-

559 3635 636 3702 tia
670 3663 687 3703 :
719 3649 761 3702 si
791 3649 994 3718 lampas
1020 3651 1342 3705 accendatur
1365 3669 1427 3707 ex
1461 3653 1720 3723 lampade,
1746 3659 1787 3709 si
1818 3673 1916 3710 una
1949 3635 2137 3712 illumi-

563 3729 808 3820 natur'lex
833 3745 956 3822 alia,
991 3761 1095 3799 non
1128 3746 1220 3800 tibi
1253 3749 1462 3803 videtur
1500 3747 1710 3804 ﬂamma
1746 3753 2138 3821 quodammodo

562 3832 828 3888 ﬂaiiimam
878 3836 1175 3916 parturiens
1246 3837 1583 3916 Splendorem
1635 3841 1703 3894 de
1733 3842 2018 3912 splendore
2048 3859 2140 3916 ge-

563 3930 908 3984 nuisse?Non
950 3930 1042 3985 tibi
1085 3931 1289 4008 videtur
1322 3933 1680 3990 intestimabili
1721 3940 1931 3992 ratione
1957 3949 2136 4012 natum

563 4018 725 4075 fuisse
757 4021 932 4076 lumen
965 4039 1030 4077 ex
1059 4025 1298 4080 lumine?
1341 4026 1490 4093 Quod
1531 4044 1648 4082 cum
1683 4032 1748 4083 de
1797 4030 2040 4100 lampade
2071 4035 2136 4088 ad

567 4111 862 4182 lampadem
896 4116 1262 4196 transferatur,
1299 4118 1420 4172 licet
1444 4119 1560 4173 dum
1586 4121 1854 4192 lampades
1877 4125 2136 4193 ardeant,

562 4213 738 4259 tamen
769 4207 857 4260 ille
881 4207 1014 4284 ignis
1040 4209 1152 4276 ipse
1178 4219 1258 4263 e~t
1281 4212 1461 4280 utique
1492 4213 1542 4264 in
1571 4215 1825 4280 seciinda,
1849 4217 1935 4283 qui
1960 4220 2139 4286 Splen-

560 4295 720 4350 debat
747 4299 798 4362 in
824 4303 1012 4368 prima.
1041 4301 1283 4378 Nunquid
1309 4304 1373 4358 de
1399 4303 1582 4377 nihilo,
1602 4315 1692 4359 aut
1713 4309 1778 4359 de
1802 4307 1977 4384 aliquo
2001 4324 2136 4374 novo

561 4390 710 4468 initio
741 4393 907 4445 factus
948 4400 1028 4445 est
1057 4393 1146 4446 ille
1190 4393 1358 4459 ignis?
1388 4395 1490 4448 Sed
1536 4399 1703 4466 magis
1732 4399 1798 4452 de
1830 4409 2016 4468 natura
2051 4401 2132 4454 sui

560 4465 860 4541 splendoris
905 4480 1105 4558 ellusus
1141 4495 1242 4536 est.
1273 4485 1408 4552 Ergo
1439 4485 1523 4538 illa
1563 4465 1882 4542 illuminatio
1911 4465 2027 4560 qua:
2065 4491 2134 4546 de

563 4573 728 4638 prima
777 4573 1020 4642 lampade
1050 4565 1529 4643 videtur'accensa,
1563 4594 1666 4631 non
1695 4581 1848 4646 quasi
1877 4597 1940 4634 ex
1967 4583 2133 4636 nihilo

562 4661 612 4715 in
662 4662 889 4715 secunda
938 4677 1057 4718 esse
1102 4653 1417 4734 cmpit,'sed
1457 4669 1522 4722 de
1576 4683 1802 4739 Cognato
1850 4672 2132 4739 splendore

561 4756 844 4822 processit,
878 4756 965 4824 qui
999 4755 1050 4808 in
1075 4758 1228 4826 primi
1257 4759 1471 4811 luminis
1493 4760 1698 4822 origine
1719 4761 1825 4826 jam
1852 4763 2127 4828 manebat;

557 4855 610 4900 et
644 4845 762 4900 licet
811 4848 860 4899 in
893 4831 1116 4916 iuraque
1162 4849 1404 4916 lampade
1449 4851 1675 4920 genuina
1708 4863 1756 4905 et
1801 4854 1997 4919 duplex
2032 4855 2132 4908 mi-

555 4953 680 4993 care
701 4940 942 4993 videatur
969 4940 1209 5008 ﬂamma,
1243 4951 1464 5008 utraque
1492 4953 1664 4997 tamen
1700 4960 1798 4997 una
1835 4945 2131 5000 substantia

553 5042 634 5086 est
668 5048 683 5086 :
719 5033 786 5085 ita
816 5045 872 5087 et
913 5035 1184 5102 uulgi-inito
1235 5035 1324 5088 Dei
1371 5035 1526 5099 Filio,
1552 5037 1596 5090 si
1642 5039 1846 5105 species
1890 5053 2131 5103 personae

555 5125 770 5192 propria
792 5135 894 5190 est,
919 5126 1132 5193 generis
1162 5135 1336 5179 tamen
1366 5136 1548 5180 natura
1575 5131 1874 5182 communis
1897 5136 1997 5193 est,
2025 5143 2130 5184 non

554 5217 622 5271 de
652 5217 805 5270 Patre
836 5219 1114 5286 inci-piens,
1163 5219 1254 5270 sed
1287 5233 1352 5272 ex
1391 5219 1545 5272 Patre
1587 5234 1706 5272 cum
1741 5221 1896 5273 Patre
1953 5221 2130 5275 subsi-

555 5319 724 5363 stens.
747 5311 936 5365 Omnia
959 5313 1024 5364 de
1048 5313 1210 5365 nihilo
1239 5322 1414 5366 creata
1447 5325 1590 5369 sunt.
1625 5314 1714 5366 ille
1743 5315 1895 5368 solus
1926 5315 1992 5368 de
2024 5317 2131 5370 Deo

559 5409 720 5465 Dens.
750 5411 842 5466 llic
872 5410 998 5477 ergo
1019 5428 1136 5465 eum
1161 5413 1213 5465 in
1238 5410 1405 5465 forma
1435 5413 1522 5467 llei
1549 5425 1714 5477 esst-t,
1736 5413 1960 5468 formam
1989 5419 2129 5469 servi

559 5517 653 5572 pro
682 5506 849 5558 salute
878 5520 1152 5558 servorum
1183 5507 1441 5573 suscepit,
1476 5519 1527 5560 et
1553 5507 1606 5561 in
1638 5508 1776 5578 ligno
1807 5511 1978 5561 rrttcis
2007 5523 2128 5561 cum

556 5593 680 5649 vitae
709 5605 848 5649 esset
875 5596 1070 5662 lignum
1111 5611 1377 5664 appensns
1418 5609 1520 5659 est,
1556 5599 1703 5666 quasi
1735 5600 1969 5666 seipsum
2005 5615 2134 5666 pen-

557 5702 699 5748 nret
726 5692 776 5746 in
807 5690 1036 5760 pretium
1069 5689 1421 5758 perditorum.
1457 5691 1642 5760 Alapis
1688 5703 1860 5746 cresus
1892 5701 1995 5758 est,
2022 5693 2133 5759 spi-

2252 1786 2360 1839 lum
2392 1795 2766 1840 ornamentum
2809 1785 3138 1841 tabernaculi
3182 1795 3288 1839 est.
3314 1787 3658 1840 Coruseante
3693 1786 3849 1854 igitur

2247 1878 2442 1944 gratia,
2475 1876 2710 1930 Ecclesia
2733 1874 3048 1939 aedificator,
3074 1877 3353 1945 Syuagoga
3379 1877 3708 1929 desumtur.
3737 1874 3846 1930 Seli

2249 1968 2504 2035 templum
2565 1968 2766 2021 honore
2797 1969 3066 2031 nudatur,
3127 1976 3339 2024 remoto
3387 1982 3487 2033 per
3541 1968 3845 2025 adventum

2247 2061 2445 2115 Christi
2494 2061 2754 2114 velamine
2799 2060 3015 2123 litterae,
3043 2067 3104 2114 ut
3142 2074 3263 2117 cum
3293 2059 3458 2114 Paulo
3489 2057 3545 2127 (Ι
3571 2058 3710 2120 ,Cor.
3757 2061 3837 2129 ιιι)

2247 2154 2484 2208 revelata
2519 2154 2653 2206 facie
2701 2154 2832 2222 tegis
2875 2153 3131 2207 interiora
3177 2151 3496 2218 pandantur.
3530 2151 3846 2219 Besnrgunt

2247 2247 2424 2301 laxata
2446 2247 2583 2304 ,sede
2615 2257 2841 2301 tartarea
2871 2261 2990 2298 cum
3013 2246 3226 2300 Christo
3249 2246 3455 2309 sancti,
3476 2254 3532 2299 et
3553 2261 3728 2313 quem
3760 2261 3844 2298 su-

2247 2337 2362 2405 peri
2394 2353 2495 2389 non
2539 2337 2824 2402 recipiunt,
2873 2335 3030 2390 inleri
3079 2337 3245 2390 Deum
3296 2349 3416 2389 esse
3457 2336 3845 2403 cognoscunt?

2248 2429 2403 2496 Unde
2435 2444 2532 2490 nos
2554 2437 2908 2497 agnoscentes
2929 2443 3054 2496 erga
3087 2443 3183 2481 nos
3217 2427 3515 2482 divinorum
3545 2427 3843 2483 beneﬁcio-

2245 2537 2364 2580 rum
2397 2523 2504 2578 alta
2533 2523 2806 2591 mysteria,
2836 2522 3257 2589 reSpondeanius
3293 2520 3348 2574 in
3391 2534 3496 2587 quo
3549 2535 3844 2588 possumus

2247 2612 2635 2672 misericordiae
2701 2611 3092 2680 Redemptoris.
3149 2611 3348 2668 Demus
3403 2611 3478 2676 illi
3533 2626 3843 2678 computo-

2239 2709 2444 2761 tionem
2507 2705 2603 2758 Dei
2671 2712 3017 2773 peccatorum
3073 2703 3453 2758 emendatione
3504 2715 3604 2768 pro
3665 2703 3841 2769 spinis

2240 2799 2372 2856 suis.
2403 2797 2710 2862 ,(ttl‘eramus
2755 2795 2829 2848 illi
2878 2809 2972 2848 cor
3006 2807 3108 2850 suo
3150 2794 3348 2856 timore
3401 2791 3674 2850 centium:
3737 2807 3837 2859 pro

2241 2890 2405 2946 clavis
2426 2891 2557 2942 suis.
2591 2886 2896 2954 Reddamus
2925 2885 2997 2944 illi
3029 2886 3260 2958 palmam
3285 2883 3833 2955 perseverantiaapro

2241 2986 2412 3055 alapis
2433 2983 2566 3038 suis.

2806 3069 3139 3128 HOMILIA
3183 3066 3255 3124 Υ.

2834 3177 2914 3233 De
2947 3178 3216 3233 Paschale.

2313 3296 2624 3368 Magnitudo
2652 3293 2953 3350 ctelestium
2999 3294 3381 3350 beneﬁciorum
3411 3296 3692 3368 angustias
3721 3297 3817 3352 hu-

2243 3405 2418 3445 mana
2448 3389 2644 3442 tuentis
2668 3387 2905 3441 exeodit.
2939 3388 3004 3439 Et
3037 3395 3318 3454 propterea
3341 3389 3418 3442 ita
3451 3389 3726 3444 animai:
3752 3392 3823 3444 di-

2242 3485 2363 3537 vina
2394 3479 2766 3550 providentia,
2798 3489 2856 3532 ut
2887 3478 3026 3546 quod
3051 3494 3243 3547 capere
3281 3481 3333 3532 in
3365 3479 3520 3536 nobis
3553 3483 3704 3535 ratio
3743 3495 3820 3535 η-

2241 3589 2360 3630 rum
2388 3574 2532 3628 mole
2554 3573 2694 3626 victa
2722 3587 2826 3626 non
2859 3579 3084 3639 poterat,
3113 3573 3244 3626 lides
3275 3573 3463 3629 devota
3491 3575 3818 3637 contigeret,

2235 3676 2297 3723 et
2323 3667 2654 3722 intellectura
2686 3667 2980 3720 credulitas
3010 3669 3225 3720 robusta
3259 3666 3506 3722 nutriret.
3532 3666 3667 3730 Cum
3698 3680 3820 3735 ergo

2239 3775 2341 3830 per
2369 3759 2602 3829 primam
2650 3758 3131 3830 transgre~sionem
3175 3758 3302 3816 Ade:
3345 3757 3537 3825 origini
3580 3767 3637 3816 et
3659 3756 3819 3814 auerti

2239 3851 2459 3910 obnoxii
2492 3859 2818 3904 tenerentur.
2865 3849 3192 3917 perSpiciens
3218 3864 3286 3903 ex
3314 3848 3426 3904 alto
3451 3847 3596 3908 Deus
3617 3848 3676 3912 in
3720 3862 3820 3917 qua

2240 3955 2486 3996 essemus
2514 3954 2710 4010 genere
2751 3939 3022 4002 debitores
3059 3941 3205 4005 vitae,
3232 3939 3520 4009 qualitates
3545 3941 3821 4008 aptium-

2237 4035 2308 4094 tis
2332 4035 2602 4102 reparavit
2629 4046 2822 4087 munus
2850 4031 3240 4100 redemptionis
3265 4047 3281 4084 :
3315 4031 3368 4086 id
3393 4039 3496 4095 est,
3522 4043 3578 4084 ut
3603 4045 3704 4098 pro
3729 4031 3822 4082 de-

2239 4127 2349 4182 bita
2393 4133 2569 4180 morte
2595 4124 2813 4199 oderret
2847 4125 3160 4180 iudebitam.
3196 4125 3261 4177 Et
3303 4126 3423 4192 quia
3457 4138 3553 4188 nec
3591 4136 3691 4176 nos
3731 4123 3819 4175 ha-

2239 4217 2502 4272 bebamus
2532 4220 2672 4276 unde
2713 4218 3034 4280 viveremus,
3064 4230 3165 4270 nec
3203 4216 3294 4269 ille
3326 4215 3464 4268 unde
3495 4221 3817 4277 moreretur,

2241 4313 2522 4378 materiam
2553 4309 2621 4364 de
2652 4317 2829 4366 nostra
2861 4307 3187 4361 mortalitate
3217 4307 3477 4374 suscepit,
3509 4317 3558 4358 ut
3595 4319 3689 4358 sua
3717 4306 3817 4358 im-

2243 4403 2572 4476 mortalitate
2601 4401 2885 4468 collocata,
2918 4399 3057 4453 mori
3100 4410 3278 4468 possm
3311 4400 3415 4470 vita
3445 4414 3538 4467 pro
3567 4398 3814 4460 mortuis.

2241 4497 2307 4550 Et
2325 4497 2444 4550 ideo
2473 4495 2560 4563 qui
2593 4507 2786 4561 corpus
2808 4501 3140 4560 assumptum
3165 4493 3438 4562 ablaturus
3463 4502 3577 4545 erat
3603 4507 3668 4552 ex
3693 4507 3812 4544 ocu-

2237 4591 2304 4644 lis
2333 4590 2555 4653 nostris,
2585 4597 2641 4642 et
2684 4587 2952 4646 sideribus
2981 4587 3227 4642 illaturus
3254 4628 3268 4654 ,
3312 4587 3676 4654 necessarium
3705 4595 3813 4652 enat

2236 4694 2296 4740 ut
2321 4683 2553 4740 nobisin
2581 4683 2679 4736 hac
2711 4682 2796 4736 die
2825 4691 3222 4746 sacramentum
3254 4680 3497 4748 corporis
3525 4691 3577 4734 et
3609 4680 3809 4748 sangui-

2235 4776 2319 4830 nis
2360 4783 2704 4830 consecraret
2739 4783 2795 4828 ut
2823 4774 3087 4828 coleretur
3128 4770 3330 4844 jugiter
3362 4787 3453 4837 per
3498 4772 3808 4841 mysterium

2235 4868 2376 4936 quod
2408 4868 2578 4922 semel
2627 4865 2948 4938 offerebatur
2997 4864 3050 4918 in
3081 4864 3312 4935 pretium
3333 4903 3349 4928 ,
3401 4871 3461 4916 ut
3493 4865 3614 4930 quia
3646 4860 3808 4931 quoti-

2238 4956 2398 5010 diana
2426 4967 2476 5011 et
2510 4956 2777 5010 indefessa
2808 4955 3060 5010 currebat
3093 4970 3189 5022 pro
3219 4953 3496 5007 hominum
3527 4953 3698 5022 salute
3735 4966 3808 5003 re-

2237 5047 2502 5117 demptio,
2534 5058 2788 5119 perpetua
2817 5048 2980 5101 etiam
3008 5055 3154 5101 esset
3184 5045 3568 5115 redemptionis
3591 5035 3805 5106 'oblatio,

2235 5150 2288 5212 et
2318 5141 2574 5210 perennis
2608 5139 2818 5193 victima
2849 5137 3055 5191 viveret
3098 5138 3148 5190 in
3184 5139 3442 5191 memoria
3467 5179 3481 5202 ,
3527 5144 3580 5189 et
3608 5149 3805 5202 semper

2238 5248 2476 5302 prmsi-ns
2516 5239 2663 5286 esset
2704 5232 2755 5284 in
2798 5229 2989 5301 gratia,
3022 5245 3084 5284 ac
3111 5231 3264 5284 unica
3296 5239 3350 5284 et
3379 5229 3611 5298 perfecta
3643 5229 3805 5280 hostia

2237 5324 2340 5380 lide
2385 5324 2697 5379 aastimanda
2740 5339 2844 5378 non
2877 5325 3089 5393 specie,
3124 5339 3222 5377 nec
3258 5321 3512 5377 exteriori
3545 5320 3804 5375 censenda

2236 5418 2397 5487 visu,
2444 5416 2536 5491 sed
2583 5415 2823 5472 interiori
2863 5427 3101 5486 aspectu.
3149 5403 3302 5471 Unde
3347 5420 3540 5470 merito
3577 5411 3806 5466 celestis

2237 5509 2518 5583 confirmat
2546 5511 2833 5563 auctoritas
2874 5510 2996 5578 quia
3024 5526 3142 5562 caro
3172 5527 3282 5563 mea
3321 5525 3434 5562 rere
3459 5514 3532 5560 est
3574 5507 3737 5569 cibus,
3765 5511 3806 5556 et

2237 5602 2447 5674 sanguis
2478 5618 2617 5655 meus
2646 5617 2758 5655 vere
2779 5608 2853 5654 est
2879 5610 3051 5670 polus.
3079 5601 3312 5658 Becedat
3337 5619 3464 5672 ergo
3492 5601 3654 5653 omne
3687 5597 3806 5648 inli-

2239 5691 2477 5770 delitntis
2507 5691 2814 5762 ambiguum
2843 5731 2859 5772 ,
2885 5683 3331 5761 quandoquidem
3369 5691 3457 5761 qui
3496 5693 3685 5744 auctor
3726 5692 3802 5742 eet
