4078 6440
533 317 679 375 1055
1266 350 1270 354 .
1584 293 1641 350 8.
1679 284 1975 348 CESARII
2012 277 2224 340 EPISC.
2267 269 2733 332 ARELATENSIS
3647 260 3796 318 {055

534 433 714 490 omnis
733 429 910 486 anima
934 434 1156 480 munere
1184 413 1434 486 baptismi
1459 424 1645 475 vacua,
1669 420 1775 461 non
1803 404 1973 460 solum
2001 399 2114 471 glo-
2140 394 2195 457 Α
2216 407 2278 448 ac
2302 406 2394 462 per
2415 403 2604 459 aquam
2631 381 2908 455 baptismi,
2932 379 3015 436 vel
3041 393 3137 490 per
3164 377 3339 450 ignem
3361 374 3600 447 Spiritus
3622 377 3807 432 sancti

540 530 622 583 τί.
647 536 861 586 carere,
909 515 1005 573 sed
1035 516 1164 568 vita.
1199 471 1312 565 Hoc
1348 507 1528 575 itaque
1556 497 1808 556 dominici
1839 493 2114 564 sanguinis
2217 485 2401 542 aeterni
2425 483 2564 539 illius
2595 480 2742 550 panis
2775 490 2970 546 corpus
2992 473 3244 531 efﬁcitur.
3273 471 3424 527 Sicut
3445 486 3574 538 ergo
3601 483 3808 540 genera

1937 585 1941 586 ,
2219 577 2237 586 ρ
2410 573 2428 586 -ι
2683 572 2696 582 ο
2751 570 2798 586 ,I,
2837 567 2976 586 ea”.--
3034 565 3254 586 _-_l'--.:
3291 565 3439 586 _-_!-
3477 563 3808 586 -‘I--....c2.._-

539 563 719 672 :gnum
749 563 883 682 aqu;
925 620 1048 663 esse
1087 563 1579 658 miscendum'non
1619 590 1791 645 solum
1833 563 2117 640 traditione
2219 573 2428 650 [grana]
2461 572 2697 642 separari
2743 570 2810 623 ab
2837 567 2981 622 illius
3027 565 3255 621 confecti
3291 565 3442 633 panis
3476 563 3811 617 adunatione

1788 679 1799 682 _
2035 674 2066 682 ..
2560 676 2571 682 -
2648 673 2685 682 _.
2735 662 2867 682 -!-__.
2901 676 3025 682 -_---
3065 659 3127 682 ,λι
3162 659 3429 682 --μη-ελ...
3463 656 3648 682 -..λζ-,Α
3680 656 3782 682 -..ιι

541 656 820 768 Dominus:
859 700 955 758 sed
984 699 1146 752 etiam
1194 694 1311 761 ipso
1344 701 1539 760 genere
1569 679 1831 753 passionis
1861 674 2115 739 ostendit,
2221 688 2326 726 non
2356 676 2601 738 possunt,
2637 673 2694 719 et
2731 662 2870 716 sicut
2899 676 3031 728 aqua
3063 659 3129 714 ad
3162 659 3431 729 propriam
3463 656 3650 710 redire
3680 656 3814 708 sub-

2369 763 2379 768 -
2509 760 2521 768 .
2633 757 2643 768 .
2918 754 2928 762 ·
2976 763 2985 768 .
3100 766 3114 768 _
3195 758 3363 768 7,.--.
3423 749 3494 768 -3-
3535 756 3577 768 Α.
3615 745 3810 768 ΩᾹ-Ι--

543 745 820 768 alvu-unum,
859 745 955 758 vv-
987 745 1145 752 v-...---
1194 745 1230 761 ν,
1261 745 1266 746 γ
1345 745 1374 760 υ
1571 745 1585 753 _

543 822 608 864 ex
637 803 789 870 cujus
816 812 971 854 sacro
995 796 1160 850 latere
1182 788 1400 858 sanguis
1427 794 1482 839 et
1503 797 1636 850 aqua
1668 780 1868 832 lancea:
1892 771 2122 828 illisione
2223 763 2470 818 stantiam
2508 760 2560 813 in
2599 757 2721 810 vino
2762 754 3022 823 permixta
3057 766 3161 805 non
3194 758 3390 870 pptest,
3421 749 3498 801 sic
3529 756 3582 801 et
3612 745 3813 870 Eieles

1895 866 1906 870 “
1952 866 1962 870 ’
2061 862 2094 870 ’⁵
2302 854 2313 866 ⁹
2403 868 2416 870 -
2472 859 2621 870 -ι---Α
2672 846 2938 870 «main-um-
3026 842 3112 870 nul:
3154 857 3212 870 -Δ
3255 848 3458 870 ("manu
3511 852 3569 870 cn
3703 834 3813 870 riui

637 834 700 858 [υ
729 834 789 856 ua
816 834 971 854 δσυιν
995 834 1158 850 μην-ν
1183 834 1276 846 υ-υ
1321 834 1398 841 ..--
1433 834 1480 839 --
1506 834 1529 836 -κ
1551 834 1564 850 1

546 834 823 970 ;:olltixit,
852 890 986 943 sicut
1012 894 1064 941 et
1097 834 1356 954 prophgta
1401 875 1570 931 multo
1599 880 1722 924 ante
1751 866 2009 938 prtecinit,
2043 862 2125 916 di-
2229 854 2424 925 quique
2468 859 2625 919 atque
2671 846 2941 915 sapientes
2968 884 2983 910 ,
3024 842 3112 912 qui
3154 841 3462 970 redemptoﬂs
3492 852 3570 970 hs:
3612 834 3818 890 Christi

1957 955 2022 970 an
2090 955 2102 970 ι
2233 948 2486 970 --υμηευιιι
2532 954 2577 970 Α.
2619 942 2871 970 νυιορῖΛηΔ
2912 944 3236 970 Πηηηηαριιηι
3299 935 3366 970 ίίο
3456 947 3486 970 ρ
3563 940 3618 970 η.
3666 929 3817 970 "uagi

611 929 802 950 ναμε...
852 929 1064 943 ο.ν....,.
1135 929 1187 936 .-
1751 929 1764 938 _
1998 929 2002 930 ν

548 929 679 1047 ἕως
720 1002 736 1043 :
788 933 1042 1036 Dercussit
1091 929 1286 1045 petrram
1318 1011 1334 1037 ,
1378 980 1424 1022 et
1463 971 1720 1036 ﬂuxerunt
1765 976 1906 1030 aquae
1952 955 2122 1028 (Psal.
2229 948 2488 1016 sanguine
2529 954 2583 999 et
2619 942 2871 1012 passione
2911 944 3262 1005 cognoscunt,
3299 935 3368 988 ita
3419 930 3624 985 debent
3666 929 3818 998 quasi

775 1075 842 1130 Ει
886 1025 1175 1142 Apostolus
1215 1082 1229 1119 :
1282 1025 1524 1116 Bibeba'nt
1565 1058 1627 1110 de
1674 1025 1894 1122 spiritali
1945 1025 2125 1102 conse-
2231 1037 2602 1107 inseparabilia
2629 1033 2865 1089 membra
2895 1029 3054 1099 capiti
3084 1044 3181 1082 suo
3203 1025 3618 1082 conservatione
3648 1034 3702 1075 et
3735 1036 3823 1074 ar-

1858 1143 1877 1147 _
1918 1142 1943 1147 ,_
2088 1140 2098 1147 ι
2248 1136 2263 1147 ι
2364 1136 2375 1145 .
2441 1136 2449 1144 -
2634 1130 2666 1147 ιο
2712 1131 2722 1140 ι
2781 1146 2824 1147 νγ
2860 1127 3050 1147 ,,,ε,-,ε
3107 1133 3162 1147 --Α
3193 1125 3253 1147 ,ι
3285 1139 3341 1147 ,Α
3378 1138 3481 1147 ..-λη
3514 1122 3802 1147 ..-1....ηιιιι

555 1122 728 1244 “ea;
758 1183 840 1221 εοδ
864 1122 1007 1233 petrra
1029 1177 1046 1225 ;
1070 1168 1213 1227 petra
1240 1163 1408 1209 autem
1437 1161 1542 1205 erat
1573 1150 1803 1204 Christus
1824 1143 1877 1215 (I
1906 1142 2020 1197 Cor.
2049 1140 2128 1210 χ).
2232 1136 2541 1190 (lentissima
2573 1130 2832 1200 religione
2855 1127 3076 1191 sociari,
3107 1133 3165 1178 ut
3191 1125 3257 1177 ab
3281 1139 3345 1178 eo
3378 1138 3484 1175 non
3514 1122 3823 1182 voluntate,

1700 1242 1708 1244 _
2043 1233 2101 1244 -..
2283 1243 2330 1244 η
2373 1225 2690 1244 ____-__:._.-
2734 1220 2934 1244 -..:..-....:
2994 1233 3096 1244 κη..
3140 1217 3246 1244 un-
3283 1225 3509 1244 Ian-{anna
3541 1213 3619 1244 ..αἱ
3655 1211 3823 1244 omIJ-

563 1211 808 1320 bibebant
849 1211 1042 1320 arutem,
1085 1249 1277 1320 inquit,
1307 1248 1367 1300 de
1391 1242 1710 1312 consequenti
1740 1256 1821 1292 eos
1850 1246 2008 1306 petra.
2043 1233 2133 1288 Vi-
2236 1243 2341 1281 non
2372 1225 2693 1279 necessitate
2732 1220 2960 1289 seiungi,
2994 1233 3098 1272 non
3140 1217 3247 1270 ulla
3283 1225 3509 1268 terrenae
3541 1213 3621 1267 rei
3655 1211 3832 1264 ambi-

562 1354 660 1410 des
691 1350 828 1420 quod
860 1349 948 1420 qui
989 1301 1056 1402 de
1081 1301 1278 1399 Chjristi
1308 1339 1474 1411 gratia
1506 1335 1716 1400 biberit,
1750 1335 1990 1402 sequitur
2013 1343 2134 1384 eum
2237 1320 2405 1380 tione,
2448 1330 2553 1368 non
2596 1312 2826 1378 denique
2871 1312 2980 1379 ipsa
3024 1309 3232 1378 possint
3272 1314 3444 1360 morte
3485 1303 3676 1356 dividi.
3721 1301 3833 1355 Nec

565 1396 660 1410 νυν
692 1396 828 1420 “ι··ν-
863 1396 948 1420 -ιν-
994 1396 1054 1402 --
1091 1396 1229 1399 ν-ημ
1309 1396 1337 1411 υ
1703 1396 1712 1400 -
1829 1396 1839 1402 .

565 1444 760 1500 Christi
779 1439 1170 1498 misericordia.
1195 1435 1297 1491 Sed
1314 1435 1365 1488 in
1380 1432 1663 1488 Salomone
1685 1427 1750 1482 de
1781 1427 1897 1495 ipso
1913 1424 2138 1478 Domino

2280 1410 2449 1463 ubitet
2471 1405 2752 1475 quisquam
2779 1402 3063 1471 primarias
3091 1407 3369 1454 creaturas
3393 1407 3523 1449 nutu
3549 1396 3833 1462 potenti-si,

567 1544 876 1616 praedictum
911 1543 1172 1611 legimus;
1205 1535 1494 1608 Sapientia,
1524 1531 1713 1600 inquit,
1743 1527 2010 1595 wdiﬁcavit
2045 1524 2138 1578 sibi
2241 1497 2524 1569 praesentia
2558 1493 2890 1563 maiestatis,
2940 1493 2992 1544 in
3031 1487 3289 1616 dohminici
3321 1485 3565 1616 corpgris
3599 1483 3838 1616 trarifsire

2244 1605 2402 1616 mn..-
2435 1599 2678 1616 mnu-mm
2732 1600 2852 1616 num
2886 1584 3060 1616 :ncnm
3128 1581 3360 1616 nminnm
3394 1579 3442 1616 vi
3487 1583 3577 1616 psit
3604 1575 3709 1616 arti
3737 1573 3838 1616 min

572 1640 776 1692 domum
808 1635 987 1706 (Prov.
1019 1631 1092 1703 Ix)
1127 1648 1139 1684 :
1168 1629 1218 1684 id
1246 1637 1333 1683 est
1361 1638 1554 1694 corpus
1575 1621 1803 1676 hominis
1831 1616 2137 1685 assumpsit,

572 1739 626 1794 in
656 1752 761 1807 quo
787 1734 1049 1790 habitavit
1074 1729 1348 1800 plenitudo
1379 1723 1690 1781 divinitatis.
1716 1721 1780 1775 Et
1811 1718 2030 1774 subdidit
2060 1732 2143 1770 c0—

572 1829 773 1883 lumnas
802 1835 1009 1896 septem.
1039 1824 1171 1889 Quia
1203 1823 1348 1875 illum
1379 1814 1684 1872 benedictio
1713 1812 1944 1881 Spiritus
1975 1808 2142 1863 sancti

574 1921 755 1992 gratia:
803 1915 1130 1987 septiformis
1173 1910 1427 1981 implevit.
1478 1906 1718 1961 Mactarit
1764 1904 1957 1957 hostias
1985 1917 2101 1954 suas
2127 1941 2140 1966 ,

577 2012 778 2066 miscuit
816 2012 868 2063 in
917 2016 1108 2061 cratere
1157 2005 1326 2058 vinum
1363 2016 1541 2065 suum,
1580 2007 1627 2050 et
1672 1996 1867 2063 paravit
1920 2007 2148 2047 mensam

581 2117 751 2154 suant.
783 2101 849 2154 Et
877 2100 929 2152 iu
959 2097 1200 2166 sequenti
1233 2112 1247 2151 :
1288 2094 1463 2147 Venite
1493 2101 1538 2144 et
1579 2089 1707 2143 edite
1736 2090 1797 2142 de
1834 2089 1953 2141 meis
1999 2084 2147 2154 pani-

586 2194 708 2257 bus,
748 2201 794 2245 et
829 2191 980 2244 bibite
1023 2191 1193 2242 uinum
1229 2189 1364 2256 quod
1413 2186 1592 2238 miscui
1631 2183 1787 2236 vobis.
1845 2182 2150 2235 Admixtum

586 2303 713 2359 ergo
777 2300 912 2355 aqua
966 2286 1146 2337 vinum
1202 2283 1473 2349 legimus,
1530 2294 1671 2332 nunc
1709 2290 1922 2330 causam
1991 2287 2153 2341 quare

590 2391 873 2446 utrumque
918 2376 1175 2430 Dominus
1225 2373 1441 2426 misceri
1496 2371 1757 2434 voluerit,
1802 2369 2153 2435 inquiramus.

587 2469 811 2538 Quando
838 2469 892 2522 in
935 2467 1240 2522 Iudaeorum
1291 2463 1533 2518 convivio
1581 2459 1814 2529 nuptiale
1859 2461 2069 2526 vinum,
2104 2457 2157 2512 id

592 2572 673 2617 est
702 2561 832 2615 ﬁdes
863 2560 914 2614 in
949 2560 1027 2614 eis
1066 2555 1349 2612 deﬁciebat
1380 2573 1392 2606 :
1423 2555 1617 2618 vinum,
1653 2553 1854 2622 inquit,
1897 2550 2160 2618 deﬁciebat

593 2653 770 2725 (Joan.
803 2652 886 2721 ll),
911 2652 1033 2721 quia
1065 2651 1217 2704 vinea
1249 2648 1478 2702 fructum
1514 2647 1758 2714 negabat,
1804 2645 1870 2698 de
1898 2660 1999 2712 qua
2031 2643 2164 2697 dici-

589 2753 673 2799 tur
705 2761 719 2799 :
755 2742 1056 2809 Exspectavi
1093 2750 1146 2794 ut
1186 2742 1374 2810 faceret
1413 2753 1535 2790 uvas
1557 2777 1572 2802 ,
1625 2737 1743 2806 fecit
1783 2746 1951 2789 autem
1987 2736 2164 2802 spinas

595 2835 732 2907 (Isa.
763 2834 840 2906 ν).
878 2833 1028 2890 Unde
1058 2841 1112 2887 et
1138 2842 1335 2887 sertum
1377 2830 1622 2899 spineum
1651 2829 1811 2899 capiti
1844 2828 2168 2896 Redempto-

597 2927 674 2984 ris
701 2928 991 2996 imposuit,
1036 2923 1244 2995 quando
1272 2923 1525 2976 Dominus
1567 2921 1788 2990 nuptiali
1823 2929 2080 2989 tempore,
2117 2917 2168 2972 id

599 3031 685 3078 est
721 3020 933 3092 quando
959 3032 1186 3089 Sponsus
1215 3017 1467 3071 Ecclesiae
1507 3029 1618 3070 suae
1657 3013 1893 3084 paschali
1939 3013 2169 3068 exsulta-

2244 1605 2404 1660 posse
2435 1599 2704 1651 naturam,
2732 1600 2854 1638 cum
2886 1584 3060 1651 ipsum
3090 1581 3360 1634 hominem
3394 1576 3578 1629 videat
3604 1572 3838 1626 artiﬁcio

2245 1681 2482 1738 cmlestis
2512 1677 2895 1733 misericordiae
2923 1674 3122 1728 Christi
3149 1684 3345 1740 corpus
3369 1668 3651 1723 effectum.
3691 1664 3842 1720 Sicut

2172 1781 2218 1841 Β
2246 1786 2423 1828 autem
2466 1771 2768 1840 quicunque
2807 1766 2872 1819 ad
2914 1764 3074 1819 ﬁdem
3104 1763 3324 1817 veniens
3367 1771 3493 1814 ante
3533 1757 3709 1812 verba
3752 1756 3843 1810 ba-

2250 1866 2433 1937 ptismi
2467 1863 2642 1917 adhuc
2674 1861 2726 1915 in
2755 1858 2970 1913 vinculo
2998 1866 3080 1911 est
3118 1853 3316 1909 veteris
3345 1850 3550 1914 debiti,
3595 1849 3686 1901 his
3715 1860 3844 1900 vero

2253 1955 2688 2014 commemoratis
2720 1968 2848 2007 mox
2873 1951 3085 2006 exuitur
3108 1948 3253 2001 omni
3297 1947 3426 2000 fasce
3463 1941 3680 2014 peccati
3718 1958 3728 1991 :
3778 1940 3846 1992 ita

2258 2051 2470 2123 quando
2507 2044 2892 2102 benedicendzn
2931 2042 3106 2096 verbis
3134 2038 3444 2095 caelestibus
3465 2048 3735 2090 creatura!
3765 2048 3848 2086 sa-

2256 2143 2363 2198 cris
2425 2139 2683 2194 altaribus
2723 2137 3108 2203 imponuntur,
3166 2140 3448 2199 antequam
3499 2126 3850 2180 invocatione

2257 2238 2426 2293 sancti
2456 2231 2688 2289 nominis
2713 2237 3119 2290 consecrentur,
3162 2223 3465 2278 substantia
3499 2221 3609 2273 illic
3639 2227 3725 2272 est
3762 2232 3849 2283 ρας

2260 2333 2344 2384 nis
2371 2338 2424 2382 et
2444 2327 2553 2381 vini
2590 2343 2600 2375 :
2632 2330 2755 2392 post
2780 2319 2943 2373 verba
2975 2327 3151 2370 autem
3181 2315 3380 2369 ChriSti
3409 2325 3609 2380 corpus
3635 2319 3692 2362 et
3729 2324 3852 2360 san-

2260 2419 2378 2490 guis
2405 2414 2623 2469 Christi.
2656 2410 2791 2477 Quid
2821 2418 2998 2462 autem
3024 2407 3217 2460 mirum
3240 2414 3344 2468 est,
3368 2404 3412 2456 si
3443 2416 3506 2455 ea
3539 2415 3664 2470 qum
3687 2399 3854 2452 verbo

2263 2509 2435 2580 potuit
2480 2520 2686 2570 creare,
2737 2503 2906 2573 possit
2935 2500 3100 2554 verbo
3131 2506 3312 2552 creata
3344 2491 3705 2548 convertere?
3743 2490 3855 2543 lmo

2264 2607 2371 2675 jam
2407 2602 2629 2655 minoris
2661 2597 2872 2652 videtur
2894 2609 3014 2649 esse
3049 2589 3314 2654 miraculi,
3345 2589 3391 2642 si
3415 2586 3469 2639 id
3496 2583 3648 2653 quod
3675 2599 3745 2637 ex
3776 2581 3859 2635 ni-

2270 2697 2377 2749 hilo
2409 2692 2718 2763 agnoscitur
2747 2688 3075 2752 condidisse,
3111 2684 3222 2754 jam
3257 2680 3537 2735 conditum
3577 2679 3632 2730 in
3659 2678 3860 2730 melius

2271 2799 2478 2842 mutare
2511 2785 2700 2838 valeat.
2753 2782 2987 2851 Require
3026 2779 3152 2848 quid
3184 2779 3231 2830 ei
3267 2775 3438 2844 possit
3464 2789 3588 2827 esse
3613 2772 3857 2835 difﬁcile,

2273 2882 2357 2936 cui
2390 2878 2543 2932 facile
2584 2877 2682 2929 fuit
2706 2872 2938 2928 visibilia
2965 2880 3019 2924 et
3049 2868 3338 2924 invisibilia
3365 2867 3660 2921 voluntatis
3690 2864 3861 2930 impe-

2274 2977 2356 3028 rio
2375 2970 2657 3033 suscitare,
2684 2967 2766 3020 cui
2789 2964 2943 3019 facile
2969 2963 3064 3016 fuit
3095 2959 3365 3014 hominem
3397 2958 3463 3012 de
3487 2958 3601 3010 limi
3636 2956 3860 3010 materia

2277 3065 2556 3134 ﬁguratum
2591 3101 2604 3126 ,
2651 3058 2881 3128 imagine
2930 3069 3040 3108 suae
3090 3052 3383 3106 divinitatis
3434 3049 3667 3103 induere
3715 3065 3729 3101 :
3772 3046 3862 3101 cui

599 3135 744 3234 non?
781 3122 1365 3234 ³¹¹¹¹ἓίῗ¹ξίῖ¹ῗῗῇ¹ξῗῗῗῖ¹ῗ
1391 3116 2170 3234 νξῗιξῗνῗῖυξξκῐῗῖὟῖθξξῗ
2199 3169 2246 3234 C
2276 3161 2578 3226 promptum
2607 3157 2687 3203 est
2723 3162 2842 3202 eum
2892 3158 3106 3199 rursum
3137 3154 3388 3196 revocare
3430 3138 3497 3192 de
3531 3137 3744 3198 inferis,
3778 3149 3860 3188 re-

601 3218 977 3288 ρτωῧειιτειιηι
1001 3213 1368 3270 multitudines
1412 3211 1648 3282 gentium
1692 3211 1757 3266 de
1801 3212 2056 3280 sanguine
2085 3210 2168 3265 sui

602 3311 767 3380 gratia
799 3323 918 3364 esse
945 3317 1214 3364 venturas.
1248 3305 1351 3360 Per
1389 3319 1555 3373 aquas
1585 3304 1726 3358 enim
1760 3303 1986 3372 populos
2013 3302 2175 3372 signi-

607 3402 750 3455 ﬁcari
789 3400 956 3455 sacris
985 3398 1222 3468 aperitur
1258 3396 1503 3465 eloquiis,
1532 3395 1672 3449 sicut
1711 3395 1954 3464 legimus,
2003 3394 2176 3461 Aquas

607 3495 726 3546 istas
745 3508 872 3562 quas
903 3491 1092 3554 vidisti,
1118 3489 1293 3560 populi
1315 3497 1448 3552 sunt,
1477 3495 1523 3540 et
1551 3503 1671 3556 gens
1697 3495 1744 3540 et
1773 3487 1962 3555 linguae
1989 3486 2173 3554 (Apoc.

609 3585 762 3652 xvu).
794 3581 1134 3638 Advenimus
1166 3582 1219 3635 in
1249 3580 1400 3648 aquis
1430 3579 1652 3648 ﬁguram
1685 3578 1920 3646 gentium
1951 3577 2178 3631 demon-

612 3677 792 3745 strari,
825 3678 878 3730 in
907 3676 1030 3730 vino
1066 3683 1242 3729 autem
1271 3671 1580 3740 sanguinem
1605 3669 1884 3724 dominica:
1917 3670 2180 3738 passionis

610 3770 852 3835 ostendi;
883 3784 949 3825 ac
976 3770 1056 3824 sic
1084 3768 1207 3822 dum
1233 3767 1284 3821 in
1312 3765 1662 3820 sacramentis
1691 3764 1811 3818 vino
1833 3778 1966 3833 aqua
1997 3764 2185 3819 misce-

612 3872 718 3931 tur,
743 3862 960 3917 Christo
989 3861 1167 3916 ﬁdelis
1191 3860 1413 3930 populus
1444 3860 1817 3927 incorporatur
1846 3866 1898 3911 et
1919 3856 2180 3927 jungitur,

613 3962 670 4009 et
709 3953 933 4022 quadam
971 3953 1019 4007 ei
1064 3953 1250 4023 cOpula
1282 3949 1532 4021 perfecta:
1570 3950 1847 4005 charitatis
1892 3950 2091 4014 unitur,
2127 3956 2186 4002 ut

614 4046 784 4116 possit
822 4045 1002 4100 dicere
1040 4060 1161 4100 cum
1205 4044 1492 4113 Apostolo,
1544 4041 1668 4106 Quis
1723 4058 1814 4095 nos
1864 4040 2116 4110 separabit
2154 4056 2187 4093 a

612 4136 862 4190 charitate
891 4134 1115 4190 Christi?
1145 4134 1425 4189 Tribulatio
1449 4171 1466 4199 ,
1510 4150 1577 4186 an
1609 4135 1867 4204 angustia,
1898 4149 1965 4185 an
2004 4136 2188 4202 fames,

611 4243 679 4282 an
699 4229 979 4298 persecutio
1007 4227 1184 4300 (Rom.
1211 4222 1364 4297 vin)?
1390 4234 1443 4279 et
1471 4225 1693 4294 reliqua.
1730 4224 1867 4279 Deus
1893 4233 2067 4278 autem
2097 4225 2190 4278 ho-

618 4319 748 4373 mini
771 4329 1017 4389 suscepta
1057 4318 1477 4373 sanctiﬁcatione
1500 4317 1774 4383 miscetur,
1817 4315 2029 4386 quando
2059 4315 2190 4371 ﬁdes

522 4483 530 4495 Χ
618 4410 670 4466 in
697 4412 811 4480 ipso
843 4421 1058 4480 pectore
1094 4409 1289 4464 affectu
1313 4408 1558 4478 iustitiae,
1593 4407 1995 4473 misericordiae,
2027 4407 2192 4476 pieta-

622 4508 690 4560 tis
721 4505 1039 4563 infunditur.
1071 4507 1245 4562 Etiam
1280 4507 1332 4561 in
1371 4506 1473 4561 hoc
1517 4506 1635 4575 ipso
1661 4505 1802 4575 quod
1834 4501 2192 4558 innumerosis

623 4595 786 4648 tritici
823 4598 1030 4665 generis
1055 4595 1296 4668 [fortasse
1323 4596 1523 4669 granis]
1554 4597 1745 4651 conﬁci
1772 4597 2041 4663 novimus,
2073 4593 2195 4650 uni-

621 4695 783 4740 tatem
835 4696 1042 4741 constat
1080 4688 1341 4757 assignari
1391 4689 1729 4758 populorum.
1764 4687 1851 4742 Sic
1901 4688 2042 4741 enim
2087 4686 2198 4740 fru-

621 4796 858 4838 mentum
887 4787 1044 4842 solita
1069 4788 1348 4854 purgantis
1375 4786 1731 4843 sollicitudine
1761 4794 2116 4856 praeparatum
2143 4786 2196 4839 in

619 4877 904 4933 candidam
937 4882 1169 4949 speciem
1199 4880 1458 4934 molarum
1490 4879 1670 4934 labore
1703 4877 1995 4945 perﬁcitur,
2022 4891 2087 4931 ac
2102 4889 2199 4944 per

623 4985 814 5039 aquam
849 4980 901 5025 et
933 4970 1106 5040 ignem
1140 4971 1191 5024 in
1232 4973 1384 5024 unius
1408 4971 1560 5038 panis
1586 4969 1938 5024 substantiam
1972 4981 2200 5035 congre-

622 5070 795 5130 gatur.
827 5063 914 5117 Sic
949 5077 1107 5115 variae
1127 5069 1313 5131 gentes
1338 5060 1669 5130 diversaque
1691 5061 1929 5114 nationes
1952 5058 2004 5112 in
2036 5073 2197 5113 unam

622 5149 782 5203 ﬁdem
813 5152 1219 5212 convenientes,
1253 5165 1412 5204 unum
1444 5150 1514 5205 de
1542 5165 1600 5204 se
1640 5147 1834 5202 Christi
1867 5162 2060 5218 corpus
2086 5147 2200 5203 efﬁ-

622 5245 794 5310 ciunt,
826 5254 880 5299 et
906 5245 1240 5299 Christianus
1276 5245 1502 5316 populus
1527 5284 1543 5309 ,
1582 5242 1730 5312 quasi
1765 5242 1924 5296 tritici
1959 5241 2202 5295 innume-

626 5335 817 5391 rabilia
863 5351 1026 5405 grana
1069 5351 1099 5390 a
1145 5337 1424 5406 sacrilegis
1455 5332 1760 5387 nationibus
1805 5332 1910 5386 ﬁde
1946 5341 2202 5401 purgante

626 5437 787 5496 atque
815 5431 1085 5485 cribrante
1115 5430 1460 5493 discernitur,
1493 5435 1547 5483 et
1595 5427 1648 5481 in
1681 5441 1843 5479 unum
1891 5424 2042 5494 quasi
2086 5424 2204 5478 inﬁ-

631 5519 829 5576 delium
862 5523 989 5577 lolio
1012 5531 1414 5592 pertranseuute
1438 5520 1732 5592 colligitur,
1758 5528 1812 5572 et
1834 5518 2062 5573 duorum
2091 5524 2202 5573 tes-

629 5621 988 5671 tamentorum
1038 5618 1437 5672 instructionem
1482 5616 1627 5670 velut
1676 5615 2058 5670 vestimentum
2111 5629 2206 5683 ge-

630 5704 779 5760 mino
820 5706 1081 5760 mularum
1127 5721 1290 5774 opere
1329 5718 1571 5763 curatum
1620 5707 1855 5771 nitescit,
1885 5715 1939 5761 et
1965 5708 2017 5760 in
2060 5707 2206 5762 illam

633 5795 821 5867 prim
855 5793 1077 5867 originis
1110 5795 1426 5868 dignitatem
1467 5798 1648 5856 nativo
1673 5801 1908 5858 candore
1943 5805 2201 5869 mutatur,

2222 4549 2278 4612 D

2260 4579 2400 4676 Tuos
2438 4595 2693 4650 oﬁ‘ensam
2735 4592 3022 4646 metuimus
3068 4588 3135 4642 de
3177 4586 3414 4650 silentio,
3467 4590 3668 4653 quanto
3712 4579 3875 4647 magis

2276 3245 2497 3299 stituere
2527 3241 2594 3294 de
2624 3237 2947 3307 perditione,
2981 3246 3237 3302 reparare
3262 3231 3328 3285 de
3358 3229 3600 3298 pulvere,
3626 3227 3695 3280 de
3721 3234 3859 3279 terra

2271 3337 2330 3392 in
2360 3335 2555 3390 caelum
2581 3331 2784 3394 levare,
2816 3327 2884 3382 de
2911 3326 3128 3380 homine
3155 3324 3403 3394 angelum
3435 3321 3636 3385 facere,
3668 3329 3858 3385 corpus

2279 3431 2569 3485 humanum
2601 3423 2882 3478 conforme
2912 3418 3126 3488 corpori
3173 3417 3436 3472 claritatis
3466 3429 3580 3468 sua:
3611 3412 3858 3479 reddi-re,

2279 3531 2332 3576 et
2357 3520 2669 3588 ﬁgmentum
2697 3529 2852 3567 suum
2886 3511 2937 3565 in
2967 3509 3116 3579 regni
3139 3510 3220 3562 sui
3247 3507 3521 3561 consortio
3551 3505 3860 3568 sublimare,

2279 3622 2337 3667 ut
2366 3611 2457 3681 qui
2488 3624 2683 3677 corpus
2715 3614 2917 3661 nostrae
2945 3603 3247 3671 fragilitatis
3287 3599 3663 3668 assumpserit,
3693 3612 3790 3650 nos
3814 3597 3864 3651 in

2283 3717 2478 3772 corpus
2525 3713 2636 3754 sure
2680 3695 3098 3752 immortalitatis
3145 3702 3405 3748 assumat.
3453 3692 3531 3746 Ad
3564 3705 3724 3758 quam
3757 3689 3867 3756 glo-

2285 3797 2486 3850 riosam
2520 3790 2970 3847 resurrecﬁonem
3019 3787 3121 3857 piis
3150 3802 3248 3841 nos
3277 3785 3528 3854 operibus
3572 3796 3763 3851 parare
3790 3779 3870 3835 di-

2286 3894 2496 3957 gnetur,
2527 3883 2616 3954 qui
2647 3891 2833 3950 regnat
2856 3881 2910 3934 in
2933 3879 3124 3933 saacula
3149 3876 3486 3932 saeculorum.
3519 3874 3716 3927 Amen.

2863 4013 3143 4069 HOMILIA
3186 4010 3271 4065 Vl.

2362 4134 2513 4190 Sicut
2538 4147 2567 4186 a
2597 4132 2756 4186 nobis
2787 4129 3067 4192 Dominus,
3099 4142 3197 4198 pro
3226 4123 3457 4193 suscepti
3487 4120 3650 4176 ofﬁcii
3685 4133 3874 4174 neces-

2293 4227 2452 4284 sitate
2483 4223 2733 4293 loquendi
2755 4220 2994 4289 deposcit
3019 4217 3278 4282 ofﬁcium,
3309 4216 3379 4269 ita
3407 4229 3436 4268 a
3466 4211 3640 4276 vobis,
3669 4209 3876 4264 chariso

2294 4320 2434 4385 simi,
2463 4315 2712 4371 audiendi
2739 4315 2962 4384 requirit
2991 4311 3260 4365 affectum.
3298 4308 3374 4362 Ita
3403 4302 3663 4376 (inquam)
3693 4301 3875 4356 chari-

2297 4414 2391 4468 tati
2413 4421 2604 4466 vestrae
2626 4408 2860 4478 expedit,
2893 4407 2974 4460 his
2995 4419 3114 4475 qua:
3141 4419 3234 4474 pro
3255 4403 3428 4458 salute
3448 4409 3630 4455 vestra
3646 4398 3875 4451 dicimus

2301 4504 2539 4573 obedire,
2589 4502 2728 4556 sicut
2775 4499 2928 4553 nobis
2974 4497 3216 4551 imminet
3261 4510 3366 4548 non
3411 4502 3612 4546 tacere.
3659 4487 3796 4542 Nam
3834 4485 3874 4540 si

2303 4703 2400 4742 vos
2425 4701 2542 4742 eam
2571 4684 2776 4739 debetis
2801 4693 3156 4750 expavescere
3185 4679 3251 4732 de
3279 4675 3626 4744 contemptu?
3671 4671 3766 4737 Si,
3807 4671 3872 4724 in-

2305 4793 2483 4849 quam,
2537 4777 2687 4830 nobis
2715 4773 2917 4844 grande
2947 4772 3239 4840 periculum
3283 4778 3394 4835 est,
3446 4768 3622 4821 aliena
3665 4772 3874 4833 peccata

2307 4889 2413 4928 non
2444 4885 2711 4940 arguere,_
2738 4877 2938 4938 quanto
2979 4864 3329 4934 periculosius
3368 4869 3452 4917 est
3491 4859 3712 4929 propria
3741 4853 3872 4909 nolle

2308 4963 2612 5033 corrigere?
2661 4961 2748 5015 Ait
2788 4959 3018 5029 quodam
3056 4959 3170 5012 loco
3202 4960 3387 5010 beatus
3419 4951 3712 5021 Apostolus
3744 4965 3758 5001 :
3803 4946 3879 4999 γε.

2308 5060 2420 5113 dcte
2441 5058 2754 5111 vocationem
2777 5064 3024 5118 vestram,
3060 5055 3241 5122 fratres
3261 5046 3323 5118 (I
3348 5045 3467 5100 Cor.
3497 5045 3577 5114 tt).
3610 5043 3884 5110 Quam-op-

2309 5163 2410 5218 ter,
2426 5150 2781 5216 dilectissimi,
2801 5158 2855 5203 et
2868 5161 2964 5201 nos
2981 5145 3254 5200 videamus
3270 5139 3602 5195 vocationem
3625 5145 3884 5191 nostram.

2308 5246 2422 5301 Non
2454 5245 2595 5300 enim
2619 5243 2749 5297 satis
2777 5240 3028 5310 prodest,
3061 5235 3202 5306 quod
3234 5235 3598 5316 isturp'locum
3621 5225 3891 5295 expetivi-

2311 5351 2449 5403 mus,
2479 5337 2523 5390 si
2555 5336 2688 5389 tales
2715 5348 2895 5389 sumus
2926 5330 3113 5400 quales
3142 5329 3196 5383 in
3225 5328 3422 5383 steculo
3444 5339 3566 5379 esse
3595 5322 3888 5392 potuimus.

2313 5432 2371 5487 Si
2397 5431 2539 5486 enim
2563 5429 2699 5482 bene
2721 5426 3094 5494 perspicimus,
3129 5435 3233 5475 non
3258 5420 3431 5474 solum
3457 5417 3557 5471 ista
3583 5410 3892 5470 sollicitudo

2311 5535 2411 5575 nos
2460 5519 2526 5574 ad
2576 5518 2916 5588 perfectionis
2960 5514 3369 5582 necessitatem,
3423 5510 3520 5566 sed
3561 5511 3726 5562 etiam
3776 5507 3892 5575 ipsa

2312 5610 2742 5682 congregationis
2768 5608 3054 5663 multitudo
3077 5605 3411 5674 constringit.
3441 5602 3576 5656 Nam
3608 5601 3749 5655 sicut
3773 5610 3893 5666 pre-

2315 5706 2512 5760 tiosum
2552 5713 2710 5772 atque
2750 5699 3075 5770 praecipuum
3114 5707 3227 5762 est,
3284 5695 3336 5749 in
3378 5694 3555 5756 medio
3600 5693 3894 5747 multorum

2317 5797 2550 5870 positum
2580 5795 2718 5852 bene
2748 5807 2926 5862 agere,
2977 5799 3032 5848 et
3061 5789 3318 5860 plurimos
3345 5786 3411 5843 ad
3438 5785 3735 5863 profectum
3763 5780 3895 5838 boi
