4078 6440
324 285 475 345 ίοὸτ

1765 275 2049 337 HOMILIA
2087 278 2178 335 Vl.

3466 283 3606 345 105.

319 400 521 469 operis
560 393 802 460 incitare,
851 391 924 447 ita
969 390 1326 462 periculosum
1362 400 1519 463 atque
1548 390 1913 461 perniciosum
1943 391 2284 461 Acupiditas
2310 392 2660 463 concupiscit.
2704 392 2944 450 Habendi
2983 393 3129 451 enim
3162 409 3336 465 amor,
3385 396 3492 452 nisi
3533 399 3604 454 ad

318 499 414 545 est
461 487 818 559 negligentius
861 485 1067 556 agendo
1109 485 1397 540 multorum
1447 485 1604 540 fidem
1644 483 1915 555 frangere,

319 580 737 646 multorumque
788 577 995 632 animas
1049 577 1359 645 depravare.
1420 575 1602 640 Sicut,
1665 576 1916 645 inquam,

318 674 670 729 fructuosum
695 681 776 726 est
798 671 849 725 in
879 670 1054 725 medio
1078 674 1362 724 multorum
1388 670 1638 739 positum,
1669 669 1921 737 probabi-

319 767 459 822 liter
487 765 695 832 vivere,
728 765 799 818 ita
824 764 1178 832 periculosum
1211 773 1292 817 est
1316 761 1513 830 aliquid
1539 761 1919 816 destructionis

318 862 535 940 egisse.
579 859 691 914 Hoc
721 868 895 913 autem
924 874 1087 928 quare
1117 858 1271 912 dico?
1315 859 1438 927 quia
1469 857 1612 923 quod
1645 860 1798 927 pejus
1839 866 1923 913 est

319 952 545 1007 facilius
575 952 896 1019 invenimus,
949 959 1005 1005 et
1048 967 1107 1006 ea
1137 967 1256 1020 qure
1285 960 1411 1006 sunt
1446 951 1712 1005 deteriora
1762 966 1922 1021 quam

317 1057 452 1110 quae
488 1041 711 1096 meliora
741 1050 1027 1096 sectamur.
1079 1041 1256 1095 Prona
1286 1042 1428 1096 enim
1463 1053 1544 1097 est
1576 1042 1643 1096 ad
1671 1042 1924 1096 imitatio-

320 1148 458 1188 nem
508 1133 634 1188 mali
665 1132 895 1186 humana
929 1132 1205 1200 fragilitas.
1254 1133 1590 1202 Quapropter
1633 1150 1736 1188 non
1769 1135 1924 1189 nobis

319 1227 592 1283 sufficere
633 1227 936 1291 credamus,
982 1226 1123 1296 quod
1165 1241 1265 1281 nos
1308 1228 1362 1281 in
1410 1229 1545 1283 hanc
1575 1228 1800 1282 insulam
1848 1229 1924 1300 [in

321 1318 435 1374 hac
465 1315 677 1389 schola]
709 1319 981 1373 cernimus
1002 1327 1376 1388 congregatos,
1411 1319 1532 1388 quia
1556 1319 1925 1376 vehementius

322 1414 379 1468 in
401 1413 570 1467 nobis
589 1411 940 1482 negligentias
963 1422 1172 1466 nostras
1195 1409 1433 1480 professa
1458 1411 1734 1481 perfectio,
1765 1427 1921 1483 quam

327 1520 439 1559 nec
472 1514 746 1572 assumpta
776 1504 1115 1564 condemnat.
1148 1505 1280 1571 Quia
1305 1505 1596 1560 secundum
1632 1506 1921 1575 Scriptura:

324 1597 526 1665 fidem,
556 1597 750 1666 quibus
778 1598 1001 1650 multum
1031 1598 1396 1662 committitur,
1440 1599 1664 1653 multum
1697 1613 1919 1654 necesse

324 1698 416 1743 est
450 1698 515 1743 ut
541 1698 813 1756 repetatur
835 1689 902 1741 ab
922 1690 1020 1743 eis.
1051 1687 1095 1743 0
1120 1691 1329 1756 quantis
1351 1691 1608 1758 proderit,
1633 1701 1686 1746 et
1713 1691 1924 1762 quantis

2022 484 2287 554 integrum
2316 495 2608 553 resecetur,
2659 487 2935 543 ardentior
2964 498 3046 545 est
3075 488 3128 544 in
3159 488 3355 560 parvis,
3401 499 3457 546 et
3482 489 3604 559 plus

2024 586 2336 647 torquentur
2383 578 2436 633 in
2489 577 2742 634 minimis.
2795 579 2862 634 Et
2907 579 3006 634 nisi
3057 595 3123 635 ex
3175 589 3286 636 toto
3333 580 3498 636 corde
3548 586 3603 635 et

2022 668 2213 724 affectu
2261 685 2463 739 pauper
2501 671 2596 735 sis,
2650 681 2934 740 paupertas
2964 671 3080 740 ipsa
3108 687 3214 727 non
3261 672 3456 738 virtus,
3507 669 3607 725 sed

2024 761 2238 816 miseria
2260 761 2548 832 judicanda
2568 770 2671 817 est.
2706 763 2968 818 Noveritis
2991 765 3190 835 itaque,
3220 764 3434 831 fratres,
3467 761 3601 818 nihil

2025 855 2281 923 prodesse
2311 854 2355 908 si
2382 869 2597 910 carnem
2633 863 2869 909 nostram
2905 855 3123 925 jejuniis
3153 872 3216 912 ac
3242 857 3438 926 vigiliis
3467 855 3611 909 affli-

2027 947 2201 1018 gimus
2230 944 2636 1019 [maceremus],
2668 955 2724 1002 et
2751 957 2987 1002 mentem
3018 957 3255 1003 nostram
3287 964 3392 1004 non
3425 962 3608 1003 emen-
3644 1013 3649 1019 ε

2028 1040 2250 1106 demus;
2287 1051 2377 1094 aut
2406 1057 2524 1110 quae
2555 1042 2810 1096 interiora
2842 1049 2998 1106 sunt,
3031 1057 3138 1095 non
3170 1057 3436 1097 curemus.
3470 1039 3612 1107 Quid

2028 1130 2170 1186 enim
2198 1131 2415 1200 prodest
2438 1131 2658 1187 afﬂictio
2679 1132 2992 1202 corporalis,
3023 1134 3067 1187 si
3095 1131 3334 1203 linguam
3359 1134 3611 1204 nequitiis

2030 1231 2083 1278 et
2104 1223 2580 1279 obtrectationibus
2606 1225 2948 1294 polluamus‘l
2977 1224 3165 1280 Nonne
3188 1240 3374 1280 omnes
3402 1226 3614 1282 labores

2030 1317 2200 1373 nostri
2249 1318 2316 1372 ad
2366 1317 2588 1377 nihilum
2638 1318 2988 1389 rediguntur?
3036 1319 3222 1373 Nonne
3268 1333 3428 1374 omne
3476 1331 3614 1388 opus

2031 1423 2307 1480 nostrum,
2353 1414 2497 1468 velut
2539 1413 2717 1468 fumus
2757 1424 2915 1481 atque
2965 1412 3152 1467 umbra
3195 1412 3508 1480 evanescit,
3561 1407 3654 1466 et”

2031 1506 2177 1560 velut
2208 1515 2377 1574 stupe:
2424 1506 2600 1562 favilla
2639 1507 2691 1561 in
2734 1506 2958 1560 nihilum
2995 1506 3287 1576 redigitur?
3333 1505 3378 1561 Ο
3408 1504 3650 1574 ψιεηιίπ

2031 1605 2086 1652 ει
2131 1613 2290 1667 quam
2337 1597 2573 1652 diuturni
2622 1598 2834 1652 labores
2882 1599 3049 1651 neatri
3077 1596 3254 1651 subito
3280 1604 3534 1665 pereunt,
3567 1601 3655 1662 et,

2031 1699 2228 1756 quanta
2271 1689 2411 1744 bona
2463 1690 2790 1759 frequenter,
2838 1691 2945 1760 jam
2977 1690 3237 1758 acquisita
3269 1703 3332 1744 ac
3361 1689 3618 1757 reposita,

327 1781 653 1834 econtrario
667 1780 860 1843 oberit,
889 1779 991 1833 loci
1011 1780 1168 1848 hujus
1202 1783 1574 1849 opportunitas
1610 1793 1663 1838 et
1681 1797 1931 1853 congrum
1960 1787 2008 1847 Β
2035 1778 2103 1835 de
2131 1796 2290 1834 manu
2314 1781 2614 1851 rapiuntur,
2642 1782 2766 1836 dum
2790 1781 2842 1836 id
2866 1781 3006 1851 quod
3029 1796 3272 1850 quaerere
3292 1779 3614 1843 studuimus,

327 1869 691 1924 habitationis
737 1872 975 1925 occasio!
1025 1872 1142 1926 Non
1184 1874 1325 1927 enim
1379 1873 1431 1927 in
1477 1873 1579 1929 hoc
1629 1876 1745 1929 loco
1791 1875 1928 1930 bene

329 1960 549 2016 dixisse
579 1962 905 2017 laudandum
937 1973 1039 2029 εει,
1074 1964 1166 2018 sed
1194 1966 1245 2018 in
1281 1965 1379 2020 hoc
1405 1965 1524 2020 loco
1555 1967 1691 2022 bene
1716 1967 1926 2024 fecisse.

327 2053 581 2109 Rursum
631 2057 832 2123 aspice,
887 2056 1126 2124 nunquid
1177 2059 1329 2113 nobis
1381 2059 1726 2115 habitationis
1771 2060 1930 2130 hujus

332 2164 616 2210 secretum
635 2155 833 2223 aliquid
857 2156 1092 2224 prodest,
1115 2156 1329 2226 quando
1354 2159 1632 2227 tyrannico
1651 2159 1930 2213 dominatu

332 2244 553 2299 malitia
594 2247 646 2299 in
683 2246 832 2300 nobis
874 2247 1105 2316 regnat?
1156 2248 1368 2316 quando
1413 2249 1489 2302 ira
1519 2252 1930 2320 superequitat?

333 2335 563 2406 quando
619 2337 876 2406 majorem
937 2338 1092 2392 nobis
1152 2349 1352 2392 metum
1412 2339 1674 2395 humanus
1745 2344 1932 2398 oculus

334 2445 507 2500 quam
540 2429 752 2485 divinus
780 2431 1018 2486 inducit?
1070 2432 1283 2501 quando
1314 2432 1597 2487 laudabilis
1630 2435 1749 2489 vita:
1780 2447 1932 2490 extra

334 2523 607 2578 mundum
634 2537 731 2577 nos
758 2538 876 2578 esse
906 2525 1173 2579 credimus
1197 2535 1249 2579 et
1278 2541 1372 2594 per
1394 2534 1418 2561 ⁸
1447 2525 1786 2580 diversarum
1813 2543 1933 2595 pas-

335 2614 564 2669 sionum
594 2614 719 2667 vitia
750 2615 1006 2667 mundum
1036 2617 1172 2668 intra
1216 2629 1314 2669 nos
1360 2617 1623 2671 inclusum
1657 2617 1934 2672 tenemus?

337 2703 426 2761 Ita
451 2713 513 2757 ut
537 2703 624 2771 qui
650 2704 964 2772 putabamus
993 2720 1092 2759 nos
1116 2706 1361 2774 precibus
1391 2709 1590 2761 nostris
1619 2711 1817 2764 smculo
1839 2711 1932 2779 ipsi

337 2811 688 2862 succurrere,
741 2813 875 2864 pene
905 2814 1124 2854 necesse
1151 2801 1219 2854 sit
1247 2809 1302 2854 ut
1323 2801 1599 2859 videamus
1634 2820 1731 2859 nos
1769 2806 1937 2873 magis

339 2888 536 2943 saeculi
558 2888 1036 2945 intercessionibus
1062 2890 1325 2961 indigere.
1358 2893 1585 2949 Dubium
1609 2897 1806 2966 quippe
1829 2912 1936 2952 non

340 2989 432 3034 est
463 2980 613 3048 quod
632 2980 719 3034 illa
741 2982 919 3035 anima
945 2998 1065 3051 qua:
1086 2985 1521 3053 concupiscentia
1540 2987 1656 3057 [per
1673 2990 1933 3058 concupi-

339 3071 638 3145 scentiam]
695 3074 1031 3128 saecularium
1060 3076 1388 3146 voluptatum
1416 3082 1684 3148 possessio
1710 3082 1938 3137 efficitur

2032 1879 2125 1925 aut
2171 1886 2388 1940 augere,
2440 1880 2530 1926 aut
2569 1873 2839 1926 custodire
2871 1871 3223 1942 negligimus!
3280 1871 3620 1939 Quapropter

2033 1962 2200 2032 gratis
2229 1961 2383 2016 nobis
2411 1961 2479 2017 de
2510 1963 2752 2032 corporis
2775 1978 2960 2032 cruce,
2993 1972 3047 2018 et
3076 1964 3308 2032 pectoris
3330 1964 3622 2016 afflictione

2034 2055 2355 2122 blandimur,
2385 2055 2431 2109 si
2457 2057 2696 2111 exterior
2726 2057 2886 2111 homo
2916 2065 3098 2110 noster
3119 2055 3320 2109 sanctis
3346 2055 3621 2109 laboribus

2033 2158 2334 2210 exercetur,
2372 2157 2426 2201 et
2455 2148 2787 2216 passionibns
2837 2164 2943 2202 non
2964 2157 3180 2202 curatur
3229 2147 3474 2202 interior.
3526 2145 3616 2200 Sic

2036 2249 2145 2304 εει,
2169 2239 2442 2308 quomodo
2465 2242 2508 2294 si
2532 2240 2727 2308 aliquis
2748 2249 2977 2295 statuam
3001 2240 3158 2296 faciat
3179 2256 3211 2293 a
3229 2239 3359 2294 foris
3380 2255 3623 2307 auream,

2033 2331 2120 2385 vel
2151 2331 2420 2400 quomodo
2449 2330 2495 2386 si
2528 2331 2721 2386 domus
2752 2333 3030 2399 magnifica
3063 2342 3178 2386 arte
3209 2340 3539 2396 constructa,
3593 2347 3624 2386 a

2036 2421 2170 2477 foris
2215 2423 2600 2491 pulcherrimis
2630 2423 2901 2477 coloribus
2931 2424 3141 2491 depicta
3171 2423 3434 2489 videatur,
3476 2433 3530 2478 et
3558 2421 3626 2476 ab

2040 2514 2186 2566 intus
2250 2511 2591 2580 serpentibus
2640 2521 2694 2566 et
2738 2513 3107 2581 scorpionibus
3155 2513 3310 2582 plena
3355 2513 3443 2568 sit.
3492 2511 3628 2578 Quid

2039 2604 2258 2673 prodest
2282 2603 2426 2673 quod
2459 2603 2654 2673 affligis
2680 2619 2873 2672 corpus
2902 2615 3070 2670 tuum,
3098 2604 3310 2673 quando
3341 2604 3468 2658 nihil
3502 2620 3623 2672 pro-

2039 2696 2150 2749 ficit
2174 2710 2268 2749 cor
2299 2697 2486 2750 tuum?
2520 2696 2684 2751 Valde
2706 2696 2836 2751 dura
2861 2708 2916 2752 et
2941 2699 3098 2752 nimis
3132 2698 3360 2753 dolenda
3390 2697 3629 2752 conditio

2041 2795 2158 2852 est,
2200 2788 2347 2840 omni
2377 2786 2673 2842 intentione
2699 2789 2937 2843 studium
2965 2790 3163 2842 laboris
3194 2789 3525 2855 impendere,
3577 2795 3631 2843 et

2042 2880 2267 2933 fructum
2308 2895 2413 2934 non
2462 2881 2704 2948 recipere
2735 2890 2856 2952 post
2893 2882 3154 2937 laborem.
3187 2881 3435 2948 Jejunare
3462 2892 3515 2935 et
3553 2879 3633 2935 νὶ-

2041 2979 2229 3047 gilare,
2252 2991 2303 3032 et
2327 2993 2507 3033 mores
2537 2995 2640 3033 non
2664 2980 2954 3048 corrigere,
2978 2981 3055 3034 sic
3068 2988 3168 3044 est,
3194 2981 3517 3049 quomodo’si
3540 2977 3633 3033 ali-

2050 3073 2170 3141 quis
2191 3080 2342 3126 extra
2363 3073 2574 3127 vineam
2597 3072 2858 3141 exstirpet
2878 3083 2969 3126 aut
2985 3074 3144 3138 colat,
3167 3081 3221 3128 et
3240 3075 3447 3127 vineam
3467 3073 3632 3141 ipsam

339 3165 642 3220 mundana:
681 3166 1129 3232 conversationis,
1180 3183 1284 3222 non
1322 3169 1488 3237 possit
1529 3168 1670 3227 efﬁci
1717 3189 1938 3243 regnum
1971 3167 2019 3231 ο
2046 3161 2314 3217 desertam
2343 3174 2397 3218 et
2424 3163 2679 3218 incultam
2709 3163 2974 3229 dimittat,
3008 3173 3068 3218 ut
3096 3164 3282 3233 spinas
3325 3179 3386 3218 ac
3413 3164 3634 3218 tribulos

339 3261 669 3317 divinitatis.
700 3261 850 3327 ldeo,
878 3258 1094 3330 fratres,
1124 3263 1298 3318 videte
1321 3267 1658 3322 vocationem
1681 3278 1936 3324 vestram.

338 3354 549 3410 Venire
576 3354 787 3423 quidem
808 3354 873 3408 ad
891 3370 1152 3421 eremum,
1187 3371 1392 3412 summa
1423 3359 1681 3427 perfectio
1707 3371 1809 3429 est,
1842 3363 1940 3418 sed

337 3462 451 3502 non
490 3442 728 3513 perfecte
755 3445 807 3500 in
839 3461 1024 3501 eremo
1052 3449 1254 3516 vivere,
1288 3464 1497 3504 summa
1525 3451 1799 3508 damnatio
1835 3463 1939 3510 est.

336 3535 488 3604 Quid
536 3536 790 3605 prodest,
834 3537 877 3591 si
908 3538 1056 3592 locus
1085 3541 1295 3608 quietus
1342 3550 1546 3596 tantum
1589 3545 1941 3612 corporaliter

337 3638 618 3694 teneatur,
649 3639 704 3684 et
732 3630 1042 3700 inquietudo
1072 3633 1124 3687 in
1153 3634 1316 3688 corde
1347 3645 1595 3691 servetur
1621 3637 1942 3713 [versetur]?

338 3720 512 3788 Quid,
542 3721 778 3787 inquam,
808 3722 1044 3790 prodest,
1063 3723 1107 3776 si
1138 3723 1188 3777 in
1207 3724 1538 3782 habitatione
1558 3729 1825 3784 silentium
1851 3733 1940 3796 sit,

339 3822 396 3867 et
421 3813 483 3864 in
515 3809 907 3866 habitatoribus
935 3814 1185 3867 vitiorum
1217 3817 1287 3869 sit
1310 3819 1570 3872 tumultus
1594 3830 1648 3873 et
1678 3823 1942 3877 collucta-

341 3903 422 3956 tio
451 3901 798 3970 passionum?
828 3901 883 3955 Si
914 3902 1181 3957 exteriora
1213 3914 1395 3961 nostra
1429 3909 1696 3963 serenitas
1725 3919 1941 3965 teneat:

346 4004 406 4052 et
445 3994 726 4061 interiora,
777 3997 1103 4065 tempestas?
1153 3998 1270 4052 Non
1321 3999 1464 4054 enim
1507 4001 1629 4055 ideo
1670 4002 1736 4056 ad
1787 4004 1947 4060 istum

347 4087 537 4142 locum
580 4086 950 4152 convenimus,
997 4097 1055 4141 ut
1099 4088 1254 4144 nobis
1297 4090 1527 4146 mundus
1570 4091 1945 4164 famularetur,

349 4189 413 4234 ut
465 4179 627 4234 rebus
674 4179 923 4235 omnibus
975 4181 1310 4238 abundanter
1359 4183 1754 4256 [abundantes]
1805 4189 1950 4243 omni

352 4276 543 4345 quiete
587 4273 907 4331 frueremur.
963 4276 1078 4330 Non
1111 4277 1295 4346 utique
1338 4278 1404 4332 ad
1452 4280 1690 4349 requiem
1741 4297 1839 4337 nec
1883 4285 1952 4338 ad

299 4384 302 4387 λ
349 4367 732 4433 securitatem,
781 4366 876 4421 sed
915 4367 980 4422 ad
1020 4383 1249 4437 pugnam
1284 4369 1388 4424 huc
1421 4371 1692 4437 venimus,
1725 4374 1791 4427 ad
1822 4387 1950 4442 ago-

350 4476 482 4517 nem
535 4461 917 4531 processimus,
973 4463 1041 4518 ad
1091 4464 1396 4519 exercenda
1449 4480 1571 4520 cum
1621 4467 1764 4522 vitiis
1812 4468 1951 4522 bella

2043 3256 2344 3326 germinet,
2378 3271 2496 3325 qum
2552 3255 2834 3311 insistente
2871 3256 3078 3311 cultore
3117 3256 3534 3325 jucundissitnos
3562 3272 3630 3310 ex

2043 3370 2104 3411 se
2132 3355 2339 3410 fructus
2371 3355 2638 3425 potuisset
2664 3353 2925 3424 proferre.
2956 3357 3249 3424 Agnoscite
3278 3356 3476 3426 itaque,
3529 3357 3634 3410 fra-

2050 3459 2160 3503 I'es
2189 3448 2522 3514 charissimi,
2556 3453 2697 3511 quod
2721 3449 2788 3502 ad
2810 3449 3037 3503 salutem
3067 3437 3374 3519 perpetuam
3408 3450 3636 3520 conqui-

2043 3538 2262 3593 rendam
2295 3539 2618 3594 abstinentia
2649 3542 2943 3608 corporalis
2974 3541 3087 3595 sola
3117 3557 3226 3596 non
3258 3539 3486 3611 sufficit,
3534 3542 3638 3597 nisi

2048 3642 2103 3688 et
2133 3633 2331 3688 animae
2354 3648 2569 3703 quoque
2590 3635 2848 3702 jejunium
2873 3650 2968 3704 per
2991 3635 3367 3690 abstinentiam
3391 3634 3640 3688 vitiorum

2054 3723 2218 3779 fuerit
2241 3725 2524 3778 sociatum.
2579 3724 2716 3790 Quid
2748 3725 2890 3778 enim
2932 3724 3121 3793 juvat,
3168 3726 3213 3779 si
3265 3727 3334 3778 sit
3381 3724 3640 3796 quispiam

2048 3831 2274 3884 corpore
2315 3825 2517 3880 castus,
2579 3823 2634 3870 et
2681 3827 2863 3871 mente
2915 3819 3178 3885 pollutus,
3236 3835 3394 3889 quem
3443 3820 3642 3877 malitia

2048 3908 2333 3978 depravat,
2383 3922 2543 3977 quem
2592 3904 2745 3961 furor
2791 3908 3084 3965 iracundiae
3132 3910 3342 3966 facibus
3391 3912 3643 3981 exagitat,

2051 4015 2211 4070 quem
2236 3999 2486 4069 superbia
2509 4000 2653 4055 omni
2676 4002 2844 4071 gratia
2867 4002 2958 4057 Dei
2990 4003 3280 4072 exspoliat,
3310 4020 3466 4074 quem
3491 4020 3643 4060 men-

2051 4093 2221 4148 daciis
2249 4094 2331 4148 vel
2357 4092 2654 4149 maledictis
2679 4095 2857 4164 lingua
2888 4097 3275 4151 eommaculat?
3303 4097 3490 4152 Nonne
3522 4098 3639 4166 ipse

2054 4199 2112 4240 se
2141 4181 2303 4250 fallit;
2336 4199 2515 4239 nonne
2545 4186 2657 4251 ipse
2687 4199 2746 4239 se
2773 4185 2962 4240 irridet
2992 4201 3059 4241 ac
3093 4187 3326 4256 decipit,
3382 4189 3426 4242 si
3456 4188 3642 4242 credat

2054 4291 2113 4331 se
2138 4277 2254 4330 sine
2293 4276 2510 4344 reliquis
2551 4277 2864 4342 virtutibus,
2916 4276 3026 4332 suis
3064 4276 3287 4347 jejuniis
3332 4294 3393 4332 ac
3439 4277 3642 4347 vigiliis

2058 4367 2537 4424 sanctificandum?
2583 4369 2648 4423 Et
2685 4369 2905 4436 idcirco,
2944 4370 3298 4438 dilectissimi,
3348 4372 3419 4426 ita
3449 4386 3644 4441 corpus

2055 4476 2408 4518 exerceamus
2451 4461 2692 4532 jejuuiis,
2749 4474 2810 4519 ut
2835 4471 3073 4520 mentem
3105 4480 3391 4534 purgemus
3418 4481 3446 4520 a
3479 4466 3667 4520 vitiis.-

349 4556 792 4625 properavimus,
824 4565 881 4608 ut
905 4555 1103 4626 linguae
1131 4555 1335 4624 gladios
1362 4558 1730 4622 retundamus,
1757 4568 1811 4612 ut
1844 4574 1948 4613 non
1975 4551 2032 4613 D
2056 4556 2363 4626 Cogitemus
2406 4555 2549 4611 illius
2577 4555 2776 4624 judicis
2816 4558 3150 4614 incessanter
3177 4558 3465 4614 adventum
3485 4601 3500 4626 ,
3554 4559 3646 4629 qui

352 4647 532 4699 solum
558 4648 781 4702 invicem
806 4663 910 4702 non
931 4647 1225 4704 inferamus
1248 4650 1491 4720 injurias,
1515 4652 1608 4706 sed
1628 4669 1729 4709 nec
1752 4652 1955 4708 sentia-

356 4751 482 4789 mus
495 4737 684 4790 illatas.
700 4737 1024 4793 Peculiarius
1035 4749 1213 4795 autem
1229 4742 1368 4796 istud
1383 4744 1446 4795 ad
1463 4745 1845 4812 professionem
1860 4762 1955 4801 no-

356 4836 529 4882 stram
547 4828 789 4895 pertinet,
807 4829 935 4882 nihil
952 4831 1004 4883 in
1019 4830 1118 4884 hac
1135 4832 1238 4884 vita
1252 4835 1634 4889 consolationis
1648 4838 1948 4906 requirere,

358 4915 497 4970 nihil
525 4917 738 4985 quietis,
770 4933 870 4971 nec
897 4920 1037 4972 velle
1065 4919 1306 4988 recipere
1331 4921 1469 4976 bona
1493 4924 1544 4976 in
1571 4926 1677 4978 vita
1704 4941 1821 4992 sua,
1857 4927 1954 4982 sed

325 5079 330 5084 _
359 5006 598 5062 honores
612 5003 820 5078 fugere,
845 5008 1182 5077 subjectione
1199 5018 1358 5080 atque
1376 5013 1678 5084 abjectione
1691 5016 1948 5084 gaudere,

359 5098 692 5168 paupertatis
719 5097 953 5154 studium
981 5117 1249 5169 quaerere,
1297 5114 1354 5159 et
1381 5121 1488 5159 non
1517 5108 1690 5162 solum
1721 5104 1949 5164 faculta-

359 5199 463 5255 tes,
493 5191 586 5246 sed
604 5191 764 5247 etiam
787 5194 930 5262 ipsas
947 5196 1268 5263 cupiditates
1287 5198 1354 5253 de
1377 5200 1632 5255 cordibus
1653 5202 1948 5257 eradicare.

359 5282 502 5337 Nihil
520 5285 662 5339 enim
687 5285 884 5341 habere
908 5287 1178 5343 interdum
1208 5305 1294 5347 res
1321 5293 1658 5348 necessitatis
1680 5304 1785 5360 est,
1813 5295 1950 5351 nihil

363 5391 461 5446 per
489 5381 767 5435 avaritiam
799 5395 997 5450 cupere
1027 5381 1254 5442 virtutis.
1286 5386 1352 5442 Et
1385 5386 1504 5439 ideo
1530 5385 1671 5441 hunc
1698 5387 1799 5441 sibi
1827 5402 1949 5458 spe-

362 5470 574 5527 cialiter
602 5475 815 5529 modum
847 5475 1124 5544 religiosus
1166 5493 1368 5549 ροηθιιο
1400 5477 1596 5544 debet,
1641 5488 1702 5534 ut
1745 5490 1950 5536 tantum

368 5557 561 5619 habeat
606 5576 863 5634 quantum
913 5569 1204 5640 necessitas
1256 5575 1474 5663 poscit,
1532 5586 1638 5626 non
1693 5582 1950 5643 quantum

442 5747 469 5776 ιι
507 5740 726 5808 Quando
767 5743 840 5800 illi
862 5744 1133 5818 laudabiles
1187 5802 1277 5862 ore

2061 4650 2262 4703 utinam
2311 4647 2390 4702 sic
2436 4661 2535 4702 nos
2584 4659 2795 4715 paratos
2845 4650 3115 4715 inveniat,
3165 4652 3433 4719 quomodo
3486 4664 3645 4705 nemo

2059 4749 2238 4811 potest
2265 4738 2513 4794 dubitare
2538 4738 2683 4809 quod
2723 4740 2904 4794 veniat
2932 4741 3108 4812 [quod
3136 4742 3388 4815 veniet]!
3420 4742 3568 4808 Quod
3601 4744 3662 4797 si-

2060 4831 2308 4898 requiras
2357 4831 2627 4899 quomodo
2683 4832 2906 4886 veniet:
2941 4833 2992 4885 in
3042 4834 3135 4888 illo
3185 4835 3368 4905 utique
3420 4849 3645 4902 corpore

2061 4929 2202 4999 quod
2233 4943 2329 4997 pro
2358 4937 2541 4982 nostra
2573 4928 2746 4983 salute
2776 4937 3113 4999 susceptum,
3149 4947 3247 5001 pro
3279 4940 3459 4987 nostra
3488 4933 3645 4986 abso-

2059 5020 2260 5076 lutione
2315 5027 2495 5074 natum
2529 5020 2929 5094 [damnatum],
2980 5035 3033 5079 et
3063 5039 3165 5094 pro
3190 5033 3494 5079 nostrorum
3527 5025 3645 5079 vul-

2055 5125 2243 5165 nerum
2266 5108 2527 5164 medicina
2545 5112 2728 5168 lancea
2751 5113 3026 5183 clavisque
3038 5115 3305 5171 confixum
3329 5124 3432 5170 est.
3459 5115 3639 5171 Prima

2056 5202 2200 5257 enim
2226 5203 2330 5257 erit
2363 5203 2415 5256 in
2448 5218 2571 5258 reos
2615 5205 2948 5260 intoleranda
2980 5208 3268 5273 sententia,
3323 5208 3645 5264 reverenda-

2055 5311 2173 5351 rum
2204 5297 2490 5366 prmsentia
2519 5297 2855 5353 cicatricum.
2905 5297 3043 5365 Quid
3089 5300 3248 5370 igitur
3284 5300 3377 5356 illo
3406 5310 3647 5372 tempore

2060 5391 2248 5446 facturi
2279 5405 2491 5459 sumus,
2537 5390 2756 5462 quando
2796 5400 2986 5448 contra
3026 5393 3168 5449 illius
3202 5394 3362 5469 [illos]
3401 5394 3642 5452 cruciﬁxi

2065 5484 2275 5538 Domini
2308 5483 2528 5548 livores,
2577 5492 2720 5539 notae
2753 5495 3089 5553 peccatorum
3117 5495 3420 5543 nostrorum
3449 5495 3506 5544 et
3535 5501 3648 5542 ma-

2061 5578 2193 5634 cula:
2241 5577 2521 5633 libidinum
2567 5577 2950 5648 proferentur?
2997 5580 3103 5638 Aut
3149 5596 3257 5654 quo
3297 5588 3453 5653 putas
3498 5579 3650 5637 vultu

1282 5766 1451 5838 muas
1493 5764 1629 5824 quos
1674 5759 1822 5808 extra
1862 5767 1939 5808 m.
1981 5767 2038 5812 n.
2069 5768 2120 5810 e.
2146 5754 2437 5824 credimus,
2464 5771 2579 5828 per.
