4078 6440
473 351 629 423 ιιδσ·

1507 365 1566 422 s.
1604 363 1902 421 CA‘JSARII
1946 325 2158 448 itast;
2201 325 2677 448 auELAIENSlS

471 481 721 553 respiciet
769 481 1065 550 redemptio
1117 492 1298 562 nostra
1352 468 1704 562 perditionem
1767 476 2045 534 nostram?
2075 441 2134 536 Al
2154 474 2295 542 Nihil
2343 475 2483 530 enim
2528 473 2747 540 habere,
2797 469 3069 536 interdum
3109 483 3200 526 res
3246 464 3585 528 necessitatis
3623 472 3758 532 eet;

472 581 640 635 Tanto
666 567 907 642 graviora
939 589 1092 632 erunt
1125 559 1352 648 humana
1375 559 1587 640 delicta,
1612 559 1812 643 quanto
1847 572 2051 638 majora

470 688 528 726 sc
552 655 879 725 n-tenderint
911 672 1084 724 divina
1120 670 1400 724 beneﬁcia.
1439 667 1744 742 Verendutn
1770 675 1845 718 est
1871 674 2051 717 autem

472 781 537 818 ne
568 757 723 816 illam"
743 779 926 817 vocem
961 762 1374 828 resurrectionis
1405 759 1656 829 pretiosae
1683 758 1860 834 crucis
1884 763 2051 810 vesti-

469 857 548 921 gia
600 864 1011 924 protestantem,
1057 859 1215 909 etiam
1249 855 1300 908 iri
1331 853 1534 924 judicio
1579 867 1678 905 suo
1701 851 1766 906 ad
1801 864 1926 903 vasa
1954 848 2056 900 itii-

470 947 686 1014 qnitatis
731 937 1034 1013 prolaturus
1081 947 1148 998 sit
1181 944 1374 1018 {Infer
1405 945 1622 1014 digitum
1666 952 1806 994 tuum
1837 940 1959 1014 huc,
2006 944 2054 990 et

469 1039 578 1088 vide
624 1029 803 1090 uiantis
846 1054 1004 1103 meas,
1049 1048 1092 1090 et
1130 1035 1258 1102 a/fet'
1290 1053 1495 1089 manum
1523 1045 1688 1101 tuum,
1742 1044 1786 1086 et
1827 1032 1965 1084 mitte
2003 1031 2055 1092 in

470 1130 606 1180 latus
638 1145 800 1181 meum
827 1129 1004 1199 (.loan.
1031 1144 1118 1182 xxi
1149 1133 1191 1196 ),
1225 1140 1278 1182 et
1301 1142 1527 1196 agnosce
1549 1141 1666 1194 qua:
1689 1140 1784 1191 pro
1813 1133 1864 1176 te
1893 1122 2055 1192 impio

472 1209 642 1287 pii-tas
670 1221 845 1271 divum
876 1209 1128 1287 perpessa
1159 1220 1245 1272 sit.
1279 1219 1369 1271 Illi
1401 1217 1582 1285 utique
1605 1216 1879 1268 clavorum
1905 1216 2056 1282 signa

472 1309 626 1363 bonis
668 1301 942 1373 salutaria,
976 1309 1127 1363 malis
1159 1308 1442 1374 terribilia,
1477 1323 1597 1376 quae
1623 1321 1795 1375 usque
1824 1305 1889 1360 ad
1913 1304 2054 1358 diem

472 1395 656 1468 judicii
692 1393 793 1453 non
823 1387 1090 1454 delentur.

549 1491 613 1544 Et
644 1502 759 1560 post
792 1491 906 1546 haec
943 1481 1352 1563 qiiid'sequitur,
1385 1491 1486 1546 nisi
1517 1490 1646 1546 illud
1686 1489 2058 1559 interpositum

473 1584 611 1640 inter
635 1581 782 1639 vivos
807 1600 867 1639 ac
895 1597 1131 1641 mortuos
1152 1575 1613 1648 expavescendum
1638 1583 1801 1638 chaos
1826 1591 2061 1637 vastum-

475 1693 577 1748 que
599 1675 915 1743 discrinien,
940 1681 1175 1734 exclusm
1197 1697 1224 1732 a
1251 1689 1440 1734 natura
1466 1679 1752 1754 viventium
1779 1661 2061 1750 [Heinsio

477 1786 506 1825 a
536 1770 1063 1844 natura’vivcntium]
1087 1773 1319 1827 tenebrae
1345 1776 1662 1837 exteriores,
1693 1771 1826 1850 dura
1850 1782 2061 1837 separa-

2157 569 2285 624 nihi!
2307 580 2484 624 aulem
2507 583 2722 636 cupere,
2747 564 2978 621 virtutis.
3006 562 3138 618 Illud
3163 563 3322 616 etiam
3346 561 3488 615 scire
3505 558 3754 622 debetis,

2156 663 2295 732 quod
2328 662 2417 731 qui
2450 663 2587 716 inter
2629 675 2725 716 vos
2771 660 2934 714 vitam
2975 673 3134 728 agere
3172 656 3604 719 constituerunt,
3659 661 3762 704 aut

2156 771 2277 810 cum
2320 753 2508 824 grandi
2551 753 2749 819 fructu,
2804 764 2896 807 aut
2939 766 3062 806 cum
3108 747 3298 820 grandi
3343 744 3608 826 periculo,
3666 741 3764 798 vel

2158 848 2464 920 diligentes,
2497 847 2581 902 vel
2615 846 2774 900 etiam
2807 845 3140 916 negligentes
3156 852 3304 922 sunt.
3336 838 3488 895 Unde
3513 835 3651 889 felix
3675 843 3766 892 est

2158 941 2248 996 illa
2275 943 2452 995 anima
2482 955 2601 1010 qua:
2632 955 2754 996 cum
2787 938 2928 992 bene
2957 935 3454 1004 inlcongregatioue
3480 938 3764 997 versatur,

2158 1037 2448 1104 multorum
2469 1037 2720 1106 gaudium
2740 1046 2852 1101 erit;
2877 1042 2940 1094 ,et
2959 1034 3171 1103 plurimi
3195 1048 3260 1089 ex
3282 1047 3344 1086 ea
3367 1031 3454 1086 vel
3475 1027 3768 1084 adiﬁcan—

2161 1141 2246 1186 tur
2288 1132 2369 1185 vel
2399 1131 2784 1184 illuminantur.
2831 1127 2974 1180 Bona
3007 1125 3332 1190 enimejus,
3377 1123 3512 1176 dum
3561 1119 3766 1175 multis

2160 1222 2647 1287 communicantur,
2677 1220 2966 1274 adduntur.
3002 1218 3080 1272 Ad
3107 1216 3247 1286 quod
3269 1215 3430 1272 etiam
3453 1211 3768 1277 sapientis-

2161 1314 2283 1370 simi
2335 1315 2477 1368 illius
2525 1312 2787 1368 sententia
2839 1309 3094 1376 respicit,
3144 1324 3262 1374 qua
3309 1303 3666 1364 dicit‘:Fiii,
3717 1301 3778 1358 si.

2161 1407 2374 1477 sapiens
2421 1404 2605 1469 fueris,
2654 1403 2745 1469 tibi
2786 1407 2894 1459 eris
2935 1411 2993 1459 et
3030 1400 3288 1472 proximis
3317 1401 3440 1458 tuis.
3495 1399 3694 1466 Itaque
3720 1394 3768 1449 si

2161 1501 2280 1570 quis
2313 1501 2363 1553 in
2391 1498 2800 1568 congregatione
2847 1499 3072 1566 positus,
3126 1494 3192 1549 ad
3223 1492 3590 1548 humilitatem
3637 1502 3770 1544 sese

2164 1593 2426 1661 patienter
2472 1591 2796 1662 [patientem
2816 1590 2832 1658 'l
2885 1588 3209 1659 wmbuerit,
3268 1595 3528 1654 quantum
3580 1597 3654 1637 es
3710 1596 3773 1635 se

2165 1685 2365 1748 bonum
2406 1684 2664 1754 proximis
2704 1681 3038 1746 commodat,
3091 1687 3297 1732 tantum
3330 1677 3384 1730 in
3427 1690 3489 1730 se
3527 1672 3772 1727 aliorum

2147 1778 2316 1836 .lucra
2336 1779 2619 1832 convertit.
2651 1775 2706 1830 Si
2733 1790 2862 1830 vero
2887 1773 3196 1828 econtrario
3215 1786 3310 1839 per
3339 1768 3774 1825 inubedientiam

475 1865 550 1921 tio
579 1884 606 1920 a
641 1866 780 1920 dulci
812 1867 1002 1920 intuitu
1031 1843 1334 1920 sanctorum
1368 1877 1417 1920 et
1447 1882 1474 1919 a
1507 1845 1765 1930 siicietate
1791 1843 2064 1928 felicium;
2096 1861 2146 1922 B
2168 1871 2254 1926 vel
2283 1870 2586 1936 superbiam
2617 1882 2824 1936 qua-ere.-
2849 1865 3011 1935 (quod
3037 1863 3189 1933 pejus
3209 1863 3339 1929 est),
3369 1858 3588 1915 facilius
3617 1858 3774 1912 inve-

477 1968 532 2013 et
552 1953 855 2012 er'ontrario
881 1960 956 2013 ire
978 1959 1114 2012 inter
1132 1958 1512 2028 iacrymabiles
1536 1945 1764 2027 gemitus
1791 1955 2064 2020 planctus-

475 2035 580 2119 que
627 2050 952 2118 lugentium,
1002 2063 1050 2103 e:
1097 2049 1373 2118 collegium
1422 2048 1572 2102 triste
1624 2050 1973 2108 miserorum,
2014 2053 2068 2099 et

477 2158 601 2201 ante
631 2149 837 2202 beatam
863 2148 1086 2217 patriam
1110 2158 1366 2218 arternum
1390 2148 1572 2200 subire
1601 2131 1891 2200 teterrimae
1919 2158 2064 2198 mor-

482 2239 556 2292 tis
592 2238 860 2293 ex.~i|iuui.
889 2238 1055 2304 Quam
1091 2241 1311 2304 lugubre
1339 2240 1436 2290 i-rit
1464 2238 1661 2291 homini
1686 2237 1967 2290 Dominum
1994 2235 2072 2287 vi-

478 2329 607 2384 dere
629 2339 684 2384 et
707 2329 951 2398 perdere,
984 2339 1036 2384 et
1059 2341 1182 2384 ante
1205 2327 1475 2384 Creatoris
1503 2329 1584 2383 sui
1631 2331 1806 2397 perire
1844 2339 2070 2392 consile-

483 2425 662 2478 ctum!
712 2422 777 2478 Et
806 2424 945 2488 ideo,
990 2423 1184 2476 fratres
1213 2423 1547 2487 charissimi,
1578 2422 1677 2475 ista
1710 2421 1832 2472 dntn
1864 2428 2083 2488 tempus

481 2524 564 2571 est
590 2510 906 2587 cogitantes,
939 2525 992 2570 et
1025 2516 1395 2585 Redemptoris
1423 2515 1596 2568 nostri
1629 2513 2070 2582 beneficiareco-

484 2601 678 2670 lentes,
709 2609 775 2660 ita
803 2595 923 2660 cum
949 2606 1042 2686 Dei
1072 2607 1336 2676 adjutorio
1366 2606 1639 2662 indefesso
1661 2605 1838 2660 studio
1865 2604 2074 2658 labore-

484 2714 626 2764 mus,
661 2691 879 2770 utquod
907 2701 1060 2756 nobis
1089 2703 1291 2768 obtulit.
1313 2701 1578 2774 [contulit]
1600 2702 1893 2771 judicatus,
1926 2702 2069 2754 inte-

485 2805 641 2860 grum
683 2791 734 2845 in
781 2792 937 2846 inibis
987 2793 1224 2848 inveniat
1255 2792 1590 2862 judicaturus
1627 2794 1783 2848 Jesus
1827 2791 2076 2846 Christus

486 2881 745 2936 Dominus
789 2893 989 2949 noster,
1041 2885 1130 2954 qui
1161 2900 1281 2937 cum
1332 2885 1490 2940 Patre
1538 2895 1592 2937 et
1637 2884 1840 2952 Spiritu
1886 2893 2074 2937 sancto

487 2969 630 3032 venit
657 2986 713 3034 et
740 2967 926 3050 regnat
960 2982 1010 3035 in
1040 2981 1234 3035 sacuia
1265 2983 1608 3036 szecnlorum.
1641 2984 1834 3037 Amen.

1066 3118 1344 3173 HOMILIA
1381 3117 1484 3172 VII.

2170 1965 2275 2022 niri
2301 1964 2470 2031 Solet,
2501 1963 2567 2018 ad
2598 1962 2795 2018 malum
2822 1959 3125 2028 exemplum
3153 1970 3264 2014 sua
3294 1952 3602 2023 iniquitatis
3632 1949 3772 2003 alios

2171 2059 2427 2122 traxerit,
2475 2064 2706 2125 quantos
2750 2051 3105 2117 destruxerit,
3153 2049 3221 2104 de
3261 2041 3775 2114 tantiaperimdun

2172 2151 2534 2206 damnationis
2558 2148 2799 2203 incurrit.
2837 2145 3062 2214 Quantis
3097 2141 3482 2216 detrimentum
3516 2136 3657 2198 fuit,
3709 2132 3776 2188 de

2173 2244 2341 2298 tantis
2379 2244 2571 2296 damna
2616 2240 2914 2302 contraxit;
2967 2244 3021 2290 et
3065 2241 3340 2303 peccatum
3369 2228 3519 2299 quod
3561 2226 3642 2280 ab
3687 2223 3777 2279 illo

2176 2335 2347 2389 semel
2394 2333 2648 2397 recessit,
2705 2330 2770 2384 ad
2824 2344 2948 2384 eum
3000 2326 3370 2392 multipliciter
3422 2319 3777 2376 redundavit.

2175 2427 2537 2496 Quamobrem
2577 2427 2714 2478 sicut
2758 2422 2846 2478 ille
2875 2420 3032 2476 valde
3059 2415 3410 2480 admirandus
3446 2423 3614 2482 atque
3659 2412 3778 2470 lau-

2177 2520 2386 2590 dandus
2415 2528 2526 2584 est,
2567 2517 2721 2584 cujus
2751 2529 2945 2578 cursus
2975 2515 3147 2568 bonus
3176 2509 3465 2564 multorum
3500 2503 3778 2574 profectus

2179 2623 2291 2679 est,
2331 2613 2400 2666 ita
2431 2611 2520 2665 ille
2545 2607 3026 2674 meritolugendus
3054 2615 3134 2658 est
3159 2603 3311 2671 cujus
3339 2603 3446 2656 vita
3471 2598 3615 2654 mala
3640 2598 3780 2652 mul-

2181 2715 2356 2758 torum
2389 2703 2538 2756 ruina
2569 2709 2673 2755 est.
2719 2698 2865 2763 Ideo,
2909 2693 3104 2750 fratres
3145 2690 3488 2755 charissimi,
3533 2703 3664 2757 que
3712 2689 3780 2739 ad

2181 2794 2263 2850 :rd
2287 2793 2590 2848 ﬁcatiunetn
2641 2791 2939 2861 pertinent,
2988 2804 3049 2843 ea
3090 2789 3144 2842 in
3177 2785 3355 2848 nuntio
3400 2782 3564 2852 positi
3615 2793 3781 2848 agere

2181 2889 2492 2942 studt-anius
2524 2903 2536 2938 :
2573 2899 2638 2938 ne
2666 2885 2771 2936 vita
2803 2879 2976 2953 [vitia]
3014 2889 3194 2933 nostra
3223 2877 3451 2934 aliorum
3482 2874 3779 2928 virtutibus

2181 2991 2374 3035 noceat
2404 2973 2697 3048 [noceant],
2747 2990 2812 3029 ne
2837 2974 3066 3027 aliorum
3099 2970 3364 3026 fervorem
3411 2976 3564 3035 tepor
3588 2974 3780 3028 noster

2183 3073 2457 3137 debilitet;
2490 3081 2544 3126 et
2574 3087 2639 3125 ηι-
2668 3071 2893 3123 aliorum
2926 3065 3237 3133 patientiam
3269 3059 3543 3139 iracundia
3588 3065 3782 3116 nostra

2151 3205 2158 3212 .
2185 3166 2383 3229 violet,
2443 3178 2510 3218 ne
2541 3163 2768 3216 aliorum
2799 3159 3156 3213 humilitatem
3188 3153 3436 3220 superbia
3467 3159 3656 3213 nostra
3687 3147 3779 3201 de-

559 3230 844 3285 Ad‘locnm
872 3229 1034 3298 hunc,
1082 3231 1384 3286 charissimi
1407 3273 1421 3296 ,
1454 3240 1830 3301 properantes,
1867 3245 1973 3285 non
2008 3228 2072 3282 ad

2193 3267 2407 3328 pravet,
2459 3271 2525 3310 ne
2553 3254 2780 3308 aliorum
2815 3251 3098 3304 sanitatem
3128 3243 3418 3301 inﬁrmitas
3440 3250 3625 3308 nostra
3661 3254 3781 3292 cor-

489 3323 724 3392 quiete‘ni
745 3367 758 3390 ,
792 3336 894 3376 non
923 3323 998 3376 ad
1017 3323 1362 3377 seeiiritatem
1386 3365 1400 3389 ,
1430 3326 1522 3376 St‘tl
1553 3322 1616 3376 ad
1648 3338 1878 3393 pugnam
1911 3334 2086 3376 certa-

492 3418 725 3483 menque
755 3417 1126 3469 convenimus.
1182 3415 1263 3469 Ad
1294 3417 1521 3485 agonem
1554 3411 1654 3470 huc
1699 3404 2082 3482 prbcessimus,

493 3514 549 3562 et
575 3509 642 3560 nd
685 3507 986 3560 exercenda
1019 3511 1139 3560 cum‘
1189 3507 1332 3561 vitiis
1365 3508 1498 3560 bella
1530 3509 1877 3561 convenin‘ius
1931 3508 2086 3580 [con-

494 3597 809 3669 tendimus].
850 3600 981 3652 Vitia
1015 3599 1154 3653 enim
1187 3609 1391 3666 nostra,
1428 3601 1611 3654 hostes
1645 3599 1812 3653 nostri
1847 3612 1990 3665 sunt,
2023 3585 2104 3656 de.

496 3693 688 3762 quibus
715 3692 990 3757 Scriptura
1027 3693 1367 3759 pronuntiat,
1422 3692 1609 3747 dicens
1644 3710 1655 3744 :
1691 3693 1834 3747 Cave
1877 3709 1943 3747 ne
1989 3708 2090 3746 un-

496 3793 661 3855 quam“
691 3785 889 3838 habeas
917 3799 1037 3838 cum
1071 3788 1150 3839 eis
1187 3782 1364 3838 fretlus
1407 3783 1587 3852 (Deut.
1625 3787 1738 3854 vn).
1774 3787 2089 3841 Necessaria

498 3876 654 3929 nobis
678 3884 782 3940 est,
815 3876 1034 3940 fratres,
1073 3877 1295 3945 pervigil
1320 3877 1471 3940 cura,
1507 3877 1882 3947 itidel‘cssaque
1904 3889 2089 3932 custo-

437 3962 439 3964 ’
499 3967 608 4033 dia,
639 3968 763 4036 quia
787 3967 1065 4022 conmotus
1090 3970 1190 4022 iste
1206 3970 1321 4024 sine
1342 3970 1464 4032 liue',
1494 3970 1661 4025 hostis
1680 3971 1779 4024 iste
1797 3965 1911 4024 sine
1939 3985 2087 4039 pace,

509 4059 648 4111 vinci
681 4067 883 4127 potest,
939 4070 992 4114 et
1038 4061 1199 4128 recipi
1232 4062 1283 4115 in
1315 4061 1607 4115 amicitiam
1642 4067 1743 4117 no‘u
1781 4061 1972 4129 potest.
2026 4061 2092 4116 Et

505 4149 627 4204 ideo
674 4151 915 4219 pretium
957 4152 1095 4205 istud
1141 4153 1281 4222 quod
1326 4153 1688 4222 suscepimus,
1741 4154 1871 4208 satis
1926 4155 2090 4207 latum

503 4243 739 4310 satisqtm
769 4243 1271 4310 periculoswn'cst,
1325 4246 1448 4310 quia
1481 4246 1616 4298 intra
1648 4245 1916 4300 hominem
1947 4246 2091 4315 geri-

506 4339 614 4394 tur,
657 4341 710 4386 et
740 4332 842 4386 nisi
871 4349 990 4387 cum
1034 4335 1151 4402 ipso
1181 4335 1395 4390 homine
1429 4352 1533 4389 non
1569 4331 1770 4390 finitur.
1814 4336 1938 4390 Ideo
1967 4352 2094 4406 ergo

508 4437 610 4476 nos
652 4423 718 4476 ad
762 4423 877 4478 haec
923 4427 1207 4494 tranquilla
1255 4439 1460 4482 secreta
1510 4438 1565 4483 et
1608 4429 1868 4497 spiritalia
1919 4439 2095 4483 castra

509 4516 872 4580 contulimus;
909 4528 966 4570 ut
1017 4518 1254 4586 quotidie
1308 4531 1495 4575 contra
1550 4521 1828 4589 passiones
1883 4533 2096 4577 nostras

2189 3357 2442 3416 rumpat,
2481 3361 2548 3400 ne
2589 3345 2816 3399 aliorum
2851 3339 3296 3410 pulchritudinem
3342 3333 3560 3393 foeditas
3595 3339 3780 3384 nostra

2189 3440 2514 3496 contaminet
2538 3479 2553 3502 ,
2587 3453 2652 3492 ne
2681 3436 2904 3490 aliorum
2932 3433 3187 3488 ardentes
3216 3430 3620 3497 exstinguamus
3646 3423 3782 3477 lam-

2191 3534 2376 3602 pade~,
2426 3530 2467 3580 si
2499 3537 2709 3582 nostras
2748 3525 3049 3579 illuminare
3077 3537 3188 3577 non
3230 3530 3536 3590 possumus.
3571 3515 3639 3568 Et
3671 3512 3784 3582 qui-

2191 3627 2312 3678 dem
2361 3622 2538 3675 stultae
2569 3621 2670 3672 illae
2723 3619 2977 3685 virg’nes,
3028 3616 3322 3686 quamlibet
3370 3613 3550 3666 stultae
3581 3613 3784 3665 essent,

2193 3732 2303 3772 non
2335 3726 2440 3768 tam
2468 3713 2671 3766 alii-nas
2702 3713 3070 3778 exstinguere,
3116 3722 3276 3774 quam
3321 3717 3442 3759 sna~
3478 3699 3787 3764 illuminare

2194 3809 2484 3878 cupiebant
2511 3805 2730 3875 (Matth.
2762 3803 2917 3873 xxv).
2953 3803 3017 3856 Et
3048 3801 3170 3856 ideo
3197 3799 3264 3852 ad
3295 3799 3514 3852 ismrum
3541 3792 3788 3847 similitu-

2195 3903 2400 3965 dinem,
2426 3900 2470 3952 si
2495 3898 2742 3968 cuiquam
2775 3908 2796 3932 ⁸
2822 3906 3060 3950 nostrum
3085 3893 3233 3947 deest
3254 3885 3810 3960 pinguissiniagratia-

2195 3990 2534 4054 humilitatis,
2558 3989 2599 4040 si
2627 3986 2748 4040 lidei
2778 3987 2937 4056 ignis,
2959 3987 3002 4038 si
3029 3985 3242 4036 ﬂamma
3262 3976 3520 4042 fervoris,
3539 3974 3583 4027 si
3608 3974 3790 4026 oleum

2197 4082 2497 4144 charitatis,
2529 4079 2574 4133 si
2608 4078 2790 4132 lumen
2823 4074 3184 4134 discretionis,
3228 4073 3407 4124 veniat
3434 4066 3499 4120 ad
3529 4079 3623 4120 eos
3653 4076 3794 4132 quos

2199 4174 2369 4243 magis
2390 4151 2660 4228 abundare
2684 4170 3036 4240 perspexerit,
3068 4176 3124 4222 et
3153 4163 3378 4238 gratiam
3406 4161 3459 4214 in
3481 4175 3537 4213 se
3562 4153 3792 4228 proximi

2201 4280 2306 4318 non
2338 4261 2650 4324 auferendo,
2693 4263 2783 4314 sed
2820 4257 3099 4320 imitando,
3149 4251 3523 4316 transfundat;
3572 4259 3624 4303 et
3653 4249 3794 4302 bona

2201 4347 2561 4426 prissessionis
2605 4353 2817 4417 alierum,
2875 4333 3004 4404 non.
3033 4348 3204 4403 solum
3251 4346 3372 4424 sine
3419 4343 3640 4420 damno,
3700 4337 3808 4400 sed.

2202 4445 2362 4501 etiam
2393 4431 2516 4499 cum
2559 4443 2712 4496 lucro
2746 4441 3076 4509 posscssnris
3107 4438 3338 4490 invadat.
3388 4433 3669 4499 Nunquam
3703 4428 3794 4507 tibi

2203 4538 2388 4591 delicit
2407 4534 2666 4606 quidquid
2699 4534 2836 4587 alter
2857 4528 3053 4604 [alteri]
3077 4531 3142 4582 de
3169 4541 3221 4613 te
3246 4524 3477 4595 proﬁcit.
3516 4524 3788 4591 Nunquam

510 4603 820 4674 infatigabili
849 4610 1225 4673 congressione
1253 4613 1886 4678 certemus,‘utquo‘tidie
1910 4613 2097 4667 senio-
2127 4597 2346 4686 υλρηίη,
2378 4595 2591 4682 ιη’ρετηξ
2625 4595 2948 4681 ιιιπηίηίε’δυί
2995 4595 3245 4677 άέιῂηιίιη
3277 4617 3442 4673 senm
3495 4613 3737 4682 ppu-pnis
3765 4595 3813 4664 δ’

511 4696 661 4752 ribus
689 4699 889 4751 nostris
921 4700 1218 4752 voluntates
1250 4712 1462 4755 nostras
1494 4705 1642 4771 quasi
1675 4699 1898 4758 ia'niuias
1926 4704 2100 4775 subji-

509 4792 736 4859 eiamns,‘
759 4791 812 4846 ut
829 4793 1004 4846 cordis
1022 4795 1282 4864 ne‘quitias
1299 4789 1767 4860 circumcidam'us,
1797 4801 1881 4852 vel
1897 4793 2118 4869 linguis

511 4885 714 4954 gladios
757 4886 1111 4941 recondatnus
1156 4884 1434 4960 [gladium
1461 4885 1851 4962 retundamus],
1905 4902 1962 4947 ut
1993 4905 2095 4948 rich

512 4978 682 5031 solum
705 4978 929 5032 invicem
951 4995 1059 5035 non
1085 4981 1374 5033 inferamus
1396 4983 1638 5050 injurias,
1667 4985 1759 5038 sed
1781 4999 1880 5039 nec
1899 4979 2097 5040 abaﬁis

512 5074 807 5126 sentiamus
839 5073 1053 5126 illatas.‘
1085 5074 1447 5130 Peculiat'iter'
1478 5080 1625 5131 ettim'
1654 5081 1750 5132 ista
1791 5079 1856 5134 ad
1893 5072 2096 5148 profes-

513 5163 722 5218 aionem'
745 5177 980 5218 nostram
1000 5167 1306 5234 pertinent,
1342 5168 1474 5222 nihil
1498 5171 1688 5225 in"hac'
1705 5167 1752 5224 vi
1763 5163 1816 5226 ιὰ·
1840 5173 2098 5226 consilia-

517 5253 672 5309 tionis
703 5257 998 5324 requirere,
1047 5258 1180 5313 nihil
1221 5261 1443 5316 honoris
1482 5277 1697 5325 cupere,
1756 5259 2115 5331 prresentintd

515 5358 693 5400 rerum
729 5349 918 5403 soiatia
959 5349 1163 5420 fugere,
1214 5355 1286 5407 ad‘
1306 5355 1569 5423 promissa
1599 5347 1812 5410 aeterni»
1845 5347 2094 5411 remune-

517 5433 737 5489 rationis
761 5441 995 5492 animum
1021 5449 1343 5511 prteparare,
1375 5445 1708 5514 subjectione
1733 5439 2098 5514 atq'r‘té'abjec-
2123 5449 2126 5454 ’

519 5523 664 5581 tione
691 5529 939 5596 gaudere,
971 5539 1294 5602 paupertatis
1315 5540 1554 5592 studium
1578 5554 1818 5608 quaerere
1847 5529 2100 5608 [pauper-

519 5623 679 5680 tatetn
704 5619 881 5674 studio
910 5622 1192 5696 qumrere],
1238 5636 1292 5680 et
1321 5641 1423 5680 non
1449 5628 1618 5682 solum
1653 5627 1957 5694 facultates,
2007 5630 2100 5684 sed
2123 5629 2137 5684 ί

515 5707 673 5762 etiam
697 5708 838 5778 ipsas
864 5711 1090 5767 habendi
1114 5715 1417 5772 voluntates
1435 5718 1504 5774 de
1523 5720 1776 5774 cordibus
1799 5719 2095 5776 eradicare.

590 5848 613 5876 ⁸
654 5839 1069 5900 Similitudinetn
1098 5849 1448 5920 recurriinus,
1478 5853 1598 5909 utsi
1626 5837 1894 5924 cuiquam.

2203 4737 2263 4776 se
2290 4717 2553 4783 accensis,
2595 4733 2693 4772 nec
2725 4701 2916 4770 minuit
2959 4714 3089 4768 solis
3134 4699 3795 4788 lucemconsiderantium

2206 4793 2512 4868 multitudo.
2537 4797 2730 4877 Quanti
2757 4809 2821 4863 ad
2845 4823 2965 4862 eum
2991 4803 3380 4884 perspexerint,
3403 4800 3564 4884 tantis
3579 4811 3797 4852 munera

2205 4893 2299 4961 sua
2349 4895 2674 4968 POIlititOtiﬂt,
2732 4887 2942 4969 etipse
2996 4883 3433 4963 tamen-integer
3467 4899 3795 4962 perseverat.

2207 4997 2494 5052 Benedicta
2527 5012 2556 5049 a
2587 4997 2698 5050 Deo
2727 4995 2818 5048 illa
2847 4993 3045 5056 anima,
3093 4989 3251 5059 cujus
3281 4987 3556 5042 humilitas
3582 4985 3798 5039 alterius

2206 5084 2482 5144 confundit
2508 5086 2839 5154 superbiam,
2871 5085 3025 5162 cujus
3059 5081 3310 5148 patientia
3343 5077 3574 5149 proximi
3601 5076 3800 5130 exstin-

2206 5181 2321 5248 guit
2350 5167 2705 5252 iracundiam,
2753 5175 2906 5244 cujus
2935 5172 3253 5252 ‘obedientia
3287 5169 3554 5244 pigritiam
3582 5165 3803 5242 alterius

2207 5267 2370 5326 tacite
2418 5249 2677 5336 increpat,
2724 5253 2878 5338 cujus
2906 5247 3087 5320 fervor
3119 5247 3576 5340 intlertiam'aiieni
3607 5255 3805 5336 teporis

2207 5351 2521 5418 eXsuscitat.
2555 5359 2656 5428 Qui
2686 5361 2915 5430 proximi
2947 5351 3027 5412 sui
3054 5356 3323 5411 turbatum
3355 5367 3463 5420 prae
3487 5350 3570 5430 ira
3589 5348 3806 5430 oculum

2208 5447 2408 5517 corili‘s,
2457 5439 3041 5521 gratia'consolationis
3083 5429 3648 5530 :itqiie'mdilieationis
3685 5425 3824 5530 illa;

2213 5541 2410 5610 mittat,
2450 5543 2644 5600 melius
2676 5544 2797 5596 huic
2827 5557 2984 5608 quam
3013 5540 3085 5594 iiii
3105 5531 3330 5611 {melius
3362 5537 3450 5618 hic
3477 5503 3827 5618 qhua'myillej,‘

2214 5641 2301 5707 qui
2347 5636 2571 5694 fratrem
2627 5637 2899 5706 paululum
2933 5637 3001 5690 ab
3019 5625 3210 5702 aliquo
3237 5615 3647 5694 contri'statum,
3698 5615 3806 5679 non

2215 5740 2325 5787 tam
2369 5731 2566 5787 solatio
2607 5745 2704 5786 suo
2737 5739 2979 5800 porrecta
3019 5741 3180 5783 manu
3222 5724 3487 5792 sublevat,
3535 5719 3630 5778 sed
3679 5717 3804 5771 titu-
