4078 6440
325 356 451 412 1061

1705 301 1992 404 ΗΟΜΙΙΛᾸ
2017 301 2154 404 Vill.

313 472 558 536 bantem,
599 472 736 524 sicut
764 469 1018 537 parietem
1047 466 1390 529 inclinatum,
1436 466 1872 535 maliloquiorum
1902 465 1955 526 Δ
1980 465 2081 520 dus
2122 466 2222 519 sub
2249 465 2371 520 .tine
2415 464 2732 519 saeculorum
2781 464 3065 530 creditur,
3097 479 3236 520 nunc
3291 464 3558 520 Eccleshre

313 562 539 628 impulsu
563 561 778 626 adjuvat
805 559 871 613 ad
895 559 1136 623 ruinam;
1183 565 1238 612 et
1272 555 1560 612 salubriter
1591 573 1686 622 pro
1715 557 1882 612 disci-

313 655 470 720 plina
513 652 719 706 ratione
758 661 1097 719 correptum,
1150 665 1242 717 per
1277 649 1494 703 sinistra
1537 648 1762 703 consilia
1802 651 1881 705 sic

311 745 510 807 incitat,
546 755 602 797 ut
622 743 825 808 allidat,
855 743 932 797 sic
955 752 1149 804 armat,
1177 751 1234 796 ut
1254 743 1512 808 perimat..
1531 740 1738 810 Itaque,
1770 743 1878 796 fra-

311 847 435 901 tres,
465 839 552 892 cui
579 834 956 903 mala.propria
980 850 1082 888 non
1107 833 1404 896 sufﬁciunt,
1433 835 1521 889 ille
1541 834 1623 888 sic
1653 843 1793 903 agat,
1824 843 1880 888 ιιι

308 929 559 998 iudicium
579 931 740 983 etiam
762 929 948 981 aliens:
976 926 1284 994 perditionis
1307 942 1413 978 non
1441 927 1698 980 incurrat.
1731 924 1879 980 Certi

309 1034 512 1081 sumus,
559 1018 878 1081 charissimi,
915 1018 1056 1087 quod
1079 1017 1644 1083 ηἱεί-αινθαιιιιιε,ειιὶεἰ
1669 1029 1878 1071 nostras

310 1113 545 1182 quotidie
575 1127 882 1168 resecemus
907 1120 964 1165 et
991 1111 1432 1168 circumcidamus
1457 1112 1751 1179 passiones,
1784 1112 1886 1166 ἀμ,

312 1210 535 1259 ter-iores
551 1209 719 1260 multo
739 1218 836 1258 nos
851 1201 1012 1268 effici,
1036 1219 1190 1273 quam
1214 1201 1433 1266 fuimus,
1458 1204 1580 1258 dum
1602 1203 1886 1258 iussa-culo

310 1295 606 1349 viveremus
636 1311 650 1348 :
680 1294 752 1350 ita
786 1296 1000 1348 uta-fiant
1033 1305 1274 1349 extrema
1307 1305 1488 1350 nostra
1518 1297 1876 1363 pejora‘prio-

307 1386 631 1456 ribus'(‘Luc.
674 1384 776 1454 ιι).
807 1385 1135 1454 Ειεῳιὶἀθιιι,
1176 1385 1497 1450 charissimi,
1552 1385 1781 1452 quandiu
1803 1385 1876 1439 ad

304 1478 576 1532 mundum
613 1476 985 1546 pertiuimos,
1039 1486 1095 1532 et
1141 1477 1248 1530 illis
1294 1477 1513 1530 actibus
1549 1484 1606 1531 et
1653 1475 1878 1544 negotiis

303 1569 756 1635 militavimus,-in
778 1571 974 1639 quibus
997 1585 1135 1624 nunc
1156 1570 1545 1632 erubescimus,
1575 1579 1698 1623 tunc
1723 1569 1876 1623 nobis

305 1663 638 1716 adversarius
673 1676 778 1716 non
806 1661 1084 1725 obstabat,
1130 1663 1237 1716 imo
1262 1661 1423 1716 etiam
1457 1661 1828 1734 consentiebat
1856 1677 1872 1716 :

299 1753 420 1822 quia
459 1753 603 1808 circa
649 1753 1001 1808 miserabilem
1035 1767 1098 1810 ac
1127 1752 1384 1820 perditam
1425 1753 1586 1806 vitam
1633 1762 1870 1807 nostram

1985 573 2078 624 per
2096 558 2327 611 rediviva
2355 559 2406 610 in
2435 556 2558 611 ﬁliis
2585 557 2770 612 merita
2801 557 2910 627 jam
2939 568 3204 625 resurgat.
3250 557 3564 626 Αιιῇιινιειιιω⁴

1984 648 2209 705 Domino
2233 656 2416 704 nostro
2455 647 2580 704 Jesn
2615 647 2852 719 Christo,
2905 652 2999 720 qui
3043 651 3173 706 vivit
3199 658 3468 722 etrean
3494 653 3550 707 iu

1980 739 2173 793 saecula
2208 739 2547 794 saeculorum.
2591 737 2783 795 Amen;

2525 863 2806 936 HOLilLIA
2846 881 2980 938 VIII.

2047 1016 2256 1070 Scimus
2294 1014 2510 1084 quidem
2545 1014 2808 1080 spiritstali
2835 1014 3060 1081 militiae,
3105 1016 3188 1071 cui
3218 1031 3317 1071 nos
3345 1019 3549 1074 manci-

1979 1109 2238 1176 pavimns,
2292 1122 2536 1175 magnam
2577 1120 2700 1161 esse
2743 1107 2794 1160 in
2844 1105 3414 1174 futurnmirepositatn
3461 1125 3550 1164 re-

1979 1199 2442 1262 munerationem,
2493 1198 2586 1252 sed
2635 1198 2680 1252 si
2731 1198 2867 1252 bene
2914 1198 3291 1266 reapiciattins,
3348 1201 3400 1253 in
3447 1199 3552 1255 hoc

1975 1287 2092 1355 ipso
2137 1302 2300 1356 opere
2350 1287 2491 1354 quod
2540 1287 2772 1355 gerimus
2818 1287 3234 1356 quodammodo,
3284 1289 3445 1342 etiam
3495 1291 3548 1344 in

1979 1379 2227 1445 prtcsenti
2283 1379 2478 1432 srrculo
2526 1377 2638 1448 jam
2695 1388 2896 1446 partem
2946 1379 3148 1448 praemii
3198 1379 3550 1448 possidemus.

1977 1466 2042 1520 Et
2097 1467 2254 1535 plane
2297 1483 2517 1536 magnus
2566 1468 2688 1524 vitae
2734 1465 2940 1524 fructus
2987 1478 3107 1536 est,
3164 1471 3414 1525 saeculum
3459 1487 3554 1540 po-

1975 1560 2140 1628 tuisse
2189 1560 2465 1626 deSpicere
2505 1568 2558 1615 et
2603 1560 2714 1616 Deo
2750 1562 2956 1616 servire
3001 1562 3278 1630 coepisse;
3305 1566 3552 1618 evasisse

1974 1658 2224 1711 vitiorum
2256 1654 3064 1722 infeliciss‘mnm'dominatum,
3107 1655 3384 1725 etfugisse
3414 1659 3553 1726 gula:

1974 1762 2134 1822 atque
2164 1755 2386 1807 luxuriae
2427 1748 2778 1806 foedissimam
2826 1752 3344 1818 servitutem.tQuid
3393 1753 3553 1822 ergo?

300 1856 403 1898 non
433 1842 737 1898 inveniebat
759 1843 811 1898 in
841 1858 947 1910 quo
971 1851 1248 1905 exerceret
1280 1841 1530 1895 invidiam
1558 1857 1730 1896 suam.
1766 1842 1870 1896 De-
1904 1835 1948 1894 Β
1979 1860 2082 1898 non
2119 1845 2228 1909 jam
2267 1857 2454 1910 magna
2503 1857 2623 1910 pars
2675 1842 2875 1910 pra-mii
2922 1850 3040 1905 est,
3097 1842 3223 1900 nihil
3265 1857 3554 1898 commune

299 1933 576 1987 let'tabant
599 1933 747 1994 illum
779 1948 942 2000 Opera
973 1944 1176 1997 nostra,
1225 1927 1560 1987 sufliciebant
1591 1932 1663 1987 illi
1698 1947 1787 1995 per
1817 1947 1876 1987 se

299 2035 479 2078 nostra
529 2023 749 2084 crimina
781 2034 832 2077 et
862 2033 1101 2092 peccata.
1154 2023 1285 2090 Quis
1313 2024 1456 2078 enim
1487 2025 1740 2094 suscipiat
1769 2024 1877 2078 bel-

297 2113 404 2168 lqu
434 2123 622 2170 contra
653 2115 874 2169 militem
899 2115 1086 2169 suum?
1111 2115 1232 2182 quis
1264 2114 1387 2170 velit
1417 2118 1730 2185 impugnare
1753 2116 1878 2170 sub-

296 2203 494 2274 iectum
546 2204 737 2263 suum?
789 2204 896 2260 Sed
939 2220 1097 2274 supra
1129 2220 1340 2258 onmem
1371 2206 1730 2260 infelicitatem
1760 2214 1880 2262 erat

296 2297 400 2353 vita
428 2297 594 2363 illius,
639 2298 722 2354 cui
763 2311 958 2354 nocere
999 2313 1103 2353 non
1135 2295 1450 2367 dignabatur
1487 2297 1756 2355 inimicus.
1810 2300 1876 2356 At

298 2404 418 2442 vero
443 2405 583 2443 nunc
607 2404 884 2459 postquam
912 2389 1273 2444 voluntatibus
1297 2390 1700 2460 lvoluptatibus]
1726 2391 1874 2445 illius

299 2479 754 2543 renuntiavimus,
811 2479 956 2533 videt
982 2481 1220 2534 cultores
1256 2493 1379 2532 suos
1418 2480 1482 2532 ad
1519 2480 1752 2534 auctoris
1793 2481 1875 2534 sui

307 2570 589 2638 pristinum
629 2569 850 2623 rrdiisse
873 2567 1219 2633 fantnlatum;
1268 2570 1413 2624 videt
1445 2571 1494 2623 in
1539 2572 1692 2624 nobis
1735 2586 1872 2637 quo-

296 2663 584 2724 dummodo
611 2664 750 2718 idola
781 2678 877 2718 sua
907 2665 959 2717 in
998 2665 1090 2719 Dei
1123 2665 1321 2733 templa
1351 2666 1564 2728 mutari,
1613 2661 1868 2717 frendens

297 2767 350 2811 et
379 2766 634 2824 tanquam
665 2755 748 2810 leo
781 2757 1014 2824 rugiens,
1063 2769 1250 2809 omnes
1280 2756 1505 2810 nocendi
1545 2753 1722 2808 aditus
1751 2768 1873 2823 per-

296 2850 436 2919 vigil,
471 2849 751 2902 insidiator
798 2849 1060 2916 explorat.
1115 2847 1190 2901 De
1237 2863 1343 2917 quo
1397 2848 1554 2902 leone
1603 2845 1875 2914 apostolus

296 2948 644 3008 protestatur.
693 2938 914 3010 Vigilate
961 2939 1147 3009 itaque,
1194 2940 1316 3008 quia
1356 2938 1677 2991 adversarius
1723 2945 1880 2990 vester

297 3033 528 3086 diabolus
559 3042 612 3087 ut
651 3035 728 3086 leo
769 3032 972 3101 rugiens
1011 3032 1191 3084 circuit
1229 3046 1460 3100 quwrens
1500 3046 1646 3095 quem
1675 3030 1876 3081 devoret

297 3120 347 3192 (Ι
381 3122 530 3178 Patr.
577 3124 654 3193 v).
695 3123 836 3175 Beati
866 3123 1020 3190 igtur
1049 3135 1180 3188 quos
1213 3121 1297 3174 hic
1329 3122 1408 3174 leo
1434 3119 1775 3188 inquirendos
1795 3119 1880 3186 ju-

1976 1935 2174 1990 habcre
2189 1949 2308 1988 cum
2327 1934 2545 1997 mundo,
2566 1947 2822 1987 variarum
2846 1947 3021 1988 rerum
3045 1932 3424 1998 cupiditatibus
3446 1949 3552 1986 non

1979 2025 2261 2078 exercitari
2288 2022 2646 2094 {excruciari},
2691 2025 2982 2078 sceleribus
3008 2038 3110 2078 non
3135 2025 3455 2089 admisceri,
3497 2035 3554 2078 et

1976 2128 2094 2167 cum
2111 2114 2414 2170 innocentia
2430 2114 2570 2166 diem
2587 2114 2902 2181 transigere,
2920 2115 3082 2168 beatae
3095 2114 3322 2168 castitati
3337 2129 3552 2182 operatr

1975 2202 2126 2270 dare,
2172 2205 2414 2272 gloriosa:
2461 2203 2784 2270 tatlpel‘tulis
2809 2203 3177 2258 sufﬁcientiam
3208 2219 3329 2260 cum
3363 2203 3555 2260 timore

1977 2296 2182 2353 Domini
2210 2295 2521 2364 possidere?
2546 2295 2616 2350 De
2639 2311 2741 2365 qua
2771 2295 3002 2365 loqui'ur
3027 2297 3298 2365 Sapientia
3323 2314 3336 2348 :
3366 2295 3554 2350 Melior

1975 2403 2048 2446 est
2077 2399 2257 2460 exigua
2299 2397 2462 2461 portio
2491 2407 2604 2442 cum
2635 2393 2814 2441 timore
2857 2388 3061 2440 Domini
3081 2427 3094 2448 ,
3145 2403 3298 2456 quam
3329 2387 3554 2440 thesauri

1977 2487 2148 2554 magni
2178 2485 2288 2537 sine
2317 2485 2498 2536 timore
2539 2487 2651 2549 ejus
2681 2481 2863 2549 (Prov.
2898 2479 3036 2548 xm).
3070 2480 3426 2547 lntelligamus
3457 2481 3555 2533 ita-

1977 2590 2082 2643 que
2103 2585 2356 2640 quantum
2382 2576 2533 2627 nobis
2558 2572 2814 2625 Dominus
2839 2573 2920 2638 pia
2939 2571 3218 2626 vocatione
3235 2573 3547 2626 contulerit.

1977 2665 2348 2728 Numeremus,
2381 2665 2424 2718 si
2455 2677 2755 2730 possumus,
2783 2678 2846 2716 ex
2877 2663 2970 2716 illo
2995 2673 3231 2728 tempore
3253 2676 3316 2714 ex
3335 2677 3441 2729 quo
3469 2661 3553 2716 liic

1978 2757 2287 2811 conversari
2322 2758 2582 2820 videmur,
2633 2764 2826 2823 quanta
2861 2764 3072 2822 peccata
3105 2751 3544 2817 lucrifeceritnus,

1977 2848 2043 2901 de
2072 2847 2285 2914 quantis
2311 2843 2614 2910 fraudibus,
2660 2845 2728 2898 de
2759 2845 2970 2910 quantis
2999 2845 3294 2904 adulteriis,
3329 2842 3549 2910 rapinis,

1980 2939 2246 3006 prrjuriis,
2270 2938 2589 3007 sacrilegiis,
2607 2952 2703 2988 nos
2722 2937 2976 2988 Dominus
2995 2935 3296 2988 liberaverit
3319 2944 3409 2999 ;et
3431 2943 3553 2987 tunc

1979 3031 2136 3084 videb
2160 3047 2275 3084 mus
2303 3039 2558 3098 quantum
2601 3029 2760 3081 etiam
2803 3029 2868 3081 de
2899 3028 3249 3096 pra-sentibus
3283 3025 3553 3080 beneliciis

1982 3120 2208 3173 Domino
2232 3122 2543 3172 debeamus.
2569 3117 2624 3173 Si
2656 3133 2796 3170 nunc
2826 3119 2876 3170 in
2905 3118 3103 3171 saaculo
3128 3131 3392 3181 essemus,
3428 3115 3553 3184 quid

295 3215 454 3278 dicat,
509 3225 562 3268 et
607 3215 906 3283 sequendos
955 3211 1356 3286 [insequrtidos]
1399 3214 1581 3280 utique
1614 3215 1866 3266 virtutum
1899 3204 1944 3267 C
1975 3215 2115 3268 aliud
2136 3227 2590 3283 ageremusquam
2615 3211 3057 3265 convolveremnr
3083 3211 3134 3262 in
3156 3209 3308 3261 malis
3335 3209 3550 3271 nostris,

293 3307 535 3377 vestigiis
562 3316 617 3360 et
649 3307 814 3360 odore
847 3308 1181 3358 meritorum.
1231 3304 1344 3356 Non
1390 3302 1530 3356 enim
1575 3304 1641 3357 ab
1671 3303 1758 3357 illo
1786 3302 1874 3358 in-

293 3398 576 3466 quiruntur
604 3400 702 3451 nisi
729 3399 870 3461 boni,
906 3397 1026 3464 quia
1055 3410 1114 3450 se
1136 3396 1276 3448 ultro
1299 3395 1545 3464 ingerunt
1569 3395 1712 3449 mali.
1747 3393 1873 3447 Post

293 3490 420 3546 illos
437 3489 702 3545 violenter
725 3489 917 3555 currit,
945 3491 1072 3542 istos
1094 3488 1255 3542 etiam
1281 3485 1606 3555 negligenter
1635 3483 1874 3538 incurrit.

291 3580 443 3638 Beati
479 3582 638 3654 igitur
666 3597 800 3651 quos
832 3580 920 3634 hic
948 3579 1031 3649 leo
1060 3578 1256 3632 Invidia
1288 3578 1494 3644 cogitur
1520 3589 1780 3645 quaerere,
1821 3585 1876 3630 et

294 3677 501 3729 malitia
532 3689 639 3728 non
659 3673 982 3742 permittitur
1010 3671 1269 3725 invenire.
1305 3655 1637 3723 Terribiliter
1657 3667 1870 3736 quidem

291 3774 449 3818 sonat
469 3767 521 3818 in
538 3765 752 3818 auribus
766 3764 984 3828 nostris,
1004 3765 1130 3816 dum
1143 3749 1442 3816 audivimus
1461 3778 1476 3815 :
1492 3761 1767 3828 Tanquam
1785 3760 1871 3812 leo

295 3855 538 3924 rugiens.
553 3853 658 3908 Sed
679 3857 800 3922 quia
823 3855 1020 3907 dictum
1043 3860 1150 3906 est:
1173 3854 1303 3906 Esca
1329 3851 1446 3920 ejus
1468 3850 1621 3905 electi
1646 3847 1876 3920 [electis]

296 3955 445 4012 sunt,
479 3945 622 4015 quod
645 3946 852 4014 quarrit,
886 3943 1166 3997 electionis
1193 3952 1291 4007 est,
1325 3942 1466 4010 quod
1497 3941 1658 4010 rugit,
1685 3941 1880 4007 despe-

294 4038 543 4090 rationis.
579 4034 727 4090 Sicut
747 4035 851 4088 alio
873 4035 990 4088 loco
1019 4034 1277 4094 legimus:
1308 4032 1550 4084 Dentibus
1573 4032 1680 4084 suis
1704 4032 1878 4100 fremet

293 4136 340 4180 et
370 4129 587 4182 tabescet
613 4124 824 4198 [frendit
851 4137 898 4179 et
925 4123 1152 4194 tabescit]
1171 4122 1345 4192 (Psal.
1381 4122 1515 4187 CXI),
1549 4122 1617 4174 ita
1641 4121 1739 4173 hoc
1762 4121 1879 4174 loco

294 4217 534 4287 loquitur
562 4231 741 4270 sermo
771 4215 1002 4279 divinus.
1037 4227 1085 4269 tu
1121 4214 1310 4268 terrori
1341 4213 1623 4280 conjuncta
1656 4213 1725 4266 sit
1749 4227 1880 4264 con-

295 4309 515 4362 solatio.
541 4307 770 4363 Crnciati
798 4303 1099 4378 [Cruciatis]
1123 4306 1334 4374 quidem
1364 4313 1447 4358 est
1475 4302 1617 4371 quod
1653 4299 1876 4366 frendit;

294 4400 394 4453 sed
422 4398 551 4454 victi
583 4410 659 4452 est
688 4397 829 4468 quod
863 4397 1108 4452 tabescit.
1139 4397 1207 4450 Et
1229 4397 1364 4449 inter
1399 4400 1529 4459 haec,
1564 4393 1743 4462 quanti
1774 4391 1879 4444 sint

291 4490 385 4547 illa
416 4508 537 4562 quae
566 4507 594 4546 a
626 4492 737 4546 Deo
764 4500 1060 4560 praeparata
1088 4498 1210 4542 sunt
1255 4486 1456 4541 homini
1483 4525 1497 4547 ,
1549 4485 1712 4540 etiam
1746 4485 1878 4536 livor

1977 3314 2031 3359 et
2057 3305 2264 3358 animus
2297 3313 2510 3356 nostras
2539 3301 2862 3370 quotidianis
2897 3299 3214 3353 violarenius
3258 3297 3553 3369 [polluere-

1976 3401 2117 3472 mus]
2148 3402 2393 3463 maculis,
2425 3400 2754 3470 quotidianis
2776 3397 3194 3454 confoderemus
3222 3397 3553 3470 vulneribus,

1977 3495 2046 3548 ita
2076 3505 2131 3548 ut
2161 3509 2258 3548 nec
2285 3497 2484 3548 sentire
2516 3507 2817 3562 possemus.
2869 3491 3041 3546 Habet
3065 3491 3203 3545 enim
3232 3489 3338 3544 hoc
3369 3487 3555 3545 infelix

1976 3589 2305 3643 consuetudo
2331 3587 2610 3656 peccandi,
2635 3595 2696 3640 ut
2713 3595 2913 3654 quanto
2937 3587 3169 3652 amplius
3195 3585 3557 3654 ut'iusquisquo

1977 3683 2300 3751 peccaverit,
2349 3689 2498 3734 tanto
2545 3679 2722 3732 minus
2767 3688 2979 3743 peccata
3023 3678 3133 3743 ipsa
3174 3677 3460 3745 intelligat;
3503 3683 3557 3731 et

1980 3781 2128 3826 tanto
2155 3787 2273 3826 eam
2304 3771 2423 3838 plus
2451 3785 2671 3837 peccare
2693 3768 2940 3833 delectet,
2973 3777 3026 3821 et
3057 3767 3232 3821 veniat
3259 3766 3388 3818 illud
3412 3765 3554 3834 quod

1980 3864 2240 3931 propheta
2271 3860 2637 3930 peccatoribus
2660 3858 2852 3912 clamat
2884 3871 2900 3913 :
2931 3856 3051 3910 Non
3075 3866 3148 3910 est
3177 3855 3312 3908 Deus
3341 3856 3393 3909 in
3429 3873 3552 3906 con-

1979 3965 2152 4022 spectu
2181 3955 2314 4020 ejus,
2366 3953 2667 4017 auferuntur
2683 3947 2882 4020 judicia
2914 3956 3001 3999 tua
3026 3963 3057 3999 a
3085 3947 3217 4016 facie
3239 3949 3350 4022 ejus
3383 3944 3553 4016 (Psal.

1981 4019 2124 4104 itm).
2187 4019 2396 4094 Etenim
2439 4037 2648 4106 quando
2688 4019 2925 4105 Subrepit
2967 4036 3216 4103 peccandi
3251 4019 3553 4099 tlelectatio,

1983 4135 2160 4188 statim
2185 4130 2346 4186 futuri
2370 4131 2556 4200 judicii
2576 4131 2714 4182 diem
2738 4129 3015 4184 abscondit
3037 4128 3257 4181 oblivio.
3299 4127 3554 4179 Erotitra~

1983 4227 2061 4278 rio
2088 4237 2265 4280 autem
2296 4233 2494 4292 quanto
2523 4223 2747 4290 quisque
2792 4220 3074 4274 sollicitior
3106 4219 3248 4272 circa
3280 4234 3338 4271 se
3371 4219 3551 4284 inierit,

1981 4325 2128 4369 tanto
2141 4316 2258 4385 plus
2275 4314 2482 4378 metuit,
2507 4315 2645 4366 sicut
2664 4313 2732 4364 ait
2761 4312 3071 4379 Scriptura:
3095 4308 3312 4375 S'rpiem
3331 4308 3554 4361 timendo

1981 4410 2200 4463 declinat
2238 4425 2269 4461 a
2308 4407 2463 4460 malo.
2515 4405 2739 4471 Sapiens
2781 4419 2909 4471 ergo
2958 4417 3170 4472 semper
3213 4402 3263 4454 in
3301 4417 3549 4467 compun-

1982 4504 2195 4564 ctione,
2247 4509 2301 4553 et
2341 4512 2552 4565 semper
2598 4497 2649 4549 in
2693 4504 2834 4550 metu
2864 4503 2974 4559 est;
3024 4502 3078 4548 et
3127 4503 3181 4544 ut
3222 4492 3288 4545 de
3321 4491 3549 4559 praeteri-

297 4583 480 4650 prodit
510 4584 728 4637 inimici.
760 4582 885 4637 Haec
915 4581 1113 4650 itaque.
1146 4577 1470 4642 churiSSimi.
1501 4580 1794 4644 οοὲδιθηίθθ
1825 4584 1878 4630 ei
1909 4577 1956 4635 Ι)
1984 4590 2048 4643 tis
2105 4588 2121 4658 [
2148 4583 2532 4657 pra-sentibus]
2581 4584 2814 4652 suspirat
2871 4584 3026 4635 ntalis
3051 4624 3064 4647 ,
3114 4582 3182 4634 ita
3243 4571 3307 4634 de
3368 4581 3551 4638 futuris
3598 4571 3601 4573 ’

295 4672 352 4726 in
381 4673 488 4728 hoc
513 4689 682 4741 agone
712 4675 1052 4740 desudantes,
1090 4671 1308 4742 gloriosi
1336 4685 1396 4723 ac
1427 4669 1669 4737 prmclari
1705 4667 1876 4721 Patris

297 4763 474 4815 nostri
524 4777 622 4815 nos
666 4771 717 4816 et
745 4763 1030 4832 discipulos
1063 4759 1463 4814 meminerimus
1492 4773 1610 4811 esse
1636 4766 1688 4810 et
1719 4755 1874 4810 filios.

299 4857 594 4924 liapiamus
625 4849 987 4922 unusquisque
1027 4853 1168 4921 quod
1201 4865 1481 4918 possumus
1511 4850 1576 4902 de
1617 4847 1768 4900 bonis
1799 4850 1880 4900 in-

298 4946 484 5000 testati
518 4947 693 5019 [bonis
719 4944 871 5013 tanti]
904 4945 1139 5013 parentis
1172 4960 1187 4997 :
1217 4944 1302 4996 hic
1329 4943 1397 4994 de
1428 4941 1736 4994 haereditate
1764 4938 1880 5008 ejus

298 5046 544 5092 assumat
587 5039 705 5092 lidei
737 5037 1085 5092 holosericam
1115 5035 1262 5109 [tidei
1294 5030 1558 5102 loricam],
1607 5042 1874 5103 gestorum

296 5139 615 5194 varietatem
646 5139 968 5208 pretiosam;
1018 5135 1104 5191 hic
1129 5135 1550 5191 mansuetudinis
1580 5149 1642 5188 ac
1669 5133 1875 5200 simpli-

298 5229 481 5283 citatis
511 5239 736 5298 occupet
768 5228 1043 5283 talentum.
1080 5226 1169 5280 ille
1199 5227 1364 5282 decus
1390 5225 1620 5293 pectoris
1645 5225 1879 5278 benevo-

301 5320 482 5378 lentia
511 5338 572 5379 ac
600 5324 876 5394 sapientiae
907 5319 1101 5373 monile
1123 5320 1220 5376 sibi
1246 5317 1521 5380 vindicet;
1559 5317 1646 5371 hic
1673 5326 1888 5394 marga-f

301 5420 460 5475 ritam
488 5425 910 5493 compnnctionis
939 5433 989 5478 et
1010 5421 1320 5488 thesaurum
1347 5419 1611 5477 castitatis
1635 5418 1899 5500 invadat.‘

307 5509 454 5566 Licet
479 5517 618 5569 enim
647 5517 736 5571 ille
760 5513 1189 5584 locupletissimus
1216 5521 1324 5593 Dei
1357 5517 1585 5579 amicus,
1617 5510 1874 5581 quidquid

305 5605 490 5662 habuit
517 5611 804 5678 integrum,
847 5624 1016 5664 secum
1046 5616 1217 5704 talem
1257 5645 1276 5690 ε
1318 5624 1379 5677 et
1423 5607 1577 5664 nobis
1623 5615 1801 5659 tamen
1831 5604 1876 5658 si

310 5697 571 5767 Volumus,
618 5711 778 5754 totum
821 5701 1029 5769 reliquit.
1055 5700 1129 5775 Ira
1154 5697 1305 5784 ALJO
1362 5714 1590 5777 agamus
1618 5700 1754 5754 bona
1789 5697 1874 5752 illa

956 5751 1305 5938 ιιιεειξὲἕῗ
1325 5751 1586 5885 gitti—litui
1600 5751 1873 5868 suscitanj

1877 5869 1938 5882 y-Aa.
1949 5880 1954 5883 .

1981 4680 2234 4749 periculis
2264 4679 2503 4749 pervigili
2552 4675 2913 4730 sollicitudine
2941 4675 3324 4728 contremiscit.
3351 4676 3448 4739 Qui
3491 4673 3553 4730 de

1981 4772 2264 4840 praeteritis
2294 4769 2489 4821 anxius
2531 4776 2634 4830 est,
2664 4774 2713 4817 et
2741 4779 2917 4819 secnm
2959 4764 3153 4829 cogitat
3196 4779 3256 4816 ac
3305 4761 3552 4825 revolvit,

1983 4879 2050 4917 ne
2097 4864 2233 4916 forte
2283 4876 2466 4928 parum
2507 4859 2780 4911 delleverit
2824 4859 3115 4925 pra-terita,
3151 4872 3214 4907 ne
3250 4855 3382 4905 forte
3425 4868 3550 4904 non-

1983 4957 2106 5010 dum
2165 4952 2485 5008 satisfecerit
2530 4966 2628 5020 pro
2674 4933 3147 5004 innumerabilibus
3177 4946 3371 5001 debitis
3420 4944 3551 5008 suis,

1981 5065 2048 5104 ne
2102 5047 2238 5101 forte
2300 5044 2464 5113 magis
2520 5044 2849 5118 ad’veteres
2904 5042 3205 5107 iniquitates
3267 5051 3401 5092 nova
3460 5052 3549 5104 po-

1981 5140 2144 5194 Suerit
2193 5133 2646 5210 [superposucrit]
2702 5133 2941 5200 vulnera,
2998 5145 3062 5184 ne
3102 5145 3260 5198 super
3313 5128 3552 5197 antiquas

1979 5229 2322 5285 conscientia:
2394 5225 2630 5280 maculas
2679 5225 2911 5278 recentia
2961 5223 3130 5273 adhuc
3184 5219 3405 5271 crimina
3457 5220 3552 5272 im-

1983 5320 2259 5389 presserit,
2285 5328 2341 5372 et
2371 5308 3220 5385 conversationis[conversionis]
3266 5325 3455 5362 nomen
3485 5307 3550 5362 ad

1986 5411 2085 5464 hoc
2115 5408 2496 5478 assunipserit,
2553 5414 2610 5460 ut
2650 5403 2860 5474 gravius
2906 5403 3004 5458 sub
3042 5416 3190 5456 sacra
3226 5397 3552 5470 professione

1985 5506 2335 5574 delinqueret.
2395 5501 2734 5568 Aliquantum
2777 5492 3087 5570 [Aliqunnti]
3118 5487 3364 5548 sufﬁcere
3399 5494 3553 5548 nobis

1984 5609 2256 5668 putamus,
2312 5593 2454 5663 quod
2504 5595 2739 5645 iecerunt
2770 5588 2906 5644 istud
2937 5588 3364 5648 conscendimus,
3412 5579 3548 5652 quod

1982 5690 2155 5744 locum
2187 5687 2532 5754 habitumque
2561 5682 2908 5747 mutavimus,
2941 5677 3080 5749 quod
3110 5678 3196 5732 hic
3224 5677 3545 5744 aliquantum

1980 5777 2531 5864 temporisgugi‘maus,
2551 5790 2746 5858 ’,δοριξ
2777 5787 2990 5834 omnem
3017 5771 3095 5827 -in‘
3138 5765 3424 5825 annorum"
3445 5767 3546 5820 uti”

3419 347 3550 400 1002
3617 383 3652 416 .K
