4078 6440
490 334 631 393 1063

1526 331 1585 391 8.
1623 330 1924 391 CAESARI!
1963 327 2177 388 EPISC.
2210 326 2692 387 ABELATENSIS

3643 334 3785 389 ωσι

491 464 644 505 mero
670 447 996 503 collocantes
1025 462 1088 503 ac
1117 448 1195 504 sic
1227 446 1529 519 perniciosa
1562 449 1927 519 nosmetipsos
1954 464 2074 520 per-
2100 451 2157 511 Α
2181 446 2361 502 littore
2409 445 2755 503 collocemus.
2805 443 2871 499 Et
2920 452 3169 515 putamus
3219 460 3317 519 nos
3360 447 3430 503 de
3476 451 3780 519 przetcritis

488 544 738 600 suasione
788 542 1070 609 fallentes,
1116 552 1365 611 putamus
1402 543 1544 614 quod
1573 544 1711 598 mala
1740 554 1921 600 nostra
1951 558 2075 614 spa-

488 636 567 690 tio
590 639 849 704 temporis
889 636 1226 696 evanuerint.
1271 637 1337 691 Et
1382 637 1503 707 quia
1536 637 1626 692 illa
1664 651 1762 692 nos
1803 636 1951 691 obliti
1992 650 2082 691 su-

489 743 630 791 mus,
661 727 928 786 credimus
971 728 1113 799 quod
1152 728 1219 783 de
1250 729 1509 784 memoria
1541 730 1742 784 divinae
1772 728 2080 784 severitatis

486 818 650 887 lapsa:
681 819 823 885 sint;
854 819 948 874 sed
979 836 1083 874 non
1108 821 1180 874 ita
1204 829 1305 875 est.
1332 821 1521 876 Omnia
1560 820 1700 891 apud
1742 820 1890 874 illum
1929 833 2082 889 repo-

483 912 590 967 sita
631 910 887 986 [collecta]
939 922 1099 983 atque
1154 913 1366 985 signata
1411 922 1558 969 sunt.
1614 913 1910 968 Audiamus
1950 911 2079 982 quid

484 1002 618 1057 dicit
659 1003 753 1058 ille
780 1005 868 1073 qui
900 1019 1020 1059 cum
1052 1006 1170 1075 ipso
1197 1005 1410 1061 diabolo
1442 1020 1603 1060 manu
1631 1005 1696 1059 ad
1723 1020 1939 1059 manum
1968 1005 2073 1059 sin-

487 1096 657 1165 gulari
704 1098 997 1153 certamine
1036 1098 1261 1153 dimicat
1300 1098 1363 1155 B.
1404 1097 1543 1154 Job:
1577 1096 1811 1169 Signasti
1857 1100 2001 1168 quasi
2028 1099 2081 1152 in

493 1186 699 1241 soccqu
767 1198 978 1258 peccata
1026 1205 1141 1244 mea
1190 1189 1309 1261 (Job
1350 1190 1483 1260 xlv).
1536 1189 1603 1245 Et
1656 1190 1909 1244 Dominus
1963 1190 2076 1244 ait:

490 1274 680 1331 Nonne
719 1278 827 1333 lucc
860 1280 1072 1334 collecta
1114 1288 1234 1334 sunt
1276 1281 1416 1349 apud
1446 1297 1525 1333 me
1565 1288 1611 1333 et
1648 1280 1853 1350 signata
1877 1280 1932 1333 in
1966 1279 2080 1333 the-

490 1367 661 1421 sauris
714 1370 835 1423 meis
884 1369 1059 1441 (Deut.
1094 1368 1305 1441 xxxtt)?
1348 1371 1463 1426 Non
1502 1381 1757 1439 putemus
1782 1380 1887 1425 tam
1919 1368 2081 1425 facile

490 1461 690 1516 remitti
722 1477 882 1532 posse
911 1464 1146 1519 admissa
1194 1465 1361 1519 semel
1405 1466 1660 1533 crimina,
1715 1472 1771 1519 et
1815 1463 2082 1535 prolundo

488 1552 711 1608 vulnere
774 1553 826 1607 in
888 1555 1082 1610 animae
1152 1556 1414 1626 impressa
1472 1556 1788 1612 visceribus.
1856 1556 2077 1611 Multum

487 1658 624 1713 opus
686 1654 771 1701 est
832 1646 1022 1713 ﬂetus,
1078 1650 1278 1705 multus
1334 1651 1591 1721 gemitus,
1650 1650 1831 1705 multa:
1886 1649 2086 1705 contri-

488 1736 664 1793 tiones
718 1740 958 1809 corporis
1003 1741 1071 1795 ad
1114 1742 1382 1797 sanandos
1426 1743 1571 1813 ipsos
1620 1741 1836 1797 dolores
1875 1742 2079 1797 cordis.

2187 539 2385 594 debere
2414 553 2533 593 esse
2561 552 2805 605 securos,
2839 545 2895 591 et
2938 538 3055 593 sine
3096 539 3407 609 quotidiana
3453 556 3616 605 cum,
3659 544 3778 595 Sin!

2186 636 2503 706 quotidiana
2554 636 2746 691 timore
2778 644 2833 690 et
2869 644 3106 691 tremore
3135 635 3273 690 diem
3305 646 3549 691 nostrum
3582 635 3782 689 debere

2187 728 2484 797 transigere
2509 727 2521 780 l
2553 727 2684 794 Quis
2707 727 2974 781 transiens
3003 740 3164 795 super
3191 726 3417 798 alicujus
3449 726 3781 796 profundum

2184 818 2420 874 fluminis
2464 835 2559 889 per
2603 818 2891 874 arctissimi
2931 818 3107 887 pontis
3158 820 3465 888 angustias,
3512 819 3683 872 etiam
3732 820 3779 873 si

2184 912 2443 982 majorem
2472 922 2678 982 partem
2707 911 2968 966 inoﬁ'enso
2994 913 3271 966 transierit
3301 911 3457 981 pede,
3488 911 3599 980 jam
3634 913 3780 980 peri-

2152 994 2155 997 ’
2183 1004 2363 1058 culum
2394 1005 2633 1059 evasisse
2658 1019 2719 1059 se
2746 1003 2951 1069 credat,
2983 1020 3104 1059 cum
3139 1005 3190 1057 in
3220 1004 3409 1058 ultimo
3447 1004 3628 1070 pontis
3655 1019 3783 1067 spa-

2185 1095 2283 1163 tio,
2319 1096 2364 1151 si
2395 1096 2667 1166 paululum
2701 1094 3033 1164 titubaverit,
3085 1110 3265 1150 casum
3312 1110 3471 1164 quem
3510 1095 3563 1146 in
3600 1094 3783 1146 medio

2184 1188 2357 1257 spatio
2406 1189 2632 1256 vitarat,
2686 1189 2957 1243 incurrat?
3006 1188 3094 1244 Sic
3146 1203 3246 1243 nos
3296 1190 3482 1251 etiam,
3513 1187 3559 1241 si
3588 1201 3781 1255 magna

2186 1294 2311 1348 pars
2340 1278 2465 1334 vita:
2505 1278 2660 1334 istius
2692 1280 2937 1335 videatur
2982 1279 3146 1334 fuisse
3186 1288 3477 1336 transacta.
3508 1294 3618 1332 non
3657 1278 3782 1331 ideo

2186 1370 2437 1427 ﬁduciam
2486 1388 2912 1442 praesumamus,
2958 1386 3081 1427 cum
3124 1372 3299 1426 adhuc
3326 1371 3623 1439 periculum
3657 1385 3784 1439 pars

2186 1474 2428 1520 extrema
2474 1465 2725 1520 minetur.
2760 1465 2891 1533 Quis
2937 1465 2988 1519 in
3033 1463 3147 1519 acie
3200 1463 3403 1533 positus
3447 1472 3573 1517 ante
3618 1462 3784 1515 tinem

2189 1555 2523 1619 certaminis,
2571 1566 2663 1610 aut
2705 1568 2829 1611 ante
2866 1557 3102 1611 victoriae
3133 1556 3476 1610 securitatem
3506 1571 3655 1609 arma
3684 1554 3782 1608 de-

2189 1647 2383 1718 ponat!
2434 1648 2602 1705 Nemo
2630 1664 2758 1719 ergo
2784 1664 3034 1703 securum
3063 1648 3261 1703 debere
3289 1663 3351 1704 se
3386 1661 3506 1703 esse
3546 1646 3781 1715 judicet,

2191 1754 2475 1813 antequam
2517 1744 2582 1797 ad
2615 1744 2777 1797 ﬁnem
2810 1742 2950 1797 felici
2980 1742 3446 1797 consummatione
3479 1741 3781 1807 perveniat.

493 1830 625 1887 Tota
656 1834 1073 1889 incumbentium
1116 1844 1198 1891 est
1235 1837 1453 1906 Spiritus
1493 1835 1909 1906 compunctione
1941 1845 1991 1902 ι,
2023 1845 2082 1891 ut
2111 1839 2159 1899 B
2189 1836 2299 1893 Nec
2330 1840 2431 1892 huc
2456 1837 2612 1892 nobis
2638 1836 2885 1891 sufﬁcere
2914 1844 3161 1904 putemus
3189 1836 3255 1889 ad
3286 1834 3497 1904 plenam
3527 1832 3783 1897 salutem,

487 1933 697 1979 vetusta
727 1926 865 1980 mala
907 1934 1157 1997 tanquam
1186 1930 1399 2000 sagittae
1428 1929 1672 1999 quaedam
1702 1929 1769 1984 de
1796 1929 2081 1985 conscien-

487 2015 577 2071 tia:
608 2016 906 2072 visceribus
942 2020 1268 2083 evelluntur.
1298 2021 1415 2077 Non
1445 2022 1645 2077 sufﬁcit
1674 2024 1897 2076 summis
1930 2020 2084 2075 labiis

487 2106 711 2163 dicere:
741 2107 987 2175 Peccavi,
1022 2125 1182 2179 parce
1227 2122 1280 2165 et
1328 2113 1563 2167 remitte.
1594 2113 1661 2167 Et
1688 2112 1812 2167 Saul
1843 2112 2081 2175 dicebat,

488 2193 745 2261 Peccavi;
774 2199 868 2251 sed
899 2211 1005 2252 non
1038 2199 1269 2254 obtinuit
1296 2201 1440 2254 illam
1481 2203 1692 2255 veniam
1726 2216 1885 2271 quam
1920 2200 2085 2254 David

489 2301 594 2344 una
643 2289 976 2359 pmnitentiae
1016 2307 1150 2347 voce
1180 2295 1473 2362 promeruit
1496 2292 1547 2364 (1
1573 2294 1699 2365 Reg.
1733 2294 1850 2363 xv).
1884 2293 1951 2347 Et
1981 2292 2086 2348 hoc

491 2382 701 2450 quare?
729 2382 865 2449 Quia
886 2382 1281 2439 confessionem
1314 2385 1458 2439 illam
1489 2385 1686 2440 nudam
1718 2385 1887 2455 magis
1918 2400 2080 2454 quam

491 2474 609 2529 veri
638 2474 871 2542 gemitus
910 2478 1245 2545 exprimebat
1273 2494 1287 2543 ;
1341 2478 1464 2547 quia
1496 2494 1602 2533 non
1631 2476 2086 2547 compensabatur

490 2582 612 2622 cum
639 2567 1011 2636 magnitudine
1039 2570 1283 2625 criminis
1317 2570 1451 2625 levis
1492 2570 1794 2625 humiliatio
1826 2570 1980 2642 [forte
2009 2569 2088 2625 le-

492 2658 578 2713 Itis
604 2657 918 2730 insolentia]
965 2662 1331 2729 supplicantis.
1387 2662 1503 2716 Non
1558 2661 1661 2717 levi
1711 2662 1974 2730 agendum
2005 2669 2089 2716 est

492 2752 843 2818 contritione,
875 2760 934 2807 ut
956 2752 1135 2808 debita
1182 2754 1272 2808 illa
1324 2755 1688 2823 redimantur,
1719 2756 1913 2825 quibus
1940 2769 2084 2811 mors

493 2851 699 2897 eterna
742 2842 1012 2909 debetur;
1047 2859 1146 2898 nec
1179 2846 1486 2900 transitoria
1519 2861 1653 2914 Opus
1699 2855 1785 2901 est
1833 2844 2083 2900 satisfac-

494 2932 677 3001 tione,
718 2949 815 3004 pro
856 2936 1012 2990 malis
1054 2936 1159 2991 illis
1200 2948 1423 3007 propter
1451 2954 1570 3009 quae
1596 2949 1813 3009 paratus
1842 2948 1924 2993 est
1948 2939 2085 3009 ignis

495 3037 751 3084 teternus.
782 3028 838 3085 Si
880 3029 1126 3086 volumus
1179 3031 1489 3103 intelligere
1528 3048 1687 3102 quam
1717 3048 1914 3101 graves
1941 3033 2085 3101 apud

495 3141 556 3184 se
586 3127 743 3183 faciat
770 3128 934 3199 judex
966 3138 1149 3185 noster
1180 3129 1455 3185 hominum
1489 3130 1698 3200 culpas,
1731 3130 2085 3200 respiciamus

2187 1930 2326 2001 quod
2372 1930 2515 1985 inter
2545 1944 2730 1984 servos
2758 1929 2851 1983 Dei
2884 1928 2969 1984 vel
2998 1928 3327 1983 habitatione
3355 1941 3667 1989 censentur,
3700 1926 3786 1977 vel

2187 2024 2403 2077 nomine
2433 2030 2825 2091 computamur,
2881 2022 3023 2091 quod
3070 2022 3121 2074 in
3172 2019 3343 2075 salute
3370 2023 3576 2082 vivere,
3608 2016 3783 2087 quod-

2187 2134 2292 2187 qtte
2324 2120 2462 2172 inter
2491 2117 2787 2171 monachos
2820 2115 3050 2183 psallere
3078 2115 3351 2182 jubemnr.
3394 2111 3604 2166 Clamat
3633 2110 3781 2165 enim

2187 2210 2339 2265 nobis
2393 2208 2650 2263 Dominus
2693 2218 2913 2262 noster:
2947 2205 3068 2261 Non
3116 2208 3279 2259 omnis
3326 2205 3411 2273 qui
3441 2204 3563 2256 dicit
3598 2203 3727 2255 mihi
3751 2217 3769 2254 :

2188 2301 2431 2369 Domine,
2466 2299 2703 2367 Domine,
2737 2301 2947 2354 intrabit
2974 2302 3025 2353 in
3055 2315 3265 2369 regnum
3292 2300 3533 2351 calorum
3564 2296 3781 2366 (ﬂatur.

2186 2394 2317 2462 vti).
2368 2394 2480 2449 Hoc
2508 2406 2685 2448 autem
2711 2394 2910 2463 quare?
2937 2394 3058 2462 quia
3087 2409 3188 2445 non
3219 2394 3476 2445 auditores
3510 2392 3638 2461 legis
3653 2390 3787 2460 justi

2187 2494 2304 2541 sunt
2342 2486 2483 2556 apud
2517 2486 2821 2549 Dominum,
2867 2487 2953 2539 sed
2984 2487 3204 2554 factores
3249 2484 3378 2553 legis
3416 2482 3788 2553 justiﬁcubtut-

2189 2587 2271 2630 tur
2292 2576 2470 2648 (Rom.
2504 2580 2591 2647 il).
2621 2577 2770 2632 Unde
2791 2577 2951 2631 etiam
2980 2576 3023 2629 si
3056 2575 3193 2630 bene
3220 2575 3534 2637 vixerimus,
3564 2588 3787 2627 cursum

2192 2681 2439 2723 nostrum
2497 2667 2791 2722 stabilitate
2841 2675 2896 2720 et
2946 2664 3346 2732 perseverantia
3401 2665 3787 2717 commendare

2189 2760 2480 2826 debemus,
2536 2761 2588 2813 in
2636 2761 2753 2813 loco
2808 2757 3104 2811 vocationis
3149 2756 3489 2826 persistendo
3528 2764 3580 2808 et
3618 2751 3785 2823 perﬁ-

2189 2850 2384 2907 ciendo
2427 2851 2581 2923 [forte
2622 2847 2991 2920 proﬁciendo].
3047 2850 3181 2902 Vere
3221 2847 3342 2902 dico
3389 2848 3573 2910 etiam,
3617 2849 3664 2902 si
3694 2847 3787 2902 hic

2190 2943 2376 3013 viginti
2418 2953 2510 2997 aut
2554 2943 2769 3011 triginta
2814 2955 2985 2995 annos
3018 2941 3247 2995 Domino
3289 2940 3784 3009 impendissemus,

2190 3035 2277 3090 cui
2325 3034 2507 3103 utique
2549 3044 2718 3087 totum
2750 3047 2850 3087 nos
2878 3032 3077 3087 scimus
3105 3032 3306 3087 debere
3347 3031 3490 3101 quod
3530 3031 3784 3096 vivimus,

2191 3140 2327 3187 etut
2360 3128 2489 3184 satis
2531 3144 2695 3184 unum
2740 3144 2940 3183 annum
2996 3142 3278 3196 ageremus
3327 3126 3379 3181 in
3428 3125 3651 3191 saeculo,
3701 3126 3785 3180 in-

498 3218 563 3273 ad
609 3233 818 3289 poenas.
856 3222 1123 3287 Quantum
1179 3222 1324 3277 enim
1355 3223 1510 3277 'nunc
1560 3221 1769 3290 patiens
1820 3232 1902 3275 est
1942 3217 2160 3279 DeusC
2191 3223 2506 3278 aestimabile
2559 3232 2703 3276 esset
2745 3230 3006 3288 quantum
3060 3219 3215 3274 nobis
3264 3220 3331 3273 de
3381 3227 3603 3273 aeterna:
3656 3217 3784 3272 vita:

499 3323 683 3371 noster
733 3316 786 3371 in
821 3316 1149 3373 sustinendis
1187 3317 1399 3372 delictis
1432 3316 1651 3382 nostris,
1700 3324 1904 3369 tantum
1930 3330 2084 3369 seve-

502 3422 595 3463 rus
625 3408 729 3464 erit
758 3409 810 3464 in
837 3409 1189 3465 discutiendis
1226 3411 1437 3465 actibus
1479 3409 1680 3464 nostris
1707 3427 1721 3475 ;
1755 3418 1811 3464 et
1836 3410 1977 3464 sicut
2005 3408 2087 3463 in-

502 3500 872 3556 astimabilem
916 3502 1122 3572 paravit
1160 3502 1419 3573 improbis
1447 3517 1681 3569 pmnam,
1705 3503 1776 3556 ita
1809 3502 2089 3556 inenarra-

503 3590 666 3647 bilem
690 3592 852 3661 jttstis
870 3594 1166 3649 collaturus
1184 3607 1260 3651 est
1281 3595 1527 3666 gloriam.
1550 3594 1689 3665 Ergo
1706 3595 2087 3663 suppliciorum

507 3684 857 3740 acerbitatem
906 3687 1210 3741 econtrario
1254 3686 1321 3742 de
1351 3686 1695 3756 prtemiorum
1723 3684 2090 3753 magnitudine

504 3775 838 3847 colligamus.
871 3778 1004 3846 Quia
1033 3780 1122 3848 qui
1154 3779 1300 3832 novit
1329 3794 1678 3834 remunerare
1725 3778 1940 3842 merita,
1996 3792 2091 3831 no-

504 3866 579 3921 vit
601 3868 791 3937 punire
832 3870 1049 3925 delicta.
1092 3870 1457 3925 Saluberrima
1485 3886 1613 3941 ergo
1641 3881 1743 3940 est,
1769 3886 1832 3927 ac
1864 3872 2089 3926 multum

510 3962 815 4017 necessaria
854 3972 972 4030 est,
1016 3961 1179 4018 futuri
1212 3964 1398 4033 judicii
1428 3964 1725 4019 recordatio
1754 3976 1808 4019 et
1838 3964 2088 4034 praeteri-

513 4059 689 4109 torum
746 4058 1213 4123 commemoratio,
1259 4057 1343 4112 vel
1400 4057 1700 4127 deploratio
1748 4057 2086 4113 delictorum.

511 4144 663 4212 Quod
694 4144 739 4200 si
770 4146 891 4215 quis
918 4156 1023 4213 est,
1056 4148 1146 4218 qui
1183 4148 1283 4203 sibi
1329 4147 1397 4202 de
1440 4147 1731 4216 praeteritis
1761 4148 1943 4203 illaesa
1974 4151 2094 4204 vita

508 4235 717 4290 meritis
748 4235 1069 4301 blandiatur,
1097 4247 1152 4293 et
1174 4238 1350 4293 adhuc
1378 4237 1720 4293 innocentem
1750 4253 1810 4294 se
1839 4240 2096 4295 transisse

517 4338 669 4398 putet
716 4329 783 4385 ad
835 4331 1046 4386 Domini
1097 4332 1431 4399 servitutem,
1462 4340 1515 4387 et
1547 4332 1667 4388 ideo
1692 4332 1866 4387 credit
1891 4348 1949 4387 se
1974 4347 2096 4389 esse

514 4438 788 4486 securum,
842 4423 945 4479 iste
991 4425 1115 4478 talis
1153 4426 1409 4493 reSpiciat
1448 4440 1606 4495 quam
1640 4425 1825 4481 incerti
1855 4434 1909 4480 et
1937 4440 2096 4495 quam

513 4514 706 4569 lubrici
750 4527 873 4568 sunt
911 4516 1085 4569 exitus
1115 4516 1258 4570 vitae.
1293 4516 1369 4572 De
1397 4533 1499 4586 qua
1532 4517 1767 4573 dicitur:
1804 4516 1882 4572 Ne
1922 4517 2099 4571 lauda-

2194 3315 2404 3386 gaudiis
2454 3313 2848 3376 frautlarentus,
2898 3313 3022 3381 quia
3073 3325 3196 3379 spes
3244 3320 3442 3366 nostris
3488 3323 3682 3365 omnes
3730 3311 3782 3363 in

2192 3411 2659 3466 consummatione
2680 3418 2843 3477 atque
2875 3407 2979 3460 ﬁne
3008 3407 3331 3461 consistunt.

2264 3502 2402 3570 Quid
2445 3500 2572 3555 mihi
2625 3498 2844 3569 prodest
2873 3499 2916 3551 si
2950 3497 3080 3551 mihi
3112 3506 3227 3550 sata
3260 3491 3543 3548 viridantia
3574 3492 3627 3545 in
3655 3493 3783 3545 ber-

2193 3598 2275 3653 bis
2323 3610 2473 3665 spem
2528 3593 2719 3649 messis
2765 3590 3083 3656 ostendant,
3138 3600 3194 3645 et
3238 3604 3327 3643 me
3355 3588 3458 3642 sub
3490 3586 3607 3655 ipso
3640 3584 3786 3637 falcis

2196 3700 2438 3759 tempore
2476 3688 2650 3741 subita
2678 3689 2758 3740 vel
2788 3687 2929 3739 aeris
2962 3684 3328 3751 intemperies,
3360 3682 3446 3735 vel
3481 3680 3780 3749 pluviarum

2195 3782 2475 3837 inundatio
2527 3779 2789 3848 decipiat?
2838 3778 2966 3848 quid
3022 3778 3151 3831 mihi
3204 3773 3477 3847 proderit,
3534 3772 3578 3825 si
3638 3772 3790 3824 vinea

2195 3888 2345 3943 Spem
2376 3887 2591 3927 omnem
2626 3874 2677 3926 itt
2709 3870 2843 3923 flore
2877 3869 3185 3938 promittat,
3225 3866 3309 3921 vel
3340 3866 3574 3919 ferarum
3607 3863 3791 3917 incur-

2195 3968 2295 4031 sio,
2330 3967 2413 4022 vel
2443 3966 2667 4020 vastitas
2695 3962 2970 4033 grandinis
3003 3978 3152 4029 spem
3184 3974 3400 4015 omnem
3436 3960 3485 4010 in
3527 3971 3788 4011 consum-

2196 4061 2490 4115 mationem
2549 4058 2625 4129 [in
2690 4052 3155 4125 consummatione]
3200 4050 3495 4105 subducat?
3564 4047 3798 4117 Ideoque

2200 4152 2378 4207 omnis
2424 4147 2754 4219 prosperitas
2798 4148 3085 4216 omnisque
3135 4144 3378 4198 laborum
3435 4141 3696 4203 felicitas.
3739 4140 3796 4194 in

2199 4224 2305 4298 ﬁne
2355 4240 2624 4297 consistit.
2670 4238 2805 4294 Cum
2853 4249 3031 4291 autem
3083 4238 3243 4291 etiam
3276 4234 3379 4288 illis
3407 4230 3701 4287 dolendum
3730 4231 3801 4284 sit

2198 4336 2288 4407 qui
2336 4334 2464 4390 hinc
2504 4344 2625 4403 post
2657 4334 2824 4387 multa
2879 4331 3126 4385 laborum
3179 4324 3470 4397 stipendia,
3528 4336 3645 4393 post
3702 4323 3801 4376 ali-

2200 4437 2458 4497 quantum
2508 4440 2770 4479 annorum
2812 4425 3137 4494 proli-ctum,
3190 4418 3460 4487 aliquibus
3508 4413 3800 4468 desideriis

2204 4519 2629 4574 abstraltuntur:
2662 4516 2789 4585 quid
2830 4515 2901 4570 de
2949 4513 3052 4567 illis
3080 4513 3186 4566 erit
3215 4511 3305 4580 qui
3337 4511 3422 4563 hic
3451 4518 3685 4575 quatuor
3711 4515 3801 4559 aut

514 4607 658 4659 veris
697 4605 967 4660 hominem
1010 4605 1061 4659 in
1092 4606 1197 4660 vita
1231 4621 1364 4673 sua;
1392 4618 1445 4662 et
1471 4624 1591 4662 cum
1627 4610 1963 4679 perspexerit
1985 4610 2093 4679 jam
2128 4596 2173 4653 ί)
2200 4611 2434 4678 quinque
2464 4623 2635 4662 annos
2664 4605 3038 4672 longissimum
3074 4614 3285 4671 tempus
3316 4599 3568 4659 credunt,
3600 4608 3654 4651 et
3678 4611 3796 4649 om-

508 4695 571 4750 8e
611 4695 678 4750 de
723 4698 996 4765 praeterito
1040 4713 1145 4751 non
1186 4698 1385 4753 habere
1410 4701 1550 4769 quod
1582 4700 1781 4770 lugeat,
1840 4702 2001 4756 habet
2029 4703 2098 4759 de

508 4782 687 4839 futuro
717 4786 858 4856 quod
893 4787 1100 4840 timeat.
1156 4785 1326 4841 Nemo
1366 4802 1495 4857 ergo
1518 4788 1585 4841 de
1618 4790 1908 4857 praeteritis
1939 4806 2098 4846 secu-

510 4890 602 4931 rus
652 4879 757 4945 sit,
811 4878 941 4933 tanti
990 4878 1164 4948 laquei
1196 4878 1394 4945 objecti
1419 4888 1545 4934 sunt
1566 4889 1688 4934 ante
1720 4882 1881 4949 pedes
1908 4884 2100 4938 animat

508 4975 728 5032 nostra),
778 4974 884 5021 tam
935 4967 1206 5023 innumeri
1256 4968 1440 5024 hostes
1487 4971 1778 5026 observant
1822 4980 1877 5027 et
1924 4982 2104 5029 custo-

510 5060 663 5115 diunt
691 5059 792 5115 iter
842 5072 1123 5127 nostrum,
1174 5071 1336 5116 tantae
1378 5061 1549 5117 fovete
1581 5073 1635 5118 et
1668 5074 1772 5118 tam
1815 5077 2102 5135 praeruptae

508 5151 580 5227 [et
618 5160 760 5206 tanta
802 5150 1112 5225 prter-apta],
1162 5162 1325 5207 tanta:
1354 5169 1532 5208 rerum
1562 5153 1909 5210 difﬁcultates
1932 5157 2103 5211 inter-

509 5240 695 5315 jacent
747 5245 887 5300 inter
934 5260 1031 5301 nos
1059 5252 1115 5300 et
1144 5245 1305 5301 ﬁnem
1357 5258 1624 5302 nostrum.
1670 5247 1764 5301 Via
1817 5248 1930 5318 ipsa
1979 5263 2098 5318 quae

511 5355 607 5412 per
635 5356 694 5397 se
723 5351 869 5397 arcta
911 5351 966 5397 et
1005 5341 1170 5397 ardua
1206 5351 1310 5405 est,
1343 5342 1506 5395 tantis
1536 5341 1900 5411 spiritualium
1932 5342 2102 5397 latro-

512 5448 641 5488 num
668 5434 880 5491 insidiis
916 5436 1136 5491 obsessa
1166 5446 1249 5491 est
1274 5431 1607 5508 [obsidetur],
1644 5444 1822 5489 tantos
1852 5449 1948 5489 nos
1976 5449 2104 5490 sco-

513 5525 689 5597 pulos,
716 5534 995 5598 tantosque
1023 5528 1214 5584 ﬂuctus
1238 5528 1466 5582 transire
1492 5540 1715 5582 necesse
1736 5538 1840 5595 est,
1870 5535 1929 5581 ut
1954 5528 2106 5597 igno-

514 5632 694 5675 remus
725 5619 851 5690 quid
889 5622 1099 5677 eveniat
1138 5630 1423 5693 antequam
1463 5622 1754 5677 anchoram
1806 5630 1992 5691 optato
2046 5622 2101 5677 in

2202 4713 2325 4754 nem
2352 4698 2570 4767 reliqua
2620 4698 2748 4750 vitae
2780 4705 3006 4749 tractum
3042 4695 3092 4746 in
3124 4691 3306 4745 saeculi
3339 4693 3572 4743 vanitate
3598 4702 3794 4740 consu-

2203 4801 2378 4857 mnttt,
2411 4807 2532 4847 cum
2561 4791 2723 4845 etiam
2749 4805 2888 4844 unus
2916 4802 3087 4842 annus
3112 4786 3293 4841 szeculi
3345 4784 3559 4837 labores
3587 4789 3803 4837 nostros

2209 4883 2261 4937 in
2293 4898 2477 4938 eremo
2531 4882 2825 4952 acquisitos
2855 4882 2927 4934 ita
2962 4880 3133 4949 possit
3179 4877 3464 4931 absumere
3486 4913 3501 4940 ,
3533 4872 3805 4941 quomodo

2207 4976 2251 5029 si
2292 4991 2440 5030 mare
2483 4990 2737 5043 magnum
2780 4972 3155 5043 parvissimum
3189 4969 3331 5022 intra
3361 4982 3419 5021 se
3452 4966 3686 5020 rivulum
3720 4979 3806 5017 rc-

2209 5066 2377 5136 cipiat
2410 5076 2464 5120 et
2501 5068 2823 5131 absorbeat,
2864 5074 3024 5133 atque
3054 5063 3104 5117 ei
3135 5077 3235 5115 nec
3266 5074 3462 5114 nomen
3513 5056 3804 5125 relinquat.

2208 5159 2402 5214 Nescio
2432 5159 2499 5213 ad
2529 5175 2648 5229 quae
2679 5158 2825 5213 lucra
2851 5158 3079 5211 velimus
3102 5155 3155 5209 in
3184 5155 3383 5209 saecqu
3410 5151 3594 5205 vivere
3625 5167 3639 5203 :
3674 5163 3804 5202 nam

2209 5265 2328 5306 cum
2362 5252 2449 5305 hic
2477 5250 2682 5321 grande
2724 5260 2945 5320 putetur
2987 5248 3244 5304 damnum
3276 5262 3385 5300 non
3416 5242 3659 5313 quotidie
3702 5240 3805 5293 ali-

2210 5341 2338 5413 quid
2361 5343 2673 5411 acquirere,
2720 5343 2828 5398 illic
2851 5339 3069 5411 grandis
3116 5348 3354 5411 quaestus
3398 5348 3483 5394 est
3537 5333 3810 5405 putandus

2208 5439 2294 5494 vel
2317 5435 2577 5505 acquisita
2607 5454 2712 5491 non
2740 5436 2987 5506 perdere.
3022 5433 3136 5500 Hic,
3164 5432 3404 5503 inquam,
3436 5445 3603 5502 grave
3626 5426 3809 5482 detri—

2212 5540 2453 5587 mentum
2504 5532 2775 5597 creditur,
2810 5545 2917 5585 non
2961 5526 3201 5598 quotidie
3231 5522 3631 5596 proﬁcere:ibi
3679 5534 3814 5576 vero

2210 5639 2418 5680 summa
2456 5625 2625 5679 virtus
2661 5632 2743 5680 est
2787 5638 2893 5679 non
2940 5624 3135 5693 perire.
3182 5620 3415 5690 Ideoque
3437 5618 3487 5673 si
3517 5616 3694 5672 adhuc
3724 5624 3809 5670 te-

587 5754 811 5833 Hlalm
830 5758 1233 5833 opusestnetu,
1261 5761 1431 5820 multo
1449 5776 1529 5833 3.,
1579 5758 1747 5819 multa
1787 5757 2136 5831 contritione,
2167 5758 2237 5818 ad
2275 5777 2322 5821 s.
2372 5762 2542 5833 ipsius
2591 5758 2769 5818 cordis
2816 5758 3032 5816 dolores
3076 5756 3264 5818 :Tota
3314 5772 3365 5813 a.
3424 5752 3668 5813 incuntb.
3720 5756 3813 5807 est

515 5826 648 5900 spir.
677 5830 1098 5898 compunctioni.
