4078 6440
405 152 543 231 ὶυϐἒ

1832 157 2109 231 llOtilLlA
2154 168 2242 231 lx.

3530 154 3669 231 teoii

399 305 535 347 nues
558 305 619 346 ac
647 292 905 362 pauperes
935 304 1143 357 sumus,
1173 287 1257 345 hic
1289 289 1485 361 aliquid
1517 289 1769 370 consequi
1797 292 1976 346 elabo-
2006 293 2055 352 Α
2082 290 2196 345 lunt
2221 291 2418 349 divites
2443 294 2555 351 fieri
2580 280 2823 352 incidunt
2855 295 2908 350 iu
2932 282 3178 366 laqueum
3204 308 3264 350 ac
3289 297 3662 370 tentat'onem.

396 395 598 439 remus.
628 383 684 438 Si
716 400 843 438 vero
882 380 1081 454 aliquid
1128 376 1400 437 consecuti
1444 399 1666 453 sumus,
1721 366 1806 438 hic
1852 378 1981 441 illud

397 485 616 529 servare
661 478 936 530 curemus.
984 476 1092 529 lloc
1143 476 1311 529 solum
1357 464 1685 543 impendium
1713 459 1984 548 ⁸[ιόηιριτιι-

400 564 567 639 dium]
622 577 675 622 et
715 568 964 637 gaudium
1013 566 1137 630 erit,
1190 570 1326 638 quod
1377 566 1461 623 hic
1503 571 1725 623 Domino
1766 572 1982 647 vixeris,

400 658 525 729 quia
577 659 809 728 quaudiu
839 660 923 714 hic
953 652 1317 726 consistimus,
1360 656 1413 713 in
1466 660 1682 715 arbitrio
1728 672 1812 717 est
1864 659 1984 739 cum

401 750 533 805 velis
559 751 623 805 ad
651 748 925 806 steculur’n‘
939 742 1229 808 declinare.
1264 754 1394 807 Cum
1428 769 1555 809 vero
1596 754 1948 809 declinaveris
1968 796 1984 819 ,

399 844 508 912 jam
533 843 751 899 difficile
783 860 844 897 ac
873 850 1006 915 pene
1036 837 1367 915 impossibile
1398 840 1496 901 erit
1528 848 1594 900 ad
1626 847 1800 901 locum
1826 848 1981 900 istum

400 936 486 990 vel
516 935 839 1005 cogitatione
872 938 1161 1005 reSpicere.
1201 924 1350 1005 Qtiod
1383 938 1423 992 si
1456 939 1643 1009 aliquis
1685 924 1804 993 ideo
1833 956 1987 995 secu-

403 1043 521 1081 rum
547 1043 604 1081 se
629 1037 794 1096 putat,
827 1026 894 1082 de
922 1027 1023 1082 hoc
1049 1021 1168 1084 loco
1197 1024 1482 1099 aliquando
1519 1047 1674 1100 posse
1704 1033 1985 1089 discedere

404 1118 547 1187 quod
579 1116 663 1172 hic
693 1120 825 1172 bene
855 1110 1171 1184 cucurrerit,
1213 1122 1355 1191 quod
1391 1121 1474 1175 hic
1504 1125 1726 1178 multum
1766 1110 1982 1180 labora-

404 1208 563 1274 vcrit,
606 1207 691 1263 hic
739 1209 858 1265 talis
908 1211 1006 1265 hoc
1048 1209 1185 1279 agit,
1218 1213 1483 1281 quomodo
1512 1213 1555 1267 si
1586 1208 1774 1285 aliquis
1795 1231 1987 1291 onera-

405 1304 514 1351 tam
556 1299 819 1354 mcrrib‘us
862 1318 1051 1356 navem
1083 1301 1151 1356 de
1178 1316 1333 1372 portu
1357 1304 1551 1372 solvat,
1578 1308 1630 1360 et
1658 1300 1986 1375 tempestati-

404 1386 509 1442 bus
539 1389 728 1457 tradat,
767 1394 821 1444 et
845 1393 910 1446 ad
940 1394 1189 1462 s'cOp'uIOS
1219 1396 1375 1465 atque
1399 1398 1462 1450 ad
1492 1393 1617 1452 saxa
1646 1390 1980 1469 detorqueat.

405 1479 621 1546 Quanto
663 1481 842 1550 itaq'ue
890 1483 1195 1540 laboramus
1244 1480 1491 1557 amplius,
1545 1484 1691 1544 tanto
1720 1492 1987 1547 cautiores

403 1583 526 1623 esse
560 1568 857 1624 debemus:
888 1575 1286 1642 prolie'entibus
1321 1580 1461 1632 enim
1495 1573 1776 1635 insidiatur
1807 1569 1985 1636 inimi-

2088 379 2258 449 liogat
2312 374 2601 451 Apostolus
2653 399 2757 438 non
2813 383 2982 458 solum
3039 378 3332 457 habentes,
3375 384 3471 456 sed
3500 395 3551 440 et
3576 386 3666 455 qui

2085 472 2253 543 ipsam
2299 458 2529 552 habendi
2572 461 2921 552 cotisequitur
2961 475 3201 551 [habendi
3228 477 3365 531 intra
3387 494 3439 532 se
3462 480 3683 551 retinet],

2086 556 2433 620 voluntatem.
2471 547 2701 637 Ideoque
2731 547 2860 623 nihil
2894 547 3100 638 proficit
3125 570 3286 625 homo
3312 570 3679 640 relinquendo

2085 649 2227 729 quod
2256 668 2404 713 extra
2437 676 2496 715 se
2540 657 2721 727 habet,
2772 662 2860 731 qui
2895 664 3018 716 vitia
3060 664 3199 716 intra
3232 679 3289 717 se
3320 663 3533 718 retinet.
3558 663 3665 716 ιω.
3694 696 3701 740 ρ

2086 765 2207 819 que,
2239 762 2293 823 ut
2322 751 2472 827 disi,
2506 752 2719 819 fratres,
2753 742 2839 807 hic
2869 767 3081 818 sumus,
3123 764 3176 809 et
3207 757 3299 809 tuti
3333 771 3435 827 non
3460 769 3665 808 sumus.
3697 808 3700 829 ν

2090 842 2155 895 Ει
2183 821 2272 911 qui
2305 821 2394 914 [Et
2418 821 2481 913 εἰ]
2525 844 2659 897 intra
2696 858 2878 897 muros
2912 847 3065 913 positi
3117 846 3200 916 vix
3250 846 3571 911 resistimus,
3612 844 3665 897 ia
3696 838 3697 843 “

2087 935 2282 988 szeculo
2311 934 2539 1004 expositi
2561 935 2685 1002 quiti
2714 918 3006 1014 iaciemus?
3037 935 3276 1003 Qualiter
3304 936 3445 989 stare
3476 925 3699 1003 peterit'

2088 1029 2139 1081 in
2172 1029 2333 1082 ilu'ctu
2374 1039 2532 1094 atque
2577 1030 2627 1081 in
2682 1029 2796 1096 ipso
2847 1026 3247 1082 colluctantium
3293 1014 3677 1098 tempestatutri

2089 1118 2310 1187 impetu,
2341 1098 2432 1187 qui
2467 1127 2569 1171 tam
2603 1122 2834 1187 graviter
2863 1120 3193 1188 periclitatur
3219 1119 3491 1189 inportu?
3517 1120 3671 1174 Ideo:-

2087 1223 2215 1278 qoe,
2252 1208 2304 1261 in
2335 1204 2591 1276 quantum
2630 1222 2934 1276 pessumus,
2982 1207 3202 1262 stabil-s
3254 1200 3423 1281 simus
3473 1208 3523 1259 in
3570 1204 3672 1261 hoc

2090 1301 2318 1371 tranquil
2346 1300 2530 1354 issitno
2565 1300 2684 1354 sinu
2721 1301 2952 1373 [portu];
2985 1300 3106 1369 quia
3137 1299 3430 1370 quamlibet
3461 1297 3672 1367 tepidus

2089 1394 2140 1446 in
2172 1407 2393 1446 vacuum
2426 1407 2529 1446 non
2580 1395 2765 1456 currit,
2804 1394 2895 1463 qui
2936 1392 3002 1447 ad
3052 1393 3280 1463 palmam
3329 1398 3675 1448 consumma:-

2090 1464 2252 1538 tionis
2298 1485 2691 1550 perseverando
2742 1484 3063 1561 pervenerit.
3108 1485 3410 1552 Adjuvante
3440 1484 3672 1561 Domine

2091 1578 2275 1630 uestro
2306 1576 2431 1631 Je~u
2462 1577 2698 1643 Christo,
2749 1577 2842 1646 qui
2893 1576 3023 1631 vivit
3061 1586 3115 1633 et
3158 1586 3343 1647 regnat
3386 1577 3441 1631 in
3469 1576 3673 1632 srecula

404 1660 524 1724 δυεν
556 1669 611 1715 et
638 1661 727 1717 ubi
759 1662 902 1718 videt
926 1661 1156 1735 aliquam
1186 1672 1335 1736 spem
1360 1671 1447 1722 aut
1476 1660 1702 1739 aliquam
1724 1671 1948 1742 gratiam
1971 1714 1986 1739 ,
2026 1656 2067 1717 Β
2095 1668 2433 1723 smculorum.
2466 1671 2654 1724 Anien.

404 1749 481 1804 ibi
515 1760 765 1823 tanquam
797 1756 880 1810 leo
910 1758 1123 1827 rt’tgiens
1151 1764 1205 1813 et
1234 1760 1499 1816 circuiens
1527 1752 1593 1816 ad
1631 1754 1985 1837 invadendam

404 1840 643 1912 praedam
675 1855 815 1902 totus
850 1848 1131 1906 incumbit.
1171 1852 1235 1906 Et
1260 1848 1383 1908 ideo
1409 1850 1528 1923 quia
1568 1848 1653 1909 hic
1684 1853 1871 1931 positis
1896 1873 1992 1912 no-

402 1934 534 1991 (tere
562 1952 667 1991 non
707 1940 989 2011 praevalet,
1040 1943 1156 1996 vult
1200 1944 1406 2015 aliquos
1459 1943 1634 2002 minus
1682 1958 1866 2003 cautos
1900 1948 1993 2019 per

405 2029 758 2098 'cogitati‘on'es
787 2049 848 2088 ac
878 2050 972 2103 per
1002 2033 1242 2091 diversas
1277 2035 1598 2094 tentationcs
1638 2055 1703 2095 ex
1742 2037 1842 2096 hoc
1874 2042 1992 2096 loco

400 2121 826 2191 quodnnmodo,
856 2128 1007 2195 quasi
1038 2140 1187 2182 extra
1208 2134 1408 2196 castra,
1429 2116 1730 2201 producere
1760 2143 1814 2187 ct
1841 2129 1990 2203 quasi

399 2209 473 2265 de
502 2210 924 2269 eminentissima
952 2209 1034 2289 [de
1065 2216 1418 2291 in'victissima]
1447 2237 1571 2276 arce
1592 2223 1863 2292 deponere
1889 2240 1904 2291 ;
1939 2236 1994 2280 et

398 2315 525 2359 cum
559 2305 889 2374 deposuerit,
936 2312 1080 2365 velut
1123 2312 1192 2367 de
1239 2313 1355 2368 loco
1387 2316 1649 2382 snperiori
1680 2318 1989 2388 confligere,

399 2401 462 2451 ut
504 2397 714 2453 etiamsi
764 2416 950 2455 navem
986 2419 1225 2474 mergere
1255 2422 1358 2460 non
1391 2408 1648 2476 posuerit,
1693 2410 1884 2464 saltem
1926 2410 1990 2465 ex

400 2489 745 2545 detrimentis
778 2500 835 2547 et
868 2495 1079 2550 damnis
1109 2500 1227 2566 qua:
1268 2500 1541 2554 abundant
1567 2501 1620 2555 in
1650 2504 1869 2566 saeculo,
1907 2498 1993 2572 ju-

401 2577 789 2635 cundissimam
834 2586 1068 2651 prardam
1109 2588 1327 2643 referat.
1357 2590 1513 2645 Mittit
1550 2592 1781 2661 primum
1818 2590 1994 2648 inten-

402 2669 582 2725 tiones
612 2669 875 2742 dl‘versas,
908 2676 1282 2748 indignitates,
1326 2680 1731 2751 animositates,
1774 2692 1828 2737 ut
1863 2676 1991 2739 dum

405 2758 573 2815 homo
600 2762 743 2831 quod
772 2768 934 2819 semel
962 2767 1261 2839 destinarit,
1295 2781 1453 2841 atque
1483 2772 1534 2826 in
1562 2771 1743 2828 furore
1772 2773 1992 2831 delinie-

404 2855 500 2921 ril,
532 2855 757 2924 implere
783 2859 1090 2925 contendit,
1134 2877 1238 2915 non
1280 2862 1477 2933 cogitet
1512 2864 1766 2919 damnum
1798 2865 1952 2921 suum
1973 2908 1990 2935 ,

405 2959 513 3000 non
550 2946 801 3015 reSpiciat
826 2949 895 3004 ad
927 2951 1167 3017 ruinam;
1216 2958 1269 3008 et
1308 2956 1428 3009 'cum
1476 2955 1623 3010 illum
1662 2959 1987 3028 (lep08uerit,

2194 1852 2197 1855 ἰ
2672 1766 2948 1838 ιιυλιειιλ
2992 1784 3082 1838 lx.

2165 1855 2378 1929 Fratres
2426 1873 2749 1941 charissimi,
2782 1875 2850 1929 ad
2879 1875 2978 1929 hoc
3027 1875 3082 1929 in
3112 1874 3272 1929 istum
3326 1876 3501 1930 locum
3545 1883 3676 1931 con;

2094 1964 2373 2030 venimus,
2423 1971 2484 2018 ut
2530 1964 2756 2019 Domino
2800 1972 2990 2019 nostro
3014 1978 3207 2020 vacare
3237 1965 3527 2034 possimus,
3566 1978 3689 2020 non.

2094 2050 2177 2106 bis
2208 2055 2370 2107 rebus
2398 2054 2591 2123 quibus
2621 2067 2804 2110 noster
2832 2054 3135 2110 delectatur
3162 2054 3431 2113 inimicus.
3462 2056 3678 2113 Certum

2094 2152 2177 2199 est
2199 2144 2342 2198 enim
2371 2145 2511 2215 quod
2541 2146 2755 2214 quando
2783 2160 2846 2199 ea
2877 2162 2998 2216 qua:
3030 2146 3096 2200 ad
3126 2148 3384 2202 saeculum
3413 2148 3678 2216 pertinuerit

2095 2236 2394 2305 loquimur,
2446 2248 2537 2292 aut
2564 2238 2760 2307 iniquis
2790 2239 3308 2295 murmuratiouihus
3338 2249 3437 2294 nos
3467 2240 3682 2295 morde-

2094 2344 2234 2395 mns,
2289 2330 2379 2384 ille
2409 2329 2571 2384 horas
2616 2342 2832 2385 nosnas
2884 2329 2977 2402 [αι.
3036 2331 3146 2387 illic
3184 2346 3277 2387 ora
3320 2330 3523 2404 nosne]
3572 2332 3681 2388 Deo

2095 2419 2362 2482 subtrahi,
2406 2429 2460 2474 et
2503 2421 2605 2476 sibi
2645 2421 2845 2490 gaudet
2872 2422 3099 2491 acquiri;
3133 2422 3266 2490 Quid
3295 2424 3681 2495 prodestquod

2095 2525 2197 2565 nos
2229 2512 2480 2578 pretiosis
2512 2512 2706 2581 vigiliis
2742 2512 3124 2584 laboribusque
3150 2516 3492 2584 conﬁcimus,
3532 2530 3586 2572 et
3616 2526 3681 2575 ea

2094 2617 2214 2671 qum
2243 2602 2477 2659 maxime
2510 2604 2647 2659 Deus
2672 2615 2859 2661 noster
2891 2607 2941 2659 in
2973 2605 3126 2661 nobis
3148 2608 3416 2663 desiderat
3448 2625 3553 2664 non
3585 2610 3682 2664 ha-

2096 2687 2333 2749 bemus?
2369 2695 2482 2749 Hoc
2521 2705 2636 2765 est,
2676 2711 2771 2750 cor
2810 2696 3067 2752 mundum
3112 2708 3165 2753 et
3208 2699 3437 2754 liberum
3471 2702 3539 2756 ah
3565 2702 3681 2756 istis

2097 2787 2318 2841 minutis
2346 2788 2682 2857 negligentiis
2712 2804 2849 2858 quas
2878 2792 2965 2860 qui
2991 2805 3097 2845 non
3124 2790 3395 2857 observat,
3429 2793 3691 2860 paulatim

2097 2876 2285 2931 deﬂuit
2314 2876 2565 2950 [de/luet],
2593 2890 2641 2933 et
2666 2880 2733 2934 ad
2763 2882 2964 2950 majora
2995 2882 3289 2951 prolabitur
3312 2882 3507 2953 (Eccli.
3541 2890 3685 2953 xix);-

2098 2969 2228 3025 lllud
2260 2986 2387 3041 ergo
2412 2972 2675 3043 imprimis
2702 2974 2901 3029 habere
2922 2976 3250 3041 Studeamus,
3274 2978 3417 3047 quod
3441 2977 3494 3032 in
3517 2978 3691 3034 nobis:

405 3050 534 3093 tunc
560 3041 606 3093 ei
641 3038 692 3094 in
724 3040 946 3097 nihilum
975 3044 1082 3113 jam
1117 3046 1388 3115 profutura
1422 3042 1698 3119 poenitudo
1729 3046 1989 3111 succedit.
2019 3032 2073 3101 δη
2101 3062 2244 3117 Deus
2276 3032 2459 3119 ndster
2486 3032 2762 3135 exspectat
2788 3084 2799 3118 ε
2830 3067 2880 3120 id
2911 3077 3013 3133 est,
3043 3083 3266 3123 suavem
3290 3032 3684 3141 benignumque

411 3129 511 3183 llic
542 3146 746 3197 sumus,
782 3143 834 3188 et
862 3136 957 3188 tuti
990 3152 1094 3191 non
1118 3154 1341 3193 sumus:
1371 3149 1463 3196 aut
1504 3144 1644 3197 enim
1685 3144 1863 3200 cordis
1903 3161 1994 3201 co-

407 3222 757 3291 gitationihus
799 3224 959 3282 variis
983 3236 1037 3283 et
1067 3230 1323 3300 improbis
1354 3242 1514 3302 atque
1542 3235 1842 3292 inhonestis
1872 3238 1996 3309 agi-

410 3308 616 3386 tamur;
647 3330 738 3375 aut
761 3322 1037 3378 venenatis
1068 3325 1258 3396 lingute
1289 3328 1478 3398 gladiis
1506 3330 1869 3400 vulnerantur,
1898 3332 1995 3404 pro

408 3407 644 3465 minimis
673 3414 725 3468 et
757 3413 1088 3483 pravissimis
1133 3419 1291 3472 rebus
1333 3421 1763 3479 scandalizantcs
1805 3422 1992 3497 [etpro

412 3502 640 3559 minimis
668 3507 813 3561 rebus
839 3494 1302 3585 scandaliia'nnr].
1333 3513 1601 3568 Interdum
1636 3516 1818 3581 etiam,
1851 3500 1996 3587 quod

412 3594 733 3652 rnonacbum
777 3599 881 3655 non
906 3591 1082 3669 decet,
1119 3604 1171 3658 in
1208 3604 1327 3660 lites
1358 3615 1410 3660 et
1434 3592 1610 3677 jurgia
1645 3608 1998 3679 prorumpen-

415 3696 530 3752 tes,
588 3691 977 3759 professionem
1034 3706 1268 3749 nostratn
1324 3701 1523 3764 regulae
1575 3705 1999 3771 transgressione

415 3775 697 3846 Violamus,
747 3782 943 3837 furtum
995 3785 1193 3840 inferre
1235 3786 1555 3858 praepositis,
1589 3794 1695 3845 imo
1720 3786 1998 3851 animabus

416 3873 651 3933 uestris,
687 3874 786 3927 sub
812 3863 901 3929 Dei
933 3868 1100 3931 oculis
1128 3876 1231 3932 non
1267 3868 1532 3948 timentes,
1579 3901 1697 3941 cum
1722 3874 1831 3952 ,bcc
1857 3872 1998 3957 quod

413 3977 575 4030 agere
597 3965 698 4019 sub
727 3966 1005 4035 pra'sertti:t
1036 3970 1443 4040 praepositorum
1474 3971 1742 4043 veremur,
1774 3976 1874 4035 srib
1906 3982 1997 4037 Dei

412 4046 585 4107 oculis
631 4054 970 4114 commTttere
1002 4075 1104 4115 non
1137 4056 1430 4118 debeamus
1457 4084 1467 4118 :
1496 4063 1601 4121 non
1647 4064 1884 4123 contenti
1912 4085 2003 4126 su-

314 4135 327 4145 “
412 4160 535 4235 mus
578 4150 931 4216 necessariis,
978 4142 1069 4209 sed
1123 4171 1333 4212 rursum
1384 4175 1479 4228 per
1526 4162 1705 4218 cordis
1756 4175 1999 4235 teporem

414 4224 798 4294 abundantem
849 4257 1009 4312 quam
1048 4244 1098 4299 ia
1137 4248 1337 4303 saeculo
1373 4251 1684 4321 reliquimus
1725 4236 2003 4311 desidera-

415 4326 553 4381 ntus.
610 4329 762 4387 Unde
809 4349 916 4387 non
964 4337 1093 4391 satis
1145 4338 1361 4407 prodest
1393 4343 1767 4411 quodanobis
1789 4348 2003 4417 quales-

2097 3169 2424 3223 sermonem,
2477 3166 2713 3212 mentem
2771 3158 2839 3212 ab
2884 3160 3028 3213 omni
3077 3161 3385 3223 maledicto,
3437 3161 3503 3217 ah
3534 3162 3685 3218 omni

2099 3247 2299 3300 malitia
2335 3247 2580 3316 liberam,
2613 3257 2668 3301 et
2693 3247 2946 3303 devitatis
2978 3251 3059 3304 h's
3087 3250 3281 3319 quibus
3302 3252 3533 3321 Spiritus
3559 3268 3691 3308 sane

2098 3348 2215 3393 ctus
2246 3339 2554 3405 oﬂ‘enditur,
2589 3342 2875 3396 humilitati
2917 3350 2972 3396 et
3000 3345 3167 3413 quieti
3199 3359 3415 3413 Operam
3444 3347 3685 3402 dantem:

2103 3431 2225 3486 llrnc
2266 3440 2393 3487 sunt
2439 3436 2704 3504 praecipua
2751 3435 3041 3501 sacrificia,
3101 3437 3215 3491 hinc
3264 3439 3478 3508 pinguia
3533 3440 3686 3497 holoé

2099 3530 2303 3588 causta,
2345 3538 2463 3593 qua:
2506 3525 2556 3579 in
2600 3534 2892 3595 conspectu
2923 3526 3133 3582 Domini
3162 3527 3214 3582 in
3244 3530 3466 3585 odorem
3496 3532 3686 3586 suavis

2104 3614 2230 3669 tatis
2278 3616 2597 3670 ascendunt.
2644 3617 2757 3671 Hoc
2792 3619 2950 3694 etiam
2984 3620 3216 3694 maxime
3244 3620 3587 3687 Studeamus,
3630 3634 3686 3678 ut

2101 3702 2191 3757 illa
2242 3712 2359 3773 qua:
2405 3706 2459 3759 in
2511 3706 2769 3762 honorem
2800 3688 2891 3761 Dei
2921 3689 3087 3763 nostri
3116 3709 3344 3779 agimus,
3378 3726 3498 3785 cum
3528 3712 3686 3768 hilari

2101 3795 2280 3845 animo
2320 3798 2572 3863 agamus,
2620 3796 2740 3850 cum
2786 3789 2908 3851 iidei
2957 3798 3149 3868 gaudio
3180 3794 3232 3854 et
3260 3798 3381 3855 cum
3428 3799 3580 3856 bona:
3623 3817 3687 3858 ac

2102 3881 2309 3936 devota:
2338 3877 2624 3939 voluntatis
2654 3886 2871 3945 aiicCtu.
2897 3876 3164 3959 Quidquid
3197 3892 3323 3945 vero
3346 3892 3493 3945 inviti
3523 3894 3686 3963 atque

2105 3975 2369 4043 compulsi
2418 3976 2662 4041 iacimus,
2711 3980 3022 4036 noverimus
3053 3997 3151 4036 nos
3183 3984 3247 4038 'ex
3279 4000 3345 4038 eo
3374 3986 3480 4038 non
3509 3984 3685 4043 solum

2107 4081 2212 4120 non
2247 4066 2441 4122 habere
2469 4066 2787 4138 profectam,
2822 4068 2915 4127 Sed
2962 4073 3250 4130 maximum
3278 4070 3685 4133 detrimentum.

2106 4152 2390 4213 Faciamus
2436 4160 2594 4215 alicui
2647 4158 2851 4229 potenti
2904 4162 3018 4218 viro
3065 4158 3379 4237 obsequium
3434 4169 3688 4237 solvere,

2107 4250 2250 4321 quod
2308 4252 2492 4323 utique
2538 4251 2846 4322 superiores
2894 4272 3141 4327 persona:
3187 4260 3215 4312 a
3263 4259 3545 4315 clientibus
3572 4254 3686 4316 suis

2108 4343 2420 4414 exspectare
2450 4344 2849 4404 consueverunt,
2894 4346 3072 4403 nonne
3099 4351 3142 4405 si
3174 4346 3272 4406 nos
3295 4352 3501 4407 videret
3526 4349 3689 4408 homo

412 4422 622 4513 cunque
654 4424 931 4481 facdltates
957 4424 1322 4499 excussitnus,
1368 4408 1581 4504 quando
1603 4438 1732 4509 ipsa:
1762 4408 1820 4495 iii
1846 4440 1999 4497 nobis
2027 4408 2081 4469 ι)
2109 4408 2221 4503 ille,
2257 4436 2499 4493 tlebitum
2541 4430 2641 4493 sibi
2683 4432 2916 4494 uilici-am
2950 4431 3117 4495 invito
3144 4452 3303 4512 atque
3334 4440 3545 4499 exto'rto
3572 4426 3689 4523 aui;

400 4495 650 4591 resideat
696 4519 1039 4588 cupiditates.
1084 4510 1213 4578 inde
1240 4495 1484 4595 estquod
1521 4495 1787 4586 interdum
1818 4531 1886 4586 de
1915 4536 2001 4590 re-

413 4606 516 4661 bus
563 4610 895 4676 pravissimis
937 4604 1292 4689 [parvissimis]
1323 4602 1642 4689 excitamur,
1685 4639 1783 4692 pro
1811 4606 1993 4681 vilium

416 4713 596 4753 rerum
627 4704 865 4770 appetitu
903 4692 1251 4773 gravissimas
1287 4711 1663 4769 contentiones
1691 4731 1992 4774 movemus.

418 4788 532 4869 [loc
572 4785 777 4869 quare?
823 4795 958 4862 Quia
1001 4798 1130 4853 licet
1171 4798 1549 4869 reliquerimus
1578 4804 1630 4858 in
1660 4807 1821 4862 rebus
1850 4818 2001 4865 exte-

418 4879 560 4936 riora
609 4868 769 4947 bona,
800 4872 979 4942 adhuc
1010 4898 1184 4944 tamen
1218 4891 1269 4945 in
1297 4894 1546 4949 cordibus
1577 4898 1714 4951 mala
1748 4898 2003 4955 interiora

419 4970 733 5031 retinemus.
779 4979 841 5031 Et
881 4976 1020 5033 inter
1052 4980 1167 5036 haec
1196 4983 1465 5050 quomodo
1488 4989 1721 5041 exsultat
1752 4972 2003 5043 advel-Sa-

415 5064 528 5121 rius
582 5064 786 5135 hoster,
831 5068 1042 5139 quando
1075 5071 1172 5126 nes
1203 5066 1344 5130 ridet
1374 5069 1441 5128 ad
1473 5075 1575 5131 hoc
1606 5078 1836 5133 maxima
1867 5095 2003 5134 con-

416 5148 740 5229 tenipsiSSe',
788 5171 845 5214 ut
899 5161 975 5215 in‘
1004 5152 1241 5221 minimis
1286 5162 1593 5224 deformius
1624 5158 1999 5226 vinceremur?

417 5238 654 5329 ideoque
684 5240 761 5307 'ea
802 5268 917 5323 qua:
951 5243 1080 5309 foris
1108 5260 1278 5325 posita
1314 5264 1457 5317 intus
1482 5250 1675 5316 anima:
1706 5258 2001 5319 visceribus

420 5340 803 5425 adhmserunt,
832 5343 1083 5399 radicitus
1129 5349 1439 5422 eremmur
1487 5342 1818 5425 [evellamus].
1852 5328 2005 5413 Unde

406 5426 473 5485 et
503 5424 803 5502 Apostolus,
826 5452 928 5490 non
963 5437 1127 5491 dixit:
1156 5452 1378 5531 Aurum
1401 5443 1498 5501 .vei
1539 5424 1814 5512 argentum
1846 5432 1999 5500 radix

419 5528 501 5574 est
528 5525 781 5579 malorum
823 5527 1070 5592 omnium,
1102 5546 1196 5639 sed
1213 5525 1465 5632 "6,3335,
1497 5535 1760 5605 cupiditas
1789 5537 2005 5592 divitia-

423 5626 535 5639 -..ι-ι.
582 5611 765 5639 ητις...
817 5617 884 5639 -.-\
941 5618 991 5639 η.
1018 5633 1082 5639 ..-κ
1398 5637 1433 5639 μ
1485 5628 1515 5639 ,Α
1720 5628 1732 5639 ι
1788 5628 1823 5639 Α
1870 5629 1881 5639 .

374 5698 379 5703 1
422 5626 536 5666 rum
581 5611 630 5685 (1
648 5613 787 5689 Τίσι.
817 5617 907 5685 vr).
936 5618 991 5670 Et
1013 5633 1102 5680 non
1128 5611 1607 5754 8:1;0Vdigiu-s,
1638 5628 1755 5697 sed,
1783 5628 1883 5698 Qui
1910 5640 2004 5688 νο.

977 5726 1058 5754 n._
1177 5717 1195 5754 i
1453 5739 1565 5754 -...

1160 5712 1195 5763 Γ)

2108 4543 2217 4595 mo,
2252 4540 2305 4583 et
2334 4526 2492 4583 eiiam
2524 4545 2646 4583 cum
2678 4532 2912 4601 quodam
2945 4532 3161 4588 fastidio
3184 4533 3464 4601 exhibere,
3507 4528 3690 4613 nonne

2108 4619 2277 4690 magis
2313 4616 2419 4676 sibi
2445 4620 2637 4676 factam
2678 4623 2925 4693 injuriam
2954 4620 3244 4693 iudicaret,
3275 4625 3328 4681 et
3358 4620 3689 4703 exhonorari

2107 4727 2165 4769 se
2196 4713 2371 4783 potius
2399 4730 2559 4785 quam
2599 4715 2781 4770 excoli
2826 4719 3230 4786 pronuntiat-et,
3278 4716 3333 4773 et
3378 4708 3688 4787 huiusmodi

2108 4804 2397 4875 negligenti
2428 4815 2592 4876 atque
2639 4804 2891 4860 indevoto
2938 4806 3195 4861 oll'ensam
3240 4807 3417 4875 potius
3444 4796 3691 4861 crederet

2112 4890 2451 4950 referendam
2496 4898 2617 4950 eSSe
2659 4911 2815 4965 quam
2848 4890 3115 4965 gratiam?
3141 4896 3199 4950 Si
3231 4894 3358 4962 ergo
3387 4894 3563 4950 cultus
3595 4909 3691 4949 no-

2112 4987 2292 5062 minis,
2343 4984 2705 5053 dc'votionem,
2753 4980 2931 5054 iidem,
2966 4998 3124 5056 atque
3155 4985 3476 5059 hilaritatem
3507 4986 3691 5067 requie

2110 5075 2202 5143 rit,
2239 5078 2327 5132 ubi
2360 5074 2627 5134 interdum
2669 5080 2857 5134 melior
2899 5070 2982 5133 est
3011 5078 3098 5155 ille
3127 5079 3218 5149 qui
3251 5067 3382 5134 eoiit
3408 5093 3565 5155 quam
3590 5073 3686 5145 qui

2110 5171 2336 5236 colitur,
2367 5162 2454 5225 ubi
2489 5172 2688 5224 nulldm
2723 5168 2946 5225 fructum
2980 5154 3293 5224 ofﬁciositas
3340 5166 3464 5238 ipsa'
3498 5156 3691 5252 conseg"

2110 5248 2324 5330 quitur.
2356 5261 2451 5317 sed
2489 5254 2590 5316 hoc
2622 5262 2792 5315 solum
2817 5258 2821 5263 ’
2849 5257 3120 5328 profectus
3163 5262 3273 5342 est,
3323 5259 3368 5313 si
3420 5249 3692 5314 mereatur

2109 5366 2389 5423 susceptus
2412 5352 2589 5407 vocari
2619 5369 2633 5405 :
2668 5348 2866 5420 quanto
2906 5351 3075 5420 magis
3119 5350 3223 5406 nos
3266 5351 3319 5404 in
3355 5348 3561 5409 honore
3592 5348 3691 5408 Dei

2108 5445 2275 5499 nostri
2323 5444 2610 5497 observare
2649 5442 2925 5509 debemus,
2959 5458 3025 5495 ne
3065 5441 3130 5495 ad
3163 5441 3416 5511 Obsequia
3449 5439 3569 5512 ejus
3601 5440 3684 5495 in—'

2107 5533 2289 5590 devoti
2314 5544 2471 5601 atque
2502 5532 2789 5602 compulsi,
2823 5547 2925 5587 nec
2975 5533 3153 5587 tristes
3196 5542 3358 5609 atque
3388 5532 3577 5600 ingrati
3608 5531 3689 5615 itté

2107 5628 2306 5699 vilique
2356 5626 2709 5695 inveniamur,
2759 5635 2810 5683 et
2849 5642 2955 5682 non
3008 5624 3275 5697 respecti?
3318 5634 3386 5684 At
3435 5625 3580 5686 Deus
3618 5621 3685 5683 ad

3029 5727 3107 5799 ζῆ

3744 5968 3909 6089 β
