4078 6440
454 294 612 370 {iter

1522 311 1577 366 s.
1608 286 1910 367 Ceste"
1955 308 2161 365 EPISC.
2208 310 2679 372 .tRELtTENSlS

3602 322 3757 379 1063

464 443 687 485 munera
733 441 852 497 qur
884 424 1169 496 negligenti
1202 438 1263 479 ac
1294 423 1381 477 vili
1411 397 1907 478 animo'aiferuntur
1939 438 2043 477 non
2079 426 2123 483 Α
2156 425 2307 494 culpa
2360 428 2637 495 respersit.
2679 426 2833 482 Illum
2884 426 3027 483 diem
3078 429 3275 484 vixisse
3300 437 3350 486 te
3381 441 3631 502 computa
3654 434 3761 504 qui

468 520 706 589 respicit.
749 518 863 572 Non
908 518 1053 571 enim
1086 515 1311 581 homini,
1344 513 1437 570 se‘d
1469 515 1545 569 illi
1580 515 1755 585 potius
1788 514 1919 571 fides
1950 531 2046 569 no-

468 623 575 669 stra
607 611 923 666 servituram
972 623 1031 664 se
1077 623 1197 662 esse
1240 607 1324 662 vel
1368 605 1536 676 ipsa‘iit
1583 607 1911 676 impendisse
1939 605 2054 660 ani-

469 718 610 758 mam
639 744 653 767 ,
698 716 886 773 parum
935 698 1097 756 debet
1141 698 1323 753 videre
1354 693 1558 770 [videri]
1604 686 2053 766 cujirs'oh‘lsequiis

470 809 630 865 atque
660 791 934 850 beneﬁciis
974 792 1133 847 etiam
1162 788 1263 860 ipsi
1292 789 1465 861 angeli
1522 787 1576 842 in
1611 786 1857 855 paradiso
1887 782 2055 841 conli-

467 897 692 943 tentur:
723 884 808 939 cui
856 892 1127 953 postremo
1171 896 1292 935 cum
1340 890 1505 934 totum
1537 878 1823 945 debeatur,
1869 875 1941 931 nil
1972 888 2053 931 ta-

468 998 591 1037 men
627 980 794 1051 gratis
822 976 1068 1032 solvitur.
1096 974 1201 1028 i‘ro
1232 973 1330 1029 hac
1360 987 1488 1043 ergo
1517 969 1711 1025 misera
1746 967 1876 1036 vita,
1907 968 2054 1022 labo-

468 1073 619 1128 ribus
647 1080 704 1127 et
728 1068 1007 1127 doloribus
1053 1066 1232 1139 plena,
1263 1066 1316 1121 in
1343 1080 1445 1137 qua
1479 1080 1607 1120 usus
1635 1062 1811 1119 brevis
1850 1069 1962 1127 est,
2002 1070 2058 1116 et

471 1166 585 1238 ipsa
624 1162 858 1219 brevitas
898 1176 1114 1229 semper
1148 1159 1350 1215 incerta
1372 1201 1385 1221 ,
1415 1155 1787 1211 contendimus
1818 1153 1869 1206 in
1894 1152 2054 1206 obse-

471 1257 610 1328 quiis
638 1252 837 1311 homini
868 1253 1101 1323 placere,
1135 1260 1191 1305 et
1231 1266 1326 1319 pro
1351 1248 1459 1316 illa,
1494 1246 1579 1301 ubi
1607 1247 1716 1316 jam
1752 1243 1880 1300 nihil
1914 1246 2052 1298 lahn-

472 1348 641 1405 raturi
667 1361 876 1411 sumus,
910 1360 1012 1399 non
1044 1342 1415 1399 contendimus
1468 1340 1628 1394 modo
1662 1339 1770 1393 Deo
1800 1339 2051 1391 devotum

472 1439 753 1497 servitium
781 1436 1113 1509 impendere,
1148 1449 1305 1505 quam
1329 1434 1511 1503 utique
1535 1434 1694 1486 vitam
1726 1426 1935 1484 etiamsi
1962 1444 2029 1481 an

472 1531 607 1587 ctori
639 1544 738 1586 suo
768 1528 961 1584 offerre
987 1524 1289 1582 diSsinntlet
1335 1523 1556 1577 devotio
1598 1519 1908 1583 voluntatis,
1941 1533 2062 1571 con-

474 1624 627 1679 tinuo
656 1638 683 1677 a
710 1621 863 1678 nobis
889 1630 971 1677 est
1001 1632 1250 1675 exactura
1295 1618 1379 1672 lex
1424 1621 1644 1681 morus;
1677 1624 1726 1666 et
1768 1614 1909 1681 quod
1954 1627 2057 1665 non

476 1716 633 1775 datur
669 1732 737 1772 ex
783 1724 908 1771 voto
930 1758 943 1781 ,
995 1713 1129 1769 solvi
1157 1729 1220 1766 ur
1271 1726 1338 1765 ex
1388 1709 1591 1764 debito.
1623 1706 1725 1760 Pro
1754 1705 1853 1760 i~ta
1885 1704 2061 1771 itaque

2159 518 2400 584 puritatis
2430 528 2483 573 et
2505 528 2703 575 sancta:
2734 518 3106 576 meditationis
3136 521 3321 577 habuit
3351 521 3552 589 lucem,
3585 538 3759 595 quem

2157 624 2262 664 non
2294 611 2631 667 conversatio
2656 612 2936 668 tenebrosa
2961 614 3187 669 mutavit
3216 615 3268 669 in
3300 623 3536 671 noctem.
3568 616 3757 681 Illum,

2159 702 2395 791 inquam,
2443 699 2584 760 diem
2632 705 2839 776 applica
2868 705 2933 761 ad
2966 707 3127 762 vitam
3163 717 3328 774 tuam,
3353 709 3509 779 cujus
3542 710 3761 766 lucrurti

2150 788 2303 851 venit
2346 796 2413 851 ad
2457 792 2691 854 animam
2740 806 2906 852 tuam.
2961 800 3211 855 Solemus
3260 802 3423 857 etiam
3478 802 3638 858 nobis
3687 800 3764 857 as

2148 884 2518 957 corporalium
2593 888 2894 960 vigiliarum
2959 891 3273 947 assiduitate
3328 892 3603 959 blandiri,
3661 894 3764 963 qui

2160 993 2279 1049 pom
2305 974 2545 1049 vigilias,
2584 977 2659 1035 'ac
2702 978 2854 1036 forte
2883 980 2950 1035 de
2982 982 3112 1051 ipsis
3142 982 3357 1054 vigiliis,
3386 982 3454 1039 ad
3483 984 3765 1048 obtrecta-

2160 1071 2355 1138 tiones,
2407 1071 2473 1125 ad
2505 1066 2895 1134 verbositates,
2929 1073 2995 1126 ad
3036 1075 3490 1129 murmurationes
3530 1076 3761 1145 egredi-

2160 1176 2299 1215 mur.
2333 1161 2465 1216 Nam
2495 1163 2584 1232 qui
2616 1176 2675 1217 se
2701 1162 2774 1217 de
2808 1162 2975 1217 choro
3006 1164 3345 1233 psallentium
3376 1166 3443 1221 ad
3474 1181 3762 1221 comessao

2162 1257 2336 1312 tiones
2368 1258 2677 1312 inhonestas
2708 1258 3118 1328 potationesque
3148 1255 3403 1326 furtivas,
3445 1277 3553 1316 non
3602 1261 3763 1316 dam-

2162 1349 2326 1405 nabili
2372 1351 2838 1419 transgressione,
2871 1350 2965 1404 sed
2993 1350 3340 1405 ahotninabili
3369 1360 3424 1405 ut
3448 1352 3600 1406 litate
3630 1353 3764 1405 sub-

2162 1440 2328 1505 ducit,
2361 1442 2532 1495 multo
2558 1448 2704 1495 esset
2733 1440 2923 1503 levius,
2971 1440 3016 1492 si
3066 1439 3362 1495 sobrietate
3405 1437 3763 1514 [ebriotentia]

2162 1535 2474 1591 dominante
2516 1535 2799 1591 dormiret.
2847 1534 2913 1588 Et
2944 1535 3038 1589 ille
3062 1535 3151 1603 qui
3188 1534 3438 1605 jejunans
3469 1545 3763 1590 oneratam

2164 1638 2218 1683 et
2252 1638 2641 1699 praegravatum
2676 1637 2860 1697 pectus
2890 1628 3181 1682 iracundia:
3225 1627 3306 1682 vel
3354 1626 3749 1697 indignationis

2166 1718 2501 1774 districtione
2548 1716 2881 1783 circumfert,
2923 1718 3046 1789 quia
3079 1719 3205 1773 vino
3232 1733 3291 1774 se
3320 1719 3551 1773 abstinet
3581 1759 3599 1784 ,
3625 1730 3680 1772 ct
3706 1719 3762 1773 in

476 1811 588 1866 vita
624 1808 774 1864 dabit
802 1808 944 1860 illam
977 1804 1136 1858 vitam
1170 1818 1287 1871 qua:
1335 1814 1433 1855 nec
1464 1798 1635 1853 oculis
1685 1807 1855 1865 potest
1885 1794 2051 1859 cerni,

2171 1813 2411 1867 sensibus
2441 1815 2585 1866 virus
2610 1823 2849 1866 amarum
2904 1811 3255 1865 amarissima:
3273 1808 3559 1866 discordia:
3582 1810 3764 1865 ebrie-

475 1915 578 1957 uec
619 1898 778 1954 tacita
820 1896 1013 1951 mentis
1068 1892 1393 1964 cogitatione
1442 1885 1722 1958 perstringi
1754 1882 2054 1957 [psi-tingi]:

476 2006 636 2062 quam
685 1990 865 2059 utique
905 1985 1162 2054 consequi
1214 1992 1298 2038 est
1338 1978 1549 2035 facilius
1586 1993 1745 2047 quam
1769 1986 2056 2031 enarrare:

475 2084 632 2154 cujus
670 2085 775 2137 erit
809 2094 997 2135 cursus
1044 2079 1158 2132 sine
1197 2075 1457 2141 termino,
1504 2082 1634 2129 usus
1677 2072 1794 2125 sine
1824 2067 2059 2134 fastidio,

481 2173 709 2233 refectio
754 2172 873 2227 sine
913 2172 1056 2233 cibo,
1090 2166 1413 2239 adjutorium
1435 2166 1554 2220 sine
1580 2161 1818 2226 defectu,
1848 2160 2063 2230 requies

478 2268 597 2324 sine
639 2279 833 2328 nocte.
885 2264 1128 2318 otiositas
1173 2263 1292 2316 sine
1335 2258 1489 2315 senio
1532 2267 1580 2326 ι,
1620 2255 1935 2311 indeficiens
1962 2252 2062 2307 sub

478 2360 630 2414 vultu
662 2359 756 2413 Dei
782 2356 1024 2420 claritas,
1054 2363 1107 2408 et
1139 2353 1237 2407 sub
1264 2349 1500 2420 antiquis
1525 2347 1905 2417 perpetuisque
1931 2358 2064 2412 gau-

479 2452 586 2507 diis
631 2464 846 2519 semper
876 2462 1010 2501 nova
1042 2442 1379 2515 iucunditas,
1409 2450 1465 2496 et
1491 2439 1609 2495 sine
1640 2439 1751 2493 ullo
1779 2434 2063 2491 amittendi

481 2543 722 2615 periculo
771 2538 1020 2596 felicitas.
1073 2537 1238 2605 llujus
1280 2548 1411 2603 ergo
1448 2534 1574 2587 vit-re
1602 2530 1941 2585 dulcedinem
1974 2544 2062 2582 re-

480 2635 806 2705 linquentes,
820 2632 928 2699 jam
946 2644 1088 2685 nunc
1103 2628 1169 2682 de
1186 2626 1376 2681 futuris
1389 2623 1598 2679 saeculis
1611 2621 1700 2694 [de
1712 2620 1906 2675 futuris
1922 2620 2067 2673 illius

483 2722 692 2796 seculi]
713 2723 952 2794 quotidie
966 2719 1272 2791 cogitando,
1289 2716 1447 2771 etiam
1474 2717 1524 2770 in
1554 2714 1653 2768 hoc
1674 2726 1902 2782 corpore
1928 2723 2065 2780 prte-

481 2828 698 2890 gustare
720 2818 1002 2877 conemur,
1035 2820 1089 2866 et
1118 2810 1337 2864 exclusa
1364 2807 1433 2862 de
1452 2805 1701 2862 sensibus
1728 2803 1929 2857 nostris
1957 2815 2062 2855 sac-

482 2907 745 2964 eularium
785 2904 1177 2961 desideriorum
1208 2897 1590 2965 amaritudine,
1621 2895 1907 2967 quemdam
1939 2894 2064 2948 bea-

480 2997 727 3056 titudinis
791 2995 939 3052 illius
987 2992 1203 3049 dulcem
1258 3003 1507 3063 saporem
1562 2988 1762 3044 nostris
1809 2984 2067 3041 cordibus

479 3093 843 3158 attrahamus;
872 3099 927 3145 et
955 3089 1203 3145 discusso
1247 3085 1397 3140 omni
1443 3092 1661 3153 torpore
1701 3080 1956 3148 omnique
1985 3076 2065 3148 pi-

2165 1896 2601 1969 tate'turbatui';
2654 1903 2765 1974 (iui,
2814 1902 3058 1972 inquam,
3108 1894 3365 1957 exteriori
3392 1912 3448 1956 et
3475 1898 3759 1955 salutifera

2165 1998 2478 2067 poculorum
2530 1996 2790 2065 parcitate
2838 2009 2897 2049 se
2940 2002 3219 2057 macerat,
3263 2000 3318 2047 et
3349 1992 3613 2048 interiora
3644 1991 3764 2060 ejus

2165 2086 2500 2144 mortiferum
2551 2090 2699 2141 virus
2748 2084 2999 2141 odiorum
3048 2093 3319 2149 eructant,
3368 2098 3549 2139 nonne
3596 2084 3656 2138 in
3706 2077 3766 2137 se

2167 2180 2509 2250 propb'eticas
2541 2193 2702 2233 voces
2729 2176 2910 2246 dirigi,
2938 2175 3048 2245 jam
3080 2176 3242 2230 etiam
3274 2176 3327 2229 in
3361 2175 3625 2244 persenti
3650 2176 3761 2228 vita

2168 2277 2586 2348 prwdautttatus,
2613 2274 2901 2342 intelligit:
2932 2272 3053 2327 Non
3081 2271 3183 2325 tale
3202 2272 3461 2344 jejunium
3492 2269 3653 2338 elegi,
3682 2268 3763 2319 di-

2168 2374 2235 2426 cit
2265 2370 2516 2426 Dominus
2552 2351 2712 2439 (luti?
2750 2362 2919 2437 Lvnt).
2957 2365 3053 2423 Vel
3102 2364 3272 2420 illud:
3305 2363 3386 2418 Ea:
3434 2363 3581 2416 vinea
3629 2362 3768 2414 enim

2168 2463 2513 2520 Sodomorum
2540 2463 2712 2517 vinum
2734 2470 2928 2526 eorum,
2955 2467 3001 2513 et
3021 2459 3142 2513 vites
3164 2473 3339 2513 eorum
3362 2454 3765 2517 exGomorrlta;

2168 2573 2266 2610 uva
2316 2564 2493 2610 eorum
2541 2564 2641 2608 uua
2671 2555 2841 2624 fellis,
2872 2563 2918 2606 et
2946 2552 3118 2605 botr’us
3155 2549 3515 2611 amaritudinis
3552 2548 3605 2602 in
3640 2547 3770 2617 ipsis

2169 2647 2351 2722 (Deut.
2408 2643 2604 2717 xxxtt).
2665 2646 2741 2699 Ita
2788 2653 2967 2699 autem
3019 2642 3287 2698 interdum
3339 2639 3584 2695 diabolus
3638 2648 3765 2693 cum

2171 2738 2406 2794 advertit
2425 2738 2658 2792 animam
2688 2735 2791 2791 fide
2820 2744 3043 2790 vacuam
3066 2746 3119 2789 et
3147 2735 3239 2790 Dei
3263 2733 3455 2789 timore
3480 2732 3767 2794 nudatam,

2175 2830 2249 2886 ita
2279 2831 2511 2887 diversis
2538 2828 2876 2901 passionibus
2910 2826 3141 2884 inebriat
3171 2831 3431 2893 mentem,
3464 2834 3521 2879 ttt
3548 2824 3770 2893 quando

2170 2924 2564 2986 maledicimus,
2583 2932 2673 2976 aut
2699 2921 3001 2986 irascimur,
3025 2930 3116 2974 aut
3132 2918 3521 2980 obtrectamus,
3544 2914 3771 2983 quando

2173 3016 2288 3072 haec
2302 3015 2532 3087 agimus,
2546 3013 2665 3068 aliis
2690 3026 2788 3067 nos
2808 3018 3004 3067 nocere
3037 3023 3143 3065 non
3167 3006 3322 3064 nobis
3335 3007 3641 3063 credamus.
3660 2992 3771 3060 Sed

2174 3126 2281 3166 non
2327 3111 2397 3163 ita
2452 3105 2556 3163 esi.
2606 3105 2737 3160 N'a‘m
2802 3102 3229 3171 uniuscujusque
3280 3097 3397 3154 vitii
3446 3097 3647 3152 malum
3696 3095 3755 3149 in

483 3183 668 3256 vim“
693 3182 848 3253 cuius
878 3188 1051 3236 mater
1074 3175 1493 3241 eujnndelms’
1523 3174 1611 3229 ma
1636 3173 1747 3245 iam
1774 3170 2062 3235 hilaritate”
2090 3178 2138 3252 (ἶ
2169 3218 2322 3257 suum
2364 3198 2597 3256 recurrit
2637 3200 2933 3261 auctorem,
2956 3170 3098 3247 sicut
3139 3170 3267 3246 dicit
3297 3188 3476 3244 sei-mo
3517 3185 3728 3241 divinus
3754 3199 3769 3237 :

480 3275 572 3331 illa
602 3274 879 3330 alacritate
909 3273 1139 3328 Domino
1167 3284 1235 3326 ac
1266 3269 1378 3324 Deo
1406 3276 1617 3335 nostro,
1647 3266 1849 3337 illoque
1871 3263 2068 3335 gaudio

483 3366 803 3431 serviamus,
847 3378 955 3434 quo
993 3361 1190 3432 gaudio
1209 3362 1273 3413 ad
1306 3373 1533 3415 munera
1555 3368 1650 3414 sua
1673 3356 1938 3411 invitante
1975 3369 2069 3409 ve-

486 3459 721 3522 niamus,
753 3465 1045 3527 praestante
1073 3453 1300 3510 Domino
1324 3462 1513 3509 nostro
1545 3451 1674 3506 Jesu
1702 3448 1938 3513 Cbrtsto,
1971 3445 2065 3516 qui

485 3562 608 3604 cum
635 3547 795 3602 Patre
815 3556 869 3601 et
890 3545 1091 3615 Spiritu
1125 3555 1312 3598 sancto
1338 3541 1475 3596 vivit
1499 3548 1553 3597 et
1578 3546 1765 3611 regnat
1787 3539 1842 3593 in
1868 3536 2067 3592 saecula

486 3640 807 3700 saeculorum
828 3637 882 3694 ι’.
911 3639 1104 3693 Amen.

1084 3748 1358 3805 IIOMiLlA
1399 3746 1466 3802 Χ.

558 3869 750 3924 Videte
778 3866 1117 3922 vocationem
1169 3870 1426 3928 vestram,
1475 3856 1668 3914 fratres
1714 3856 2067 3924 charissimi;

489 3959 692 4017 Venire
728 3958 940 4030 quidem
970 3956 1038 4011 ad
1069 3971 1333 4021 eremum,
1381 3967 1586 4008 summa
1641 3948 1900 4021 perfectio
1947 3959 2068 4014 est;

488 4066 598 4108 non
630 4050 869 4122 perfecte
896 4047 950 4103 itt
977 4062 1163 4103 eremo
1192 4045 1393 4112 vivere,
1426 4058 1635 4100 summa
1663 4040 1937 4097 damnatio
1966 4050 2069 4095 est.

488 4145 626 4214 Quid
656 4142 879 4215 prodest
906 4141 951 4197 si
975 4141 1027 4196 in
1052 4142 1171 4195 loco
1200 4140 1353 4208 quies
1382 4144 1651 4203 teneatur,
1677 4144 1730 4190 et
1757 4131 2075 4203 inquietudo

488 4241 544 4295 in
574 4239 738 4295 corde
767 4235 1047 4293 versetur?
1068 4232 1122 4290 Si
1151 4233 1206 4287 in
1238 4229 1565 4286 habitatione
1594 4228 1866 4283 silentium
1899 4227 1988 4288 sit,
2022 4233 2077 4279 et

487 4330 544 4386 in
590 4328 979 4385 habitatoribus
1017 4324 1266 4378 vitiorum
1297 4322 1366 4375 sit
1388 4320 1648 4375 tumultus
1676 4362 1689 4385 ,
1729 4325 1786 4371 et
1814 4315 2070 4370 collucta-

466 4450 476 4456 υ
491 4423 566 4479 tio
589 4422 900 4491 passionum
923 4463 938 4489 ,
985 4418 1031 4471 si
1061 4415 1330 4472 exteriora
1360 4420 1543 4467 nostra
1578 4408 1841 4465 serenitas
1875 4413 2073 4472 teneat,

493 4525 549 4571 et
576 4514 834 4569 interiora
866 4514 1050 4566 nostra
1081 4506 1404 4577 tempestas?
1452 4504 1701 4560 Solemus
1751 4511 1923 4556 annos
1972 4513 2073 4552 no-

491 4616 636 4662 stros
663 4614 719 4660 et
760 4602 929 4673 spatia
975 4611 1275 4669 temporum
1301 4597 1496 4666 quibus
1519 4609 1660 4650 nunc
1691 4592 1921 4654 vivimus
1945 4605 2080 4657 sup:

495 4706 727 4769 putare:
767 4710 871 4748 non
902 4701 955 4746 te
984 4690 1159 4753 fallat.
1206 4689 1507 4757 quicunque
1554 4686 1647 4739 ille
1688 4699 1769 4748 es,
1822 4696 2079 4737 numerus

494 4789 701 4845 dierum
749 4801 883 4858 quos
926 4784 1010 4839 hic
1051 4782 1239 4838 relicto
1292 4776 1639 4848 corporaliter
1691 4773 1890 4829 saeculo
1944 4779 2077 4826 con-

492 4879 789 4950 sumpsisti.
823 4877 976 4933 lllum
1007 4884 1210 4930 tantum
1243 4871 1385 4927 diem
1416 4869 1617 4923 vixisse
1658 4877 1710 4921 te
1746 4873 1995 4933 computa
2025 4862 2079 4917 in

491 4987 601 5043 quo
639 4971 944 5026 voluntates
992 4963 1237 5038 preprias
1268 4959 1579 5029 abnegasti.
1626 4973 1784 5027 quem
1826 4956 1943 5010 sine
1974 4952 2080 5006 ulla

491 5063 693 5139 regulas
746 5056 1176 5129 transgressione
1222 5051 1440 5106 duxisti.
1498 5049 1650 5103 illum
1710 5055 1913 5100 tantum
1938 5043 2077 5097 diem

490 5138 691 5212 vixisse
720 5164 774 5209 te
800 5160 1048 5221 computa
1080 5148 1134 5202 in
1165 5161 1273 5217 quo
1319 5144 1621 5199 voluntates
1649 5140 1891 5211 proprias
1918 5137 2081 5191 abne-

490 5248 650 5321 gasti,
676 5248 730 5303 in
753 5261 859 5316 quo
895 5241 1173 5305 desideriis
1219 5234 1488 5299 restitisti,
1525 5248 1684 5304 quem
1715 5232 1833 5285 sine
1862 5228 1967 5283 ulla
1998 5243 2083 5280 re-

490 5320 633 5412 gula:
678 5332 1100 5408 transgressione
1154 5330 1371 5386 duxisti.
1415 5327 1569 5381 Illum
1617 5324 1757 5377 diem
1790 5320 1992 5375 vixisse
2026 5327 2080 5374 te

492 5439 743 5499 computa
774 5442 933 5492 quem
964 5434 1068 5490 non
1099 5425 1323 5487 malitia,
1353 5435 1459 5478 non
1498 5416 1722 5483 invidia,
1757 5429 1865 5469 non
1893 5426 2082 5483 super-

492 5525 577 5580 lria
604 5519 1014 5586 contaminavit.
1050 5534 1207 5589 quem
1245 5533 1351 5574 non
1395 5511 1678 5577 mendacii,
1722 5526 1825 5566 non
1866 5505 2086 5578 perjurii

568 5666 593 5697 ι
619 5656 753 5712 Sine
776 5654 885 5712 chi
904 5653 1191 5723 adiutorio,
1215 5651 1431 5724 requies
1451 5649 1575 5705 sine
1598 5644 1771 5702 noctis
1795 5643 1930 5710 otio,
1957 5654 2087 5698 retas

493 5743 608 5784 Sine
633 5742 807 5782 sunto.

567 5805 593 5839 ο
626 5800 731 5858 Sua
774 5797 889 5868 ipso
934 5794 1223 5864 adiuvante
1269 5792 1572 5856 veniamus,
1600 5786 1687 5857 qui
1722 5800 1845 5840 cunt
1880 5791 2086 5839 ueterno

2106 4556 2159 4618 D

2172 3295 2302 3360 Fili,
2330 3294 2374 3348 si
2399 3293 2565 3346 malus
2589 3290 2767 3361 fueris,
2786 3287 2927 3341 solus
2950 3286 3158 3339 Ilituries
3184 3283 3321 3335 utula
3349 3290 3460 3335 tua.
3479 3277 3645 3334 Suam
3674 3277 3774 3331 liu-

2170 3400 2331 3457 guam
2362 3382 2682 3452 maliloquns
2704 3377 2955 3443 maculat,
2973 3390 3129 3431 suum
3154 3388 3247 3428 cur
3272 3371 3602 3425 obtrectator
3623 3364 3774 3421 eiul-

2169 3484 2335 3543 cerat,
2370 3491 2480 3530 sua:
2500 3473 2696 3529 mentis
2722 3466 3205 3524 lumeniracundus
3226 3464 3484 3526 obcaecat,
3514 3475 3666 3514 suam
3695 3458 3774 3512 in-

2170 3572 2326 3627 vidus
2376 3568 2608 3622 animant
2639 3564 2785 3619 Velut
2817 3564 2955 3617 tinea
2996 3558 3313 3625 corrumpit.
3348 3556 3414 3609 Et
3442 3555 3582 3610 sicut
3624 3553 3775 3608 exul-

2171 3660 2367 3716 ceratis
2401 3657 2713 3729 parentibus
2754 3660 3047 3709 nascuntur
3075 3651 3295 3718 viperae,
3336 3646 3494 3710 sicut.
3537 3645 3776 3713 inquam.

2174 3754 2319 3810 nasci
2348 3752 2550 3823 viperei
2581 3747 2721 3805 fetus
2749 3746 2977 3817 diruptis
3002 3743 3188 3799 matris
3201 3740 3299 3814 [ah
3327 3735 3577 3809 matrum]
3606 3736 3776 3790 visce-

2172 3847 2324 3904 ribus
2344 3852 2680 3907 asseruntur,
2706 3842 2779 3895 ita
2805 3840 3036 3892 humana
3064 3832 3358 3904 praecordia
3380 3829 3509 3899 ipsis
3531 3827 3781 3898 primitus

2173 3954 2309 4010 quas
2352 3934 2700 4005 conceperint
2747 3927 3098 4002 passionibus
3126 3925 3509 3981 dilacerantur.
3551 3919 3641 3975 illa
3672 3919 3780 3989 (in-

2174 4028 2360 4102 quam)
2390 4025 2705 4099 praecordia,
2734 4024 2801 4079 de
2828 4021 3021 4093 quibus
3048 4018 3303 4073 vitiorum
3345 4010 3620 4084 generatio
3652 4014 3777 4062 ser-‘-

2176 4124 2393 4195 pentina
2433 4121 2722 4190 profertur,
2754 4118 2868 4187 ipsa
2921 4114 3167 4185 primitus
3214 4109 3557 4165 menstruusa
3596 4107 3783 4173 partus

2178 4215 2503 4271 fecunditate
2558 4212 2846 4266 violantur.
2906 4205 2984 4262 De
3048 4204 3141 4260 tali
3196 4204 3351 4274 pa‘rtu
3412 4196 3544 4252 dicit
3599 4198 3785 4248 sermo

2178 4307 2437 4363 divinus:
2485 4302 2618 4357 Ecce
2662 4298 2900 4369 parturiit
2948 4296 3291 4368 injustitiam,
3357 4288 3585 4359 concepit
3631 4280 3783 4337 dolo-~

2178 4416 2305 4465 rem,
2335 4410 2381 4452 et
2418 4395 2611 4466 peperit
2654 4392 2993 4462 iniquitatem.
3023 4386 3356 4442 Convertetttr
3391 4382 3540 4436 dolor
3574 4385 3686 4448 ejus
3723 4378 3787 4428 iis

2183 4498 2335 4558 caput
2366 4492 2500 4561 ejus,
2525 4494 2572 4541 et
2596 4486 2648 4540 in
2668 4484 2904 4538 verticem
2927 4480 3089 4553 ipsius
3110 4478 3349 4548 iniquitas
3376 4476 3488 4546 ejus
3514 4469 3788 4526 descendet

2186 4580 2357 4651 (Psal.
2389 4560 2514 4647 vn).
2542 4577 2635 4632 His
2664 4576 2846 4649 itaque
2875 4588 2903 4626 a
2934 4581 3118 4627 nostra
3146 4577 3205 4623 ut
3231 4575 3356 4636 pote
3388 4566 3529 4620 circa
3553 4575 3648 4615 vos
3677 4560 3783 4613 fer-

2184 4672 2329 4727 venti
2353 4670 2634 4733 charitate,
2665 4682 2783 4737 qua:
2808 4681 2907 4736 pro
2931 4664 3232 4734 aliquorum
3262 4655 3601 4730 negligentiis
3622 4653 3783 4721 longe

2187 4764 2527 4820 eruciabato'r
2547 4761 2757 4825 dolore,
2776 4756 3091 4829 praemissis,
3116 4764 3171 4811 et
3189 4769 3253 4808 ex
3281 4752 3461 4822 aliquo
3478 4744 3784 4803 exonerazis

2184 4856 2417 4925 pectoris
2432 4852 2670 4917 testibus,
2684 4848 3050 4922 praecipimus,
3063 4845 3434 4907 admouemus,
3450 4850 3612 4910 atque
3622 4836 3787 4891 etiam

2189 4960 2286 5003 vos
2317 4962 2415 5018 pro
2442 4945 2594 5001 vobis
2617 4946 2684 5015 (si
2716 4954 2893 4998 tamen
2924 4940 3171 4995 affectum
3214 4931 3573 5005 pracipi‘entis
3601 4925 3788 4984 audire

2187 5058 2294 5097 non
2325 5037 2709 5109 dedignemini)
2733 5031 3103 5097 obsecramus,
3133 5037 3191 5083 ut
3220 5030 3288 5082 de
3315 5026 3523 5093 reliquo
3550 5018 3788 5089 corrige-‘-

2190 5138 2257 5192 tis
2289 5149 2489 5199 mores,
2515 5131 2863 5204 negligentias
2892 5126 3213 5191 emendetis,
3240 5130 3307 5178 ne
3331 5119 3399 5175 ad
3424 5122 3520 5174 vos
3548 5118 3789 5203 postulo;

2188 5224 2315 5286 dum
2348 5246 2451 5284 non
2480 5245 2599 5283 cum
2624 5227 2818 5297 linguae
2844 5240 2907 5279 ac
2935 5219 3199 5278 sermonis
3228 5216 3399 5284 virga,
3425 5210 3518 5268 sed
3549 5200 3674 5265 cum
3702 5204 3789 5257 bis

2194 5322 2509 5377 verl.eribtis
2536 5326 2656 5390 qua
2684 5316 2948 5374 obdurata
2974 5315 3270 5385 deposcunt
3292 5307 3455 5383 corda
3484 5302 3785 5359 veniamus.

2196 5410 2499 5475 Elaborate,
2526 5411 2717 5466 fratres
2755 5405 3084 5472 charissimi,
3116 5411 3174 5460 ttt
3216 5401 3468 5469 deinceps
3507 5396 3645 5449 inter
3688 5399 3789 5444 vos

2193 5507 2533 5561 contentione
2566 5501 2819 5558 laudabili
2857 5514 2921 5555 ac
2964 5496 3172 5554 meliori
3204 5492 3416 5549 tandem
3444 5482 3791 5544 aemulatione

2154 5698 2156 5701 .
2196 5645 2352 5701 Patre
2374 5652 2427 5696 et
2455 5641 2655 5711 Spiritu
2697 5637 2825 5694 vivit
2868 5645 2923 5692 et
2968 5639 3156 5703 regnat
3195 5627 3352 5686 Iesus
3394 5621 3644 5679 Christus
3694 5627 3791 5684 per

2194 5732 2302 5790 om.
2338 5729 2384 5767 s.
2416 5727 2461 5766 s.
2530 5760 2585 5794 Α,
