4078 6440
459 237 600 336 ioos

1859 235 2138 335 notum
2182 247 2274 333 in.

3566 249 3708 340 to7d

454 395 696 453 certetis.
732 370 1107 465 Unusquisque
1133 369 1368 448 vestrum
1402 366 1460 446 in
1493 379 1651 460 Opere
1689 389 1783 445 Del
1821 390 2031 445 studeat
2056 383 2106 452 Α
2138 366 2457 469 netis'._Nam
2502 369 2769 461 quomodo
2811 367 2979 459 navis,
3026 364 3372 462 posteaquam
3409 392 3580 465 pelagi
3610 395 3710 452 fitt-

456 502 580 544 οδε·
606 488 918 554 promptior,
951 481 1272 540 inoratiune
1317 482 1665 552 frequentior,
1707 480 1759 534 in
1806 470 2031 536 lectione

451 576 750 641 sollicitior,
781 577 832 629 in
881 577 1124 628 castitate
1171 575 1240 628 sit
1287 574 1490 641 purior,
1531 573 1583 627 in
1629 572 1918 650 sobrietate
1961 569 2032 650 sit

454 668 684 738 parcior,
707 666 758 719 in
784 654 1129 735 lacrymarum
1153 663 1392 733 largitate
1419 662 1704 732 profusior,
1731 663 1781 715 in
1806 675 2032 731 corpore

451 755 747 816 honestior,
778 755 830 808 in
861 755 1021 809 corde
1049 756 1330 819 sincerior,
1354 754 1407 807 in
1454 754 1528 806 ira
1575 753 1770 819 mitior,
1803 748 1854 808 iu
1884 770 2032 828 man-

449 849 738 906 suetudine
768 850 1112 912 moderatior,
1142 849 1193 901 in
1227 832 1333 901 risu
1376 848 1562 913 rarior,
1593 848 1643 900 in
1669 847 2031 914 compunctio-

451 956 519 995 ne
547 940 856 1004 ferventior,
886 942 937 993 in
969 939 1228 1009 gravitate
1257 937 1538 1002 fundatior,
1577 938 1628 991 in
1656 937 1912 992 cliaritate
1939 938 2026 1004 ju-

443 1022 694 1088 cundior.
731 1033 794 1086 Et
825 1033 943 1086 ideo
990 1032 1346 1100 nosmetipsos
1395 1033 1736 1098 castigemus,
1789 1026 2026 1098 quotidie

455 1122 562 1193 ipsi
592 1125 864 1178 nobiscum
896 1123 1154 1177 rationem
1199 1122 1266 1176 de
1293 1113 1596 1191 quotidiana
1625 1115 2028 1176 c0nversatione

449 1206 724 1268 faciamus.
759 1215 1060 1284 alloquatur
1082 1229 1140 1267 se
1169 1211 1218 1267 in
1248 1224 1458 1268 secreto
1485 1211 1662 1268 cordis
1702 1228 2028 1283 unaquaeque

411 1330 415 1332 -
447 1302 647 1367 anima,
671 1313 722 1358 et
747 1301 890 1358 dicat
922 1321 935 1357 :
972 1303 1183 1358 \‘ideam
1234 1304 1276 1357 si
1311 1304 1447 1357 lianc
1473 1302 1614 1356 diem
1642 1304 1756 1358 sine
1788 1316 2025 1371 peccato,

445 1382 564 1448 sine
612 1378 845 1459 invidia,
898 1397 1013 1451 sine
1056 1395 1447 1450 obtrectatione
1494 1388 1556 1449 ac
1604 1387 2026 1451 murmuratione

444 1485 702 1554 transegi.
734 1480 952 1540 Videam
983 1487 1027 1540 si
1060 1485 1216 1539 hodie
1246 1484 1446 1554 aliquid
1468 1485 1609 1553 quod
1635 1485 1702 1538 ad
1733 1487 2027 1553 profectum

445 1592 656 1639 meum,
690 1578 829 1648 quod
853 1578 918 1630 ad
942 1578 1347 1632 aedificationem
1370 1579 1598 1630 aliorum
1629 1578 1879 1645 pertinet,
1903 1593 2028 1647 ope-

445 1676 596 1719 ratus
619 1681 756 1721 sum.
781 1666 912 1721 Puto
926 1667 1063 1736 quod
1087 1663 1242 1721 hodie
1265 1668 1412 1722 illum
1435 1668 1744 1737 insipienter
1765 1668 2022 1735 destruxi,

2133 490 2249 559 ctus
2272 485 2524 548 evaserit,
2560 483 2605 537 si
2648 483 2698 538 in
2753 491 2907 554 portu
2947 483 3209 539 destinata
3259 482 3573 558 [seminata]
3600 503 3707 542 non

2132 574 2314 647 fuerit,
2340 575 2405 629 de
2436 577 2804 632 minutissimis
2834 578 2997 648 guttis
3039 569 3371 655 impleturet
3398 579 3658 648 mergitur
3690 598 3704 633 :

2132 667 2208 720 sic
2231 675 2284 722 et
2313 668 2626 730 monachus,
2660 666 2883 721 devictis
2913 657 2966 720 et
3004 661 3268 738 superatis
3296 668 3476 722 saeculi
3506 679 3709 736 tempe-

2132 746 2356 814 Statibus
2383 745 2437 812 et
2463 758 2644 812 mundi
2668 745 2821 826 hujus
2852 757 3184 821 criminibus.
3210 762 3360 828 quasi
3395 763 3708 830 periculosis

2132 847 2402 912 ﬂuctibus,
2425 863 2544 902 cum
2574 849 2639 902 ad
2671 857 2876 916 portum
2919 850 3224 904 monasterii
3255 853 3479 917 venerit,
3509 853 3552 905 si
3575 854 3705 908 sub-

2133 926 2409 1006 repentiiia
2471 935 2852 1010 [subrepentia]
2913 947 2970 1013 et
3033 941 3234 993 minuta
3293 952 3347 994 et
3395 942 3705 1010 quotidiana

2132 1039 2346 1104 peccata
2377 1030 2444 1083 de
2472 1018 2667 1085 animae
2707 1044 2817 1084 sua:
2848 1031 3054 1082 sentina
3077 1031 3362 1086 exhaurire
3390 1035 3702 1101 neglexerit,

2130 1118 2180 1171 in
2224 1119 2339 1187 ipso
2366 1128 2519 1190 portu
2553 1118 2811 1190 naufragii
2837 1120 3127 1174 discrimen
3160 1115 3398 1175 incurrit.
3435 1124 3538 1177 Sed
3571 1125 3707 1179 dicit

2130 1199 2345 1278 aliquis,
2396 1202 2675 1282 Quomodo
2718 1220 2894 1282 potest
2939 1211 3117 1266 anima
3161 1201 3456 1266 seminari?
3515 1215 3706 1281 Utique

2129 1302 2363 1364 orando,
2409 1291 2721 1370 jejunando,
2778 1301 3063 1370 vigilando,
3112 1291 3293 1356 veram
3349 1301 3698 1368 cliaritatetn,

2130 1373 2307 1442 veram
2358 1375 2708 1445 humilitatem
2770 1376 2825 1446 et
2888 1386 3068 1445 veram
3132 1377 3488 1447 obedientiam
3551 1395 3702 1447 exhi-

2129 1468 2324 1535 bendo.
2382 1477 2676 1548 Attendite,
2711 1483 2918 1546 fratres,
2948 1477 3274 1559 quaesovos,
3308 1473 3575 1554 quomodo
3608 1480 3704 1539 na?

2131 1574 2209 1626 vis
2237 1575 2536 1628 sentinatur
2571 1589 2598 1628 a
2632 1565 2814 1639 situla,
2860 1575 2938 1628 sic
2979 1575 3154 1627 anima
3187 1576 3254 1629 ab
3276 1561 3522 1631 omnibus
3547 1571 3705 1633 malis

2129 1663 2371 1741 oratione
2424 1667 2701 1745 dominica.
2727 1655 3003 1730 liberatur,
3038 1668 3083 1722 si
3111 1668 3272 1733 dicat,
3317 1663 3370 1723 et
3409 1658 3592 1725 verum
3623 1671 3705 1727 di-

445 1755 607 1811 hodie
634 1757 828 1813 seniori
860 1773 980 1812 meo
1001 1748 1314 1813 inobediens
1338 1759 1434 1827 fui,
1458 1759 1710 1813 mentitus
1736 1773 1874 1825 sum,
1907 1757 2026 1829 per-
2059 1760 2102 1820 Β
2129 1768 2213 1809 cat
2235 1753 2254 1808 ἐ
2280 1756 2490 1811 Dimitte
2511 1751 2654 1811 nobis
2676 1748 2842 1810 debita
2861 1754 3033 1811 nostra
3061 1747 3190 1813 sicut
3217 1769 3263 1812 et
3283 1776 3371 1813 nos
3399 1759 3702 1815 dimittimus

441 1847 638 1916 iuravi;
668 1849 744 1902 ira
778 1849 859 1903 vel
889 1849 1011 1919 gula
1039 1847 1207 1903 victus
1247 1863 1383 1904 sum.
1418 1847 1542 1902 Plus
1571 1849 1726 1902 hodie
1757 1847 1870 1916 risi,
1904 1850 2020 1918 plus

442 1931 564 1992 cibo
588 1953 650 1993 ac
672 1946 819 2007 potu,
834 1939 948 2006 plus
961 1931 1070 1993 otio
1091 1954 1151 1992 ac
1168 1953 1357 1994 somno
1378 1953 1534 2006 quam
1559 1937 1783 1993 decebat
1803 1938 2020 1993 indulsi.

442 2029 621 2084 Minus
651 2029 772 2098 legi,
805 2031 981 2083 minus
1024 2031 1170 2084 oravi
1202 2045 1359 2095 quam
1386 2029 1564 2084 debui.
1598 2030 1724 2096 Quis
1750 2030 1876 2084 mihi
1907 2031 2024 2084 red-

439 2120 538 2174 dat
567 2121 705 2175 hunc
730 2120 894 2185 diem,
921 2127 1078 2190 quem
1101 2121 1154 2174 in
1179 2115 1326 2175 vanis
1348 2120 1537 2174 fabulis
1566 2109 1803 2189 perdidi?
1826 2122 1900 2174 Ac
1923 2122 2020 2184 sic,

439 2217 665 2280 fratres,
696 2211 762 2268 de
791 2213 1039 2267 omnibus
1079 2204 1413 2282 negligentiis
1457 2212 1652 2265 nostris
1702 2215 2025 2280 compunga-

437 2318 566 2358 mur
596 2305 649 2358 in
681 2300 982 2366 cubilibus;
1020 2301 1071 2355 id
1100 2311 1182 2356 est
1224 2301 1278 2355 in
1316 2299 1566 2356 cordibus
1596 2301 1810 2354 nostris.
1843 2301 1901 2356 Si
1952 2303 2024 2355 ita

435 2393 683 2462 egeritis,
706 2405 802 2446 nos
824 2390 1036 2461 quidem
1058 2391 1126 2445 de
1148 2388 1385 2458 profectu
1409 2386 1585 2445 vestro
1613 2379 2017 2454 ltetificabimur,

427 2485 543 2537 sed
567 2497 660 2536 vos
689 2483 756 2536 de
779 2464 1036 2551 acquisita
1063 2483 1229 2536 salute
1255 2482 1569 2551 gaudebitis.
1596 2481 1702 2536 Nos
1731 2483 1880 2536 vobis
1925 2496 2022 2552 pro

439 2574 636 2628 salutis
649 2583 836 2626 vestrae
859 2572 1208 2641 acquisitione
1231 2569 1489 2628 subdetis.
1510 2572 1670 2627 Docet
1687 2584 1859 2627 autem
1878 2571 2021 2628 illius

441 2666 535 2732 qui
568 2675 756 2732 potens
793 2673 870 2717 est
903 2656 1069 2732 pietas
1100 2675 1155 2717 ut
1185 2657 1252 2717 ita
1275 2665 1344 2718 de
1375 2678 1621 2718 sermone
1675 2674 1856 2720 nostro
1899 2682 2022 2736 pro-

443 2752 659 2817 ficiatis,
685 2763 740 2806 ut
768 2766 863 2806 nos
892 2749 1126 2807 vicissim
1153 2746 1340 2808 vestris
1373 2755 1574 2808 meritis
1604 2755 1884 2824 adjuvetis,
1916 2772 2017 2811 no-

443 2845 634 2915 hisque
660 2841 776 2900 sitis
796 2855 850 2901 et
881 2847 930 2899 in
961 2849 1214 2915 prmsenti
1245 2847 1440 2901 saeculo
1466 2859 1858 2916 ornamentum,
1884 2860 1936 2904 et
1965 2851 2018 2906 in

446 2939 626 2990 futuro
671 2936 999 3006 praisidium.
1051 2937 1350 3006 Adjuvante
1396 2939 1621 2993 Domino
1668 2951 1851 2993 nostro
1891 2939 2018 2996 Jesu

445 3027 682 3092 Christo,
711 3026 801 3093 qui
838 3041 956 3080 cum
992 3027 1144 3082 Patre
1168 3037 1219 3082 et
1260 3029 1455 3097 Spiritu
1485 3038 1671 3084 sancto
1693 3030 1822 3084 vivit
1849 3032 1902 3086 et
1931 3047 2015 3087 re-
2051 3101 2058 3105 _

2044 3122 2090 3184 (ζ
2122 3117 2441 3186 praebeatur.
2473 3118 2528 3171 ln
2569 3133 2660 3171 sua
2689 3133 2816 3189 ergo
2847 3133 2905 3172 se
2933 3113 3295 3190 unusquisque
3310 3124 3555 3178 ostendat
3580 3140 3701 3182 esse

445 3127 575 3185 gnat
602 3117 741 3172 Deus
772 3133 865 3186 per
891 3112 1094 3171 infinita
1117 3119 1309 3172 sazcula
1339 3120 1680 3174 saeculorum.
1715 3121 1907 3176 Arnen.

1029 3210 1309 3265 IIOMILIA
1347 3209 1438 3265 XI.

520 3298 673 3365 Quod
724 3290 1053 3370 supplicante
1090 3290 1144 3355 et
1172 3301 1560 3369 quodaminodo
1600 3317 1719 3357 cum
1761 3303 2022 3362 charitate

445 3389 664 3458 iubente
698 3401 882 3445 sancto
911 3399 1060 3460 patre
1097 3404 1274 3445 vestro
1314 3390 1540 3464 [nostro]
1580 3392 1898 3449 fraternitati
1934 3413 2023 3451 ve-

437 3490 572 3534 stra:
601 3483 1027 3551 qualemcunque
1057 3478 1361 3538 sermonem
1402 3484 1634 3554 profero,
1691 3498 1796 3538 non
1827 3500 1890 3540 ex
1919 3487 2020 3541 ali-

444 3592 546 3644 qua
578 3575 986 3647 praesumptione
1027 3572 1127 3634 hoc
1157 3580 1323 3645 facio,
1357 3582 1447 3635 sed
1470 3582 1533 3636 ei
1568 3597 1691 3637 vera
1734 3592 1787 3638 et
1819 3581 2022 3654 integra

445 3666 722 3720 ‘cliaritate.
755 3669 818 3722 Et
839 3670 960 3724 licet
985 3671 1090 3723 ta'in
1113 3673 1352 3739 perfecti,
1386 3668 1493 3727 Deo
1517 3670 1763 3742 protiitio,
1795 3676 1931 3743 sitis,
1967 3670 2023 3731 ut

447 3757 736 3810 monitione
780 3765 959 3810 nostra
1003 3761 1222 3814 minime
1252 3763 1472 3830 egeatis,
1507 3758 1680 3817 tamen
1727 3760 2022 3833 imperante

446 3845 864 3914 cbaritate,quae
893 3850 1063 3902 nescit
1084 3847 1292 3915 timere,
1325 3852 1482 3904 etiam
1513 3854 1653 3916 quod
1685 3856 1884 3921 optime
1927 3871 2022 3910 vos

437 3927 669 4002 implere
685 3930 942 4000 novimus.
961 3953 1242 4006 suggerere
1268 3951 1316 3994 et
1333 3929 1622 3996 admouere
1641 3942 1759 3996 cum
1779 3959 1900 3998 vera
1927 3947 2025 3998 hu-

445 4028 668 4083 militate
689 4037 742 4083 et
770 4019 1000 4096 perfecta
1021 4032 1282 4087 charitate
1310 4033 1696 4101 prtesumimus,‘
1717 4053 1820 4091 non
1849 4026 2020 4095 tamen

445 4106 563 4174 sine
596 4121 932 4175 verecundia.
951 4123 1081 4176 Cum
1105 4131 1202 4177 nos
1226 4139 1323 4178 nec
1346 4120 1564 4180 idoneos
1585 4129 1888 4182 noverimus
1904 4144 2025 4184 esse

443 4205 751 4280 discipulus,
776 4210 843 4265 ad
872 4227 1006 4280 opus
1032 4211 1271 4268 sanctum
1291 4203 1566 4270 videamur
1593 4222 1829 4273 excitare
1855 4223 2023 4290 magi-

433 4309 603 4356 rstros.
617 4303 748 4356 Cum
774 4303 938 4358 simus
957 4306 1142 4374 tepidi,
1167 4298 1407 4376 cogimur
1427 4309 1712 4364 admonere
1737 4300 2018 4368 ferventes.

441 4392 573 4447 Cum
591 4386 758 4448 simus
774 4391 1105 4462 peccatores,
1121 4388 1591 4468 arguimusjustos.
1605 4401 1737 4456 Cum
1752 4403 1916 4457 simus
1932 4406 2026 4458 im-

2131 1843 2438 1903 debitoribus
2467 1852 2654 1904 nostris
2682 1849 2895 1922 (Matth.
2930 1854 3028 1913 vr).
3069 1850 3168 1930 Qui
3196 1851 3336 1905 enim
3365 1837 3611 1908 omnibus

2127 1952 2186 1992 se
2213 1941 2555 2004 peccantibus
2585 1939 2878 1995 clementer
2917 1923 3226 2004 indulserit,
3257 1941 3452 1996 nullius
3497 1923 3701 2010 peccati

2130 2013 2435 2098 vestigium,
2470 2031 2666 2084 nullius
2708 2030 2911 2083 macula
2961 2029 3037 2100 [in
3072 2030 3235 2098 ipsius
3286 2019 3486 2104 animo]
3521 2049 3701 2088 rema-

2129 2119 2292 2173 nebit.
2327 2109 2622 2185 Attendite,
2653 2120 2865 2185 fratres,
2890 2117 3170 2194 diligenter
3187 2107 3522 2178 considerate
3554 2113 3697 2193 quod

2126 2209 2256 2279 dixi,
2300 2211 2385 2279 qui
2417 2211 2467 2264 in
2515 2227 2570 2264 se
2605 2212 2843 2279 peccauti
2874 2208 3188 2275 indulserit;
3233 2199 3336 2267 non
3369 2212 3508 2267 enim
3535 2212 3692 2281 dixit,

2128 2299 2268 2370 quod
2317 2295 2406 2371 qui
2470 2305 2522 2356 in
2575 2298 2856 2357 Dominum
2917 2300 3168 2375 [Deum]
3214 2307 3550 2372 peccaverit.
3599 2308 3699 2373 ipsi

2125 2391 2320 2446 debeas
2353 2393 2653 2460 indulgere;
2688 2395 2778 2447 sed
2809 2393 2896 2461 qni
2931 2393 2980 2444 iii
3016 2405 3065 2446 te
3107 2382 3441 2462 peccaverit,
3485 2395 3558 2450 illi
3608 2385 3702 2451 de-

2125 2476 2253 2536 beas
2282 2484 2489 2537 veniam
2539 2485 2684 2538 dare.
2719 2485 2868 2549 Quod
2904 2478 3051 2553 pejus
3082 2495 3182 2547 est,
3215 2483 3494 2554 aliquoties
3524 2489 3612 2558 qui
3645 2490 3700 2544 in

2123 2575 2276 2626 nobis
2309 2575 2623 2640 peccaverit,
2654 2585 2744 2629 aut
2779 2559 2948 2650 tarde,
2989 2586 3080 2630 aut
3110 2561 3328 2631 difficile
3358 2577 3567 2632 veniam
3604 2572 3700 2634 da-

2125 2678 2262 2716 mus.
2287 2658 2383 2730 Qui
2402 2665 2452 2716 in
2476 2665 2751 2718 [luminum
2768 2665 3044 2733 deliquerit
3063 2665 3603 2740 rLDeuuipeccaverit],
3622 2684 3701 2744 ce~

2122 2748 2306 2807 leriter
2323 2744 2669 2821 indulgemus.
2685 2747 2785 2810 Sed
2801 2758 2843 2810 si
2859 2749 3435 2827 volutiiusjusteagere,
3452 2757 3636 2829 illequi
3650 2745 3700 2819 iit

2124 2841 2406 2898 Dominum
2441 2850 2702 2914 peccavit,
2736 2848 2852 2901 sine
2875 2849 3213 2902 severissima
3237 2848 3570 2905 districtione
3595 2841 3698 2906 non

2121 2934 2381 2989 debemus
2421 2926 2629 3005 penitus
2655 2937 2951 3006 indulgere,
2979 2953 3046 2992 ne
3072 2935 3195 2992 dum
3227 2937 3302 2992 illi
3331 2942 3696 3007 perindiscre-

2125 3019 2229 3079 tam
2266 3021 2512 3094 pietatem
2557 3030 2865 3095 remittitur,
2905 3019 3207 3097 eiiemplum
3239 3019 3553 3101 perditionis
3581 3038 3698 3093 aliis

2125 3206 2468 3262 clementem.
2514 3209 2644 3275 Quia
2689 3199 2949 3264 Dciuinus
2985 3202 3118 3286 dixit
3151 3229 3164 3264 :
3282 3214 3576 3267 dimiseritis
3602 3199 3700 3267 lia;

2125 3287 2342 3353 minibus
2364 3298 2571 3366 peccata
2600 3317 2795 3365 eorum,
2823 3292 3038 3356 dimittet
3064 3304 3198 3359 vobis
3233 3287 3387 3359 Pater
3412 3294 3571 3361 uester
3595 3326 3697 3362 ca:-

2125 3388 2262 3441 (eatis
2284 3375 2494 3459 peccata
2520 3401 2684 3443 vestra
2706 3390 2918 3462 (Matth.
2952 3389 3020 3446 vit
3052 3385 3098 3445 et
3132 3393 3300 3462 xviii).
3322 3396 3544 3460 Quando
3569 3389 3696 3455 vero

2125 3477 2175 3531 in
2227 3475 2451 3534 Domino
2507 3479 2584 3552 [in
2617 3465 2805 3553 Deum]
2856 3481 3046 3550 aliquis
3089 3476 3365 3552 peccatum
3426 3492 3700 3555 prtesuniit

2123 3571 2426 3635 admittere,
2458 3567 2852 3628 districtionem
2891 3574 3052 3629 debet
3077 3577 3509 3632 monasterialem
3539 3583 3698 3634 susti-

2123 3659 2271 3719 nere.
2305 3665 2370 3719 Et
2402 3663 2504 3720 hoc
2529 3663 2668 3721 bimo
2691 3674 2743 3720 et
2781 3655 2865 3733 pio
2914 3667 3093 3720 animo
3136 3654 3293 3722 debet
3325 3669 3461 3735 fieri,
3495 3682 3550 3724 ut
3597 3688 3694 3740 per

2124 3757 2416 3822 spiritalem
2436 3751 2839 3825 castigationem
2866 3757 2936 3810 ita
2964 3758 3262 3825 corrigatur
3285 3758 3335 3812 in
3359 3761 3458 3814 huc
3474 3764 3694 3828 saiculo,

2125 3856 2180 3899 ut
2212 3863 2315 3901 non
2351 3856 2532 3916 pereat
2563 3849 2613 3901 in
2642 3841 2840 3902 futuro.
2877 3849 3010 3913 Quia
3058 3838 3214 3903 omne
3252 3859 3521 3918 peccatum
3552 3856 3694 3920 quod
3735 3903 3737 3908 .

2125 3935 2176 3990 in
2202 3937 2304 3990 hoc
2325 3937 2520 3990 mundo
2543 3953 2646 3991 non
2674 3937 2976 4008 corrigitur,
3007 3939 3055 3992 in
3084 3939 3259 3992 futuro
3285 3941 3479 3995 sa:culo
3506 3945 3696 4010 punie-
3741 4003 3744 4008 ,

2126 4017 2231 4084 tttr.
2271 4027 2359 4084 Sic
2396 4030 2538 4084 enim
2571 4031 2636 4084 de
2670 4029 2777 4083 filio
2807 4030 2888 4083 vel
2919 4029 2986 4082 de
3028 4025 3187 4082 Servo
3217 4029 3486 4098 Scriptura
3512 4033 3687 4086 divina
3741 4039 3746 4048 ‘

2125 4129 2503 4176 commemorat
2525 4139 2538 4175 :
2560 4121 2654 4186 Tu,
2684 4121 2871 4188 inquit,
2900 4121 3038 4188 virga
3068 4135 3179 4171 eum
3201 4121 3383 4185 ca’d‘es,
3407 4131 3453 4174 et
3473 4125 3695 4177 animam

2124 4207 2266 4268 illius
2293 4213 2355 4266 de
2386 4213 2587 4282 inferno
2616 4199 2849 4264 liberabis
2875 4207 3052 4273 (Prov;
3087 4206 3240 4277 xuii)
3265 4210 3287 4262 ἲ
3320 4210 3385 4263 Ει
3415 4211 3554 4280 ideo,
3586 4203 3694 4268 sicé

2126 4315 2184 4360 ut
2212 4289 2370 4375 supra
2400 4290 2658 4372 suggessi,
2689 4293 2794 4354 non
2842 4293 3015 4354 solum
3048 4295 3290 4366 capitalia
3334 4301 3555 4358 erimina
3598 4319 3690 4359 ca-

2127 4383 2365 4462 veamus,
2419 4396 2512 4447 sed
2556 4395 2717 4446 etiam
2771 4403 2961 4460 pravas
3021 4378 3370 4460 negligentias
3416 4375 3683 4462 quotidie,

440 4483 616 4551 periti,
645 4489 829 4538 doctos
856 4486 1186 4541 instruimus.
1217 4487 1347 4543 Cum
1375 4491 1540 4544 simus
1571 4489 1620 4545 in
1653 4492 1835 4562 pelago
1867 4489 2022 4563 hujus
2051 4477 2101 4537 Π
2125 4490 2275 4559 quasi
2320 4481 2523 4542 venena
2573 4479 2793 4547 diaboli,
2829 4497 3162 4566 respuamus.
3207 4483 3343 4537 Sunt
3383 4486 3526 4539 enim
3559 4477 3693 4566 non.

438 4574 622 4629 mundi
654 4577 831 4631 nimiis
861 4569 1104 4633 fluctibus
1136 4572 1361 4650 fatigati,
1385 4582 1448 4635 ad
1475 4596 1568 4636 eos
1594 4583 1680 4651 qui
1709 4583 1772 4636 ad
1803 4597 2014 4654 portum

438 4662 544 4730 iam
573 4663 796 4720 feliciter
817 4669 1176 4734 pervenerunt
1201 4672 1592 4738 praedicationis
1616 4674 1774 4728 verba
1804 4669 2016 4743 proferi-

437 4765 578 4804 mus.
594 4753 697 4807 Sed
711 4762 908 4820 tamen,
927 4757 1137 4823 fratres,
1153 4761 1275 4825 qu‘ia
1297 4765 1469 4816 solent
1491 4779 1658 4818 naves
1675 4756 1940 4832 superatis
1958 4778 2012 4822 et

435 4835 656 4894 devictis
672 4833 839 4911 pelagi
870 4843 1134 4911 fluctibus,
1153 4849 1310 4901 etiam
1325 4849 1376 4902 in
1400 4862 1552 4916 portu
1577 4845 1845 4906 tu‘iissimo
1863 4870 2007 4922 stripe

435 4942 680 4995 laborare
699 4944 886 5007 et,nisi
913 4946 1125 5022 grandis
1137 4941 1336 5000 cautela
1368 4939 1543 5014 fiierit,
1562 4966 1696 5016 pene
1712 4944 2004 5022 submergi,‘

435 5045 555 5084 eum
588 5046 796 5086 summa
835 5020 1132 5089 humilitate
1171 5047 1224 5091 et
1265 5040 1461 5107 ingenti
1493 5041 1789 5094 reverentia
1815 5020 2000 5096 admo-

434 5141 647 5191 nemus,
671 5136 728 5180 ut
761 5128 880 5196 quia
913 5123 1008 5182 vos
1053 5125 1293 5190 Christus
1322 5134 1390 5186 de
1416 5131 1661 5186 omnibus
1685 5135 1999 5200 capitalibus

430 5216 762 5283 criminibus,
799 5215 1039 5286 tanquam
1067 5220 1130 5271 de
1178 5221 1497 5293 periculosis
1543 5208 1786 5278 fluctibus
1811 5217 2004 5278 libera-

431 5307 524 5367 vit.
567 5308 619 5360 in
657 5315 806 5376 portu
846 5297 1038 5379 quietae
1076 5308 1430 5386 beatitudinis
1468 5314 1761 5379 constituti,
1811 5299 2002 5382 parvas

431 5397 776 5484 negligentias
802 5408 854 5452 et
892 5399 1074 5452 minata
1099 5416 1357 5492 ρροωιο,
1403 5417 1526 5473 qua:
1565 5404 1643 5456 sic
1674 5404 1726 5456 in
1770 5409 1998 5459 animam

431 5487 700 5599 fonfluunt
725 5487 974 5599 quomodo
1009 5501 1093 5599 per
1128 5487 1554 5599 ηιέιιηιίεεὶιηίιε
1582 5493 1732 5546 navis
1782 5495 1999 5549 rimulas

430 5566 688 5661 intestina:
727 5573 797 5644 [in
824 5572 1021 5643 sentina]
1059 5547 1293 5675 8.0.2:"
1301 5592 1680 5664 concurrunt,
1709 5597 1827 5636 cum
1851 5587 1998 5638 omni

429 5652 703 5732 vigilantia,
727 5639 913 5718 Christo
931 5639 1245 5782 παλρνξλυιςβ
1264 5639 1590 5766 ϐξῖξξωνίτε
1615 5639 1811 5742 μέδηαι·
1841 5675 1996 5731 [εδει-

1087 5755 1219 5830 me,
1264 5754 1297 5766 .,

2127 4577 2257 4636 nulli
2285 4578 2371 4650 qui
2403 4584 2522 4647 post
2549 4575 2823 4644 religionis
2849 4564 3254 4642 professionem,
3288 4577 3411 4643 quia
3444 4564 3686 4632 videntur

2123 4671 2301 4726 exisse
2352 4667 2424 4722 tle
2472 4665 2694 4729 siceulo,
2753 4665 2912 4717 nimia
2960 4671 3245 4719 secur'tate
3284 4667 3588 4731 solvuntur;
3637 4678 3688 4723 et

2118 4753 2368 4831 impletur
2409 4761 2461 4811 in
2501 4758 2607 4811 illis
2655 4757 2744 4809 illa
2784 4757 3046 4809 sententia
3082 4754 3288 4809 Domini
3316 4774 3417 4826 qua
3449 4759 3681 4813 dicitur:

2121 4851 2326 4905 Utinam
2349 4849 2546 4901 calidus
2574 4862 2706 4899 esses
2730 4856 2816 4898 aut
2845 4845 3097 4916 frigidus;
3130 4861 3262 4896 nunc
3281 4857 3444 4897 autem
3475 4848 3594 4916 quia
3619 4859 3689 4899 te-

2115 4941 2263 5007 pidus
2291 4955 2360 5000 es,
2385 4937 2625 5003 incipiant
2660 4946 2706 4987 te
2728 4951 2953 5010 evomere
2996 4929 3058 4986 ea:
3094 4951 3180 4986 ore
3227 4951 3334 4986 meo
3368 4936 3551 5002 (Apoc.
3586 4941 3686 5007 ut).

2111 5029 2248 5096 Quid
2293 5039 2374 5082 est
2417 5026 2558 5096 quod
2603 5026 2757 5093 dixit,
2795 5026 3007 5081 Utinam
3045 5027 3244 5078 calidus
3275 5041 3424 5081 esses
3462 5041 3550 5082 aut
3583 5034 3687 5086 fri-

2105 5120 2296 5190 gidus?
2329 5122 2428 5172 hoc
2466 5129 2547 5174 est
2578 5118 2796 5172 dicere:
2825 5111 3010 5169 Melius
3045 5115 3134 5168 tibi
3182 5113 3351 5169 fuerat
3378 5129 3469 5172 aut
3499 5121 3548 5172 in
3582 5137 3680 5175 sae-

2105 5214 2225 5267 culo
2264 5205 2582 5266 remansisse
2630 5205 2900 5279 frigidum,
2943 5216 3034 5259 aut
3082 5194 3135 5259 in'
3185 5211 3508 5264 monasterio
3563 5231 3683 5269 esse

2105 5290 2418 5358 ferventem.
2451 5297 2597 5354 Nunc
2627 5286 2803 5352 autern
2830 5299 2953 5364 quia
2981 5305 3036 5351 et
3064 5297 3130 5350 de
3159 5302 3352 5352 saiculo
3380 5307 3678 5373 recessisti,

2105 5406 2160 5452 et
2201 5409 2374 5450 tamen
2410 5396 2670 5448 fervorem
2703 5390 2992 5457 Spiritaletn
3027 5405 3122 5456 per
3155 5391 3528 5460 negligentiam
3577 5381 3671 5463 ap.

2105 5491 2436 5560 prehendere
2466 5486 2702 5549 noluisti,
2737 5470 2942 5552 tepidus
2972 5483 3195 5538 effectus
3244 5503 3308 5539 ex
3340 5504 3433 5544 ore
3468 5492 3675 5545 flumini

2102 5585 2186 5637 vix
2229 5583 2419 5635 iterum
2463 5576 2802 5647 recipiendus
2850 5578 3132 5628 evomeris.
3177 5577 3242 5630 Et
3287 5578 3425 5644 ideo,
3481 5578 3678 5634 fratres

2103 5673 2419 5738 cliarisiiui,
2473 5687 2590 5728 cum
2621 5689 2626 5694 '
2655 5663 2748 5726 Dei
2796 5666 3066 5735 adiutorio
3112 5663 3427 5722 sententiam
3479 5653 3674 5724 dividui
