4078 6440
409 291 545 347 1071

1457 276 1513 333 5.
1559 270 1854 329 CrESAllll
1897 263 2110 323 EPISC.
2155 261 2630 322 ARELATENSES

3541 246 3683 306 tera

409 399 700 479 Scriptum
750 395 1033 465 diligenter
1085 387 1367 454 attendite,
1418 401 1524 455 qua
1574 384 1806 439 dicitur:
1837 380 1990 435 Omni
2021 380 2068 439 Α
2097 389 2275 475 stium,
2309 372 2575 479 homicida
2596 380 2677 479 est
2698 367 2849 440 (Luc.
2884 368 2947 434 t).
2974 362 3083 479 ‘Sed
3105 378 3239 437 opus
3254 372 3484 479 potest
3505 354 3686 419 utuin-

412 474 645 545 custodia
674 503 817 542 serva
842 500 930 539 cor
974 494 1115 536 tuum
1156 478 1342 548 (Prov.
1384 477 1483 547 tv).
1517 476 1662 531 Sicut
1695 474 1836 529 enim
1865 487 1995 541 gau-

412 581 649 639 dendum
676 590 756 635 est
777 578 844 633 de
864 576 953 630 illo
974 574 1063 643 qui
1085 571 1151 625 ad
1181 569 1560 624 monasterium
1589 568 1829 629 veniens,
1848 577 1997 616 mane

413 673 774 734 suetudinem,
805 666 1164 724 obedientiam
1190 672 1243 717 et
1269 662 1578 732 patientiam
1602 657 1833 713 voluerit
1854 656 1999 709 mltis

415 772 468 818 et
509 760 726 816 humilis
754 758 1049 813 exhibere:
1076 756 1151 807 ita
1195 762 1249 809 et
1287 751 1596 807 econtrario
1626 747 1885 818 lugendus
1917 755 2001 801 est

415 854 509 909 ille
552 854 642 923 qui
690 863 916 919 corpore
963 856 1168 901 tantum
1217 845 1285 899 de
1322 844 1518 897 steculo
1554 842 1737 894 exisse
1767 838 1996 903 videtur,

418 944 581 1002 corde
621 954 801 997 tamen
846 941 899 995 in
946 938 1146 993 mundo
1185 946 1277 991 aut
1317 935 1638 989 remansisse
1693 930 2000 994 infideliter,

419 1047 511 1093 aut
538 1034 824 1090 infeliciter
851 1031 1077 1087 rediisse
1111 1026 1470 1097 cognoscitur,
1496 1037 1546 1078 et
1575 1038 1671 1092 pro
1704 1021 2003 1075 humilitate

420 1128 626 1199 profert
657 1124 989 1196 superbiam,
1028 1136 1124 1191 pro
1178 1119 1431 1190 patientia
1480 1114 1833 1176 iracundiam,
1876 1128 2005 1167 con—

422 1228 682 1291 temptem
708 1231 805 1287 pro
836 1213 1137 1269 obedientia
1163 1229 1175 1277 ;
1211 1226 1306 1280 pro
1334 1208 1610 1264 charitatis
1644 1206 2007 1261 medieamea—

422 1325 501 1381 to,
532 1312 750 1367 mal.tia'.
777 1308 1005 1364 effundit
1048 1320 1335 1359 Venenum.
1378 1303 1597 1357 Talibus
1629 1301 1881 1355 convenit
1917 1298 2008 1352 illa

428 1404 570 1461 beati
594 1401 736 1473 Petri
767 1415 888 1456 vera
914 1410 970 1454 et
1014 1399 1239 1452 multum
1282 1394 1517 1449 timenda
1570 1394 1836 1447 sententia
1862 1409 1874 1443 :
1900 1390 2009 1443 Ile-

428 1499 551 1563 lius,
578 1496 769 1565 inquit,
803 1496 972 1563 fuerat
1002 1493 1125 1557 ἕως,
1157 1508 1256 1545 non
1280 1504 1585 1559 coquoscere
1612 1488 1741 1540 viam
1767 1485 2005 1557 justitia',

428 1600 583 1658 quam
607 1594 717 1657 post
748 1586 1083 1656 cognitionem
1114 1593 1390 1636 retrorsum
1418 1575 1733 1648 conrerti(fl
1758 1577 1896 1630 Petr.
1926 1576 2005 1640 ιι).

432 1677 501 1732 Ει
523 1678 744 1733 iterum:
766 1677 920 1732 Canis
940 1690 1167 1729 reversus
1190 1675 1254 1725 ad
1270 1674 1511 1726 vomitum
1534 1685 1701 1732 suum,
1732 1679 1777 1722 et
1807 1684 1891 1721 sus
1908 1671 2011 1719 lota

2103 463 2208 518 tius
2236 472 2475 535 sanctam
2515 461 2833 517 charitatem
2878 464 3113 512 vestram
3157 457 3335 513 verbis
3363 455 3685 523 doceamus,

2101 568 2219 628 qua:
2250 569 2345 611 vos
2374 556 2440 611 ad
2463 554 2664 610 Christi
2704 554 2929 623 gloriam
2970 552 3222 621 epet'ibns
3264 550 3487 619 implere
3512 558 3569 604 et
3594 564 3691 603 eo-

2102 650 2430 719 gnoscimus,
2462 658 2515 703 et
2536 647 2850 716 gaudemus.
2884 644 2994 699 lloc
3010 645 3183 700 solum
3207 644 3516 712 specialiter
3545 642 3692 712 peti-

2104 760 2241 809 mus,
2272 752 2329 797 ut
2356 744 2444 812 qui
2468 756 2563 797 vos
2593 742 2647 795 in
2675 740 2871 810 quietis
2892 749 2946 793 et
3004 739 3403 809 tranquillitatis
3426 738 3544 792 loco
3575 735 3695 790 col-

2104 834 2282 889 locare
2325 835 2573 903 dignatus
2606 841 2713 895 est,
2765 847 2860 899 pro
2905 831 3083 895 nobis,
3126 845 3263 901 quos
3308 828 3490 883 saeculi
3533 828 3697 883 istius

2106 934 2450 995 tempestates
2477 935 2529 980 et
2560 923 2983 978 innumerabiles
3019 923 3209 975 ﬂuctus
3238 920 3500 990 affligunt,
3521 920 3695 973 abun-

2104 1016 2319 1070 dantius
2362 1015 2588 1070 Domino
2645 1014 3000 1083 supplicetis:
3034 1022 3093 1067 ut
3116 1014 3162 1067 si
3210 1013 3388 1079 nobis,
3430 1013 3554 1080 quia
3585 1026 3698 1064 non

2108 1121 2400 1170 meremur,
2428 1106 2598 1175 gloria
2631 1118 2738 1158 non
2770 1105 2947 1170 detur,
2983 1106 3175 1159 saltem
3217 1105 3369 1159 vobis
3396 1100 3699 1165 orantibus,

2108 1206 2451 1267 peccatorum
2498 1197 2652 1252 venia
2686 1197 2972 1262 tribuatur,
3005 1208 3297 1266 priestante
3342 1196 3569 1249 Domino
3600 1210 3700 1248 no-

2109 1303 2218 1345 stro
2244 1291 2370 1343 .lesu
2410 1290 2649 1355 Christo,
2675 1291 2761 1345 cui
2801 1299 2883 1345 est
2910 1289 3081 1344 honor
3111 1296 3169 1345 et
3220 1289 3388 1359 gloria
3420 1290 3471 1342 in
3502 1289 3701 1342 smcula

2109 1384 2453 1439 sxeulorum.
2495 1389 2685 1438 Anien.

2681 1477 2960 1531 "05“le
3003 1475 3117 1531 ΧΠ.

2183 1589 2239 1645 Si
2254 1589 2538 1659 diligenter
2555 1590 2855 1654 attenditis,
2869 1590 3058 1643 fratres
3070 1585 3424 1650 dilectissimi,
3442 1584 3523 1640 vel
3536 1597 3705 1639 vene-

2112 1680 2308 1734 rabiles
2335 1681 2446 1745 lilii,
2462 1682 2739 1735 evidenter
2761 1680 3047 1749 agnoscitis
3064 1678 3203 1746 quod
3229 1677 3405 1730 nullus
3425 1675 3706 1729 hominum

427 1772 481 1825 in
503 1772 770 1826 volutabra
792 1769 911 1824 luti.
933 1770 1035 1824 Sed
1060 1783 1159 1824 nec
1180 1767 1247 1822 de
1278 1767 1472 1821 talibus
1501 1763 2006 1835 desperandutuest,
2044 1756 2087 1815 Β
2116 1771 2216 1825 sibi
2248 1772 2346 1824 soli
2377 1771 2523 1835 vivit,
2558 1780 2612 1824 ει
2638 1770 2816 1824 nullus
2845 1770 2943 1824 sibi
2974 1770 3072 1823 soli
3096 1769 3339 1821 moritur.
3364 1765 3517 1832 Quod
3544 1766 3708 1819 etiam

429 1865 649 1931 fratres,
678 1863 803 1933 quia
830 1871 1019 1933 potens
1041 1872 1124 1917 est
1146 1862 1285 1916 Deus
1300 1855 1631 1913 orationibus
1657 1858 1848 1912 vestris
1870 1857 2012 1911 sciu-

433 1955 607 2011 tiliam
651 1955 1079 2025 compunctionis
1118 1953 1448 2019 accendere,
1497 1962 1551 2007 et
1592 1966 1806 2006 omnem
1832 1946 2012 2004 saculi

437 2046 939 2114 voluptatemvelut
958 2045 1139 2113 Spinas
1165 2054 1218 2099 et
1244 2044 1472 2098 tribulos
1491 2043 1769 2111 nequitiae,
1811 2041 2012 2095 salubri

384 2154 391 2209 ι
435 2135 561 2205 igne
583 2149 925 2199 consumere,
962 2134 1050 2187 illo
1075 2132 1260 2203 utique
1284 2133 1404 2202 igne
1432 2132 1619 2201 dequo
1650 2132 1907 2186 Dotninus
1931 2131 2015 2183 di-

388 2230 391 2233 ’
437 2226 517 2280 ιιι
546 2243 561 2280 :
597 2222 778 2297 Ignem
806 2227 916 2279 veni
944 2226 1142 2279 mittere
1170 2226 1221 2277 in
1263 2233 1467 2289 terram,
1492 2233 1541 2277 et
1560 2224 1684 2294 quid
1706 2224 1819 2276 volo
1846 2222 1942 2275 nisi
1965 2231 2016 2275 ut

436 2320 745 2373 accendatur
769 2317 922 2389 (Luc.
944 2318 1036 2389 xu)
1052 2320 1074 2369 ’ἰ
1090 2318 1249 2372 Orate
1270 2332 1416 2387 ergo,
1445 2316 1637 2370 fratres
1659 2313 2015 2381 dilectissimi,

439 2420 547 2466 non
574 2411 749 2466 solum
788 2419 848 2464 ut
887 2410 1043 2463 nobis
1078 2408 1217 2463 Deus
1265 2409 1316 2463 in
1365 2407 1517 2462 nobis
1560 2410 2017 2478 perseverantiam

441 2492 690 2570 dignetur
735 2500 1009 2565 tribuere,
1054 2499 1149 2555 sed
1197 2500 1358 2555 etiam
1384 2498 1505 2554 illos
1551 2499 1641 2569 qui
1690 2499 2021 2568 negligentes

439 2600 566 2647 sunt
586 2592 772 2660 jubeat
799 2592 864 2646 de
887 2591 1037 2647 fovea
1066 2592 1366 2658 sublevare,
1399 2600 1455 2645 et
1474 2590 1543 2646 de
1574 2590 1780 2660 laqueis
1809 2605 2017 2645 eruere.

439 2684 496 2742 Si
529 2686 672 2740 enim
709 2684 859 2741 vobis
890 2685 1168 2740 orantibus
1198 2694 1253 2739 et
1275 2700 1397 2739 cum
1429 2685 1691 2739 charitate
1735 2685 2021 2738 consilium

441 2772 716 2841 dantibus,
741 2776 1051 2847 quicunque
1107 2781 1234 2831 sunt
1261 2774 1446 2845 tepidi,
1472 2784 1527 2830 et
1554 2777 1884 2845 negligentes
1912 2774 2028 2830 fue-

443 2869 553 2924 rint
578 2870 871 2934 emendati,
903 2871 1239 2940 duplicatum
1282 2872 1434 2925 vobis
1465 2868 1723 2924 Dominus
1745 2868 2025 2939 praemium

443 2968 501 3015 et
525 2958 593 3015 de
638 2968 820 3016 vestra
848 2962 1021 3016 salute
1046 2971 1100 3015 et
1134 2962 1200 3015 de
1233 2960 1441 3017 illorum
1470 2962 1812 3016 correctione
1840 2959 2028 3029 digna-

445 3050 590 3106 bitur
620 3066 927 3121 repensare.
964 3047 1094 3107 Nam
1143 3069 1241 3109 nec
1290 3053 1361 3107 illi
1410 3054 1499 3120 qui
1532 3053 1656 3108 boni
1688 3062 1812 3106 sunt
1842 3067 1901 3107 se
1932 3051 2028 3106 de-

2116 1861 2312 1915 Paulus
2355 1862 2628 1930 apostolus
2659 1862 2920 1915 similibus
2952 1862 3133 1915 verbis
3161 1858 3441 1914 conﬁrmat
3471 1857 3661 1911 dicens
3688 1871 3706 1909 :

2120 1950 2252 2018 Quia
2272 1966 2417 2003 nemo
2432 1950 2526 2003 sibi
2558 1952 2694 2016 tirit,
2726 1961 2771 2004 et
2795 1968 2938 2004 nemo
2963 1952 3056 2004 sibi
3083 1951 3317 2004 moritur.
3346 1950 3534 2003 Omnis
3564 1947 3710 2003 enim

2119 2043 2280 2097 homo
2330 2043 2753 2112 quantiscunque
2805 2044 3110 2111 exemplum
3174 2052 3373 2097 sancta:
3421 2055 3714 2094 conversas

2129 2136 2287 2191 tionis
2321 2136 2630 2206 prmbuerit,
2659 2151 2781 2190 cum
2804 2135 2965 2190 tantis
2986 2146 3037 2189 et
3080 2150 3175 2204 pro
3202 2136 3362 2188 tantis
3396 2135 3462 2187 ad
3490 2134 3713 2204 praemia

2121 2240 2321 2284 aeterna
2342 2234 2633 2299 perveniet.
2660 2229 2724 2281 Et
2742 2237 2951 2295 contra,
2977 2226 3065 2296 qui
3084 2226 3389 2295 exemplum
3415 2225 3569 2277 tnalte
3590 2232 3714 2276 vum

2122 2333 2178 2378 et
2225 2336 2487 2390 perversa:
2517 2321 2743 2376 actionis
2786 2320 3081 2374 ostenderit
3128 2318 3553 2387 quantiscunque
3602 2320 3712 2368 sua

2123 2415 2277 2471 malis
2316 2414 2556 2470 moribus
2585 2415 2652 2467 ad
2697 2413 2876 2482 iniqua
2920 2427 3082 2481 opera
3142 2410 3535 2481 provocavcrit,
3591 2422 3713 2461 cum

2126 2509 2287 2561 tantis
2330 2517 2385 2562 et
2423 2522 2519 2575 pro
2575 2508 2735 2561 tantis
2786 2519 3042 2575 perpetua
3094 2502 3352 2573 supplicia
3408 2500 3713 2556 sustinebit.

2126 2599 2234 2654 Nos
2264 2614 2394 2654 vero
2425 2615 2533 2652 non
2552 2601 2725 2653 solum
2765 2597 3071 2666 exemplum
3104 2596 3242 2649 male
3266 2591 3474 2647 vivendi
3502 2591 3713 2645 caeteris

2128 2704 2233 2745 non
2266 2690 2621 2759 prtebeamus,
2650 2688 2743 2742 sed
2774 2692 2939 2742 etiam
2969 2695 3156 2739 sancta
3189 2692 3245 2738 et
3284 2682 3483 2737 salubri
3524 2681 3715 2734 admo-

2134 2780 2339 2834 nitione
2394 2779 2461 2833 ad
2492 2779 2842 2832 humilitatem
2875 2790 2929 2834 et
2971 2779 3285 2832 charitatetn
3333 2777 3415 2830 vel
3455 2774 3714 2828 obedien-

2130 2872 2256 2926 tiam
2282 2870 2479 2941 jugiter
2529 2885 2899 2939 provocemus.
2933 2870 3047 2923 Non
3078 2868 3322 2923 sitnusde
3360 2868 3462 2921 illis
3489 2867 3579 2935 qui
3608 2868 3717 2919 ira-

2133 2964 2410 3018 scentibus
2446 2962 2531 3017 vel
2563 2963 2857 3017 furentibus
2885 2963 3289 3033 quibuscunque
3331 2961 3588 3016 fratribus
3629 2968 3717 3014 aut

2132 3055 2409 3109 sororibus
2461 3054 2615 3109 malis
2652 3056 2888 3109 (εοιιμιιιιε
2944 3054 3120 3108 solent
3152 3054 3405 3123 pabulqu
3453 3051 3719 3121 superbia:

446 3143 577 3201 bent
603 3146 754 3216 quasi
782 3144 850 3200 de
876 3146 988 3199 suis
1017 3146 1225 3200 meritis
1260 3146 1545 3211 extollere,
1580 3160 1680 3200 nec
1714 3146 1787 3199 illi
1809 3144 1900 3214 qui
1933 3159 2028 3198 nc—
2055 3135 2100 3198 C
2131 3147 2437 3200 ministrare
2479 3146 2737 3213 dicentes,
2794 3144 2937 3215 quod
2974 3160 3078 3199 non
3132 3143 3361 3198 debeant
3395 3153 3543 3196 tanto
3585 3152 3720 3196 teut-

448 3238 716 3309 gligentes
748 3246 875 3292 sunt
923 3237 992 3292 de
1034 3238 1129 3292 Dei
1176 3238 1546 3292 misericordia
1576 3236 1902 3306 desperare;
1934 3234 2027 3289 sed

447 3331 525 3386 illi
550 3345 673 3385 cum
716 3328 1017 3384 humilitate
1049 3328 1141 3382 Dei
1183 3328 1324 3382 dona
1352 3327 1679 3393 custodiant,
1712 3338 1761 3382 et
1788 3326 1875 3381 isti
1906 3340 2030 3381 cum

448 3419 637 3490 grandi
659 3418 1069 3487 compunctione
1098 3420 1325 3473 celerius
1357 3419 1421 3472 ad
1470 3418 1797 3487 ptenizentize
1822 3417 1903 3471 vel
1924 3431 2036 3471 cor-

458 3513 720 3568 rectionis
768 3512 1159 3567 medicamenta
1214 3513 1539 3580 confugiant,
1572 3513 1695 3580 quia
1747 3510 1835 3580 qui
1860 3509 2035 3564 bonus

455 3611 557 3669 est,
613 3603 657 3657 si
709 3592 991 3674 superbire
1045 3590 1295 3673 coeperit,
1328 3604 1433 3658 cito
1470 3602 1811 3666 humiliatur;
1864 3610 1917 3654 et
1946 3600 2037 3671 qui

450 3693 720 3764 superbus
751 3704 855 3762 est,
889 3694 935 3749 si
961 3709 1019 3749 se
1046 3693 1317 3762 hutniliat,
1347 3710 1443 3764 per
1494 3694 1587 3749 Dei
1616 3693 2036 3747 misericordiam

396 3860 399 3865 Ι
456 3785 787 3841 sublevatur.
823 3786 1055 3841 Tantum
1093 3795 1255 3841 estut
1285 3802 1388 3841 non
1424 3802 1483 3840 se
1510 3787 1783 3856 permittat
1812 3786 2041 3854 amplius

398 3888 403 3899 ί
459 3874 747 3931 durissimo
787 3877 984 3932 diaboli
1027 3878 1156 3948 jngo
1188 3878 1379 3947 premi,
1413 3894 1509 3948 nec
1540 3878 1696 3932 nimia
1740 3888 1795 3932 et
1837 3881 2043 3947 pericu-

410 3976 421 4051 χ
459 3970 578 4023 lusa
621 3969 1044 4026 dissimulatione
1076 3972 1126 4026 iu
1169 3974 1403 4043 peccatis
1444 3986 1795 4041 perseverans
1843 3973 2044 4043 diutius

460 4059 761 4127 obdurare;
789 4063 883 4117 sed
913 4074 1016 4116 tam
1045 4063 1150 4119 cito
1167 4062 1457 4133 eoiifugiat,
1485 4072 1540 4117 ut
1565 4064 1617 4118 in
1645 4079 1703 4118 se
1732 4064 1931 4133 peccati
1961 4079 2049 4127 ve-

416 4142 421 4205 ξ
461 4152 676 4222 stigium
706 4169 810 4209 non
846 4154 1129 4223 relinquat.
1159 4156 1372 4224 Optime
1392 4155 1583 4208 calidis
1611 4154 1785 4208 adhuc
1804 4154 2041 4219 γυιηυτιτ

2137 3251 2264 3306 pore
2286 3236 2493 3306 abiecta
2524 3252 2584 3291 se
2610 3236 2904 3291 humilitate
2931 3235 3183 3304 dejicere.
3220 3234 3333 3288 Non
3358 3234 3529 3288 simus
3555 3234 3623 3287 de
3645 3241 3723 3285 ta-

2134 3327 2275 3384 libus
2302 3329 2391 3398 qui
2424 3344 2517 3398 per
2538 3328 2902 3382 amarissimas
2926 3328 3154 3396 linguas,
3190 3340 3295 3380 noti
3325 3328 3503 3380 solum
3530 3326 3723 3379 nolunt

2137 3421 2413 3477 vulnerata
2459 3434 2666 3485 curare,
2694 3418 2787 3473 sed
2809 3417 2967 3471 etiam
2994 3434 3111 3487 qua:
3137 3432 3263 3477 sana
3287 3428 3413 3471 sunt
3440 3416 3724 3471 vulnerare

2139 3513 2471 3571 contendunt
2503 3511 2631 3582 :qui
2664 3510 3069 3575 tnutmuraudo,
3100 3508 3458 3570 detrahendo,
3489 3523 3583 3576 per
3603 3508 3724 3561 ino-

2141 3605 2464 3660 hedieutiam
2496 3604 2582 3658 vel
2622 3602 2948 3657 iracundiam
2980 3618 3087 3655 non
3129 3600 3344 3656 Christo
3373 3600 3590 3664 servire,
3621 3596 3719 3652 sed

2143 3704 2538 3751 consueverunt
2562 3695 2774 3750 diabolo
2805 3696 3059 3748 militare.
3096 3696 3321 3748 Astutus
3365 3695 3507 3755 enim
3528 3703 3581 3747 et
3604 3705 3723 3745 cru-

2145 3792 2283 3848 delis
2339 3792 2505 3846 hostis
2554 3790 2825 3856 diabolus,
2856 3790 3146 3844 calliditate
3167 3790 3368 3844 veteris
3412 3788 3623 3841 artificii
3662 3799 3725 3839 ac

2147 3883 2494 3939 multiformis
2521 3883 2745 3953 ingenii,
2769 3884 2974 3936 animas
3001 3898 3133 3951 quas
3162 3881 3355 3946 semel,
3388 3882 3727 3949 persuas'one

2151 3977 2502 4047 nequissima,
2535 3976 2747 4031 desides
2779 3988 2842 4028 ac
2872 3974 3080 4043 tepidas
3106 3974 3192 4028 vel
3238 3972 3567 4043 negligentes
3604 3969 3727 4023 elle-

2149 4073 2307 4134 cerit,
2337 4069 2498 4123 etiam
2543 4068 2593 4121 in
2626 4066 2852 4120 aliorum
2886 4066 3237 4121 subversione
3263 4077 3357 4119 eas
3394 4064 3495 4118 sibi
3532 4062 3728 4116 srvire

2152 4161 2449 4231 compellit,
2504 4158 2574 4214 de
2611 4160 2805 4228 quibus
2834 4159 3090 4227 scriptum
3132 4170 3254 4212 est:
3291 4156 3503 4211 Utinam
3538 4154 3730 4207 calidas

418 4228 431 4319 ξ
463 4243 563 4300 bus
586 4241 848 4316 malagma
883 4247 964 4302 vel
996 4248 1154 4302 fibula
1193 4247 1496 4316 apponitur,
1530 4248 1650 4317 quia
1673 4247 1718 4301 si
1745 4247 1899 4303 velox
1936 4248 2047 4302 fue-

428 4330 435 4407 l
462 4332 529 4390 rit
551 4335 616 4389 ad
641 4338 914 4391 ccelestem
948 4338 1212 4393 medicum
1262 4338 1489 4409 intentio
1520 4339 1850 4408 resmgentli,
1901 4340 2053 4394 vesti-
2158 4354 2204 4398 te
2232 4359 2456 4397 evomere
2485 4358 2547 4395 ex
2570 4358 2655 4396 ore
2680 4358 2790 4395 meo
2818 4342 2998 4412 (Apoc.
3026 4341 3130 4409 tu).
3174 4341 3327 4393 Tales
3358 4338 3503 4393 enim
3534 4336 3735 4390 animas

432 4416 615 4499 lgiutn
642 4442 745 4481 nou
786 4428 983 4495 poterit
1028 4442 1309 4482 remanere
1339 4428 1581 4496 collapsi,
1614 4443 1735 4497 quia
1766 4430 1865 4482 sub
1894 4445 2051 4483 manu
2159 4438 2224 4491 ad
2258 4433 2674 4489 iuobedientiam
2705 4434 2787 4489 vel
2810 4433 3116 4503 superbiam
3148 4440 3474 4502 prmparams
3499 4431 3736 4484 diabolus

464 4514 847 4582 omnipotentis
864 4516 1265 4581 mediei,etc';to
1281 4519 1418 4587 perit
1443 4521 1682 4585 morbus,
1707 4528 1762 4575 et
1785 4522 2046 4578 velociter
2080 4515 2136 4575 D
2160 4528 2303 4581 omni
2336 4527 2537 4581 lumine
2564 4528 2801 4579 veritatis
2832 4537 2885 4579 et
2915 4526 3193 4579 charitatis
3221 4532 3478 4586 exemerit,
3510 4531 3568 4576 et
3590 4521 3735 4591 ψιιί

2155 4269 2286 4308 esses
2310 4261 2398 4306 aut
2421 4251 2675 4322 frigidus:
2698 4266 2831 4304 nunc
2850 4260 3021 4303 autem
3044 4250 3163 4317 quia
3190 4248 3386 4318 tepidus
3408 4262 3480 4312 es,
3498 4246 3732 4312 incipiam

469 4614 692 4657 sanatur
705 4615 954 4674 mgrotns.
979 4607 1172 4662 lterum
1195 4620 1353 4678 atque
1368 4611 1559 4664 iterum
1575 4626 1704 4680 rogo
1716 4620 1770 4666 ct
1781 4612 2050 4668 admoneo

471 4708 591 4758 vos,
608 4693 817 4759 fratres,
838 4696 1287 4764 utobeditntiam,
1300 4699 1646 4754 humilitatem
1663 4714 1822 4770 atque
1833 4702 2057 4759 charita-

474 4794 608 4849 tem,
642 4802 748 4841 non
772 4786 943 4841 solum
976 4789 1277 4843 senioribus
1305 4800 1357 4844 et
1380 4792 1759 4860 cozequalihus,
1782 4795 1878 4849 sed
1893 4797 2054 4852 etiam

472 4876 777 4946 junimibns
814 4879 1070 4935 exhibere
1093 4881 1292 4952 iugiter
1334 4883 1595 4940 studeatis
1620 4904 1633 4940 :
1657 4887 1779 4954 quia
1803 4892 2057 4959 quaelibet

474 4969 615 5024 bona
643 4969 736 5024 Dei
782 4986 970 5026 servus
1001 4971 1199 5027 habere
1228 4975 1588 5040 contenderit,
1619 4981 1797 5033 omnia
1836 4982 2058 5037 infelici-

481 5070 563 5115 ter
592 5060 800 5129 perdet,
833 5062 879 5115 si
911 5062 962 5116 in
994 5062 1086 5116 illo
1111 5064 1380 5120 humilitas
1404 5076 1458 5121 et
1485 5068 1713 5122 Charitas
1745 5086 1851 5124 non
1879 5071 2056 5135 fuerit.

475 5152 651 5209 Nolite
673 5170 1026 5221 murmurare,
1052 5157 1176 5226 quia
1202 5160 1459 5229 scriptum
1486 5170 1566 5215 est
1592 5160 1641 5232 (l
1666 5162 1784 5220 Cor.
1812 5163 1891 5232 ιι),
1917 5165 2059 5234 quod

480 5258 881 5303 murmurantes
908 5262 938 5301 a
969 5251 1311 5317 serpentibus
1342 5250 1636 5320 perierunt.
1680 5253 1853 5308 Nolite
1880 5255 2060 5323 detra-

485 5336 616 5391 here
640 5336 912 5404 fratribus,
940 5338 1061 5408 quia
1085 5342 1342 5409 scriptum
1373 5350 1456 5395 est
1490 5360 1500 5393 :
1528 5342 1627 5408 Qui
1650 5343 1887 5398 detrahit
1910 5346 2058 5400 fratri

481 5442 581 5486 suo
606 5428 964 5485 eradicabitur
1012 5431 1193 5502 (Prov.
1227 5432 1367 5503 xm).
1417 5434 1592 5489 Nolite
1647 5435 1976 5491 iracundiam
2009 5440 2064 5493 in

481 5521 648 5577 corde
669 5536 907 5593 servare,
939 5527 1060 5596 quia
1093 5527 1349 5596 scriptum
1381 5538 1462 5584 est
1494 5543 1509 5581 :
1546 5529 1627 5583 lra
1658 5529 1756 5584 viri
1800 5528 2060 5599 justitiam

483 5617 576 5673 Dei
610 5631 714 5675 non
772 5628 1044 5686 operatur.
1076 5618 1253 5676 Nolite
1283 5635 1378 5675 vos
1420 5622 1648 5676 invicem
1681 5623 1806 5676 odio
1838 5622 2057 5691 habere,

485 5720 702 5785 propter
740 5710 867 5767 illud
916 5711 1055 5782 quod
1110 5714 1366 5785 scriptum
1397 5722 1475 5770 est
1505 5733 1517 5771 :
1544 5713 1647 5782 Qui
1682 5714 1792 5773 odit
1836 5715 2056 5774 fratrem

2162 4627 2384 4672 venator
2416 4615 2842 4682 robuStissitnus,
2870 4627 2925 4668 et
2954 4630 3151 4684 anceps
3180 4614 3581 4678 callidissimus,
3602 4613 3740 4665 velut

2163 4714 2366 4770 indices
2398 4713 2501 4767 sibi
2542 4714 2607 4766 ad
2646 4712 2955 4780 capiendas,
2996 4712 3039 4765 si
3087 4720 3283 4781 potest,
3334 4710 3498 4775 etiam
3536 4717 3741 4761 sanctas

2165 4807 2371 4861 animas
2420 4811 2567 4873 aptat
2602 4820 2664 4859 ac
2693 4812 2977 4873 praeparat.
3010 4802 3288 4869 Quomodo
3314 4814 3547 4869 aucupes
3572 4798 3744 4853 facere

2165 4899 2359 4963 solent,
2385 4898 2473 4967 qui
2504 4898 2777 4953 columbas
2814 4910 2950 4965 quas
2993 4895 3141 4962 prius
3168 4894 3430 4961 crepet-int
3477 4900 3745 4947 excmcaut

2165 4999 2219 5045 et
2256 4990 2446 5043 surdas
2486 4988 2708 5057 faciunt,
2738 5000 2792 5041 ut
2817 4989 2943 5041 dum
2983 4985 3047 5039 ad
3072 4987 3190 5040 illas
3237 4986 3453 5054 reliqua:
3489 4981 3743 5059 columba:

2163 5082 2536 5144 convenerint,
2563 5079 2874 5148 prteparatis
2894 5070 3100 5139 retibus
3130 5076 3410 5145 capiantur
3441 5091 3458 5128 :
3484 5074 3557 5129 ita
3587 5073 3744 5128 etiam

2164 5171 2336 5242 hostis
2361 5173 2608 5238 antiquus
2650 5170 2717 5222 de
2747 5169 2939 5237 tepidis
2980 5167 3191 5222 clericis
3248 5174 3302 5219 et
3357 5164 3744 5237 negligentibus

2166 5263 2442 5318 monachis
2470 5260 2556 5315 vel
2609 5260 2893 5321 deSiiil0>is
2922 5259 3215 5329 virginibus
3242 5272 3497 5313 exercere
3524 5268 3745 5311 consue-

2170 5354 2271 5421 vit,
2303 5364 2357 5408 ut
2388 5369 2510 5425 cum
2554 5356 2605 5407 in
2637 5354 2716 5409 eis
2740 5353 2925 5408 oculos
2954 5354 3224 5423 patientiae
3245 5353 3518 5419 clauserit,
3549 5350 3747 5427 ignem-

2169 5462 2273 5516 que
2301 5447 2728 5515 compuuctionis
2751 5446 2835 5499 vel
2865 5446 3133 5501 ﬂammam
3162 5442 3301 5500 verte
3342 5438 3625 5499 charitatis
3650 5436 3749 5496 es-

2170 5542 2436 5605 sanxerit,
2468 5549 2523 5595 et
2550 5539 2616 5593 de
2647 5540 2762 5594 solo
2787 5538 2973 5594 habitu
3003 5538 3277 5609 religionis
3294 5530 3747 5607 pershaseritgloo

2170 5632 2318 5696 riari,
2360 5632 2496 5686 sicut
2532 5630 2642 5701 jam
2663 5630 2794 5696 dixi,
2817 5631 2885 5686 ad
2914 5631 3137 5690 aliorum
3179 5628 3558 5702 perditionem,
3580 5626 3742 5681 velut

2168 5721 2371 5791 indices
2408 5735 2501 5778 eos
2532 5723 2586 5794 in
2627 5722 2934 5793 exemplum
2967 5721 3212 5793 proponit
3243 5735 3305 5777 ac
3346 5717 3659 5792 preparat.
3689 5723 3743 5771 at
