4078 6440
411 224 543 309 eis

1821 228 2097 290 iiUMiHA
2144 234 2257 287 ΧΗ.

3515 234 3660 291 1074

405 363 530 417 an."
570 361 688 415 illos
717 356 984 425 s’mpilces
1011 352 1208 422 quique
1248 358 1299 406 et
1330 352 1503 403 minus
1529 348 1741 403 Solliciti
1771 349 1975 402 imitan-
2011 353 2054 408 Α
2087 347 2422 401 necessitatis
2469 348 2725 417 acquirat,
2760 357 2814 401 et
2835 345 3061 415 lampadi
3095 360 3201 399 suae
3232 359 3325 414 per
3352 338 3681 415 superbiant

408 462 512 517 tur,
542 451 767 506 diversis
799 446 1003 516 laqueis
1038 445 1118 497 vel
1170 444 1372 497 retibus
1400 443 1696 510 capiantur.
1734 440 1820 493 isti
1854 439 1983 492 tales

409 557 513 596 non
553 540 722 593 solum
756 552 851 606 pro
879 550 957 601 se,
1003 533 1096 588 sed
1147 533 1307 585 etiam
1360 545 1455 599 pro
1502 531 1643 594 aliis,
1703 543 1836 597 quos
1895 544 1987 595 per

407 610 711 701 exemplum
747 628 898 682 malae
941 624 1360 681 conversatione
1390 622 1456 677 de
1495 623 1633 676 bono
1678 620 1987 676 humilitatis

407 733 462 777 et
488 720 805 774 obedientize
835 718 1222 778 revocaverint,
1254 714 1512 771 rationem
1543 709 1665 767 sunt
1707 712 1758 765 in
1786 712 1874 767 die
1898 712 1987 783 ju-

408 810 533 865 dicii
564 809 843 864 reddituri.
878 808 1138 876 Antiquus
1163 805 1303 860 enim
1336 805 1524 871 hosus,
1557 804 1645 873 qui
1678 804 1833 858 bonis
1854 819 1989 857 sem-

412 914 506 968 per
544 899 784 954 invidere
824 898 1124 967 consuevit,
1166 898 1393 965 primum
1422 911 1607 950 servos
1646 896 1726 950 vel
1766 896 1986 950 ancillas

412 990 530 1055 Dei,
558 1004 693 1059 quos
717 989 921 1059 tepidos
946 1005 1008 1042 ac
1030 989 1355 1056 negligentes
1375 988 1492 1040 esSe
1514 986 1840 1055 cognoverit,
1866 1002 1987 1055 per-

413 1079 596 1139 suadet
622 1079 810 1138 otiosis
844 1080 1034 1137 fabulis
1072 1078 1344 1147 occupari,
1376 1076 1756 1132 murmarando
1782 1076 1861 1129 vel
1892 1075 1988 1129 de-

414 1173 673 1230 trahendo
689 1173 753 1227 ad
776 1172 1159 1227 contumaciam
1184 1183 1492 1238 provocare,
1513 1176 1567 1222 et
1588 1162 1652 1221 ad
1670 1167 1986 1221 audiendam

414 1266 693 1321 lectio:.em
718 1266 1050 1321 tardissimos
1072 1265 1319 1327 reddere,
1352 1270 1410 1316 ttt
1437 1276 1557 1315 cum
1581 1264 1631 1313 in
1657 1276 1844 1314 eorum
1873 1274 1988 1313 cor.

412 1355 565 1411 dibus
586 1357 732 1411 velut
757 1356 949 1410 callum
973 1365 1047 1421 et,
1080 1364 1136 1408 ut
1161 1356 1230 1408 ita
1264 1348 1763 1413 dixerim,scoriam
1790 1348 1987 1417 teporis

412 1447 702 1513 induxerit,
727 1447 791 1501 ad
823 1446 1075 1516 quaelibet
1098 1460 1260 1513 opera
1282 1445 1419 1498 mala
1441 1441 1541 1495 sibi
1569 1455 1663 1496 eos
1677 1438 1832 1494 faciat
1851 1454 1988 1509 prte-

410 1544 646 1605 paratos,
690 1546 743 1590 et
770 1536 1016 1589 omnibus
1046 1535 1188 1588 vitiis
1213 1534 1301 1586 vel
1331 1530 1667 1603 negligentiis
1698 1528 1986 1584 infeliciter

411 1627 617 1681 servire
638 1628 943 1695 compellat,
966 1624 1252 1680 secundum
1274 1624 1402 1679 illud
1426 1622 1563 1691 quod
1588 1621 1797 1676 Veritas
1815 1621 1984 1676 dixit:

2091 440 2368 493 exstincta:
2398 440 2711 493 humilitatis
2746 448 2795 493 et
2842 437 3117 492 charitatis
3157 437 3359 505 oleum,
3395 438 3520 493 dum
3550 439 3663 493 col-

2088 531 2279 597 ligendi
2324 540 2377 585 et
2404 531 2614 584 emendi
2646 539 2854 599 tempus
2885 540 2985 598 est,
3019 517 3321 599 praeparare
3349 532 3659 587 contendat:

2087 630 2145 675 ut
2174 622 2315 675 inter
2344 634 2556 675 sanctas
2586 621 2836 690 virgines,
2867 634 3090 675 accensa
3115 621 3437 690 virginitatis
3461 622 3666 690 lampa-

2086 713 2174 781 de,
2200 712 2253 767 in
2284 712 2499 767 vasculo
2529 713 2719 767 animm
2740 727 2850 765 sua:
2889 711 3010 765 oleo
3038 712 3315 766 charitatis
3346 711 3610 765 exuberet
3643 729 3658 765 :

2086 802 2209 870 quia
2235 790 2445 869 penitus
2472 800 2745 868 virginitas
2790 800 2841 854 in
2872 816 3096 866 corpore
3137 802 3265 856 nihil
3304 801 3581 870 proderit,
3618 801 3664 855 si

2086 890 2321 945 charitas
2362 891 2445 944 vel
2494 890 2765 943 humilitas
2792 905 2821 942 a
2859 890 3021 944 corde
3067 890 3399 946 discesserit.
3447 892 3513 944 Et
3551 891 3666 945 haec

2087 981 2298 1048 quidem
2329 981 2615 1036 observant
2641 984 2835 1034 animae
2857 992 3075 1046 sanctte,
3105 992 3158 1037 et
3185 999 3303 1052 qua:
3325 984 3431 1040 illis
3460 983 3665 1038 similes

2084 1087 2206 1128 esse
2235 1074 2432 1138 volunt,
2459 1072 2634 1126 facere
2664 1088 2766 1126 nou
2798 1072 3080 1129 desistunt.
3108 1075 3237 1128 Alite
3260 1091 3388 1129 vero
3415 1092 3532 1146 qua:
3559 1092 3666 1130 non

2087 1164 2453 1233 spiritualiter,
2497 1163 2592 1216 sed
2634 1164 2916 1218 carnaliter
2960 1164 3162 1229 vivunt,
3198 1181 3307 1223 non
3356 1167 3659 1235 humilitati,

2088 1253 2183 1308 sed
2224 1253 2487 1322 superbiat
2518 1254 2763 1310 infelicia
2815 1255 2951 1309 colla
2997 1249 3347 1321 submittunt;
3377 1272 3476 1311 nec
3522 1259 3669 1313 velut

2088 1358 2215 1409 apes
2241 1343 2397 1397 mella
2419 1344 2712 1412 spirituaiia
2737 1345 2991 1413 colligunt
3012 1385 3026 1409 ,
3049 1345 3142 1399 sed
3170 1348 3320 1414 quasi
3351 1363 3664 1417 vesp:ecru-

2091 1432 2229 1488 delia
2262 1448 2462 1487 venena
2503 1433 2828 1489 diffundunt.
2872 1434 3093 1502 Quando
3135 1435 3438 1490 senioribus
3477 1437 3668 1492 inobo-

2087 1520 2578 1586 dientes‘xistunt,
2624 1523 2838 1591 quando
2874 1522 3107 1577 ﬂammis
3134 1523 3421 1577 iracundia:
3450 1539 3671 1579 succen-

2090 1613 2309 1677 duntur,
2354 1613 2567 1681 quando
2588 1614 2768 1667 odium
2820 1613 2873 1666 in
2906 1614 3066 1668 corde
3095 1614 3413 1680 recondunt,
3459 1615 3673 1683 quando

415 1715 517 1787 Qui
546 1716 668 1784 facit
706 1726 987 1785 peccatum,
1019 1732 1189 1769 servus
1226 1724 1300 1768 est
1327 1714 1537 1780 peccati.
1581 1712 1643 1765 Et
1684 1729 1714 1764 a
1738 1728 1836 1781 quo
1876 1711 1985 1780 quis
2018 1710 2066 1769 Β
2095 1701 2604 1758 murmuratimiibns
2647 1702 2754 1757 Suis
2780 1711 2837 1757 et
2872 1718 2928 1758 se
2965 1712 3020 1758 et
3047 1703 3178 1757 alias
3215 1715 3375 1759 vento
3412 1704 3673 1787 superbiat

410 1816 701 1877 superatur,
723 1807 831 1876 ejus
854 1817 899 1859 et
920 1822 1088 1859 servus
1112 1807 1320 1874 efﬁcitur
1346 1802 1523 1874 (Joan.
1548 1818 1577 1856 v
1600 1802 1641 1872 ).
1674 1801 1823 1856 Sicut
1845 1800 1985 1854 enim

411 1907 611 1951 sanctae
641 1897 1239 1966 etspiritualesanimm,
1269 1896 1477 1950 fervore
1499 1894 1770 1949 eharitatis
1804 1908 1993 1947 accen-

410 2003 507 2051 sae,
536 1987 737 2057 Spiritu
767 1998 949 2042 sancto
981 1998 1230 2057 aguntur,
1252 1996 1306 2041 et
1335 1988 1400 2041 ad
1426 2002 1584 2041 omne
1622 2001 1756 2055 opus
1796 1986 1991 2040 bonum

410 2076 610 2149 iugiter
640 2088 1027 2147 prmparantur,
1052 2076 1342 2131 secundum
1371 2076 1502 2129 illud
1530 2075 1671 2145 quod
1701 2076 1991 2143 Apostolus

412 2169 527 2222 ait:
558 2168 808 2238 Quotquot
837 2168 888 2221 in
917 2169 1100 2236 spiritu
1130 2166 1225 2220 Dei
1268 2178 1511 2236 aguntur,
1541 2167 1592 2218 lii
1619 2175 1737 2220 sunt
1767 2164 1863 2231 ﬁlii
1899 2162 1995 2219 Dii

411 2258 592 2326 (Rom.
622 2264 735 2327 vttt)
764 2277 778 2325 ;
810 2260 876 2313 ita
906 2259 1232 2320 econtrario,
1273 2257 1599 2327 negligentes
1627 2272 1687 2310 ac
1719 2256 1880 2324 tepidi
1929 2254 1995 2309 ab

410 2348 509 2405 illo
526 2350 788 2403 contrario
806 2350 993 2418 spiritu
1018 2349 1359 2419 possidentur
1386 2348 1451 2402 de
1470 2362 1573 2421 quo
1600 2347 1853 2414 scriptum
1880 2355 1992 2401 est:

410 2438 542 2495 Cum
579 2441 754 2493 exierit
783 2441 988 2510 spiritus
1024 2441 1316 2494 immundus
1354 2440 1416 2491 ab
1460 2441 1693 2504 homine,
1732 2438 1870 2501 vadit
1910 2452 1997 2507 per

415 2530 531 2585 loca
572 2523 981 2598 arida'qurerens
1020 2530 1273 2599 requiem,
1305 2537 1352 2583 et
1391 2545 1491 2582 non
1546 2528 1771 2591 invenit;
1821 2535 1998 2596 postea

413 2633 669 2688 revertns
701 2625 882 2677 invenit
916 2625 1125 2676 domum
1154 2640 1302 2676 suam
1325 2638 1536 2679 vacuam
1564 2630 1609 2673 et
1638 2621 1803 2687 scopis
1845 2636 1997 2672 mun-

415 2715 615 2777 datem,
648 2722 690 2767 et
721 2712 927 2765 adducit
949 2730 1115 2766 secum
1134 2714 1263 2765 alios
1279 2720 1466 2782 septem
1499 2711 1707 2780 spiritus
1737 2709 1999 2777 nequiores

413 2819 509 2864 se;
539 2810 587 2870 et
613 2811 755 2855 erunt
781 2802 1052 2854 novissima
1091 2800 1312 2855 hominis
1347 2800 1486 2853 illius
1530 2800 1706 2869 pejora
1744 2797 2000 2866 prioribus

415 2890 574 2961 (Luc.
590 2892 691 2955 tu).
708 2890 831 2944 ila-c
850 2890 988 2945 cnim
1002 2891 1117 2944 sine
1130 2890 1289 2942 duhio
1307 2889 1572 2956 patiuntur
1592 2888 1795 2953 clerici,
1817 2903 2000 2942 mena.

417 2980 533 3047 chi,
567 2981 825 3050 virgines,
849 2981 1083 3048 superbi,
1103 2978 1491 3043 inobedientcs,
1508 2978 1690 3047 tepidi.
1709 2978 1838 3032 Cum
1856 2979 1998 3032 enim

2092 1793 2160 1846 de
2187 1802 2340 1860 portu
2382 1794 2701 1848 obedientite
2745 1808 3016 1860 excussas,
3073 1803 3126 1848 et
3180 1794 3245 1848 de
3294 1784 3675 1865 tranquillitate

2094 1885 2361 1952 patientiae
2412 1887 2767 1955 perurbatas,
2823 1886 3379 1955 faciuntnanfragare.
3435 1888 3500 1941 Et
3550 1901 3672 1955 quas

2095 1974 2147 2027 in
2215 1976 2519 2043 primordiis
2576 1976 2996 2030 conversatioais
3044 1992 3188 2043 sum,
3231 1979 3434 2034 relictis
3488 1976 3674 2033 surculi

2096 2067 2381 2135 ﬂuctibus,
2462 2068 2527 2122 ad
2602 2069 2835 2139 quietem
2906 2071 3212 2124 monasterii
3285 2056 3671 2140 confugerunt,

2094 2175 2237 2217 nunc
2281 2160 2444 2213 nimio
2493 2159 2672 2212 furore
2720 2159 3014 2227 superbiae,
3055 2162 3106 2214 in
3139 2161 3254 2230 ipso
3303 2170 3492 2230 portu,
3538 2176 3674 2231 pro.

2095 2252 2247 2308 cellis
2286 2250 2574 2305 iracundia:
2606 2252 2920 2318 naufragare
2972 2252 3295 2320 probantur._
3333 2252 3452 2305 l~tis
3481 2251 3674 2305 talibus

2098 2345 2345 2407 meliores
2369 2351 2492 2396 sunt
2530 2342 2605 2393 illi
2635 2341 2722 2411 qui
2754 2343 2949 2395 saeculo
2979 2343 3183 2397 servire
3234 2342 3503 2409 videntur,
3552 2344 3675 2411 quia

2100 2436 2267 2490 multo
2294 2434 2481 2488 melior
2511 2441 2595 2487 est
2626 2432 2840 2487 humilis
2876 2434 3225 2502 conjugalitas
3254 2449 3412 2503 quam
3439 2433 3673 2504 superba

2100 2525 2395 2594 virginitas.
2442 2523 2511 2577 Et
2550 2524 2667 2590 plus
2706 2522 2998 2577 laudabiles
3040 2536 3163 2579 sunt
3204 2525 3294 2595 qui
3323 2540 3380 2579 se
3411 2524 3674 2579 inmedio

2102 2616 2314 2685 pelago,
2364 2615 2473 2667 Dco
2500 2614 2813 2677 auxiliante,
2846 2615 3176 2682 cusmdiunt,
3211 2629 3367 2684 quam
3402 2615 3476 2668 illi
3507 2616 3597 2684 qui
3622 2616 3675 2669 in

2105 2714 2257 2772 portu
2298 2706 2458 2761 nimia
2503 2706 2821 2776 negligentia
2870 2706 2955 2760 vel
3008 2707 3295 2762 securitate
3343 2716 3675 2777 merguntur.

2104 2794 2310 2851 Felices
2339 2810 2467 2869 ergo
2511 2804 2636 2849 sunt
2677 2795 2781 2850 illae
2810 2796 3001 2850 animae
3031 2812 3148 2865 qure
3178 2798 3248 2851 ita
3289 2811 3382 2851 cor
3407 2811 3561 2855 suum
3591 2797 3677 2851 di-

2104 2888 2271 2943 versis
2319 2888 2573 2941 virtutum
2617 2886 2943 2940 aromatibus
2970 2928 2985 2953 ,
3030 2884 3245 2942 Christo
3288 2886 3546 2953 donante,
3590 2902 3679 2944 re«

2104 2983 2252 3051 plere
2294 2980 2646 3044 contendunt,
2696 2988 2753 3033 ut
2781 2994 2845 3033 ex
2884 2993 2979 3034 ore
3014 2980 3225 3035 illarum
3267 2996 3536 3050 nunquam
3574 2978 3679 3034 nisi

420 3072 475 3127 in
495 3071 795 3141 primordiis
816 3070 1360 3126 eonversatimissuzc
1378 3069 1558 3123 relicta
1577 3070 2003 3123 sarculieonvero
2033 3074 2078 3137 C
2109 3074 2337 3127 charitas
2386 3082 2440 3127 et
2497 3072 2800 3138 humilitas,
2856 3086 3123 3140 nunquam
3170 3071 3271 3127 nisi
3324 3074 3544 3129 castitas
3589 3073 3687 3129 vel

421 3161 658 3225 satione,
685 3160 748 3213 ad
787 3161 1023 3214 militiam
1066 3169 1267 3214 sanette
1306 3158 1651 3213 institutionis
1681 3160 1860 3212 animo
1909 3158 2005 3213 fero

422 3254 569 3314 venti
598 3252 953 3323 confugerint,
982 3269 1077 3323 per
1108 3254 1331 3321 gratiam
1356 3251 1448 3313 Dei
1473 3261 1796 3307 evacuantur
1825 3250 2003 3305 omni-

422 3344 523 3400 bus
578 3345 750 3401 malis.
792 3344 984 3398 Postea
1042 3359 1170 3397 vero
1212 3343 1336 3396 dum
1380 3358 1474 3414 per
1524 3343 1901 3411 negligentiam
1944 3357 2007 3397 ac

422 3431 681 3487 desidiam
710 3446 812 3485 non
836 3441 1108 3500 apponunt
1132 3430 1386 3498 studium,
1418 3442 1606 3485 utcum
1623 3430 1715 3485 Dei
1739 3430 2003 3499 adjutorio

421 3522 734 3590 repleantur
762 3522 1121 3592 spiritualibus
1148 3522 1324 3587 bonis,
1346 3522 1469 3575 vitia
1492 3537 1612 3591 quae
1640 3521 2005 3577 discesserant

422 3611 756 3667 invenientes
786 3626 879 3667 eos
900 3628 1115 3676 vacuos,
1143 3628 1261 3667 eum
1295 3614 1573 3681 multiplici
1598 3612 1781 3688 [Forte
1810 3615 2005 3668 adden-

422 3704 545 3761 dum
576 3701 851 3775 comitatu]
882 3714 1200 3769 remeantes,
1231 3704 1561 3778 compellunt
1603 3719 1698 3758 cos
1729 3704 1905 3758 redire
1937 3705 2003 3758 ad

423 3798 686 3847 vomitum
718 3810 890 3846 suum.
917 3798 1066 3849 Sicut
1098 3796 1247 3849 canis
1266 3796 1477 3864 quando
1497 3796 1779 3850 revertitur
1809 3796 1874 3849 ad
1905 3810 2003 3849 vo-

425 3881 613 3942 mittam
628 3898 805 3948 suum,
826 3883 1038 3937 odibilis
1054 3884 1133 3949 lit,
1158 3885 1227 3937 ita
1256 3893 1308 3937 et
1331 3884 1799 3952 peccatorquando
1821 3898 2002 3939 rever-

424 3971 555 4026 titur
573 3972 637 4026 ad
662 3979 932 4040 peccatum
949 3986 1122 4027 suum.
1151 3973 1224 4033 De
1249 3973 1443 4026 talibus
1471 3972 1781 4027 terribiliter
1805 3972 2003 4027 clamat

419 4064 696 4133 apostolus
742 4065 967 4118 Petrus:
1009 4063 1068 4118 Si
1096 4064 1228 4117 enim
1266 4065 1516 4133 fugientes
1555 4062 2027 4133 coinquinationes

420 4157 626 4223 mundi,
651 4157 729 4210 Itis
774 4174 974 4210 rursum
1022 4157 1256 4227 impliciti
1311 4165 1640 4223 superantur,
1690 4161 1827 4229 facta
1878 4165 1997 4212 sunt

419 4259 596 4300 eorum
626 4247 905 4313 posteriora
945 4248 1121 4316 pejora
1143 4246 1415 4313 prioribus.
1448 4245 1654 4310 Melius,
1678 4245 1851 4314 inquit
1883 4249 2001 4317 fue-

418 4342 502 4388 rat
528 4335 633 4389 illis
661 4348 763 4389 non
780 4351 1077 4405 cognoscere
1102 4336 1233 4388 viam
1252 4336 1488 4403 justitiaz,
1519 4352 1669 4406 quam
1690 4346 1801 4407 post
1820 4337 1996 4408 cegni-

2110 3163 2460 3218 mansuetudo
2508 3173 2668 3231 atque
2720 3161 3020 3217 ohedientia
3074 3162 3395 3231 proferatur,
3448 3163 3588 3220 unde
3626 3174 3680 3220 et

2107 3253 2207 3308 sibi
2238 3263 2437 3307 aeterna
2464 3253 2705 3323 prtemia,
2754 3261 2809 3307 et
2849 3252 2967 3306 aliis
3000 3254 3270 3322 praebeant
3316 3267 3515 3310 sancta:
3552 3270 3680 3311 con-

2106 3346 2423 3400 versationis
2437 3346 2699 3414 exempla.
2721 3345 2891 3410 Sicut,
2924 3345 3248 3412 econtrario,
3264 3346 3503 3402 infelices
3528 3357 3677 3415 sunt,

2106 3445 2161 3491 et.
2187 3437 2395 3490 misera:
2423 3446 2476 3491 et
2520 3437 2663 3492 omni
2707 3439 3056 3508 laerymarum
3088 3437 3232 3494 fonte
3259 3439 3523 3511 lugendae,
3557 3455 3677 3511 qua:

2105 3527 2180 3580 iia
2209 3527 2363 3581 malis
2396 3528 2634 3581 moribus
2673 3539 3110 3598 corrumpuntur,
3146 3536 3204 3583 ut
3239 3544 3307 3585 ex
3349 3530 3557 3584 illarum
3584 3545 3683 3591 ore

2105 3616 2188 3671 vel
2219 3616 2564 3687 cngitatione,
2609 3633 2715 3671 non
2760 3617 2955 3673 Christi
3001 3619 3410 3687 medicamenta,
3441 3620 3533 3673 sed
3560 3618 3679 3673 die-

2106 3707 2213 3761 boli
2245 3722 2447 3761 venena
2478 3707 2770 3775 procedant
2797 3724 2810 3762 :
2844 3723 2961 3776 qua:
2991 3722 3110 3761 cum
3144 3707 3275 3760 foris
3308 3708 3558 3776 religioso
3584 3709 3681 3762 ha.

2111 3798 2223 3851 hitu
2250 3798 2400 3865 quasi
2433 3796 2657 3864 pellibus
2684 3797 2861 3851 ovium
2891 3806 3265 3867 contegantur,
3292 3798 3437 3852 velut
3459 3798 3565 3866 lupi
3596 3813 3681 3853 ra-

2110 3902 2271 3956 paces
2300 3887 2623 3942 intrlnsecus
2653 3902 2772 3942 esse
2819 3896 3134 3953 noscuntur,
3166 3898 3218 3942 et
3258 3897 3564 3962 serpentum
3595 3888 3691 3945 vel

2109 3977 2408 4044 viperarum
2458 3990 2607 4030 more
2656 3977 2834 4030 tandiu
2887 3977 3062 4031 fictam
3111 3978 3465 4033 humilitatem
3500 3980 3681 4035 habitu

2105 4070 2350 4137 corporis
2378 4068 2749 4124 demonstrare
2779 4069 3048 4134 videntur,
3086 4070 3318 4139 quandiu
3351 4070 3491 4123 nulla
3518 4070 3681 4124 casti-

2103 4160 2319 4230 gatione
2345 4161 2728 4228 corripiuntur.
2763 4164 2830 4214 At
2858 4161 2942 4215 ubi
2973 4160 3055 4215 vel
3086 4160 3214 4214 levis
3249 4160 3542 4215 admonitio
3583 4160 3682 4215 ad-

2103 4249 2287 4314 fuerit,
2318 4259 2461 4316 tune,
2496 4237 2625 4303 falsa
2645 4250 2942 4303 humilitate
2962 4249 3481 4318 remota,apparebit
3507 4250 3679 4305 celata

2103 4341 2388 4408 superbia;
2420 4350 2473 4394 et
2504 4348 2630 4393 tunc
2658 4340 2709 4393 in
2744 4340 2969 4393 veritate
3012 4341 3354 4411 cognoscitur
3386 4340 3507 4407 quia
3537 4339 3680 4395 aliud

418 4427 608 4485 tionem
641 4435 916 4482 retrorsum
963 4427 1183 4481 converti
1211 4430 1273 4480 ab
1323 4443 1380 4480 eo
1410 4428 1545 4497 quod
1598 4428 1702 4481 illis
1752 4429 1996 4483 traditum
2029 4429 2080 4489 Ι)
2109 4430 2480 4499 proferebatur
2520 4429 2571 4483 in
2603 4445 2717 4493 ore,
2761 4429 2902 4487 aliud
2952 4429 3379 4487 abscondebatur
3408 4428 3461 4483 in
3493 4429 3675 4485 corde.

414 4526 491 4571 est
523 4528 755 4573 sanctum
801 4512 1116 4574 mandatum.
1142 4517 1363 4589 Contigit
1407 4522 1539 4573 enim
1586 4520 1690 4573 illis
1726 4519 1859 4573 illud
1900 4520 2004 4573 veri

413 4610 670 4679 proverbii
707 4626 724 4664 :
763 4609 917 4663 Canis
963 4625 1188 4664 reversus
1218 4611 1286 4662 ad
1333 4610 1573 4662 vomitum
1619 4625 1787 4676 suum,
1838 4617 1886 4665 et
1915 4608 2021 4662 sus

414 4695 522 4747 lota
547 4697 599 4749 in
622 4697 884 4755 volutabra
917 4697 1011 4751 luti
1034 4696 1120 4768 (II
1150 4697 1288 4751 Petr.
1321 4697 1404 4769 ιι).
1435 4698 1549 4753 Hoc
1570 4698 1673 4752 illis
1702 4700 1881 4753 evenit
1908 4700 1998 4768 qui

415 4792 542 4851 post
568 4785 941 4841 abstinentiam
970 4788 1035 4840 ad
1064 4788 1260 4855 gulam,
1291 4798 1411 4855 post
1447 4789 1654 4856 vigilias
1685 4789 1750 4843 ad
1779 4805 1999 4845 somno-

416 4874 662 4939 lentiam,
708 4882 830 4944 post
859 4874 1209 4929 humilitatem
1247 4876 1311 4933 ad
1348 4877 1676 4945 superbiam,
1705 4887 1824 4945 post
1864 4880 1996 4934 obe-

415 4963 674 5021 dientiam
700 4966 765 5019 ad
792 4967 1210 5031 contumaciam,
1228 4974 1346 5031 post
1373 4966 1679 5035 patientiam
1700 4967 1762 5019 ad
1789 4969 1998 5020 iracun-

416 5055 585 5122 diam,
609 5056 753 5110 vclut
774 5057 920 5110 canis
939 5056 1004 5110 ad
1026 5056 1313 5123 vomitum,
1341 5064 1395 5109 et
1415 5056 1559 5111 velut
1579 5067 1702 5110 sues
1723 5066 1999 5110 revertun-

416 5158 507 5233 tur
531 5148 597 5205 ad
619 5148 1220 5205 luxuritevolutabrum.
1250 5148 1314 5205 Et
1343 5149 1463 5203 ideo
1493 5150 1580 5221 qui
1606 5164 1663 5204 se
1690 5149 1848 5204 talem
1876 5165 2015 5205 esse'

416 5242 710 5313 cognoscit,
738 5239 868 5302 dum
888 5239 1185 5310 corrigendi
1215 5251 1424 5312 tempus
1453 5250 1554 5305 est,
1586 5258 1703 5297 cum
1740 5243 1909 5311 rugitu
1943 5254 1997 5298 et

415 5332 618 5400 gemitu
647 5332 713 5387 ad
740 5333 1226 5404 vulnus‘superbia:
1267 5333 1584 5397 humilitatis
1634 5334 1993 5390 medicamen-

420 5430 531 5474 tum
582 5422 868 5478 contendat
892 5436 1175 5495 apponere,
1208 5438 1400 5497 contra
1441 5424 1875 5479 murmurationis
1911 5425 1992 5480 vel

419 5504 706 5597 iracundia:
756 5525 1012 5597 venenum
1070 5512 1345 5597 adjectum
1405 5512 1724 5569 obedientiae
1776 5512 1995 5568 festinet

418 5595 1079 5701 “feipefeiEiiaﬂ'lchtll‘
1115 5594 1299 5701 anima
1336 5608 1492 5674 illius
1538 5603 1722 5658 tnultis
1764 5605 1995 5670 peccatis

539 5656 551 5666 '
600 5690 611 5701 ,
784 5667 789 5671 ·
942 5656 954 5668 ·
1068 5693 1079 5705 ,
1115 5656 1299 5705 “annis
1336 5656 1487 5674 νυν*
1541 5656 1551 5658 ἡ
1764 5656 1775 5670 ι
1954 5656 1989 5658 ν-

420 5689 645 5745 obnoxia
670 5692 736 5746 de
763 5693 857 5747 hac
880 5694 997 5747 tiucs
1030 5691 1295 5818 mem”,
1353 5694 1657 5767 remedium
1692 5694 1790 5750 sibi
1824 5695 1871 5751 in
1908 5695 1995 5753 die

1212 5771 1239 5801 ἐι
1251 5771 1295 5803 '9

2106 4519 2257 4572 Falsa
2292 4520 2563 4577 humilitas
2609 4519 2903 4588 fingebatur
2946 4518 3273 4591 incorpore,
3321 4530 3377 4573 et
3419 4521 3682 4589 superbiat

2104 4612 2248 4664 virus
2277 4611 2555 4682 tegebatur
2586 4610 2639 4665 in
2670 4619 2872 4667 mente.
2902 4611 3026 4666 liarc
3053 4626 3181 4680 ergo
3210 4613 3411 4678 omnia,
3434 4612 3683 4666 timentes

2105 4702 2283 4770 potius
2325 4717 2479 4770 quam
2520 4703 2586 4756 de
2629 4702 2778 4756 vobis
2808 4692 3089 4757 sinistrum
3126 4702 3325 4771 aliquid
3358 4704 3679 4767 sentientes,

2102 4805 2223 4844 cum
2253 4792 2398 4844 omni
2433 4792 2731 4846 humilitate
2761 4801 2814 4847 et
2845 4803 3063 4861 paterna
3096 4794 3459 4848 sollicitudine
3499 4795 3676 4848 chari-

2104 4883 2196 4935 tati
2223 4890 2413 4935 vestrae
2440 4884 2820 4951 suggessimus.
2857 4884 2921 4938 Et
2948 4884 3067 4939 ideo
3098 4893 3224 4938 ante
3254 4882 3440 4936 oculos
3466 4891 3677 4936 vestros

2102 4971 2405 5040 tepidorum
2436 4972 2784 5041 negligentias
2815 4973 3053 5042 proferre
3084 4973 3369 5037 voluimus,
3414 4980 3473 5025 ut
3495 4972 3560 5025 de
3582 4973 3678 5025 ho-

2104 5061 2187 5114 nis
2238 5076 2355 5128 qua:
2396 5061 2447 5114 in
2476 5062 2624 5117 vobis
2654 5078 2873 5117 munere
2912 5062 3092 5116 divino
3121 5060 3314 5114 collata
3351 5070 3475 5114 sunt
3519 5060 3679 5128 spiri-

2104 5150 2317 5204 tualiter
2346 5152 2666 5221 gaudentes,
2694 5153 2803 5207 Deo
2829 5152 3027 5221 gratias
3056 5151 3334 5217 referatis;
3366 5160 3418 5205 et
3460 5167 3556 5220 pro
3586 5167 3675 5209 me

2102 5255 2164 5293 ac
2190 5240 2319 5294 meis
2347 5241 2629 5307 similibus,
2660 5244 2747 5311 qui
2780 5242 2952 5295 adhuc
2985 5241 3164 5295 multis
3188 5243 3520 5311 negligentiis
3553 5258 3673 5312 pre-

2104 5330 2318 5399 mimur,
2374 5328 2574 5401 iugiter
2626 5332 2715 5385 Dei
2767 5332 3188 5388 misericordiam
3233 5332 3561 5403 supplicetis,
3617 5345 3675 5389 ut

2102 5435 2221 5475 cum
2278 5432 2401 5475 ante
2445 5421 2675 5475 tribunal
2706 5421 2906 5475 Christi
2954 5422 3102 5477 vobis
3135 5439 3230 5493 pro
3279 5427 3673 5493 perseverantia

2103 5511 2362 5565 bonorum
2393 5526 2613 5579 operum
2646 5528 2842 5567 cornua
2874 5512 3155 5580 tribuetur,
3208 5516 3359 5570 nobis
3389 5530 3482 5585 per
3508 5517 3672 5572 inter-

2103 5599 2401 5655 cessionem
2431 5610 2659 5655 vestram
2712 5603 2791 5657 vel
2826 5612 3164 5670 peccaturum
3194 5604 3516 5675 indulgentia
3539 5619 3665 5659 cun-

2105 5692 2359 5764 cedatnr,
2417 5702 2703 5759 praestante
2755 5694 2977 5752 Douiino
3046 5704 3230 5753 nostra
3274 5697 3399 5755 lesu
3438 5695 3666 5762 ChriSto,
