4078 6440
338 239 469 297 1077

332 456 518 501 natura
568 444 803 511 similes,
854 445 1142 499 dissimiles
1186 443 1427 500 fecerunt
1474 446 1691 514 disitiie,
1728 458 1904 502 tamen

333 538 529 591 mortui
563 544 687 591 sunt
714 550 890 605 pares,
919 545 971 590 et
1017 536 1154 603 apud
1189 536 1387 593 inferos
1424 548 1642 593 mutata:
1680 549 1804 594 sunt
1830 544 1907 594 vi-

331 640 451 681 ces.
494 625 645 681 Tune
674 626 749 687 ait
782 626 974 686 divt's:
1011 625 1165 681 Pater
1202 628 1481 691 Abraham,
1515 629 1749 683 miserere
1785 630 1902 684 mei.

333 718 475 780 Dixit
516 718 788 775 Abraham
818 736 829 770 :
864 716 1005 783 Fili,
1051 719 1322 776 recordare
1366 724 1487 800 quia
1516 723 1747 791 recepisti
1776 722 1908 779 bona

329 813 380 862 in
404 809 505 862 vita
533 819 642 874 tua,
681 820 730 871 et
760 810 983 869 Lazarus
1013 812 1246 866 similiter
1272 814 1446 879 mala;
1475 814 1557 868 hic
1585 832 1700 870 vero
1730 832 1912 872 conso-

330 896 487 964 latur,
516 907 571 951 tu
614 909 785 953 autem
814 902 1063 956 cruciaris
1103 901 1256 974 (Luc.
1302 903 1433 975 xvr).
1467 905 1511 961 Ο
1541 905 1723 974 ltomn,
1757 907 1909 963 audis

327 988 523 1057 justam
571 991 1032 1059 comparationem
1072 995 1378 1062 sententiae,
1410 998 1532 1066 quia
1570 997 1907 1067 refrigerium

328 1094 433 1141 non
466 1079 625 1135 liabet
650 1082 739 1151 qui
778 1085 997 1153 pauperi
1046 1100 1151 1141 non
1194 1085 1360 1142 dedit.
1407 1087 1624 1151 Fratres
1674 1091 1800 1155 mei,
1854 1088 1907 1147 in

329 1184 487 1225 manu
519 1172 612 1227 Dei
641 1174 874 1242 formati,
903 1176 1296 1233 auditevocem
1324 1179 1551 1246 Domini,
1577 1182 1791 1251 implete
1817 1183 1908 1251 de-

328 1263 582 1327 siderium
607 1266 745 1332 ejus,
771 1275 830 1321 ut
856 1268 1127 1338 accipiatis
1154 1270 1521 1327 luereditatem
1544 1273 1594 1335 in
1619 1289 1783 1344 regno
1812 1275 1904 1329 Pa—

327 1355 421 1409 tris
451 1355 637 1411 vestri.
682 1357 757 1413 Es
799 1375 957 1415 servo
1000 1362 1145 1423 enim
1192 1361 1364 1420 factus
1405 1378 1465 1423 es
1494 1366 1717 1421 amicus.
1760 1365 1907 1421 Con-

326 1455 504 1502 temne
530 1449 671 1517 quod
722 1451 1009 1507 damnatus
1040 1467 1121 1519 es,
1166 1457 1376 1524 respice
1402 1454 1542 1525 quod
1580 1466 1796 1511 renatus
1825 1473 1904 1512 es.

322 1538 429 1595 Fac
475 1543 569 1600 tibi
619 1543 879 1599 artiﬁcem
932 1554 1119 1599 contra
1160 1554 1443 1613 terrenum
1490 1548 1905 1616 patrimonium,

324 1630 463 1695 Deus
489 1634 649 1688 oﬂ’ert
678 1635 894 1693 caelum.
926 1636 1079 1695 Tunc
1119 1638 1263 1693 dicet
1296 1639 1414 1707 tibi,
1450 1639 1606 1695 Pater
1632 1651 1685 1695 et
1724 1641 1906 1696 Domi-

1708 242 1986 299 llOJllLIA
2033 244 2169 301 XVI.

333 354 549 423 net-ibus
576 352 740 433 pavit,
773 361 825 409 et
857 368 961 407 non
989 354 1115 408 vivit
1134 352 1305 409 dives.
1338 354 1481 421 Quos
1515 356 1694 426 utique
1722 359 1904 413 carnis
1930 362 1980 419 Α
2007 360 2105 415 hoc
2132 362 2245 433 ipso
2275 364 2615 425 communica,
2648 371 2693 415 et
2723 377 2785 415 ne
2810 356 3061 415 timueris.
3079 354 3208 415 σωκ
3229 342 3359 424 (ad!
3382 340 3647 407 ελιτηιονυ

2326 194 2358 206 ..
2398 159 2576 217 uti:
2620 202 2628 208 .
2818 186 2909 211 --:
3116 183 3164 217 τι

2638 236 2810 280 “wiser
2843 272 2850 278 .

2011 469 2213 524 synam,
2265 454 2536 524 prtemium
2568 454 2752 507 bonum
2781 452 2983 524 reponis
3012 450 3106 505 tibi
3129 451 3183 505 iu
3209 448 3295 507 die
3320 444 3612 508 ni‘ﬁtuitao

2011 543 2097 607 tis,
2156 544 2277 613 quia
2319 545 2640 614 eleemosyna
2679 561 2711 598 a
2753 553 2916 598 morte
2962 544 3172 609 liberat,
3214 555 3263 598 et
3298 542 3595 615 aperaritmi

3464 235 3565 292 107
3576 239 3617 293 3.:

3654 534 3692 577 ὲ

2010 649 2165 688 suum
2203 649 2306 687 non
2350 636 2544 702 patitur
2572 636 2647 688 ire
2683 635 2736 688 in
2767 635 3017 689 tenebras.
3063 632 3258 689 Munus
3298 635 3485 690 bonum
3517 646 3593 693 est
3654 686 3657 689 λ

2011 724 2261 789 omnibus,
2280 725 2403 794 quia
2428 726 2625 795 faciunt
2646 742 2757 779 eam
2774 742 2947 778 coram
2970 742 3167 780 summo
3198 725 3471 799 Deo(Tob.
3492 732 3590 799 tv).

2009 808 2261 867 Salomon
2302 812 2378 865 a't
2410 830 2422 864 :
2451 812 2551 877 Qui
2599 813 2867 867 miseretur
2895 817 3141 884 pauperi,
3175 814 3289 871 Deo
3318 820 3514 886 fenerat
3542 829 3595 873 et

2009 917 2266 970 nunquam
2308 902 2585 971 indigebit;
2624 904 2712 971 qui
2741 912 2909 957 autem
2937 908 3113 958 avertit
3145 906 3351 959 oculum
3379 924 3532 960 suum
3559 926 3593 962 α

2010 1009 2249 1064 paupere,
2281 995 2333 1047 in
2364 995 2577 1061 penuria
2608 996 2731 1047 vivet
2779 993 2959 1065 (Prov.
2993 996 3129 1071 xix).
3175 998 3511 1070 Eleentosyna
3535 1013 3587 1053 et

2010 1083 2114 1150 fide
2154 1093 2361 1152 peccata
2408 1094 2713 1157 purgantur.
2765 1086 2911 1143 Sicut
2959 1088 3092 1139 enim
3142 1104 3276 1158 aqua
3320 1092 3594 1162 exstinguit

2009 1174 2198 1245 ignem,
2228 1174 2298 1228 ita
2328 1175 2644 1246 elecmosyna
2674 1177 2954 1249 exstinguit
2987 1188 3251 1245 peccatum
3281 1179 3463 1250 (Prov.
3497 1198 3590 1247 xv,

2010 1269 2220 1338 xxvnt).
2252 1268 2381 1322 Item
2406 1268 2604 1337 Tobias
2633 1285 2647 1322 :
2681 1265 2808 1331 Fili,
2852 1285 2969 1321 cum
2996 1269 3254 1337 habueris,
3280 1270 3487 1340 benefac
3518 1282 3595 1325 te-

2008 1376 2123 1414 cum
2155 1369 2202 1413 et
2249 1359 2359 1413 Deo
2391 1360 2575 1429 dignas
2622 1360 2902 1415 oblationes
2950 1361 3102 1428 oﬂ'er,
3149 1378 3430 1417 memorare
3455 1366 3596 1434 quod

2010 1464 2146 1503 mors
2180 1466 2282 1503 non
2316 1451 2508 1515 tardat,
2558 1451 2807 1505 conclude
2832 1453 3201 1520 eleemosynam
3233 1454 3286 1506 in
3314 1455 3430 1507 sinu
3462 1470 3596 1519 past-

2009 1556 2204 1612 perum,
2235 1550 2281 1612 et
2313 1544 2419 1596 lucc
2454 1551 2502 1597 te
2532 1542 2759 1596 liberabit
2789 1543 2851 1596 ab
2874 1542 3011 1596 omni
3040 1542 3185 1595 mala
3210 1552 3260 1595 ι.
3290 1543 3419 1599 Item
3453 1545 3597 1611 psal-

2010 1608 2166 1685 mus:
2196 1608 2385 1685 Beatus
2428 1633 2515 1702 qui
2566 1632 2809 1702 intelligit
2858 1647 3012 1702 super
3057 1647 3271 1700 egenum
3312 1641 3360 1684 et
3402 1608 3596 1701 panpe-

322 1738 423 1776 nus
456 1733 510 1778 et
546 1725 774 1792 amicus,
825 1741 945 1781 cum
994 1728 1166 1783 fecisti
1201 1731 1421 1785 cmleSIe
1466 1733 1849 1786 commercium
1885 1749 1899 1787 :
1935 1731 1976 1789 Β
2006 1739 2133 1777 τεηι·
2167 1721 2300 1777 Ῑιθῐη
2333 1740 2344 1775 ε
2379 1722 2653 1791 Dormit.
2687 1722 2827 1777 άθάίι
2860 1723 3189 1791 Ραυρονίδαεν
3234 1722 3442 1793 imm“
3478 1725 3603 1793 diu!

324 1816 481 1867 Amen
510 1816 623 1869 dico
652 1817 762 1878 tibi,
792 1821 929 1887 quod
966 1820 1131 1891 fecisti
1170 1837 1232 1874 ea:
1278 1822 1355 1875 Itis
1386 1822 1639 1887 minimis,
1672 1823 1798 1875 mihi
1821 1823 1901 1892 [e-

322 1908 437 1960 risti
459 1902 672 1976 (Matth.
701 1908 849 1981 im).
874 1912 1026 1975 Quod
1053 1927 1153 1982 ego
1174 1928 1218 1965 ai
1238 1914 1398 1979 cipio,
1428 1928 1569 1967 nunc
1594 1913 1757 1967 reddo
1780 1929 1906 1969 cen-

320 1997 422 2053 ties
454 2006 680 2065 tantum,
707 2002 815 2054 imo
843 2002 1037 2056 millies
1060 2004 1364 2070 centuplum
1397 2012 1449 2057 et
1479 2003 1531 2056 in
1563 2002 1797 2058 futurum
1827 2005 1906 2059 vi-

318 2098 429 2143 tam
458 2099 736 2155 aeternam,
772 2093 910 2149 sicut
958 2108 1050 2160 per
1076 2093 1339 2151 Joannem
1369 2094 1610 2163 promisi,
1638 2094 1784 2149 mille
1809 2109 1904 2149 an-

315 2197 511 2243 norum
543 2185 876 2253 cnnvivium,
918 2196 974 2241 et
1012 2188 1077 2243 ad
1121 2189 1395 2251 dexteram
1434 2188 1611 2245 Patris
1656 2205 1900 2259 regnum.

312 2275 444 2333 Ideo
471 2291 600 2345 rogo
638 2292 757 2343 vos,
803 2278 1013 2343 teatres,
1047 2289 1106 2333 ut
1132 2281 1497 2350 unusquisque
1523 2292 1777 2350 quantum
1811 2297 1901 2343 va,-

306 2363 399 2429 let,
446 2368 727 2434 peregrino
752 2370 986 2437 porrigat
1011 2384 1130 2423 cum
1167 2370 1304 2425 bono
1330 2370 1532 2435 animo.
1560 2372 1696 2429 Audi
1725 2372 1901 2429 Domi-

302 2472 443 2511 num
475 2457 526 2511 in
551 2458 839 2531 Evangelia
870 2462 1022 2531 (Luc.
1057 2465 1170 2531 ιιι)
1203 2463 1471 2523 dicentem
1506 2464 1574 2519 de
1600 2466 1753 2523 vidua
1779 2483 1900 2537 qua:

299 2547 453 2607 duofs
483 2563 730 2608 nummos
756 2551 969 2616 obtul‘t,
996 2554 1170 2620 majus
1192 2554 1441 2609 omnibus
1466 2556 1611 2609 misit
1638 2574 1650 2609 :
1678 2558 1799 2626 quia
1824 2574 1903 2613 rc-

303 2638 444 2706 llqui
472 2637 665 2694 divites
687 2652 862 2709 erant,
893 2653 947 2697 et
987 2660 1051 2697 ex
1081 2661 1147 2696 eo
1174 2645 1313 2713 quod
1348 2646 1455 2699 illis
1485 2646 1782 2702 abundavit
1806 2648 1901 2703 de-

314 2729 546 2794 derunt;
577 2730 665 2784 illa
706 2748 835 2786 vero
858 2745 1024 2788 totum
1049 2737 1189 2808 quod
1224 2736 1410 2795 habuit
1440 2736 1663 2804 obtulit;
1695 2750 1747 2793 et
1774 2739 1899 2801 ideo

316 2821 512 2874 meruit
563 2823 704 2890 quod
736 2838 865 2884 eam
889 2824 1144 2884 Dominus
1174 2828 1391 2898 proprio
1420 2843 1518 2884 ore
1540 2829 1895 2887 collaudaret.

317 2911 441 2965 Ideo
498 2914 862 2984 unusquisque
914 2916 1074 2973 faciat
1121 2920 1262 2989 quod
1315 2921 1569 2990 prazvalet
1611 2939 1626 2977 :
1669 2933 1898 2994 excepto

317 3002 457 3057 victu
492 3002 797 3059 rationabili
825 3013 880 3069 et
904 3009 1119 3073 vestitu,
1148 3009 1406 3079 quidquid
1438 3011 1786 3080 soperl‘uerit,
1812 2996 1914 3070 Ιπί

2007 1824 2179 1869 manet
2204 1814 2258 1868 in
2283 1822 2529 1873 teternum
2567 1814 2739 1887 (Psal.
2788 1816 2903 1886 ιι).
2948 1813 3206 1876 Dominus
3237 1830 3332 1885 per
3362 1816 3598 1885 prophe-

2007 1913 2115 1962 tam
2166 1905 2240 1959 ait
2283 1924 2296 1960 :
2340 1906 2751 1968 Misericordia"!
2797 1909 2961 1977 magis
3012 1909 3127 1961 volo
3180 1925 3335 1977 quam
3391 1910 3595 1978 sacriﬁ-

2004 1994 2303 2063 cium(0se.
2339 1998 2431 2066 νι).
2468 1998 2596 2057 Item
2628 1997 2679 2052 in
2714 1998 3420 2067 Evangelioﬂhesaurisate
3457 2000 3595 2055 vobis

2007 2086 2300 2141 thesaurum
2341 2090 2390 2141 in
2431 2089 2638 2143 emtum.
2684 2088 2781 2143 Ubi
2832 2091 2987 2159 fuerit
3028 2091 3297 2146 thesaurus
3338 2102 3478 2157 titus,
3525 2090 3596 2144 ibi

2003 2181 2099 2236 erit
2129 2190 2175 2234 et
2207 2196 2294 2233 cor
2322 2190 2487 2233 tuum.
2518 2179 2648 2234 Item
2683 2197 2696 2233 :
2729 2181 2831 2247 Qui
2860 2181 3054 2247 dederit
3082 2181 3291 2236 calicem
3322 2198 3471 2252 aqua:
3496 2181 3597 2251 [ri-

2003 2271 2138 2341 gidte
2163 2271 2215 2325 in
2260 2274 2464 2326 uom’ne
2509 2288 2640 2337 meo,
2688 2288 2877 2332 merces
2905 2273 3016 2344 ejus
3050 2287 3150 2329 non
3192 2272 3395 2340 peribit,
3421 2272 3594 2339 Item;

2007 2345 2108 2428 Qui
2156 2363 2275 2432 fecit
2301 2362 2438 2433 quod
2469 2364 2607 2415 intus
2636 2370 2738 2428 est,
2788 2363 2910 2431 fecit
2946 2372 2992 2415 et
3018 2363 3155 2425 quod
3194 2363 3321 2430 foris
3358 2372 3451 2415 est.
3491 2360 3593 2415 Ve-

2002 2461 2291 2511 rumtamen
2320 2453 2435 2504 date
2475 2453 2879 2521 eleemosyuam,
2934 2460 2981 2504 et
3019 2467 3133 2505 ecce
3179 2453 3353 2505 omnia
3400 2454 3595 2505 munda

2000 2555 2115 2595 sunt
2140 2543 2280 2597 vobis
2307 2542 2518 2609 (Matth.
2550 2543 2647 2612 ts).
2694 2542 2884 2605 Pau'us
2933 2542 3209 2612 apostolus
3238 2542 3312 2597 ait
3346 2559 3363 2599 :
3408 2541 3591 2603 Vestra

2001 2630 2318 2684 abundantia
2348 2632 2557 2685 illorum
2590 2632 2815 2703 inapiam
2845 2633 3103 2703 suppleat.
3137 2634 3241 2700 Qui
3261 2650 3414 2702 parce
3435 2635 3588 2689 semi-

2002 2737 2119 2803 nat,
2145 2745 2297 2802 parce
2325 2740 2372 2782 et
2412 2738 2582 2791 metet.
2630 2730 2733 2795 Qui
2760 2730 2975 2793 seminat
3004 2731 3056 2784 in
3089 2731 3433 2785 benedictione
3460 2739 3507 2787 et
3530 2731 3594 2786 de

2003 2821 2346 2875 benedictione
2378 2830 2548 2876 metet.
2597 2820 2831 2876 Joannes
2858 2820 3189 2890 evangelista
3214 2822 3291 2879 ait
3321 2839 3334 2875 :
3368 2821 3471 2887 Qui
3493 2822 3589 2876 ha-

2005 2898 2168 2966 buerit
2196 2912 2533 2965 substantiam
2566 2912 2765 2978 mundi,
2798 2921 2844 2966 et
2874 2912 3055 2965 viderit
3078 2912 3292 2979 fratrem
3320 2928 3470 2965 suum
3499 2913 3590 2965 de-

2002 2990 2331 3069 siderantem,
2360 3013 2406 3057 et
2436 3003 2672 3057 clauserit
2708 3004 2901 3057 viscera
2932 3019 3048 3069 sua,
3079 3003 3337 3071 quomodo
3362 3003 3588 3057 cltaritas

317 3100 400 3145 tus
429 3100 486 3147 et
510 3092 695 3153 hilaris
728 3096 948 3164 pauperi
971 3099 1185 3154 tribuat.
1213 3101 1390 3168 Quare
1423 3101 1613 3171 Ianus?
1648 3106 1773 3173 quia
1802 3122 1897 3177 pa-
1923 3084 1970 3147 C
2001 3094 2104 3159 Dei
2127 3105 2296 3153 manet
2313 3098 2363 3150 in
2390 3095 2517 3165 eo(1
2541 3095 2699 3150 Joan.
2724 3095 2861 3165 vn)?
2902 3095 3029 3150 Item
3065 3114 3076 3148 :
3116 3096 3243 3150 Cum
3272 3098 3402 3165 facis
3426 3113 3586 3168 prqu-

316 3197 431 3236 rum
480 3182 574 3236 dat
609 3193 658 3238 et
690 3186 885 3253 accipit
931 3189 1182 3244 multum.
1229 3190 1458 3261 l’orrigit
1504 3208 1803 3260 nummum,
1845 3206 1901 3251 et

315 3282 593 3340 comparat
618 3290 862 3344 regnum.
894 3276 1104 3334 Tribuit
1134 3295 1350 3349 parvam
1384 3285 1688 3353 pecuniam,
1730 3295 1785 3340 et
1813 3303 1900 3343 ac-

315 3364 477 3431 cipiet
508 3367 671 3419 vitam
703 3375 990 3424 mternam:
1038 3370 1129 3426 dat
1159 3374 1493 3443 temporalia,
1549 3385 1603 3430 ut
1631 3386 1900 3432 mereatur

314 3466 536 3509 aeterna.
571 3454 798 3525 Porrigit
844 3460 1070 3519 caduca.
1114 3472 1165 3514 et
1212 3463 1396 3531 κραίνει
1442 3464 1561 3519 sine
1613 3466 1716 3522 line
1748 3483 1896 3523 man-

311 3558 458 3612 sura.
515 3544 579 3597 Et
607 3547 649 3599 si
686 3548 776 3601 tibi
804 3547 1001 3603 dixerit
1031 3549 1190 3605 homo
1222 3552 1391 3607 fidelis
1420 3574 1433 3609 :
1469 3553 1541 3608 Da
1572 3556 1702 3610 mihi
1734 3574 1892 3613 unum

311 3650 515 3689 unum
542 3650 841 3704 nummum,
872 3648 925 3694 et
958 3640 1177 3695 reddam
1203 3642 1295 3696 tibi
1320 3644 1523 3698 solidos
1550 3660 1745 3701 aureos
1772 3664 1899 3703 crn-

312 3733 423 3783 tum
443 3725 470 3778 ‘l
512 3727 745 3795 nunquid
776 3744 897 3785 cum
925 3731 1121 3799 gaudio
1155 3730 1309 3787 dabis
1332 3749 1522 3800 unum,
1566 3744 1627 3789 ut
1667 3738 1899 3817 accipias

312 3815 566 3869 centum?
594 3824 804 3882 quanto
824 3818 993 3886 magis
1021 3820 1143 3888 quia
1180 3821 1277 3889 tibi
1306 3822 1438 3887 dicit
1474 3823 1755 3891 Dominus,
1794 3815 1898 3889 Qui

313 3902 529 3968 pauperi
550 3904 741 3968 tribuit,
777 3903 1100 3975 Deofenerat
1121 3908 1302 3980 (Prov.
1333 3911 1478 3982 six)!
1532 3912 1603 3965 Da
1626 3929 1755 3984 ergo
1788 3913 1898 3971 Deo

311 4009 363 4055 tn
395 4001 563 4060 terra,
591 4005 649 4050 ut
669 3995 900 4064 accipias
929 3998 981 4052 in
1015 3999 1121 4053 vita
1159 4011 1360 4055 teterna
1386 4018 1402 4067 ;
1436 4011 1492 4056 ut
1522 4019 1643 4058 cum
1678 4008 1893 4061 veneris

310 4100 363 4138 tn
391 4097 687 4155 conspectu
718 4088 1027 4156 angelorum
1052 4101 1177 4145 ante
1202 4093 1429 4157 tribunal
1459 4096 1893 4165 mterniiudicis,

308 4191 501 4231 secura
528 4187 583 4232 et
627 4177 795 4233 libera
823 4182 1150 4238 conscientia
1200 4183 1381 4241 dicere
1414 4186 1583 4255 possis
1613 4205 1626 4242 :
1657 4188 1755 4255 Da,
1789 4189 1893 4244 Do-

309 4267 480 4332 mine,
504 4267 624 4335 quia
663 4268 824 4332 dedi;
852 4270 934 4337 tae
959 4272 1404 4336 misericordiam.
1453 4276 1578 4346 quia
1625 4277 1747 4331 feci.
1780 4278 1891 4348 Ego

306 4354 534 4423 implevi
558 4358 699 4427 quod
724 4358 962 4429 jus~isti,
1003 4371 1057 4416 tu
1096 4362 1259 4418 redde
1289 4364 1431 4433 quod
1460 4365 1776 4433 promisisti.
1823 4368 1891 4423 Et

2003 3186 2146 3247 dium
2188 3198 2277 3243 aut
2303 3203 2519 3254 caenam,
2568 3186 2673 3248 noli
2700 3202 2876 3240 vocare
2904 3186 3094 3240 amicos
3137 3187 3476 3252 aut.divites,
3519 3205 3584 3245 ne
3629 3240 3637 3253 ,

2002 3276 2134 3345 forte
2164 3276 2373 3330 invitent
2407 3286 2485 3342 te,
2519 3287 2563 3331 et
2594 3278 2679 3343 ﬁet
2709 3276 2798 3337 tibi
2828 3278 3127 3343 retributio;
3170 3277 3259 3331 sed
3287 3293 3412 3332 uoca
3441 3296 3589 3332 meu-

2002 3366 2165 3432 dicos,
2208 3376 2255 3419 et
2285 3367 2459 3420 beatus
2492 3368 2615 3430 eris,
2660 3368 2903 3438 quoniam
2935 3384 3035 3421 non
3066 3368 3248 3422 habent
3272 3368 3406 3423 unde
3436 3371 3589 3425 tetri-

2002 3457 2157 3509 buant
2204 3456 2321 3522 tibi,
2361 3459 2655 3510 restituetur
2709 3458 2800 3511 tibi
2846 3459 2899 3511 in
2937 3459 3267 3512 retributione
3302 3460 3588 3529 justorum.

2003 3552 2195 3615 Paulus
2224 3552 2501 3620 apostolus
2530 3550 2604 3605 ait
2634 3571 2646 3605 :
2685 3550 3025 3622 Eleemosyna
3054 3556 3205 3607 etiam
3225 3553 3271 3607 si
3290 3569 3447 3624 parva
3473 3554 3591 3623 fue-

2002 3643 2091 3707 rit,
2126 3643 2239 3713 ipsa
2268 3642 2505 3696 voluntas
2534 3642 2714 3712 stt/ﬁcit
2742 3645 2785 3696 si
2811 3652 3045 3713 prompta
3072 3643 3260 3712 fuerit;
3303 3646 3591 3704 secunduth

1999 3735 2137 3805 quod
2169 3735 2426 3801 habuerit,
2450 3746 2715 3798 acceptum
2745 3735 2841 3791 erit
2866 3733 3085 3789 Domino
3115 3732 3201 3803 (ll
3231 3733 3352 3793 Cor.
3380 3734 3519 3805 vin).

2570 3834 2853 3891 HUMILIA
2879 3834 3016 3891 XVI.

2622 3925 2698 3980 De
2753 3925 2985 3990 decimis.

2000 4018 2297 4076 (Admouitio
2330 4017 2386 4066 2t
2436 4013 3037 4138 Felicitat-‘iiinititiglalt’eqsis
3080 4017 3297 4082 episcOpi
3333 4018 3383 4067 in
3416 4016 3589 4069 codice

2071 4162 2326 4216 Dominus
2347 4159 2473 4216 dicit
2500 4156 2554 4213 in
2578 4158 2867 4229 Evangelia
2898 4174 2912 4213 :
2948 4159 3162 4213 Omnem
3191 4158 3579 4214 decimatiottsm

1996 4262 2216 4309 vestram
2262 4253 2573 4309 distribuite.
2625 4253 2744 4321 Ipse
2793 4267 2888 4320 per
2926 4251 3241 4321 prepltetam
3295 4250 3578 4320 loquitur:

1998 4341 2194 4414 Inferte
2223 4359 2423 4397 omnem
2452 4342 2700 4397 decimam
2728 4343 2782 4397 in
2820 4342 3064 4405 horreum
3096 4358 3286 4405 meum,
3322 4349 3379 4395 ut
3414 4341 3478 4395 sit
3503 4340 3578 4393 ei-

305 4448 379 4504 ibi
422 4448 611 4504 sudire
657 4452 915 4518 merearis
950 4469 962 4506 :
1000 4452 1200 4524 Venite,
1258 4432 1505 4518 benedicti
1546 4456 1720 4511 Patris
1772 4460 1893 4527 mei,

2003 4436 2093 4491 bus
2116 4437 2169 4489 in
2190 4436 2345 4497 demo
2369 4452 2503 4502 mea,
2534 4444 2578 4490 et
2601 4434 2813 4501 probate
2839 4451 2919 4489 me
2947 4435 3000 4487 in
3027 4434 3129 4500 his,
3154 4434 3277 4487 dicit
3311 4432 3585 4488 Dominus.

302 4538 563 4615 possidete
604 4556 817 4613 regnum
846 4546 983 4613 quod
1028 4546 1165 4605 vobis
1207 4556 1445 4614 paratum
1490 4558 1563 4604 est
1590 4549 1652 4603 ab
1698 4550 1895 4623 origine

300 4631 523 4696 noundi,
557 4643 849 4703 priestante
888 4638 1117 4703 Domino
1157 4651 1341 4702 nostro
1367 4641 1495 4699 Jesu
1537 4643 1771 4713 Christo,
1802 4647 1895 4717 qui

299 4721 437 4777 vivit
462 4732 518 4777 et
542 4734 729 4793 regnat
758 4726 811 4791 in
838 4729 1035 4785 saecula
1064 4732 1410 4789 saeculorum.
1448 4734 1642 4801 Amen.
1848 4724 1852 4729 ’

878 4816 1155 4873 HOMILIA
1204 4821 1322 4881 XV.

884 4909 961 4969 De
984 4914 1332 4981 eleemosynis.

298 5000 694 5062 (Admonitioio
734 5001 1336 5126 Fewtagliﬁaﬁgtgn’sis
1375 5010 1591 5071 episcopi
1630 5008 1679 5081 in
1719 5010 1891 5061 codice

1171 5084 1196 5115 υ
1234 5103 1245 5116 ι

1171 5084 1245 5116 υο.

368 5130 578 5203 Tobias
605 5147 711 5201 ait:
735 5147 982 5202 Omnibus
1005 5148 1318 5211 diebushvitte
1338 5158 1440 5205 tua:
1463 5151 1744 5213 Dominum
1762 5153 1893 5215 habs

297 5240 354 5295 iu
397 5247 586 5303 mente,
641 5246 688 5297 et
725 5239 828 5295 noli
860 5238 1123 5294 ambulare
1170 5241 1222 5294 in
1268 5242 1403 5296 viam
1458 5244 1761 5314 iniquitatis.
1810 5243 1894 5313 Ea:

297 5330 593 5387 substantia
626 5340 712 5384 tua
741 5334 825 5399 [ac
864 5332 1256 5403 cleemosynam,
1306 5342 1355 5389 et
1394 5335 1517 5395 noli,
1541 5346 1768 5392 avertere
1809 5338 1897 5407 [ag

297 5423 433 5477 ciem
470 5431 612 5476 tuam
651 5422 712 5478 ab
744 5421 850 5476 ullo
881 5440 1105 5493 paupere
1129 5466 1144 5490 ,
1196 5442 1259 5480 ne
1285 5443 1317 5479 a
1346 5438 1393 5479 te
1419 5437 1678 5481 avertatur
1735 5429 1893 5495 [acies

300 5511 425 5567 Dei.
475 5511 743 5580 Quomodo
773 5514 1031 5582 habueris,
1068 5516 1139 5571 sic
1187 5518 1291 5589 fac.
1342 5518 1481 5572 Licet
1525 5519 1785 5591 exiguum,
1832 5534 1895 5573 ea:

292 5604 345 5702 '_
374 5622 557 5702 {llaec
599 5637 723 5685 sunt
765 5627 1124 5687 Ecclesiastici
1153 5646 1259 5699 xiv,
1296 5633 1354 5687 tl
1402 5641 1456 5685 et
1486 5630 1574 5694 t2.
1608 5645 1712 5686 non
1743 5630 1885 5702 apud

300 5693 556 5762 Tobiam.

2004 4526 2201 4583 Paulus
2238 4526 2516 4595 apostolus
2567 4525 2702 4583 dixit
2750 4525 2817 4580 de
2854 4524 2975 4579 ﬁliis
3017 4524 3150 4580 Levi
3181 4541 3195 4577 :
3230 4522 3588 4579 Sacerdotium

2000 4619 2325 4686 accipientes,
2380 4618 2682 4673 mandatum
2709 4616 2899 4679 habent
2933 4618 3155 4675 decimas
3181 4632 3378 4671 sumere
3420 4632 3452 4669 a
3489 4633 3587 4686 po-

1999 4709 2125 4781 pqu
2152 4710 2435 4766 secundum
2464 4710 2642 4776 legem,
2674 4708 2730 4761 id
2761 4719 2835 4763 est
2854 4725 2885 4761 a
2912 4708 3161 4777 fratribus
3191 4710 3332 4771 suis;
3361 4707 3585 4763 hilarem

1998 4804 2134 4869 enim
2180 4801 2411 4854 datorem
2440 4800 2607 4868 diligit
2640 4797 2796 4853 Deus.
2849 4799 3102 4853 Salomon
3132 4796 3423 4852 dixit:Alii
3460 4797 3581 4850 divi-

2001 4893 2130 4946 dunt
2158 4891 2367 4961 prapria
2391 4898 2439 4943 et
2466 4891 2675 4943 ditiores
2706 4890 2872 4957 ﬁunt:
2902 4891 2993 4943 alii
3020 4889 3227 4959 rapiunt
3256 4903 3359 4940 non
3388 4903 3504 4952 sua,
3540 4895 3588 4941 et

2001 4996 2198 5049 semper
2225 4980 2278 5033 in
2303 4988 2523 5047 egestate
2546 4988 2666 5035 sunt
2686 4978 2871 5043 (Prov.
2895 4979 3012 5049 xv).
3042 4979 3197 5033 .lesus
3228 4976 3369 5031 ﬁlius
3394 4976 3587 5031 Sirat-b

2001 5069 2133 5127 dixit
2165 5085 2181 5124 :
2208 5066 2278 5129 In
2304 5070 2444 5124 omni
2477 5069 2620 5134 dato,
2664 5069 2879 5127 hilarem
2910 5072 2992 5140 {ac
3035 5069 3228 5127 cultum
3258 5078 3426 5139 tuum,
3453 5076 3501 5121 et
3528 5068 3587 5123 in

2000 5160 2344 5223 exsultatione
2361 5164 2628 5228 sancti/ica
2650 5165 2871 5216 dee.'mas
2898 5173 3035 5216 tuas.
3071 5160 3146 5215 Da
3174 5159 3457 5215 Altissimo
3482 5175 3576 5216 se-

2001 5253 2233 5314 cundum
2257 5254 2460 5319 datum,
2509 5264 2564 5310 et
2595 5254 2659 5313 in,
2686 5256 2825 5313 ιιωιυ
2852 5254 3009 5309 οιςιιιυ
3033 5252 3469 5309 adinvcntioncm
3498 5252 3581 5308 is.

1996 5347 2104 5405 cito
2135 5360 2388 5400 manuum
2420 5354 2665 5414 tuarum,
2699 5343 2949 5415 quoniam
2986 5343 3245 5399 Dominus
3275 5343 3580 5401 retribuens

1996 5448 2101 5501 est,
2131 5450 2185 5491 et
2212 5438 2412 5508 septies
2443 5444 2648 5492 tantum
2681 5436 2863 5491 reddet
2901 5435 3013 5489 tibi.
3047 5436 3377 5505 Augustinus
3403 5435 3578 5493 dixit:

1998 5529 2228 5584 Decima:
2273 5528 2696 5589 etenimktributa
2726 5534 2852 5582 sunt
2879 5526 3148 5596 egentium
3193 5526 3489 5582 animarum
3538 5529 3564 5569 θ

2065 5638 2093 5679 ι’
2121 5638 2491 5707 Tribunatum
2510 5638 2562 5694 in
2581 5636 2977 5710 redemptionem
3009 5637 3327 5691 animarum.
