4078 6440
366 206 522 281 ηε,
570 146 577 153 Ἦ

1782 199 2065 259 HOMtLlA
2103 198 2251 256 XIX.

3490 184 3637 265 'tosx‘

361 335 560 391 omnis
591 330 755 390 homo
777 327 1023 404 quamvis
1050 333 1320 398 peccator,
1368 322 1609 395 quamvis
1635 321 1956 376 criminosus
1982 312 2031 386 Α
2060 319 2327 375 horrescit
2379 318 2632 389 furorem,
2672 318 2806 390 tegit
2843 316 3127 386 luxuriam,
3167 316 3345 375 ﬁrmat
3369 330 3634 388 amorem,

306 484 315 488 -
369 430 476 495 sit,
527 428 860 500 quantalibet
905 425 1042 480 mala
1092 418 1493 493 perpetraverit,
1521 417 1565 472 si
1593 414 1961 485 ptenitentiam

320 514 329 535 ί
370 522 557 589 egerit
598 529 652 576 et
682 520 1078 587 eleemosynam
1101 514 1298 583 justam
1336 509 1540 572 fecerit,
1571 521 1839 575 nunquam
1870 503 1964 559 de-

370 613 612 667 scendet
655 614 707 665 in
748 610 1049 672 infernum,
1083 603 1176 659 sed
1225 603 1292 656 ab
1326 599 1528 669 angelis
1564 596 1863 652 elevabitur
1908 593 1961 648 in

369 704 604 757 ctelnm.
654 699 808 757 Unde
855 698 1111 753 Dominus
1156 684 1480 747 dicit:Non
1514 689 1777 758 iudicatur
1816 687 1969 738 homo

367 792 458 846 bis
488 793 544 846 in
562 793 787 863 idipaum
814 799 862 845 ⁸.
888 786 1174 857 Apostolus
1202 782 1334 838 dicit
1357 799 1369 834 :
1399 780 1550 847 Quod
1581 779 1623 833 si
1646 777 1965 849 nosjudica-

368 902 517 955 mus,
556 903 588 938 a
631 882 848 937 Domino
877 897 978 935 non
1004 879 1331 945 iudicamur;
1355 874 1455 928 hoc
1485 882 1605 926 est:
1644 870 1738 924 ille
1777 869 1866 938 qui
1912 867 1965 920 in

369 977 640 1046 praesenti
671 978 777 1028 vita
806 974 1151 1041 semetipsum
1186 984 1279 1046 per
1310 962 1678 1037 pmnitentiam
1724 960 1923 1030 iudicat
1947 1000 1963 1026 ,

375 1039 449 1120 ad
479 1065 735 1134 judicium
764 1067 952 1118 iterum
986 1039 1090 1115 non
1124 1039 1464 1128 rejudicatur,
1486 1055 1609 1123 quia
1639 1051 1725 1105 hic
1747 1051 1797 1104 in
1828 1064 1967 1118 prte-

374 1159 528 1214 senti
578 1158 681 1211 vita
731 1155 1066 1213 terminatur.
1118 1151 1333 1206 Fratres
1379 1142 1703 1206 charissimi,
1757 1154 1969 1207 semper

375 1250 553 1307 ﬁnem
577 1259 815 1304 nostrum
839 1247 1117 1301 attendere
1138 1244 1413 1305 debemus,
1433 1249 1488 1294 et
1506 1234 1759 1306 quidquid
1781 1240 1968 1288 contra

375 1340 484 1397 Dei
516 1349 781 1409 praecepta
813 1338 1099 1407 gessimus,
1131 1348 1225 1401 per
1253 1331 1437 1386 fletum
1469 1339 1522 1384 et
1552 1327 1784 1380 lamenta
1814 1338 1971 1391 repa,

371 1426 587 1489 remus.
630 1432 783 1489 Unde
830 1430 1087 1484 Dominus
1125 1426 1296 1481 Adam
1328 1430 1451 1493 post
1487 1428 1705 1490 peccata
1736 1414 1970 1479 vocavit,

376 1522 712 1596 [renovavit],
744 1523 947 1586 dicens,
971 1520 1136 1573 Adam
1156 1517 1244 1571 ubi
1271 1533 1323 1570 es
1345 1513 1501 1584 (Gen.
1529 1510 1647 1579 nt)?
1673 1508 1772 1563 Hic
1797 1506 1971 1561 omni-

377 1625 583 1688 potens
612 1617 757 1671 Deus
784 1614 991 1683 signum
1021 1612 1140 1677 dat,
1184 1618 1242 1664 ut
1285 1623 1383 1663 nos
1419 1620 1606 1660 omnes
1637 1609 1759 1673 post
1784 1612 1973 1667 pecca-

378 1719 505 1767 tum
547 1710 614 1765 ad
658 1710 1025 1781 pmnitentiam
1071 1714 1318 1770 revocet;
1348 1710 1406 1757 et
1439 1700 1581 1756 unde
1609 1696 1973 1764 esrexpulsus
2004 1695 2052 1755 B

378 1811 544 1872 pater
590 1816 688 1870 per
729 1807 1032 1867 peccatum,
1078 1803 1401 1850 revocentur
1432 1791 1523 1845 filii
1564 1804 1661 1859 per
1707 1786 1970 1857 poeniten-

382 1894 547 1949 tiam.
593 1894 659 1946 Et
690 1892 879 1947 beatus
918 1889 1212 1960 Gregorius
1240 1881 1577 1950 dicitzQuod
1608 1880 1649 1934 si
1682 1875 1973 1948 perfectam

382 1986 770 2057 paenitentiam
801 1984 1029 2054 agimus,
1077 1996 1183 2034 non
1225 1978 1400 2034 solu‘m
1434 1981 1645 2029 nostras
1674 1970 1861 2038 culpas
1889 1967 1975 2021 di-

382 2078 558 2135 mittit
585 2078 756 2141 Deus,
785 2076 878 2131 sed
913 2084 1033 2147 post
1059 2073 1248 2142 culpas
1278 2070 1495 2140 praemia
1525 2074 1723 2121 aeterna
1757 2060 1980 2132 promit-

383 2169 476 2224 tit.
531 2169 596 2222 Et
634 2167 827 2223 beatus
870 2165 1200 2235 Augustinus
1237 2162 1311 2217 ait
1344 2177 1357 2213 :
1388 2160 1604 2214 Fratres
1649 2149 1974 2217 charissimi,

384 2260 648 2332 quidquid
696 2268 886 2314 contra
944 2258 1037 2311 Dei
1084 2262 1352 2323 prrccepta
1400 2250 1685 2320 gessimus,
1735 2244 1839 2298 hoc
1886 2255 1981 2311 per

388 2352 766 2422 penitentiam
821 2358 876 2403 et
919 2349 1151 2402 lamenta
1190 2340 1695 2413 reparemus:quia
1744 2350 1852 2391 non
1896 2347 1982 2387 re-

388 2442 573 2511 quiret
601 2442 741 2495 Deus
778 2442 962 2511 quales
991 2449 1149 2494 antea
1198 2436 1417 2501 fuimus,
1456 2434 1551 2492 sed
1600 2430 1784 2502 quales
1834 2426 1981 2483 circa

387 2530 557 2585 ﬁnem
589 2531 771 2585 mundi
802 2540 977 2584 astare
1008 2528 1373 2583 debueritnus.

892 2706 895 2709 λ
930 2632 1211 2695 noutLtA
1256 2635 1445 2692 xvnt.

846 2732 924 2787 De
960 2731 1249 2801 pauitantia
1298 2730 1517 2799 agenda.

466 2824 718 2886 (Sequens
734 2825 840 2873 sive
860 2823 1076 2886 homilia,
1110 2822 1211 2869 sive
1234 2832 1422 2886 sermo,
1449 2816 1823 2886 admoni_tio__aut
1855 2811 1984 2862 aliud

398 2877 506 2943 tale
530 2877 794 2949 quidpiam,
824 2886 949 2934 hunc
974 2877 1123 2932 habet
1142 2881 1334 2932 titulum
1360 2882 1406 2929 iu
1428 2879 1536 2929 cod.
1558 2877 1785 2938 Quintil.)

620 2967 926 3026 Exhortatio
965 2966 1236 3036 Augustini
1282 2965 1349 3017 ad
1400 2961 1765 3032 paenitentiam.

2066 412 2238 468 calcat
2253 411 2580 483 superbiam,
2596 412 2830 482 linguam
2849 412 3109 479 continet,
3142 411 3411 482 componit
3430 426 3634 481 mores,

2065 504 2177 558 odit
2207 504 2365 569 mala,
2410 504 2652 559 excludit
2695 504 2842 569 vitia,
2874 503 3240 574 superioribus
3274 502 3500 573 supplex
3528 511 3637 574 est,

2067 596 2411 651 inferioribus
2439 596 2677 662 subjecta
2706 605 2808 650 est.
2841 594 2895 648 In
2924 595 3087 650 corde
3109 595 3225 663 ejus
3253 593 3505 649 contritio
3531 601 3638 658 est,

2069 688 2121 743 in
2149 696 2243 743 ore
2284 687 2574 750 confessio,
2607 688 2658 740 in
2701 702 2864 756 opere
2904 696 3012 741 tota
3051 687 3326 742 humilitas
3357 704 3370 739 :
3405 686 3521 739 haec
3558 690 3644 739 eat

2068 778 2300 848 perfecta
2367 786 2421 830 et
2474 776 2741 830 fructuosa
2805 779 3137 845 poenitentia.
3201 776 3289 832 Sic
3355 771 3646 844 pmnitenti

2068 877 2266 938 praesto
2310 876 2394 921 est
2421 866 2583 929 Deus,
2616 866 2868 921 esurienti
2917 868 3145 921 nutritor
3173 875 3273 929 est,
3307 863 3511 920 sitienti
3542 879 3644 934 ρο-

2072 970 2233 1016 tator.
2261 960 2305 1015 Ο
2336 959 2671 1031 poenitentia,
2708 960 3086 1014 misericordia:
3109 969 3279 1016 mater
3308 967 3363 1013 et
3391 958 3644 1027 magistra

2070 1051 2344 1117 virtutum,
2374 1042 2565 1119 magna
2589 1063 2748 1117 opera
2776 1049 2889 1103 tua!
2925 1049 3103 1117 lapsos
3126 1047 3401 1111 sublevas,
3425 1059 3645 1103 recreas

2071 1144 2402 1211 desperatos,
2434 1157 2530 1211 per
2574 1151 2627 1196 te
2676 1140 2827 1195 nobis
2863 1141 3106 1195 Christus
3135 1153 3357 1208 regnum
3386 1138 3649 1193 cmlorum‘

2070 1237 2549 1307 appropinquatum
2572 1235 2831 1305 designat,
2856 1235 3039 1289 dicens
3062 1232 3464 1289 :Ptenitentiam
3486 1233 3648 1307 agite,

2072 1326 2513 1399 appropinquabit
2546 1325 2692 1382 enim
2722 1340 2942 1394 regnum
2973 1325 3254 1386 caelorum.
3285 1321 3477 1385 Amen.
3648 1328 3654 1337 ‘

2627 1437 2909 1494 HOMILIA
2957 1437 3101 1493 XIX.

2214 1558 2462 1633 Ejusdem
2495 1558 2557 1621 S,
2591 1556 2657 1611 Ρ.
2690 1557 2764 1613 Ν.
2800 1555 3071 1629 Augustini
3100 1555 3163 1609 de
3190 1554 3515 1611 Puniteatia.

2468 1665 2763 1729 (Reperitur
2789 1669 2842 1714 et
2861 1664 2986 1728 apud
3011 1664 3259 1725 Ambros.)

2152 1772 2450 1838 Admoneo,
2484 1771 2692 1837 fratres,
2724 1770 2777 1825 in
2799 1778 3089 1839 conspectu
3114 1770 3230 1833 Dei,
3262 1776 3367 1824 etc.
3401 1767 3457 1825 Si
3480 1775 3663 1835 autem

2077 1866 2186 1936 agit
2215 1865 2577 1935 paenitentiam
2628 1862 2705 1919 ex
2736 1870 2848 1917 toto
2887 1862 3072 1925 corde,
3117 1861 3209 1914 sed
3241 1860 3287 1914 si
3326 1869 3449 1929 agat
3476 1874 3659 1919 veram

2080 1956 2447 2025 paenitentiam
2474 1956 2563 2008 ubi
2594 1956 2730 2010 Deus
2778 1953 2915 2007 vidit
2942 1952 3079 2006 sicut
3100 1940 3194 2006 cer
3225 1951 3415 2015 David,
3446 1949 3665 2018 quando

2079 2035 2388 2117 increpatu's
2415 2062 2445 2101 a
2468 2045 2729 2115 propheta
2754 2044 2988 2113 graviter
3003 2052 3057 2097 et
3077 2050 3199 2112 post
3221 2040 3664 2097 comminatione:

2081 2139 2355 2193 terribiles
2385 2137 2501 2199 Dei,
2535 2134 2854 2189 exclamavit
2899 2133 3129 2187 dicens‘:
3167 2131 3397 2199 Peccavi,
3441 2142 3497 2185 et
3540 2140 3664 2191 mox

2080 2227 2301 2294 audivit,
2338 2226 2588 2280 Dominus
2613 2226 2818 2279 abstulit
2847 2234 3109 2296 peccatum
3140 2233 3284 2276 tuum
3305 2220 3356 2275 δ.
3397 2220 3665 2293 Quantum

2081 2318 2266 2374 valent
2310 2326 2420 2375 tres
2447 2318 2701 2388 syllabae?
2730 2316 2864 2369 Tres
2903 2318 3047 2369 enim
3092 2315 3315 2386 syllaba:
3355 2323 3496 2375 sunt,
3545 2326 3667 2379 pec~

2083 2412 2232 2476 cavi;
2287 2408 2380 2464 sed
2426 2408 2478 2461 in
2519 2408 2636 2463 istis
2685 2406 2851 2467 tribus
2898 2405 3117 2475 syllabis
3162 2404 3373 2457 ﬂamma
3419 2400 3669 2458 sacriticii

2084 2503 2264 2557 cordis
2288 2501 2406 2568 ejus
2431 2500 2496 2553 ad
2520 2499 2717 2554 coelum
2744 2497 3011 2567 ascendit,
3039 2497 3178 2565 Ergo
3208 2494 3296 2564 qui
3321 2493 3491 2563 egerit
3516 2508 3669 2548 vcra<

2084 2594 2219 2648 citer
2241 2591 2628 2661 paenitentiam,
2662 2598 2719 2644 et
2746 2590 2951 2643 solutus
2986 2590 3145 2643 fuerit
3174 2603 3206 2643 a
3236 2589 3524 2657 ligamento
3563 2601 3670 2659 quo

2086 2692 2205 2737 erat
2233 2683 2551 2737 constrictus
2592 2691 2645 2734 et
2689 2694 2719 2733 a
2747 2678 2941 2733 Christi
2985 2693 3211 2747 corpore
3263 2688 3560 2743 separatus,
3608 2684 3667 2731 et

2008 2784 2011 2787 λ
2081 2771 2223 2836 bene
2253 2780 2375 2840 post
2401 2770 2765 2841 pmnitentiam
2798 2769 3012 2833 vixerit,
3046 2780 3161 2837 post
3186 2766 3670 2823 reconciliationem

2088 2879 2208 2919 cum
2258 2862 2540 2917 defunctus
2592 2860 2771 2929 fuerit,
2823 2859 2889 2913 ad
2942 2859 3224 2912 Dominum
3273 2858 3438 2921 vadit,
3482 2856 3551 2910 ad
3582 2871 3672 2911 re.

2090 2955 2267 3025 quiem
2299 2953 2465 3014 vadit,
2500 2966 2664 3020 regno
2694 2951 2787 3005 Dei
2822 2965 2927 3003 non
2972 2949 3289 3018 privabitur,
3336 2958 3390 3001 et
3418 2963 3446 3000 a
3475 2946 3673 3004 diaboli

472 3058 575 3127 Qui
603 3059 774 3128 egerit
814 3073 993 3113 veram
1026 3056 1412 3126 paenitentiam,
1444 3063 1496 3108 et
1527 3053 1732 3107 solutus
1766 3049 1925 3105 fuerit
1951 3063 1981 3103 a
2015 3054 2059 3117 ο
2093 3049 2287 3120 pepulo
2326 3047 2680 3117 separabitur.
2709 3045 2809 3112 Qui
2841 3053 3017 3099 autem
3049 3044 3254 3115 positus
3279 3044 3331 3098 in
3363 3044 3546 3097 ultima
3576 3057 3673 3098 ne-

400 3151 690 3219 ligamento
716 3164 822 3220 quo
862 3160 979 3204 erat
1005 3148 1350 3211 constrictus,
1379 3155 1432 3200 et
1459 3160 1488 3199 a
1531 3143 1728 3199 Christi
1757 3157 1985 3211 corpore

401 3251 707 3309 separatus,
754 3247 811 3295 et
840 3241 973 3294 bene
1015 3248 1136 3307 post
1163 3237 1531 3307 paenitentiam
1579 3235 1809 3300 vixerit;
1866 3242 1987 3304 post

402 3332 895 3395 reconciliationem
937 3348 1057 3391 cum
1090 3330 1371 3388 defunctus
1404 3328 1559 3383 fuerit
1585 3327 1652 3381 ad
1702 3326 1985 3381 Dominum

403 3421 573 3490 vadit,
601 3423 669 3477 ad
708 3424 947 3492 requiem
979 3422 1144 3486 vadit,
1192 3432 1246 3476 et
1273 3436 1438 3492 regno
1474 3420 1566 3474 Dei
1598 3434 1704 3473 non
1749 3416 1986 3485 privabi-

406 3520 514 3576 tur,
537 3520 592 3567 et
618 3528 649 3567 a
693 3514 963 3568 consortio
991 3512 1189 3571 diaboli
1220 3510 1570 3581 separabitur.
1607 3511 1786 3581 Agens
1816 3508 1987 3576 poeni-

409 3603 628 3672 tentiam
670 3606 796 3659 dum
826 3619 988 3660 sanus
1017 3614 1118 3668 est,
1158 3613 1357 3659 etcum
1391 3602 1763 3659 reconciliatus
1806 3600 1984 3664 fuerit,

410 3702 467 3748 et
493 3694 629 3748 bene
658 3694 866 3760 vixerit,
911 3709 1134 3750 securus
1162 3704 1266 3749 est.
1307 3693 1372 3747 Et
1400 3692 1526 3761 quid
1551 3703 1631 3746 est
1669 3700 1786 3760 post
1816 3691 1988 3758 pruni,

412 3784 630 3849 tentiam
659 3784 796 3838 bene
825 3786 1035 3838 vivere?
1063 3784 1192 3839 Dico
1216 3784 1368 3839 vobis
1402 3801 1415 3836 :
1459 3783 1765 3847 Absunete,
1798 3781 1845 3834 si
1874 3781 1990 3834 vul-

413 3872 502 3937 tis,
526 3872 593 3927 ab
620 3872 880 3935 ebrietate
904 3884 955 3927 et
976 3889 1004 3933 a
1028 3873 1480 3943 concupiscentia,
1501 3889 1525 3922 ιι
1547 3873 1705 3935 inrto,
1736 3886 1765 3924 a
1791 3871 1993 3925 malilo-

411 3963 559 4033 quio,
583 3964 650 4017 ab
669 3964 1018 4027 immoderato
1034 3964 1166 4029 risu,
1187 3978 1216 4021 a
1242 3964 1405 4021 verbo
1428 3962 1622 4027 etioso,
1641 3960 1780 4015 unde
1811 3960 1991 4015 reddi-

413 4053 517 4115 turi
546 4061 670 4109 sunt
697 4052 941 4113 homines
974 4053 1231 4109 rationem
1262 4052 1314 4115 iu
1338 4052 1424 4106 die
1452 4049 1766 4120 judicii,Vis
1795 4058 1994 4113 autem,

414 4141 618 4207 frater,
668 4143 737 4197 ab
784 4142 994 4203 inferno
1024 4142 1271 4211 liberari,
1328 4151 1379 4198 et
1424 4141 1565 4212 quod
1606 4142 1867 4195 incertum
1914 4147 1998 4195 est

415 4234 690 4304 evadere?
720 4249 817 4305 age
847 4236 1237 4304 pmnitentiam,
1273 4235 1397 4295 dum
1444 4249 1609 4288 sanus
1638 4248 1717 4289 es.
1752 4233 1811 4288 Si
1854 4233 1997 4287 enim

414 4324 588 4394 egeris
608 4340 785 4378 veram
817 4326 1209 4395 paenitentiam,
1234 4334 1285 4380 et
1316 4325 1581 4386 invenerit
1600 4333 1650 4379 te
1674 4321 1998 4383 novissimus

2093 3142 2351 3197 cessitate
2376 3138 2705 3208 aegritudinis
2744 3151 2856 3194 sua:
2877 3136 3146 3206 acceperit
3191 3135 3577 3203 paenitentiam,
3618 3138 3672 3189 et

2086 3250 2213 3290 mox
2266 3231 2638 3288 reconciliatus
2676 3228 2858 3293 fuerit,
2910 3237 2966 3282 et
3013 3227 3178 3294 vadit,
3212 3226 3263 3281 id
3306 3236 3412 3291 est,
3460 3226 3570 3281 exit
3602 3225 3673 3282 de

2086 3340 2314 3395 corpore
2344 3344 2355 3377 :
2388 3323 2560 3378 fateor
2606 3320 2779 3387 vobis,
2808 3335 2915 3374 non
2958 3320 3032 3374 illi
3063 3332 3321 3388 negamus
3348 3317 3490 3388 quod
3520 3317 3672 3387 petit,

2086 3417 2181 3472 sed
2204 3431 2300 3471 uec
2327 3428 2594 3483 praesumo
2614 3413 2735 3483 quia
2760 3412 2896 3467 bene
2920 3410 3045 3465 hinc
3068 3409 3180 3466 exit
3207 3428 3220 3462 :
3246 3424 3351 3464 non
3376 3423 3670 3478 prasumo,

2088 3523 2197 3564 non
2228 3508 2505 3576 polliceor,
2534 3521 2640 3560 non
2668 3505 2809 3569 dico,
2840 3518 2946 3557 non
2977 3518 3073 3557 vos
3102 3502 3249 3567 fallo,
3277 3517 3383 3564 non
3418 3517 3511 3556 vos
3534 3502 3676 3557 deei.

2090 3600 2198 3669 pio,
2229 3615 2334 3652 non
2383 3599 2535 3652 vobis
2575 3596 2851 3663 promitto.
2886 3593 3079 3647 Fidelis
3119 3592 3255 3646 bene
3295 3593 3477 3645 vivens
3508 3607 3672 3647 sentt.

2091 3705 2182 3745 rus
2213 3690 2336 3743 hinc
2363 3688 2493 3743 exit.
2527 3688 2703 3755 Agens
2732 3683 3101 3750 paenitentiam
3139 3682 3266 3735 dum
3304 3697 3466 3735 sanus
3497 3692 3576 3735 est
3620 3690 3679 3736 et

2090 3779 2491 3837 reconciliatus,
2513 3785 2567 3830 et
2592 3786 2772 3842 postea
2796 3773 2931 3827 bene
2957 3772 3170 3837 vixerit,
3190 3758 3415 3824 securus
3438 3777 3540 3823 est.
3566 3768 3675 3824 Sed

2092 3870 2230 3934 dicis
2258 3868 2383 3937 quid
2425 3875 2538 3929 est,
2571 3865 2613 3918 si
2645 3864 2781 3924 bene
2812 3862 3037 3927 vixerit,
3070 3860 3153 3914 vel
3181 3860 3283 3914 hoc
3318 3874 3417 3913 nos
3448 3859 3674 3928 instrue,

2094 3961 2345 4015 sacerdos
2374 3958 2535 4023 bone,
2560 3967 2615 4009 ut
2635 3955 2739 4009 hoc
2759 3954 2992 4009 sciamus
3005 3954 3037 4007 ’ἓι
3054 3952 3183 4007 Illud
3212 3952 3424 4007 nescire
3445 3961 3493 4005 te
3515 3951 3675 4016 dicis,

2096 4052 2185 4122 qui
2215 4059 2429 4118 accepta
2458 4048 2766 4117 poenitentia
2814 4046 2878 4099 ad
2913 4045 3097 4099 horam
3126 4044 3365 4107 transiit,
3392 4043 3600 4096 nescire
3626 4049 3689 4097 te

2100 4146 2254 4207 dicis,
2289 4143 2521 4197 facinora
2546 4155 2639 4194 sua
2683 4139 2728 4193 si
2762 4138 3072 4194 relaxentur
3104 4137 3156 4191 in
3186 4135 3275 4192 die
3298 4133 3509 4204 judicii.
3546 4134 3692 4189 Hine

2101 4235 2301 4290 nullam
2347 4231 2694 4286 securitatem
2725 4227 2882 4282 nobis
2911 4226 3033 4280 das.
3057 4225 3195 4293 Quid
3222 4234 3305 4281 est
3330 4225 3469 4279 bene
3495 4223 3687 4278 vivere

2104 4337 2226 4396 post
2272 4325 2677 4394 pcenitentiam,
2721 4322 2860 4375 doce
2906 4335 3025 4374 nos.
3075 4320 3202 4373 υιεο
3232 4318 3386 4371 vobis
3411 4316 3686 4371 abstinere

414 4416 554 4482 dies.
593 4427 686 4472 θυι
710 4424 984 4486 τερεηιέηει
1016 4434 1181 4485 mors,
1214 4432 1437 4475 securus
1466 4432 1545 4472 es.
1574 4416 1847 4473 Concurre
1874 4429 1991 4469 om-
2022 4413 2073 4472 D
2101 4420 2168 4473 ab
2209 4418 2540 4479 ebriositate,
2594 4431 2623 4468 a
2655 4414 3109 4481 concupiscentia,
3163 4426 3193 4465 a
3245 4410 3409 4473 furto,
3457 4422 3487 4462 a
3537 4408 3688 4463 malo

415 4508 545 4579 nino
575 4510 638 4563 ad
666 4510 1023 4584 sacerdotem,
1057 4520 1112 4564 ut
1142 4509 1528 4574 reconcilieris.
1559 4509 1616 4564 Si
1649 4508 1727 4563 sic
1748 4508 1884 4577 agis,
1913 4522 1997 4565 se-

418 4616 579 4656 curus
608 4617 689 4673 es,
722 4619 792 4663 eo.
817 4604 957 4674 quod
988 4603 1240 4672 accepisti
1274 4604 1641 4672 ptenitentiam
1675 4601 1853 4675 [egisti
1885 4616 2000 4672 poe-

419 4690 621 4761 nitens]
665 4696 851 4753 eodem
883 4705 1123 4763 tempore
1151 4696 1364 4764 quando
1394 4708 1619 4765 peccare
1663 4697 1901 4765 potuisti.
1941 4695 1998 4751 Si

421 4793 598 4841 autem
632 4794 755 4840 tunc
784 4789 875 4853 vis,
909 4803 1068 4856 agere
1096 4790 1485 4855 pmniteutiam,
1516 4789 1729 4857 quando
1775 4802 2000 4857 peccare

416 4874 530 4947 jam
574 4890 679 4945 non
714 4888 887 4944 potes,
937 4887 1151 4944 peccata
1179 4887 1231 4934 te
1258 4879 1594 4944 dimiserunt,
1626 4896 1729 4933 non
1775 4890 1830 4933 tu
1880 4879 1995 4935 illa.

423 4967 475 5022 Ο.
498 4966 807 5038 pmnitentia
836 4983 951 5037 qua:
986 4978 1225 5038 peccata,
1260 4969 1547 5029 miserante
1575 4972 1703 5034 Deo,
1740 4970 2009 5034 remittis,

424 5068 479 5116 ct
506 5057 750 5127 paradiso
780 5075 1046 5115 reservas.
1079 5060 1121 5127 Ο
1154 5062 1483 5129 ptmiitentia,
1512 5062 1638 5131 quid
1669 5062 1736 5115 de
1761 5069 1814 5115 te
1844 5059 2002 5115 nobis

352 5153 363 5163 ‘
424 5152 688 5221 referam?
713 5151 901 5218 Omnia
925 5152 1146 5217 adversa
1177 5164 1230 5215 tu
1271 5154 1506 5223 mitigas,
1557 5155 1732 5213 omnia
1771 5152 2007 5208 contrita

426 5249 481 5297 tu
523 5255 701 5311 sanas.
748 5240 799 5311 0,
836 5242 1155 5315 pmnitentia,
1207 5247 1426 5317 τυιίυοι·
1470 5258 1623 5308 auro,
1674 5242 2005 5311 splendidior

426 5334 559 5403 stole,
583 5350 739 5403 quam
760 5344 1025 5403 peccatum)
1050 5349 1146 5397 nan
1173 5349 1371 5416 ι-ίηοῖι,
1396 5350 1493 5390 uec
1516 5335 1745 5391 defectio
1765 5344 2003 5402 snperat,

426 5438 525 5491 nec
562 5426 860 5497 desperatio
898 5426 1045 5487 delet.
1080 5427 1423 5529 quwntia
1461 5426 1667 5497 respuit
1702 5423 2007 5493 avaritiam,

465 5582 818 5673 .,".N.‘"’t‘"'.'».
832 5584 880 5673 92
899 5582 1069 5673 ,ίέίξίῖέίν
1086 5625 1141 5673 .2.
1160 5611 1411 5673 -...,,1um
1445 5583 1642 5673 Ψ(

428 5651 502 5729 iis
532 5656 613 5720 ixi
636 5655 693 5723 τὸ
714 5643 825 5723 αὐτὸ
850 5643 986 5709 ε’Νὸπ
1002 5643 1435 5790 νὶηᾶθίὲἶξῖμίίι
1470 5659 1522 5714 in
1553 5643 1814 5727 utipsam,

1112 5745 1168 5806 ἰί

1111 5764 1159 5815 ιι

1308 5611 1411 5669 ιιηι
1445 5583 1617 5669 11L};
1632 5584 1732 5666 ,οὐκ
1758 5580 2008 5649 ἐκδικήσει

2102 4512 2334 4579 eloquio,
2373 4510 2440 4562 ab
2472 4507 2591 4573 ipso
2622 4506 2975 4559 immoderato
3025 4504 3155 4568 risu,
3202 4517 3231 4556 a
3273 4500 3437 4556 verbo
3484 4500 3683 4565 otioso,

2104 4604 2243 4657 unde
2280 4601 2536 4657 reddituri
2563 4607 2686 4653 sunt
2720 4597 2958 4651 homines
2985 4597 3248 4649 rationem
3281 4595 3331 4646 in
3362 4591 3452 4647 die
3472 4590 3682 4659 judicii.

2104 4694 2245 4751 Ecce
2273 4708 2428 4761 quant
2461 4690 2595 4744 levia
2627 4690 2757 4753 dixi,
2788 4698 2842 4744 et
2869 4686 3045 4740 omnia
3080 4686 3168 4739 illa
3204 4683 3393 4753 gravia
3434 4691 3487 4734 et
3519 4680 3685 4747 pesti-

2104 4788 2237 4843 fera.
2265 4786 2403 4841 Ecce
2449 4782 2592 4836 aliud
2622 4781 2743 4835 dico
2772 4797 2786 4833 :
2818 4796 2924 4834 non
2963 4780 3135 4833 solum
3168 4786 3287 4845 post
3315 4773 3684 4843 paenitentiam

2104 4877 2172 4930 ab
2194 4877 2309 4930 iStis
2335 4875 2480 4928 vitiis
2511 4876 2903 4931 ltomoservare
2930 4885 2987 4926 se
3012 4869 3193 4930 debet,
3216 4864 3311 4920 sed
3343 4873 3395 4917 et
3426 4873 3549 4915 aute
3574 4874 3686 4930 pce-

2107 4964 2404 5028 nitentiam,
2446 4962 2570 5014 dum
2601 4976 2760 5017 sanus
2785 4972 2869 5014 est
2893 4976 2908 5013 :
2934 4958 3054 5028 quia
3084 4956 3252 5010 nescit
3280 4953 3326 5006 si
3385 4949 3556 5021 possit
3603 4950 3686 5018 ip«

2107 5072 2220 5112 sam
2249 5056 2609 5125 paenitentiam
2632 5053 2877 5122 accipere
2897 5062 2950 5105 et
2980 5046 3226 5104 confiteri
3261 5046 3370 5099 Deo
3402 5052 3460 5099 et
3506 5056 3685 5097 sacer-

2109 5148 2216 5203 doti
2250 5156 2466 5217 peccata
2493 5161 2607 5201 sua.
2642 5145 2779 5203 Ecce
2806 5157 2973 5213 quare
3014 5140 3146 5203 dixi,
3169 5146 3224 5193 et
3249 5149 3374 5192 ante
3419 5136 3687 5206 pmniten.

2115 5242 2239 5295 tiam
2287 5240 2493 5301 melius.
2521 5240 2700 5307 Agens
2751 5249 2897 5295 vero,
2925 5231 3289 5302 paenitentiam
3321 5228 3387 5283 ad
3419 5227 3687 5292 ultimum,
3729 5218 3731 5222 ⁴

2115 5343 2168 5387 et
2213 5332 2586 5395 reconciliatus
2628 5326 2837 5391 exierit,
2887 5324 2931 5381 si
2962 5336 3182 5378 securus
3210 5321 3333 5376 hinc
3371 5326 3555 5386 exeat,
3587 5332 3689 5389 ego

2117 5439 2220 5493 non
2266 5439 2384 5479 sum
2415 5433 2656 5483 securus.
2688 5414 3069 5481 Ptenitentiam
3109 5412 3242 5468 dare
3266 5424 3505 5483 possum,
3532 5422 3687 5467 secu-

2187 5580 2215 5622 δ
2242 5578 2451 5649 Audiuit
2486 5576 2733 5634 Dominus
2757 5586 2810 5649 et,
2825 5572 3028 5630 abstulit
3055 5578 3315 5643 peccatum
3340 5569 3472 5651 eius.
