4078 6440
465 281 608 343 ωεδ

1503 278 1562 334 S.
1600 273 1904 333 CAESARI}
1937 269 2153 329 EPISC.
2195 268 2668 329 ARELATENSIS

3601 280 3744 345 1(ιεί

461 394 677 450 ritatem
700 391 829 447 dare
859 403 964 446 non
993 402 1229 460 possum.
1254 387 1407 455 Quod
1436 388 1581 457 dico,
1612 389 1907 453 attendite,
1953 399 2055 455 ego
2083 382 2134 444 Α
2159 380 2490 450 propositum
2521 398 2720 448 meum,
2767 379 3036 439 Christum
3072 387 3283 456 negavi.
3327 388 3396 445 Et
3423 391 3470 446 si
3499 391 3552 448 in
3611 411 3746 465 paco

464 484 592 540 illud
616 482 828 553 planius
858 494 1094 549 etpono,
1122 494 1190 534 ne
1217 478 1413 548 aliquis
1445 494 1532 534 me
1561 479 1703 534 male
1726 478 2054 548 intelligat...

465 574 714 643 Nunquid
761 574 884 628 dico
921 572 1302 628 damnabitur?
1350 589 1489 642 non;
1543 574 1659 640 sed,
1709 573 2058 628 liberabitur?

392 721 400 729 .
464 681 571 720 non
603 665 745 719 dico.
780 665 842 719 Et
878 666 1003 733 quid
1032 665 1162 719 mihi
1185 664 1346 731 dicis,
1379 675 1566 724 sancte
1596 666 1883 736 episcope‘.’
1919 665 2056 731 Quid

463 756 563 814 tibi
595 756 773 812 dicam
800 756 1005 810 nescio.
1032 754 1174 819 Dixi,
1201 772 1305 811 non
1331 772 1619 826 praesumo,
1648 772 1751 811 non
1782 758 2055 826 promitto,

464 861 686 917 prorsus
713 848 895 901 nescio
924 847 991 900 de
1021 848 1112 902 Dei
1139 849 1430 903 voluntate.
1468 849 1559 903 Vis
1588 859 1660 912 te,
1690 849 1874 912 frater,
1902 863 1932 902 a
1961 849 2059 906 du-

464 937 557 996 bio
584 936 833 992 liberari?
859 939 942 991 vis
969 939 1110 1008 quod
1139 941 1400 995 incertum
1429 948 1512 1005 est
1537 938 1803 996 evadere?
1826 954 1924 1010 age
1947 953 2059 1006 pce-

464 1028 742 1084 nitentiam
773 1029 898 1083 dum
931 1043 1094 1084 sanus
1134 1046 1215 1086 es.
1273 1032 1327 1086 Si
1355 1030 1497 1085 enim
1526 1031 1640 1098 agis
1670 1045 1852 1093 veram
1885 1030 2057 1099 pinni-

466 1123 693 1178 tentiam
746 1122 872 1176 dum
920 1138 1083 1178 sanus
1119 1139 1214 1192 es,
1245 1134 1299 1178 et
1332 1122 1592 1178 invenerit
1633 1133 1684 1178 te
1733 1125 2061 1178 novissimus

465 1213 610 1279 dies,
639 1214 842 1268 currito
871 1213 1182 1286 [occurrite]
1210 1225 1268 1275 ut
1292 1216 1676 1276 reconcilieris.
1709 1216 1763 1276 Si
1798 1216 1877 1273 sic
1914 1217 2056 1290 agis,

463 1317 691 1359 securus
736 1318 816 1358 es.
864 1304 1041 1369 Quare
1089 1305 1348 1361 securus?-
1399 1305 1491 1359 Vis
1540 1305 1715 1360 dicam
1767 1305 2056 1371 tih_i?Quia

469 1394 628 1464 egisti
661 1394 1029 1463 paenitentiam
1063 1411 1127 1450 eo
1159 1403 1400 1466 tempore
1431 1412 1537 1466 quq
1569 1411 1790 1465 peccare
1818 1397 2055 1465 potuisti.

467 1484 608 1539 Ecce
657 1484 791 1549 disi,
837 1499 1002 1554 quare
1044 1500 1265 1540 securus
1311 1503 1391 1542 es.
1437 1488 1491 1543 Si
1538 1499 1714 1542 autem
1748 1497 1872 1542 tunc
1902 1502 2059 1556 agere

465 1578 549 1632 vis
579 1577 748 1646 ipsam
779 1579 1153 1646 pauitantiam
1185 1579 1400 1648 quando
1430 1594 1654 1647 peccare
1679 1578 1785 1646 jam
1818 1593 1922 1632 non
1965 1594 2058 1647 po-

464 1677 568 1735 tes,
593 1678 806 1737 peccata
829 1678 883 1725 te
924 1669 1270 1734 dimiserunt,
1295 1685 1399 1722 non
1428 1677 1481 1733 tu
1501 1669 1611 1722 illa.
1635 1668 1742 1733 Sed
1767 1668 1907 1722 unde
1930 1667 2053 1732 scis,

464 1760 663 1826 inquis,
717 1762 763 1813 si
795 1759 933 1818 forte
983 1759 1124 1812 Deus
1167 1759 1296 1812 mihi
1348 1757 1690 1822 misereatur,
1723 1767 1776 1812 et
1822 1757 2058 1812 dimittat
2088 1745 2134 1805 Β

465 1849 596 1903 mihi
628 1858 846 1918 peccata
876 1864 1018 1905 mea.
1046 1847 1242 1902 Verum
1272 1848 1429 1913 dicis,
1459 1846 1646 1916 frater,
1683 1862 1866 1910 verum
1895 1846 2053 1913 dicis.

466 1940 620 1996 Unde
646 1941 779 2008 scio,
813 1949 869 1996 et
897 1941 1020 1996 ideo
1050 1939 1145 1995 tibi
1174 1941 1244 2001 do
1275 1939 1670 2013 paenitentiam,
1696 1941 1817 2009 quia
1847 1941 2056 1995 nescio.

464 2034 537 2089 At
583 2033 676 2087 ille
706 2034 878 2102 inquit
924 2052 936 2085 :
973 2033 1111 2103 Ergo
1150 2034 1361 2093 dimitte
1408 2049 1625 2088 causam
1669 2049 1844 2088 meam
1899 2035 2056 2102 nco:

467 2123 597 2192 quid
631 2132 685 2177 tu
715 2137 800 2178 me
815 2124 998 2178 verbis
1029 2123 1242 2192 aflligis,
1273 2134 1326 2178 et
1350 2124 1515 2193 judici
1543 2140 1630 2180 me
1659 2123 1770 2180 Deo
1794 2125 2059 2180 dimittis?

470 2215 619 2276 illius
663 2215 870 2283 judicio
920 2224 974 2270 te
1016 2215 1313 2285 committo,
1362 2215 1514 2284 cujus
1538 2215 1744 2284 judicio
1791 2233 1877 2272 me
1907 2233 2058 2276 come

469 2303 686 2366 mendo.
718 2303 852 2364 Nam
884 2304 931 2360 si
961 2305 1155 2361 scirem
1184 2305 1310 2362 nihil
1330 2306 1425 2363 tibi
1450 2305 1726 2374 prodesse,
1753 2323 1858 2361 non
1878 2316 1928 2361 te
1953 2308 2061 2372 ad-

469 2410 772 2460 monerem,
799 2411 904 2450 non
946 2404 998 2451 te
1024 2405 1305 2451 terrerem.
1343 2397 1470 2455 Duae
1501 2411 1590 2453 res
1616 2405 1764 2462 sunt,
1787 2409 1881 2451 aut
1911 2398 2063 2466 igno-

469 2495 653 2549 scetur
679 2487 797 2552 tibi,
827 2496 919 2541 aut
959 2503 1065 2542 non
1095 2488 1190 2542 tibi
1221 2489 1545 2559 ignoscetur.
1576 2489 1714 2559 Quid
1742 2491 1930 2545 borum
1962 2492 2059 2560 tibi

467 2579 702 2634 futurum
734 2579 805 2631 sit
833 2579 1049 2644 nescio;
1082 2579 1174 2635 sed
1208 2580 1280 2638 do
1311 2582 1620 2653 consilium,
1646 2580 1857 2636 dimitte
1887 2583 2061 2643 inenerv-

468 2677 603 2737 tum,
632 2677 686 2723 et
711 2677 832 2725 tene
862 2681 1092 2726 certum.
1137 2671 1346 2726 Etcum
1378 2672 1534 2746 vivis,
1563 2687 1662 2742 age
1687 2673 2056 2742 paenitentiam

468 2774 677 2828 veram,
713 2770 767 2814 ut
793 2776 914 2815 cum
963 2761 1176 2820 veneris
1206 2763 1257 2816 in
1297 2761 1560 2832 judicium
1603 2763 1722 2831 Dei,
1757 2779 1861 2818 non
1887 2764 1954 2827 ab
1993 2778 2060 2822 eo

468 2852 834 2918 contundaris,
885 2854 979 2909 sed
1011 2854 1078 2908 ab
1124 2868 1189 2908 eo
1221 2855 1272 2908 in
1307 2868 1532 2924 regnum
1563 2855 1732 2925 ipsius
1761 2854 2056 2927 inducarls,

468 2941 661 2998 Amen.

1044 3012 1322 3069 HOMILIA
1376 3013 1494 3074 XX.

894 3123 1074 3196 Sermo
1100 3126 1282 3180 .sancti
1327 3122 1621 3194 Augustini.

540 3236 869 3306 Frequenter
897 3237 1133 3292 diximus
1176 3238 1320 3307 quod
1371 3236 1660 3294 Christiani
1716 3241 2051 3309 persecutio-

465 3342 590 3384 nem
635 3329 929 3399 patiuntur.
978 3331 1207 3386 Mundus
1237 3333 1340 3386 iste
1377 3333 1430 3386 in
1477 3332 1708 3402 maligno
1736 3332 1940 3402 positus
1966 3341 2051 3387 est

465 3416 642 3486 (Joan.
689 3419 763 3488 v).
816 3421 1170 3476 Adversarius
1223 3432 1406 3477 noster
1454 3423 1700 3478 diabolus
1755 3433 1943 3492 regnat
1995 3425 2046 3477 in

467 3507 752 3572 mundum,
778 3519 831 3563 et
860 3524 958 3564 nos
985 3520 1232 3579 putamus
1258 3511 1398 3581 quod
1430 3528 1535 3566 non
1565 3514 1830 3582 patiamur
1869 3528 2050 3583 perse-

465 3597 757 3653 cutionem.
810 3598 941 3667 Quae
986 3603 1130 3655 enim
1161 3618 1246 3657 res
1287 3619 1393 3657 non
1426 3605 1761 3673 persequitur
1785 3604 2048 3658 Christia-

464 3688 626 3742 num?
657 3688 932 3755 Miramur,
983 3692 1027 3744 si
1057 3707 1154 3746 nos
1201 3705 1594 3763 persequuntur
1623 3695 1737 3761 alii,
1761 3695 1804 3750 si
1834 3695 2048 3749 Christo

421 3845 430 3852 η
464 3781 666 3839 servire
687 3783 1034 3851 voluerimus,
1064 3787 1153 3854 qui
1185 3796 1267 3841 est
1287 3789 1524 3842 omnium
1556 3789 1686 3854 vita,
1716 3797 1770 3844 et
1796 3799 2048 3857 parentes

463 3873 630 3926 nostri
664 3888 761 3929 nos
784 3885 1197 3943 persequuntur.
1213 3879 1528 3946 Quicunque
1551 3880 1831 3934 dissimilis
1858 3889 1938 3934 est
1954 3894 2050 3934 no-

463 3965 583 4026 stri,
613 3967 955 4032 persequitur
985 3981 1081 4020 nos
1104 3977 1154 4022 et
1179 3968 1304 4023 odio
1337 3983 1435 4024 nos
1464 3969 1625 4024 habet
1650 3985 1663 4023 :
1686 3979 1740 4023 et
1760 3973 2044 4035 miramur,

462 4055 506 4107 si
539 4055 630 4108 alii
660 4069 758 4110 nos
785 4068 1201 4127 persequuntur,
1230 4075 1351 4114 cum
1377 4060 1549 4130 ipsum
1581 4075 1775 4129 corpus
1807 4069 2046 4116 nostrum

461 4160 560 4200 nos
610 4150 993 4218 persequatur?
1033 4152 1088 4205 Si
1131 4151 1415 4208 comedcro
1473 4151 1768 4220 paululum,
1826 4160 1883 4207 et
1921 4167 2044 4205 cor-

462 4238 742 4304 pusculum
773 4241 1052 4296 robustum
1085 4243 1263 4308 fuerit,
1296 4242 1498 4297 sanitas
1529 4242 1769 4309 corporis
1798 4238 1904 4296 mei
1933 4255 2050 4308 per-

461 4329 703 4397 sequitur
731 4333 987 4385 animam.
1020 4332 1348 4400 Quacunque
1378 4346 1464 4390 me
1505 4339 1741 4397 vertero,
1785 4345 2048 4400 persecu-

462 4423 537 4475 tio
567 4421 700 4476 mihi
752 4432 854 4478 est.
888 4423 945 4478 Si
982 4424 1165 4479 videro
1195 4423 1500 4492 mulierem,
1547 4423 1736 4479 oculus
1777 4438 1930 4478 meus
1961 4437 2048 4478 me

463 4516 822 4586 persequitur,
851 4516 999 4586 cupit
1048 4516 1354 4572 interﬁcere
1384 4517 1620 4572 animam
1662 4531 1856 4572 meam.
1889 4517 1945 4576 Si
1972 4518 2044 4571 vi-

459 4608 592 4661 dero
608 4607 838 4671 divitias,
863 4608 908 4662 si
937 4623 1145 4678 aurum,
1165 4608 1212 4662 si
1238 4616 1543 4676 argentum,
1566 4608 1610 4662 si
1638 4607 2005 4674 possessiones
2028 4624 2044 4662 :

463 4712 790 4766 quaecunque
821 4698 1006 4753 videro
1045 4707 1099 4753 et
1141 4698 1547 4765 desideravero,
1578 4699 1680 4760 hoc
1709 4699 2048 4767 persequitur

462 4787 698 4840 animam
738 4801 934 4842 meam.
977 4787 1092 4843 Non
1135 4797 1384 4858 putemus
1413 4787 1726 4842 eli'usionem
1771 4787 2046 4858 sanguinis

463 4889 666 4935 tantum
688 4894 810 4935 esse
833 4883 1168 4952 martyrium,
1193 4895 1406 4950 semper
1427 4881 1569 4937 enim
1593 4883 1912 4951 martyrium
1938 4891 2038 4936 est.

463 4972 518 5027 Si
547 4971 944 5028 adolescentem
978 4974 1142 5029 libido
1172 4974 1353 5029 carnis
1377 4976 1734 5044 persequitur,
1768 4976 1876 5029 vult
1903 4972 2043 5030 occio

461 5062 590 5117 dere
619 5073 671 5118 et
695 5061 968 5121 effundere
996 5067 1306 5135 sanguinem
1338 5066 1551 5121 animae.
1575 5065 1681 5123 Sed
1709 5066 1926 5136 quando
1955 5080 2045 5134 pe-

462 5155 725 5210 riclitatur
746 5158 922 5213 anima
946 5166 1032 5213 tua
1063 5167 1122 5215 et
1150 5159 1202 5214 in
1231 5159 1421 5229 grandi
1448 5159 1688 5229 periculo
1731 5168 1816 5215 est
1841 5158 2048 5214 consti-

461 5254 595 5313 tuta,
627 5258 754 5304 tunc
794 5259 1011 5319 oportet
1049 5252 1269 5321 jejuniis
1315 5263 1370 5308 et
1410 5253 1746 5308 orationibus
1775 5251 1827 5306 in
1859 5251 2043 5306 Domi-

462 5354 588 5395 num
611 5352 851 5398 nostrum
869 5343 1050 5401 Jesum
1071 5344 1344 5401 Christum
1364 5347 1602 5401 animum
1629 5344 1851 5400 firmiter
1873 5355 2038 5410 stare,

460 5437 518 5484 et
555 5447 657 5486 non
695 5437 1000 5490 consentire
1045 5437 1225 5492 morti.
1259 5438 1313 5494 Si
1339 5451 1468 5508 ergo
1512 5444 1638 5491 sunt
1683 5437 1941 5506 martyria
1987 5435 2041 5489 in

461 5520 609 5591 pacis
635 5531 898 5593 tempore,
930 5537 1056 5581 sunt
1085 5537 1139 5584 et
1169 5528 1501 5599 negationes.
1528 5528 1698 5583 Nemo
1723 5541 1853 5599 ergo
1873 5527 2038 5593 dicat,

462 5629 567 5670 non
614 5629 736 5670 esse
776 5620 1086 5689 martyrium
1115 5639 1125 5672 :
1156 5631 1207 5676 et
1255 5620 1568 5691 martyrium
1612 5628 1716 5685 est,
1747 5629 1799 5675 et
1830 5620 2041 5690 negatio

459 5716 557 5776 est.
595 5709 706 5783 Ego
735 5708 913 5778 hodie,
944 5713 1033 5781 qui
1069 5712 1252 5770 videor
1280 5727 1399 5770 esse
1421 5713 1736 5782 monachus,
1769 5711 1814 5799 si
1843 5726 2038 5784 rupero

2073 4483 2126 4543 D

2164 472 2431 527 Christum
2490 489 2647 545 nego,
2693 475 2745 528 in
2795 477 3170 543 persecutione
3213 481 3340 548 quid
3381 482 3648 540 facerent?
3685 489 3745 543 Si

2163 568 2287 621 dum
2317 582 2421 621 non
2454 577 2708 637 torqueor
2735 584 2835 629 nec
2876 585 3076 625 esuror
3111 572 3321 642 dencgo
3347 590 3361 627 :
3387 576 3432 630 si
3465 586 3742 647 torqueres

2160 668 2214 712 et
2243 673 2519 722 esurerer,
2550 659 2672 728 quid
2705 660 2971 715 facerem?
3001 661 3131 729 Qum
3156 665 3299 718 enim
3331 667 3481 735 plaga
3509 678 3591 722 est
3622 684 3747 736 qua:

2159 747 2352 806 debeat
2389 748 2456 802 ah
2482 763 2666 804 amore
2705 749 3218 820 Christiseparare?
3248 754 3400 822 Quod
3433 758 3575 812 enim
3610 760 3749 814 dici-

2162 848 2248 894 tur
2276 840 2376 928 tibi
2404 841 2505 897 hoc
2527 851 2608 896 est
2638 859 2652 896 :
2685 842 2934 897 incendio
2975 844 3223 912 ardebas,
3257 849 3307 901 in
3335 849 3523 903 eculeo
3545 851 3749 920 pende-

2162 934 2277 1000 bas,
2308 944 2527 1004 propter
2549 949 2636 990 me
2667 937 3033 1004 torquebaris;
3063 947 3117 992 et
3138 939 3294 1002 dicis,
3319 956 3426 994 non
3454 944 3602 1010 potui
3627 957 3748 996 sus-

2164 1026 2336 1082 tinere
2388 1027 2694 1081 tormenta!
2739 1027 3018 1092 Quomodo
3057 1031 3310 1086 sustinuit
3352 1033 3580 1088 Petrus?
3607 1049 3750 1102 quo-

2163 1121 2324 1174 modo
2365 1120 2594 1175 Paulus?
2636 1124 2905 1190 quomodo
2946 1134 3209 1196 martyres
3249 1129 3428 1184 cmteri
3477 1131 3723 1187 sustinuo

2163 1214 2321 1267 runt?
2352 1213 2662 1277 llabuerunt
2715 1229 2940 1285 corpora
2988 1216 3122 1272 sicut
3167 1228 3220 1273 tu
3253 1219 3438 1276 habes.
3483 1224 3528 1277 0
3559 1238 3748 1279 mona—

2161 1305 2286 1368 che,
2318 1306 2406 1373 qui
2431 1305 2693 1375 jejunium
2724 1308 2893 1385 fugis,
2921 1320 3073 1377 putas
3114 1320 3167 1364 te
3199 1311 3378 1382 ignem
3408 1315 3628 1382 fugere?
3655 1319 3746 1386 qui

2163 1397 2408 1456 ebrietati
2456 1402 2752 1466 censentis,
2804 1404 2980 1460 credis
3026 1414 3077 1460 te
3114 1408 3576 1464 evaderemreum
3629 1426 3743 1469 ser-

2165 1488 2414 1554 pentem?
2441 1488 2554 1543 Hoc
2579 1505 2706 1558 ergo
2738 1492 2888 1546 vttbis
2919 1493 3059 1556 dico,
3097 1495 3312 1560 fratres,
3343 1500 3594 1568 quoniam
3622 1512 3749 1557 sunt

2163 1579 2308 1631 omni
2333 1589 2571 1650 tempore
2597 1587 2875 1653 martyria,
2901 1595 3025 1643 sunt
3051 1598 3104 1642 et
3129 1591 3614 1656 praevaricationes.
3646 1595 3751 1648 De-

2166 1670 2325 1738 nique
2353 1682 2404 1726 et
2435 1675 2720 1742 Apostolus
2750 1677 2874 1745 quid
2930 1678 3167 1744 loquitur
3206 1682 3273 1736 de
3317 1683 3485 1736 viduis
3514 1700 3635 1753 qum
3664 1700 3748 1743 se-

2162 1764 2364 1823 cundos
2392 1765 2659 1821 duxerunt
2687 1770 2940 1825 maritos?
2966 1772 3100 1836 Quid
3124 1772 3288 1826 dicit?
3318 1773 3577 1828 Habentes
3603 1780 3750 1830 dam-

2160 1855 2410 1920 nationes,
2438 1861 2565 1928 quia
2588 1859 2804 1929 primam
2832 1861 2987 1926 ﬁdem
3021 1862 3226 1916 irritam
3270 1868 3498 1932 fecerunt
3528 1867 3578 1935 (Ι
3607 1867 3745 1930 Tim,

2160 1945 2254 2012 vt).
2284 1944 2469 2002 Vidua:
2497 1947 2623 2022 quid
2668 1947 2836 2014 (liciti.
2871 1965 2906 2007 ο
2936 1952 3118 2021 vidua,
3152 1964 3434 2028 antequam
3469 1958 3597 2013 mihi
3627 1975 3746 2028 pro;

2162 2035 2406 2099 mitteres
2450 2037 2589 2105 quod
2617 2049 2790 2095 esses'
2819 2040 2996 2109 vidua,
3029 2043 3080 2096 in
3111 2053 3200 2099 tua
3246 2058 3362 2102 erat
3392 2058 3659 2118 potestate
3693 2062 3757 2115 ut,

2161 2129 2394 2186 nuberes
2425 2147 2438 2183 :
2468 2145 2528 2184 es
2558 2147 2664 2200 quo
2682 2140 2923 2202 tempore
2944 2136 3188 2191 confessa
3210 2153 3269 2194 cs
3294 2142 3436 2210 quod
3465 2141 3591 2195 mihi
3623 2159 3746 2211 per-

2163 2234 2430 2285 maneres,
2459 2237 2526 2275 et
2557 2238 2622 2276 cu
2663 2231 2906 2292 tempore
2933 2240 3048 2279 mea
3073 2241 3194 2281 esse
3220 2228 3458 2295 cepisti;
3492 2233 3537 2284 si
3568 2232 3756 2292 volues

2163 2308 2236 2376 ris
2265 2311 2557 2383 secundum
2589 2314 2836 2384 maritum
2863 2315 3098 2392 dueere,”
3120 2331 3206 2372 me
3235 2320 3629 2388 conjempsisti.
3657 2321 3746 2376 Sic

2162 2414 2218 2458 et
2247 2415 2322 2470 tu,
2350 2405 2632 2472 monacho,
2673 2415 2959 2474 antequam
2998 2407 3132 2472 mihi
3173 2411 3535 2478 promittet-es,
3575 2413 3627 2466 in
3660 2422 3760 2474 tua,

2163 2503 2273 2548 erat
2305 2493 2576 2548 voluntate
2609 2495 2786 2551 facere
2813 2497 2956 2564 quod
2988 2499 3154 2559 velles
3183 2518 3196 2554 :
3230 2516 3336 2566 vos,
3365 2513 3451 2559 tua
3485 2503 3668 2574 ligavit
3696 2515 3746 2567 te

2163 2583 2312 2654 mihi.
2348 2583 2595 2652 Nunquid
2617 2594 2666 2638 te
2680 2586 2949 2654 compulit
2973 2587 3211 2656 nunquid
3229 2606 3294 2644 ex
3317 2593 3636 2648 necessitate
3665 2595 3745 2649 fe-

2162 2674 2315 2734 cisti?
2346 2690 2523 2729 nonne
2555 2674 2688 2738 liber
2713 2677 2867 2729 eras?
2893 2675 2943 2729 in
2979 2687 3064 2731 tua
3101 2677 3201 2732 fuit
3231 2689 3496 2744 potestate
3527 2683 3746 2750 promit-

2163 2776 2295 2821 tere.
2332 2768 2654 2832 Promisisti,
2703 2777 2756 2822 et
2802 2783 2955 2822 meus
2975 2783 3095 2824 esse
3125 2771 3334 2838 cmpisti
3365 2787 3381 2826 :
3414 2788 3588 2827 meum
3620 2775 3748 2836 nolo

2161 2859 2419 2930 dimittas,
2466 2875 2570 2914 non
2616 2861 2706 2915 tibi
2733 2861 2860 2914 libet
2883 2861 3156 2917 dimittere
3186 2865 3310 2932 quia
3341 2880 3546 2918 mecum
3579 2864 3750 2924 habes

2160 2964 2396 3003 causam.
2433 2949 2770 3019 Promittere,
2821 2960 2969 3005 tuum
3003 2953 3125 3016 ruit;
3172 2953 3465 3019 dimittere,
3510 2970 3619 3008 non
3663 2963 3746 3011 est

2166 3049 2335 3093 tuum.
2371 3040 2426 3095 Si
2465 3041 2753 3106 dimiseris,
2788 3057 2890 3095 non
2937 3052 2989 3097 te
3039 3044 3210 3099 habeo
3255 3043 3310 3099 in
3357 3046 3450 3101 illo
3492 3047 3660 3115 gradu
3692 3049 3743 3102 in

2083 3114 2129 3176 (ἶ
2160 3145 2266 3200 quo
2298 3141 2349 3186 te
2392 3133 2548 3201 prius
2588 3133 2769 3187 liabui.
2814 3135 3052 3188 Primum
3107 3135 3239 3192 liber
3259 3151 3400 3202 eras,
3429 3114 3510 3192 de,
3546 3138 3744 3193 familia

2156 3233 2266 3293 tua,
2297 3240 2401 3278 non
2431 3240 2554 3282 eras
2594 3225 2672 3303 de.
2709 3226 2902 3280 familia
2934 3241 3085 3294 mea;
3119 3244 3225 3282 non
3252 3243 3374 3283 eras
3403 3240 3531 3285 ante
3557 3231 3745 3285 oculos

2153 3332 2322 3381 meos,
2356 3334 2460 3372 non
2489 3334 2610 3373 eras
2655 3319 2723 3373 de
2749 3318 3005 3376 ministris
3031 3319 3185 3390 meis,
3215 3330 3392 3378 tamen
3420 3336 3540 3376 eras
3568 3323 3640 3377 de
3668 3323 3745 3376 ta-

2153 3413 2298 3465 milia
2346 3427 2498 3478 ntea;
2531 3427 2638 3468 non
2686 3427 2808 3468 eras
2835 3427 3077 3478 mecum,
3108 3414 3204 3468 sed
3260 3424 3441 3468 tamen
3491 3425 3740 3482 creatura

2151 3518 2268 3558 mea
2300 3518 2439 3570 eras.
2475 3505 2550 3556 Ex
2575 3517 2679 3570 quo
2710 3502 2941 3557 militare
2961 3505 3192 3572 ccepisti,
3217 3505 3260 3559 si
3288 3507 3604 3572 recesseris,
3635 3522 3737 3560 non

2152 3603 2204 3648 te
2225 3593 2399 3647 habeo
2427 3593 2494 3647 de
2519 3592 2744 3657 familia,
2779 3595 2874 3648 sed
2910 3604 3060 3649 certe
3089 3595 3370 3663 fugitivum
3400 3605 3454 3657 et
3482 3597 3738 3663 praevari-

2150 3695 2412 3740 catorem.
2446 3683 2561 3740 Non
2591 3684 2735 3738 enim
2777 3684 3022 3739 invenies
3060 3685 3149 3738 ubi
3194 3701 3280 3739 me
3323 3686 3495 3753 possis
3532 3684 3737 3756 fugere.

2153 3775 2278 3832 Ideo
2311 3777 2410 3830 hoc
2448 3784 2620 3830 totum
2659 3776 2816 3842 dico,
2863 3777 2987 3845 quia
3036 3777 3089 3830 in
3135 3783 3316 3829 nostra
3348 3785 3431 3830 est
3474 3785 3742 3844 potes'ale

2153 3867 2262 3921 Deo
2292 3867 2610 3936 promittere
2633 3908 2647 3932 ,
2683 3882 2787 3921 non
2829 3879 2911 3921 est
2940 3867 2992 3920 it.
3022 3877 3202 3920 nostta
3247 3877 3507 3933 potestate
3558 3867 3741 3921 dimit-

2152 3966 2284 4012 tere.
2321 3957 2645 4020 l’romisisti,
2672 3958 2950 4026 prmmittm
2984 3957 3236 4023 habebis;
3271 3959 3496 4026 negasti,
3525 3973 3736 4026 pinnam

2153 4048 2376 4101 habebis
2408 4048 2777 4121 [sustinebis];
2804 4061 3088 4118 utrumque
3117 4061 3337 4119 promer
3366 4050 3735 4104 confusionem

2150 4149 2252 4195 est.
2287 4142 2522 4196 Dicimus
2563 4145 2794 4209 iterum,
2843 4153 3003 4212 atque
3047 4149 3240 4200 lterum
3281 4145 3510 4198 dicimus
3543 4162 3558 4198 ε
3601 4146 3737 4200 Ecce

2152 4247 2274 4290 ante
2304 4219 2491 4290 oculos
2517 4247 2635 4289 tuos
2677 4237 2758 4290 via
2793 4238 2999 4302 mortis,
3029 4246 3082 4292 et
3124 4237 3204 4289 vis
3230 4237 3351 4290 vita:
3384 4254 3397 4289 :
3430 4237 3567 4306 elige
3593 4239 3734 4304 quod

2151 4326 2404 4380 volucris.
2439 4328 2552 4382 Hoc
2583 4334 2750 4382 totum
2775 4327 2917 4392 dico,
2951 4327 3138 4382 fratres
3169 4328 3496 4393 charissimi,
3524 4344 3589 4383 ne
3619 4329 3736 4396 quis

2151 4420 2216 4474 de
2242 4423 2392 4476 vobis
2415 4430 2562 4490 putet
2578 4437 2637 4476 se
2651 4421 2847 4477 habere
2869 4422 3091 4476 liberam
3117 4432 3430 4490 potestatem
3454 4424 3736 4479 discedere

2152 4521 2208 4568 et
2238 4512 2664 4582 pcrdescendere
2692 4528 2811 4568 cum
2836 4513 3049 4568 diabolo
3083 4516 3132 4569 in
3164 4516 3413 4570 inferum.
3447 4515 3581 4585 Ergo
3607 4531 3729 4586 ego,

2151 4605 2240 4674 qui
2273 4620 2389 4658 sum
2424 4605 2738 4669 monachus,
2769 4603 2862 4673 qui
2889 4603 3024 4658 desii
3066 4620 3187 4660 esse
3215 4607 3512 4668 surcularis,
3542 4619 3592 4660 et
3622 4607 3732 4660 fac-

2153 4706 2238 4750 tus
2267 4710 2382 4750 sum
2414 4695 2711 4750 monachus
2735 4711 2749 4748 :
2776 4704 2869 4749 aut
2898 4697 3194 4751 monachus
3221 4699 3422 4764 salvor,
3458 4707 3552 4752 aut
3578 4697 3738 4752 aliter

2152 4803 2257 4840 non
2296 4787 2496 4840 salvor.
2534 4784 2653 4853 Ipse
2698 4797 2914 4842 sanctus
2971 4785 3203 4860 [beatus]
3256 4788 3450 4842 Paulus
3499 4788 3738 4859 quotidie

2149 4878 2437 4946 clamabat,
2472 4877 2523 4933 in
2560 4894 2692 4934 voce
2740 4879 2971 4948 Spiritus
3019 4881 3237 4935 sancti:
3286 4877 3536 4944 Fratres,
3584 4882 3738 4935 nolite

2152 4985 2324 5024 errare
2353 4985 2372 5023 :
2415 4967 2552 5024 Deus
2595 4986 2698 5023 non
2736 4969 3009 5033 irridetur;
3062 4986 3176 5039 quis
3223 4971 3360 5024 enim
3411 4971 3740 5025 seminaverit

2150 5059 2318 5127 homo,
2342 5060 2449 5123 haec
2474 5072 2520 5117 et
2541 5071 2722 5126 metet;
2749 5062 2989 5130 quoniam
3007 5063 3094 5132 qui
3123 5063 3338 5116 seminat
3363 5063 3419 5117 in
3436 5079 3591 5116 carne
3614 5078 3732 5129 sua,

2149 5154 2213 5211 de
2243 5169 2396 5211 carne
2422 5161 2467 5206 et
2504 5163 2651 5218 metet
2679 5155 3088 5220 corruptionem;
3117 5155 3207 5223 qui
3235 5163 3405 5208 autem
3435 5155 3656 5208 seminat
3683 5156 3734 5206 in

2153 5244 2388 5315 Spiritu,
2440 5246 2503 5297 de
2545 5244 2748 5312 Spiritu
2792 5253 2840 5308 et
2881 5253 3029 5302 metet
3077 5246 3233 5298 vitam
3276 5253 3525 5299 a‘tcrnam
3572 5243 3730 5316 (Gal.

2152 5335 2249 5406 VI).
2298 5337 2368 5391 Et
2402 5336 2593 5391 iterum
2632 5353 2645 5389 :
2679 5335 2759 5389 Αη
2804 5335 3043 5399 nescitis,
3079 5339 3302 5404 fratres,
3337 5337 3459 5402 quia
3513 5337 3599 5389 cui
3647 5350 3732 5388 vos

2154 5428 2453 5483 exhibuistis
2479 5443 2648 5483 servos
2668 5426 2736 5480 ad
2762 5426 3120 5493 obediendum,
3150 5428 3279 5484 servi
3307 5429 3417 5498 ejus
3440 5427 3560 5481 estis
3583 5427 3629 5480 ei
3651 5425 3733 5480 cui

2149 5521 2429 5588 obediistis,
2463 5519 2565 5576 sive
2590 5520 2784 5590 peccati
2818 5519 2872 5572 in
2901 5527 3148 5582 mortem,
3197 5520 3297 5574 sive
3325 5519 3627 5573 obeditionis
3665 5517 3732 5570 ad

2153 5616 2401 5683 iustitiam
2431 5614 2610 5685 (Rom.
2641 5611 2739 5682 v4).
2772 5613 2914 5682 Ergo
2945 5611 3184 5682 suggerit
3208 5611 3476 5678 diabolus,
3518 5617 3574 5666 et
3601 5624 3730 5665 caro

2153 5719 2335 5768 nostra
2361 5708 2534 5768 adhuc
2579 5707 2645 5764 de
2679 5704 3052 5776 obligatuentis
3106 5703 3319 5773 seculi,
3358 5714 3413 5759 ut
3444 5714 3726 5775 peccemus
