4078 6440
382 214 409 269 1
421 211 523 266 085

1504 201 1906 281 bADMONlTlO
1945 204 2036 260 AD
2073 203 2438 266 CONJUGES.

3493 213 3622 271 1086

369 337 434 404 et
459 322 813 378 discedamus.
842 320 1150 395 Cogitemus
1178 335 1306 390 ergo
1336 319 1451 376 dies
1475 322 1742 391 antiquos,
1774 331 1827 376 et
1856 336 1948 375 an-
1979 321 2026 379 Α
2055 324 2442 390 cognoscimus,
2471 321 2537 379 de
2565 323 2675 393 ipsa
2696 337 2835 378 nunc
2854 323 3161 380 charitstem
3189 335 3418 382 vestram
3442 337 3615 382 atten-

371 429 477 472 nos
517 424 749 469 aeternos
794 421 919 468 ante
970 414 1157 468 oculos
1207 419 1419 466 nostros
1467 427 1726 480 ponamus
1775 411 1948 483 (Psal.

365 505 590 573 tam);
633 512 690 560 et
717 504 768 558 in
797 504 1108 572 pauitantia
1140 505 1445 557 invocemus
1486 503 1816 559 Salvatorem
1847 520 1948 558 no-

363 605 544 666 strqu
576 595 854 648 Dominum
879 595 1060 650 Jesum
1078 593 1368 660 Christum,
1400 604 1451 647 et
1477 595 1745 662 ploremus
1770 595 1950 666 dicen-

358 694 493 758 tes:
537 686 757 740 Domine
808 686 980 750 Deus,
1024 687 1110 755 qui
1167 701 1270 740 non
1313 686 1394 737 vis
1442 695 1667 746 mortem
1701 695 1948 755 peccato-

355 792 509 840 rum,
565 776 656 838 sed
715 778 880 846 magis
918 789 973 830 ut
1025 788 1400 849 convertantur
1438 790 1489 831 et
1539 781 1717 845 vitiant
1747 778 1940 850 (Eccli.

352 867 541 936 xvm),
575 869 813 936 respice,
864 869 1122 934 Domine,
1173 870 1465 925 semiudum
1515 867 1940 928 misericordiam

355 970 537 1029 tuam,
571 976 733 1028 super
775 976 910 1026 nos,
966 970 1020 1025 et
1055 971 1372 1037 rumpantur
1404 961 1559 1016 funes
1605 963 1939 1035 inimicorum

351 1061 673 1104 nostrorum
697 1095 712 1120 ,
754 1062 807 1105 ut
841 1066 941 1110 non
967 1067 1270 1120 pereamus.
1316 1052 1560 1124 Respice,
1587 1053 1831 1117 Domine,
1872 1055 1939 1110 de

351 1141 497 1194 sede
525 1151 706 1194 saneta
735 1150 823 1195 tua
866 1141 1010 1195 etde
1032 1141 1353 1196 consistorio
1395 1140 1688 1209 majestatis
1715 1153 1849 1206 tute,
1883 1152 1939 1196 et

353 1229 617 1288 tenebras
648 1228 826 1284 cordis
869 1231 1036 1297 nostri
1069 1230 1216 1288 radio
1253 1239 1356 1304 tuae
1386 1229 1524 1305 lucis
1550 1232 1779 1297 expelle.
1805 1232 1935 1284 Pro-

349 1328 486 1387 lege
513 1335 608 1374 nos
633 1361 648 1384 ,
695 1321 918 1391 Domine
945 1363 959 1385 ,
1005 1330 1158 1391 scuto
1196 1322 1436 1393 veritatis
1467 1334 1530 1384 ac
1565 1321 1690 1375 fidei
1724 1334 1847 1387 tum,
1881 1334 1936 1377 ut

347 1409 561 1463 diaboli
609 1410 783 1486 jacula
836 1412 996 1481 ignita
1053 1425 1158 1476 non
1204 1417 1518 1486 penetrent;
1578 1421 1636 1479 ut
1677 1412 1931 1482 quidquid

345 1495 490 1576 illud
516 1511 596 1557 est
619 1485 756 1570 quod
784 1503 1036 1571 iniquitas
1061 1512 1240 1574 nostra
1267 1504 1335 1556 de
1361 1514 1411 1558 te
1436 1485 1617 1583 βείω-ρ
1639 1519 1743 1558 non
1771 1508 1930 1574 sapit,

343 1591 405 1662 id
440 1601 515 1657 tu,
545 1593 786 1658 Domine,
813 1608 907 1660 pro
927 1595 1116 1660 virtute
1144 1605 1226 1646 tua
1251 1595 1449 1656 tribue,
1481 1609 1586 1664 quo
1606 1596 1808 1674 animas
1837 1612 1931 1650 nu—

2058 415 2161 464 tius
2205 414 2550 469 admonemus
2575 455 2589 480 ,
2620 425 2834 485 prapter
2864 416 2988 472 illud
3034 417 3171 488 quod
3202 421 3454 488 scriptum
3500 429 3579 473 est
3605 436 3618 470 :

2051 501 2232 571 Neque
2264 504 2554 570 foruiearii,
2587 522 2759 576 neque
2804 507 3014 574 molles,
3047 524 3220 578 neque
3269 511 3622 563 masculorum

2049 592 2436 654 concubitores,
2470 609 2691 663 regnum
2722 596 2814 650 Dei
2845 596 3218 664 possidebunt;
3245 606 3297 651 et
3325 598 3485 650 illud:
3517 598 3622 651 Ne-

2047 697 2152 758 que
2179 683 2428 752 adulteri,
2456 700 2627 754 neque
2651 686 2843 740 ebriosi
2876 703 3095 757 regnum
3120 688 3211 744 Dei
3243 688 3624 755 possidebunt;

2047 771 2140 827 sed
2173 775 2312 844 quod
2363 763 2507 844 prius
2537 787 2644 843 est,
2677 780 2826 831 multi
2857 792 2978 832 sunt
3007 781 3097 850 qui
3139 795 3331 835 uxores
3373 781 3623 835 videntur

2047 863 2265 928 habere,
2307 875 2362 920 et
2391 867 2740 935 persuadente
2784 868 2993 924 diabolo
3034 872 3334 926 castitatem
3367 873 3618 926 dissimu-

2045 953 2154 1008 lant
2182 957 2472 1026 eustodire,
2504 957 2596 1010 sed
2628 966 2682 1010 ut
2707 973 2826 1011 cum
2856 959 2968 1013 suis
3011 969 3101 1013 aut
3131 974 3252 1013 cum
3298 961 3488 1014 alienis
3521 977 3616 1013 an-

2042 1045 2195 1110 cillis,
2227 1044 2456 1098 libidinis
2488 1046 2669 1100 furore
2689 1048 2953 1110 succensi,
2984 1048 3051 1101 ita
3083 1049 3340 1103 adulteria
3369 1050 3615 1105 commit-

2043 1146 2155 1197 tere
2182 1151 2284 1190 non
2315 1137 2653 1213 erubescant,
2682 1147 2738 1192 ut
2778 1153 2874 1192 nec
2905 1139 3068 1192 Deum
3114 1140 3363 1204 timeant,
3387 1155 3484 1194 nec
3513 1140 3612 1192 ho-

2039 1225 2235 1299 minem
2259 1210 2631 1290 revereantur;
2657 1226 2749 1291 sed
2768 1227 2968 1295 justum
2996 1235 3131 1294 erat,
3153 1229 3364 1291 fratres,
3395 1239 3451 1282 ut
3473 1229 3612 1296 apud

2037 1315 2158 1368 illos
2189 1315 2276 1383 qui
2322 1315 2453 1368 tales
2481 1322 2604 1368 sunt
2653 1315 2912 1370 deberent
2963 1327 3066 1381 tam
3107 1317 3410 1386 frequentes
3453 1327 3507 1371 et
3536 1327 3613 1371 tot

2037 1419 2295 1458 annorum
2325 1405 2716 1478 admonitiones
2764 1416 2963 1475 nostra:
3015 1408 3298 1478 prolicere,
3330 1417 3388 1475 ut
3419 1422 3516 1462 nec
3546 1410 3614 1463 tle

2036 1494 2441 1564 medicamentis
2469 1495 2567 1568 sibi
2597 1495 2814 1565 vulnera
2848 1497 3111 1561 facerent,
3146 1511 3243 1551 nec
3273 1482 3395 1569 inde
3433 1513 3492 1562 se
3522 1513 3612 1560 9C!-

2035 1585 2272 1639 ciderent
2296 1586 2433 1639 unde
2459 1601 2520 1654 se
2553 1585 2824 1644 vivificare
2852 1595 3160 1656 potuerant;
3185 1588 3311 1656 quia
3332 1589 3610 1656 castigatio

341 1692 499 1760 ειμι-εις
529 1682 707 1753 salves
730 1699 756 1736 a
784 1694 973 1737 morte.
1001 1685 1124 1760 llzrc
1147 1686 1459 1763 clamemus,
1489 1695 1541 1740 et
1567 1687 1633 1756 de
1658 1686 1750 1740 Dei
1775 1685 1922 1740 mise¢

2034 1677 2324 1732 sacerdmis
2360 1677 2497 1746 sicut
2523 1677 2892 1732 obedientibus
2921 1677 2986 1730 ad
3025 1678 3270 1746 gloriam,
3311 1678 3387 1732 ita
3418 1678 3608 1732 inobe-

345 1771 594 1827 ricordia
654 1787 758 1825 non
806 1773 1154 1844 desperemus
1203 1792 1215 1826 :
1264 1776 1386 1848 quia
1437 1775 1738 1845 desperatio
1783 1786 1926 1830 certa

339 1876 504 1942 tnors
527 1870 626 1919 est.
654 1861 710 1917 Si
736 1878 861 1935 ergo
886 1864 1178 1938 monachus
1198 1864 1451 1933 peccasti,
1471 1882 1598 1935 ergo
1625 1867 1786 1921 miser
1816 1881 1930 1936 mo:

338 1948 558 2005 na‘chus
581 1967 658 2017 es,
693 1961 870 2024 tamen
926 1954 1219 2018 monachus
1243 1970 1323 2022 es.
1346 1955 1663 2024 biullatenus
1692 1956 1844 2012 nobis
1868 1957 1928 2025 lie

337 2055 432 2115 cet
466 2051 675 2095 mutare
704 2043 1054 2110 propasitum,
1089 2045 1181 2098 sed
1212 2045 1263 2099 in
1293 2047 1617 2110 pennitentiaa
1646 2049 1820 2102 locum
1844 2063 1929 2114 re-

338 2133 508 2187 verti.
562 2131 692 2186 Nam
745 2134 796 2186 in
849 2136 1176 2189 monasterio
1210 2135 1466 2205 quidquid
1495 2148 1617 2190 sunt
1648 2153 1923 2191 servorum

334 2224 466 2302 Dei,
505 2225 760 2294 quidquid
794 2219 1046 2290 fecerint,
1078 2228 1122 2280 si
1155 2243 1259 2293 non
1287 2236 1504 2298 propter
1525 2242 1650 2281 usus
1683 2243 1925 2284 necessa-

333 2317 455 2370 rios
485 2358 500 2382 ,
540 2316 634 2370 sed
679 2327 898 2370 ornatus
929 2333 1088 2373 causa
1122 2318 1203 2373 vel
1247 2319 1456 2373 decoris
1486 2319 1735 2393 aliCujus,
1766 2331 1922 2395 extra

331 2407 645 2475 iussionem
694 2408 948 2475 senioris,
974 2408 1356 2479 corripiantur,
1388 2411 1510 2480 quia
1533 2420 1584 2466 et
1613 2413 1664 2466 in
1710 2411 1810 2466 hoc
1841 2415 1923 2467 vi-

335 2485 482 2551 tium
514 2499 724 2552 animos
755 2509 1015 2568 aegrotare
1034 2501 1328 2567 cernimus,
1361 2504 1452 2570 qui
1481 2502 1806 2558 indumentis
1834 2514 1924 2575 aut

334 2589 760 2668 calciamentis,
815 2607 918 2643 non
949 2606 1096 2656 usus,
1130 2593 1223 2646 sed
1253 2593 1462 2645 decoris
1509 2608 1690 2659 causa,
1742 2597 1925 2650 volunt

333 2678 657 2733 hominibus
699 2679 929 2746 placere.
962 2680 1102 2734 Deus
1140 2692 1316 2736 autem
1343 2683 1455 2735 hmc
1495 2683 1924 2741 manifestissime

331 2768 636 2823 declaravit
668 2786 680 2821 :
717 2768 894 2845 Omnis
931 2771 1084 2836 enim,
1119 2771 1314 2840 inquit,
1347 2772 1499 2825 arbor
1528 2774 1590 2827 de
1621 2779 1788 2843 [ructu
1831 2794 1923 2839 suo

329 2857 660 2928 agnoscitur.
691 2857 756 2911 Et
783 2876 796 2910 :
826 2857 944 2925 Non
975 2877 1146 2914 omnes
1186 2862 1273 2931 qui
1297 2862 1472 2919 dicunt
1499 2865 1645 2929 mihi,
1679 2864 1918 2932 Domine,

332 2948 610 3002 intrabunt
633 2949 684 3001 in
706 2964 918 3020 regnum
949 2952 1212 3019 cwlorum,
1247 2952 1335 3006 sed
1355 2955 1441 3023 qui
1468 2955 1588 3025 facit
1614 2955 1922 3012 volunta'cm

2031 1763 2301 1822 dientibus
2329 1768 2430 1822 erit
2453 1767 2518 1822 ad
2546 1782 2786 1836 poenam;
2813 1778 2866 1824 et
2888 1769 3010 1836 quia
3040 1767 3136 1833 illi,
3173 1767 3312 1822 sicut
3331 1769 3441 1837 jam
3474 1768 3606 1833 dixi,

2029 1873 2128 1913 nec
2155 1859 2318 1912 Demn
2349 1871 2661 1912 reverentur
2684 1873 2780 1912 nec
2806 1859 3077 1934 hominem
3107 1867 3370 1924 metuunt,
3393 1873 3488 1915 vos
3517 1859 3608 1928 qui

2028 1950 2243 2024 Christo
2266 1951 2559 2023 inspirante
2588 1960 2642 2004 et
2666 1951 2822 2004 fidem
2850 1958 2903 2013 et
2925 1951 3220 2025 castitatem
3255 1950 3489 2005 fideliter
3515 1965 3610 2004 cu-

2027 2045 2269 2110 stoditis,
2303 2043 2346 2097 si
2393 2043 2605 2112 quando
2656 2044 2866 2112 aliquos
2916 2053 3020 2096 tam
3074 2044 3335 2111 sacrilega
3389 2050 3606 2111 peccata

2027 2135 2359 2188 committere
2381 2134 2756 2202 cognoveritis,
2774 2143 2828 2188 et
2851 2136 3016 2189 semel
3039 2143 3091 2189 et
3112 2134 3348 2196 secundo
3367 2145 3420 2188 et
3444 2138 3601 2188 tertio

2027 2226 2308 2297 castigate,
2341 2234 2395 2280 et
2423 2225 2467 2279 si
2498 2241 2591 2296 vos
2617 2226 2800 2300 audire
2827 2226 3117 2290 noluerint,
3149 2241 3247 2280 nec
3277 2225 3604 2292 colloquium

2027 2331 2144 2369 cum
2179 2316 2279 2369 illis
2303 2315 2530 2392 habete,
2555 2331 2652 2370 nec
2678 2316 2741 2390 ad
2773 2329 3004 2389 vestrum
3027 2331 3119 2370 eos
3143 2318 3440 2370 convivium
3474 2331 3605 2370 con-

2024 2409 2249 2471 vocetis,
2283 2423 2378 2461 nec
2417 2408 2468 2460 in
2501 2408 2725 2482 aliorum
2756 2408 2956 2484 mensis
3001 2408 3176 2461 cibum
3223 2424 3344 2462 eum
3376 2407 3482 2462 illis
3511 2422 3603 2462 su-

2026 2503 2212 2566 matis;
2238 2501 2528 2570 secundum
2552 2499 2651 2553 hoc
2674 2501 2812 2572 quod
2834 2500 3026 2553 talibus
3049 2500 3121 2564 ait
3144 2500 3452 2567 Apostolus,
3479 2515 3601 2554 cum

2028 2589 2396 2658 hujusvemodi
2455 2591 2757 2644 hominibus
2799 2605 2896 2644 nec
2944 2589 3120 2654 cibum
3151 2605 3391 2656 sumere,
3423 2599 3481 2644 ul
3521 2588 3602 2647 vel

2025 2663 2482 2747 sic'erubescant,
2519 2680 2643 2735 dum
2676 2681 2938 2736 setvident
2966 2681 3031 2734 ab
3080 2681 3314 2741 honestis
3339 2690 3393 2736 et
3435 2680 3603 2737 Deum

2026 2777 2335 2846 timentibus
2357 2775 2648 2837 exsecrari.
2683 2774 2738 2832 Si
2763 2774 2905 2828 enim
2929 2774 3068 2842 quod
3099 2788 3325 2842 suggero
3356 2788 3461 2829 non
3483 2771 3602 2825 fue-

2029 2865 2099 2919 rit
2129 2865 2345 2933 factmn,
2378 2865 2680 2934 quicunque
2719 2866 2806 2918 ille
2835 2873 2915 2925 est
2942 2863 3030 2936 qui
3079 2862 3295 2917 fratrem
3324 2877 3480 2916 suum
3508 2871 3600 2915 aut

2027 2957 2259 3009 vicinum
2311 2955 2566 3010 adulteria
2616 2955 2948 3011 committere
2993 2953 3220 3016 noverit,
3252 2953 3298 3009 si
3330 2953 3477 3006 illum
3516 2967 3602 3005 ar-

333 3042 525 3122 Patris
561 3044 677 3111 mei,
707 3044 795 3113 qui
834 3044 885 3096 in
920 3046 1058 3120 cretis
1095 3055 1166 3104 est
1190 3091 1202 3114 ,
1246 3046 1357 3126 ipse
1396 3047 1603 3117 intrabit
1630 3050 1680 3102 in
1711 3066 1920 3126 reqnttm
2029 3061 2192 3114 gnere
2224 3046 2471 3119 noluerit,
2507 3045 2775 3112 particeps
2815 3043 2957 3103 illius
2980 3045 3103 3107 erit,
3131 3043 3258 3096 dum
3305 3042 3431 3097 illud
3461 3042 3600 3112 quod

333 3120 584 3218 striarum
620 3131 829 3203 (Matth.
857 3137 975 3205 Vit).

425 3248 487 3303 s.
533 3245 828 3301 CAESAR"
867 3218 1244 3308 ADMONITIO
1281 3247 1408 3304 seu
1447 3248 1832 3319 counscrto

331 3347 413 3418 A10.
447 3352 548 3392 EOS
572 3353 660 3418 091
691 3353 898 3395 υιοιιεε
929 3352 1221 3402 ΙΙΑΒΕΝΤΕΞ,
1257 3356 1553 3408 ADULTEBIA
1581 3357 1919 3404 COIIITTERB

891 3423 991 3460 eos
1034 3424 1388 3481 enueescuur.

327 3496 523 3566 Arguit
552 3497 700 3549 etiam
727 3497 842 3550 illos
871 3497 960 3564 qui
987 3508 1102 3549 ante
1121 3514 1304 3551 uxores
1333 3508 1422 3552 aut
1446 3509 1557 3568 post
1587 3519 1771 3557 uxores
1792 3519 1918 3559 con-

477 3567 692 3621 cubinas
726 3568 920 3636 infelici
950 3569 1203 3620 consortio
1222 3567 1489 3623 voluerunt
1517 3572 1776 3627 adhibere.

401 3659 564 3726 ROgo
592 3671 706 3721 vos,
742 3659 930 3712 fratres
982 3657 1302 3724 charissimi,
1336 3669 1391 3712 ut
1418 3663 1670 3716 attentius
1716 3665 1914 3734 c0gite-

324 3766 452 3826 mus
480 3764 699 3805 causam
725 3749 908 3804 salutis
931 3759 1146 3815 nostrae,
1166 3762 1218 3804 et
1240 3760 1297 3805 ut
1324 3751 1409 3805 illa
1432 3754 1609 3807 omnia
1633 3755 1769 3809 mala
1799 3771 1917 3827 qum

327 3844 400 3897 de
435 3842 622 3895 futuro
662 3838 861 3906 judicio
884 3840 1078 3908 scripta
1123 3853 1247 3898 sunt
1277 3844 1537 3908 possimus
1583 3846 1833 3912 evadere,
1865 3859 1919 3903 et

327 3917 398 4008 ad
432 3933 588 3987 illam
618 3930 997 3992 beatitudinem
1025 3947 1142 3999 qua:
1164 3931 1318 3986 nobis
1347 3936 1605 4000 promissa
1637 3946 1722 3990 est
1749 3939 1920 4006 pOSSi-

324 4035 454 4076 mus
507 4019 743 4074 feliciter
787 4018 1066 4088 pervenire
1092 4060 1107 4084 ,
1134 4030 1388 4089 quantum
1439 4024 1676 4080 valemus
1714 4027 1917 4083 viribus

325 4126 455 4192 cum
488 4112 589 4166 Dei
621 4111 885 4181 adjutorio
913 4111 1255 4176 charitatem,
1293 4112 1578 4182 justitiam,
1611 4117 1917 4174 misericor-

325 4209 504 4272 diam,
563 4204 720 4258 simul
767 4213 821 4258 et
863 4203 1162 4285 castitatem
1206 4219 1422 4259 servare
1469 4214 1578 4259 tota
1623 4206 1916 4264 intentione

329 4299 503 4370 animi
539 4295 882 4359 studeamus,
911 4301 967 4350 ut
996 4296 1097 4349 ista
1136 4303 1385 4364 tanquam
1435 4297 1640 4362 caelesti
1672 4309 1727 4352 et
1754 4300 1914 4367 spiti-

2025 3135 2282 3202 scriptum
2314 3143 2431 3199 est,
2473 3133 2529 3188 Si
2562 3133 2778 3187 videbas
2810 3131 2977 3186 furem
3011 3132 3168 3185 simul
3198 3131 3450 3188 currebas
3477 3147 3596 3185 cum

2023 3238 2118 3288 eo,
2147 3231 2200 3276 et
2229 3237 2347 3277 cum
2398 3222 2652 3276 adulteris
2701 3221 2999 3288 portionem
3049 3231 3190 3274 tuam
3223 3223 3461 3290 ponebas
3491 3236 3508 3286 ;
3539 3230 3598 3276 et

2025 3313 2152 3369 illud
2181 3313 2321 3382 quod
2351 3312 2637 3382 Apostolus
2668 3313 2740 3366 ait
2768 3353 2781 3376 ,
2806 3313 2918 3366 Non
2949 3313 3119 3366 solum
3151 3314 3237 3381 qui
3282 3311 3480 3366 faciunt
3506 3326 3594 3375 ea,

2022 3405 2115 3467 sed
2139 3413 2194 3460 et
2221 3408 2306 3476 qui
2335 3405 2674 3461 consentiunt
2715 3404 3031 3460 facientibus
3061 3421 3154 3470 ea;
3187 3404 3260 3458 illi
3291 3413 3467 3459 autem
3505 3405 3594 3473 qui

2021 3496 2295 3551 adulteros
2326 3512 2423 3551 nec
2448 3497 2544 3566 ipsi
2577 3505 2800 3566 arguunt
2822 3509 2919 3549 nec
2955 3495 3005 3547 in
3034 3495 3273 3548 notitiam
3300 3493 3596 3549 sacerdotis

2020 3587 2280 3640 secretius
2304 3596 2525 3655 ponunt,
2553 3588 2908 3672 suspicio‘nem
2929 3586 3080 3641 nobis
3101 3586 3296 3640 faciunt
3312 3586 3449 3654 quod
3476 3585 3595 3639 illos

2021 3677 2140 3733 ideo
2172 3695 2277 3734 non
2300 3693 2549 3750 arguunt,
2573 3681 2693 3750 quia
2719 3682 2817 3748 ipsi
2841 3682 2958 3747 talia
2985 3690 3196 3750 peccata
3224 3681 3594 3745 committunt;

2021 3767 2152 3821 mihi
2181 3769 2324 3823 enim
2354 3771 2552 3825 sufficit
2583 3770 2722 3838 quod
2752 3786 2870 3825 cum
2899 3771 3088 3839 grandi
3112 3769 3298 3823 dolore
3325 3770 3516 3823 animae
3538 3778 3592 3840 et

2020 3856 2226 3911 infinito
2252 3862 2448 3928 gemitu
2492 3862 2692 3925 clamo;
2727 3875 2818 3913 vos
2843 3874 2969 3913 vero
3013 3859 3057 3913 si
3085 3867 3137 3911 et
3165 3873 3194 3912 a
3227 3859 3414 3912 vestris
3442 3866 3495 3912 et
3523 3859 3593 3933 ab

2018 3949 2205 4002 alienis
2237 3951 2467 4017 peccatis
2497 3950 2646 4005 liberi
2672 3965 2791 4004 esse
2818 3950 2997 4013 vultis,
3027 3951 3188 4004 nolite
3215 3964 3435 4019 parcere
3467 3951 3591 4004 tali-

2017 4042 2116 4097 bus
2142 4059 2157 4108 ;
2186 4053 2274 4096 ant
2312 4044 2356 4096 si
2395 4057 2489 4097 vos
2517 4043 2772 4097 secretius
2798 4051 2850 4097 et
2882 4041 3211 4110 frequentius
3237 4041 3585 4105 admonentes

2018 4136 2199 4190 audire
2223 4135 2509 4200 noluerint,
2541 4136 2695 4189 facite
2719 4135 2816 4188 hoc
2840 4135 2903 4187 ad
2935 4133 3243 4187 humilitatis
3269 4143 3466 4201 nostra:
3490 4147 3590 4200 no:

2017 4224 2185 4279 titiam
2215 4225 2513 4294 pervenire,
2535 4225 2658 4278 dum
2691 4223 2816 4278 illud
2847 4223 2985 4291 quod
3020 4223 3269 4276 Dominus
3297 4221 3364 4283 de
3391 4236 3586 4290 pecca-

2015 4316 2220 4370 toribus
2249 4317 2299 4370 in
2331 4316 2632 4386 Evangeliis
2661 4316 2818 4379 dixit,
2852 4313 3069 4382 Corripe
3100 4311 3244 4366 illum
3289 4312 3428 4367 inter
3449 4321 3501 4367 te
3530 4321 3586 4382 et

330 4386 466 4472 tuali
518 4371 771 4466 quadriga
803 4384 867 4441 ad
911 4385 1251 4456 principalem
1286 4387 1515 4453 paradisi
1562 4389 1784 4457 patriam
1828 4406 1916 4444 ra-

2026 4404 2191 4473 ipsum
2241 4405 2443 4474 solum,
2475 4371 2520 4460 si
2567 4415 2619 4459 te
2664 4404 2920 4466 audierit,
2949 4371 3179 4457 lucratus
3207 4401 3317 4457 eris
3363 4379 3584 4472 fratrem

327 4489 564 4558 piamur.
595 4484 788 4541 Eamus
817 4481 924 4539 illic
971 4482 1181 4555 interim
1209 4481 1393 4546 corde,
1418 4492 1495 4562 ut,
1521 4496 1642 4536 cum
1673 4483 1787 4538 dies
1823 4484 1915 4554 ju-

331 4563 456 4652 Jicii
506 4573 819 4638 advenerit,
851 4588 1139 4644 sequamur
1168 4580 1224 4627 et
1270 4588 1532 4641 corpore;
1590 4583 1643 4629 et
1674 4574 1725 4628 in
1757 4574 1911 4629 nobis

329 4659 621 4742 impleatur
646 4665 776 4742 illud
794 4665 943 4735 quod
977 4655 1259 4739 Aposmlus
1297 4665 1465 4736 dicit:
1504 4666 1697 4727 Nostra
1729 4677 1907 4730 autem

328 4739 669 4811 conversatio
730 4739 783 4808 in
831 4755 984 4808 ctelis
1037 4743 1148 4820 est;
1195 4764 1248 4809 et
1293 4756 1421 4810 illud
1450 4757 1622 4810 :Cum
1666 4755 1908 4818 Christus

330 4845 641 4915 apparuerit
667 4847 769 4898 vita
797 4854 992 4908 vestra,
1025 4853 1151 4920 tunc
1179 4854 1241 4920 et
1262 4860 1357 4916 vos
1385 4861 1505 4912 cum
1537 4847 1652 4914 ipso
1679 4862 1907 4915 appare-

331 4911 461 4993 bitis
490 4936 758 5004 ingloria.
784 4935 987 4988 Nullam
1016 4915 1143 5005 ergo
1187 4911 1253 4989 de
1280 4912 1408 5004 ipsis
1438 4911 1664 5004 quatuor
1691 4911 1909 4992 virtuti-

330 5017 434 5100 bus
461 5029 636 5084 minus
677 5044 832 5097 quam
867 5028 1079 5093 expedit
1109 5028 1428 5097 diligamus:
1453 5028 1578 5097 quid
1607 5031 1748 5083 enim
1786 5044 1908 5098 pro-

326 5127 451 5179 dest
481 5121 574 5176 tibi
601 5161 617 5187 ,
648 5120 691 5174 si
717 5118 1028 5195 charitatem
1058 5119 1254 5198 habere
1282 5121 1541 5186 videaris,
1573 5129 1628 5176 et
1645 5119 1903 5190 justitiam

329 5216 529 5284 habere
558 5229 662 5268 non
686 5211 816 5270 velis
838 5211 861 5263 Ὶ
882 5221 970 5288 aut
1000 5212 1116 5280 quis
1147 5221 1196 5268 te
1215 5214 1466 5284 adjuvare
1493 5214 1708 5281 poterit,
1731 5214 1774 5268 si
1803 5214 1904 5278 mi-

332 5304 676 5372 sericOrdiam
724 5302 919 5359 habere
949 5311 1000 5357 te
1029 5303 1204 5377 dicas,
1235 5317 1289 5366 et
1315 5305 1617 5366 castitatem
1669 5319 1775 5360 non
1807 5306 1901 5359 ha-

333 5395 503 5449 bendo
547 5397 772 5465 teipsum
819 5394 942 5449 odio
985 5392 1202 5474 habeas,
1252 5395 1552 5459 secundum
1583 5395 1710 5450 illud
1758 5395 1900 5465 quod

335 5486 584 5559 scriptum
614 5495 692 5542 est
709 5528 731 5588 n,
759 5485 859 5553 Qui
897 5485 1057 5588 diligit
1106 5490 1478 5588 iniquitatem:
1513 5487 1626 5588 odit
1667 5486 1899 5588 animant

336 5590 514 5669 suam;
544 5587 596 5632 et
639 5579 758 5650 quia
785 5577 1060 5636 castitatem
1089 5577 1301 5680 ρθυὲοε
1338 5580 1498 5660 valde
1540 5579 1735 5666 habere
1763 5580 1898 5658 velle

2019 4504 2193 4562 tuum;
2219 4497 2260 4550 si
2290 4505 2466 4549 autem
2499 4511 2601 4550 non
2632 4503 2681 4548 te
2709 4493 2954 4558 audierit,
2976 4492 3060 4546 dic
3093 4491 3368 4558 Ecclesiae,
3392 4491 3444 4547 id
3473 4502 3583 4582 est,

2015 4600 2154 4656 pone
2181 4586 2232 4638 in
2263 4586 2500 4640 notitiam
2534 4583 2854 4639 sacerdotis:
2879 4583 2921 4635 si
2947 4596 3044 4636 nec
3074 4580 3368 4637 Ecclesium
3398 4580 3585 4646 audieé

2013 4676 2104 4739 rit,
2137 4677 2202 4730 sit
2224 4676 2318 4740 tibi
2347 4684 2594 4743 tanquam
2615 4673 2858 4728 ethnicus
2881 4681 2935 4726 et
2955 4672 3283 4741 publicanus.
3316 4673 3420 4728 Sed
3439 4673 3582 4742 quod

2013 4766 2164 4835 pejus
2193 4775 2275 4831 est
2297 4807 2312 4830 ,
2347 4767 2472 4818 dum
2505 4763 2579 4817 illi
2627 4764 2715 4832 qui
2749 4771 2949 4816 tantum
2980 4760 3176 4815 malum
3207 4762 3581 4826 committunt,

2018 4856 2086 4908 ab
2106 4851 2367 4922 aliquibus
2385 4871 2490 4908 non
2512 4855 2680 4912 solum
2702 4868 2804 4907 non
2823 4851 3198 4920 corripiuntur,
3219 4865 3402 4905 verum
3417 4852 3578 4904 etiam

2017 4951 2296 5018 palpantur
2322 4958 2376 5003 et
2404 4946 2594 5010 blande
2639 4948 2999 5014 accipiuntur,
3036 4943 3155 4998 ideo
3180 4943 3290 5010 ipsa
3316 4941 3578 5010 sacrilega

2013 5037 2236 5091 crimina
2267 5039 2566 5089 nutriuntur
2594 5042 2648 5088 et
2675 5035 2790 5088 sine
2821 5035 2926 5088 ullo
2953 5034 3144 5088 timore
3163 5047 3226 5087 ac
3256 5032 3576 5086 verecundia

2013 5134 2415 5195 perpetrantur;
2447 5127 2538 5179 sed
2570 5139 2666 5179 nos
2692 5126 2877 5180 timere
2903 5125 3156 5180 debemus
3181 5121 3308 5177 illud
3339 5123 3477 5192 quod
3510 5121 3578 5176 de

2009 5216 2209 5288 Achar,
2231 5217 2322 5286 qui
2349 5217 2419 5271 de
2444 5215 2622 5271 Jerico
2649 5216 2884 5285 regulam
2913 5229 3127 5270 auream
3157 5213 3359 5268 furatus
3379 5211 3574 5271 fuerat,

2014 5306 2268 5375 scriptum
2291 5313 2392 5372 est,
2420 5304 2633 5372 quando
2663 5319 2758 5374 pro
2799 5304 2955 5359 unius
2984 5304 3211 5360 hominis
3244 5309 3460 5370 peccato
3481 5314 3575 5353 su-

2015 5410 2111 5467 per
2134 5412 2346 5453 omnem
2376 5396 2537 5452 Israel
2562 5397 2781 5451 deamvit
2815 5395 2892 5449 ira
2924 5395 3040 5461 Dei,
3067 5410 3167 5449 nec
3207 5392 3407 5464 quievit
3430 5391 3576 5446 furor

2009 5487 2103 5545 Dei
2127 5503 2158 5561 a
2186 5487 2382 5558 populc
2406 5488 2580 5543 donec
2608 5487 2697 5542 ille
2737 5487 2827 5557 qui
2858 5486 3054 5540 malum
3097 5487 3314 5546 fecerat,
3349 5483 3575 5537 Domino

2005 5578 2246 5662 iubente,
2273 5585 2660 5661 conterentur.
2676 5578 2805 5656 Cum
2830 5578 2972 5632 enim
2998 5576 3071 5662 illi
3096 5576 3170 5658 de.
3187 5575 3376 5652 quibus
3397 5572 3569 5640 loqui-
