4078 6440
506 333 527 388 ἱ
538 330 639 388 087

1505 317 1562 371 5.
1601 315 1955 372 CIESARIUS
1989 314 2199 370 EPISC.
2240 315 2725 376 ARELATENSIS.
2774 395 2778 403 ‘

3594 323 3735 376 i088

501 459 621 500 mur
641 434 838 495 {uxores
863 446 1036 493 castas
1058 450 1177 491 esse
1200 434 1384 499 velint,
1411 449 1510 504 qua
1536 434 1860 489 conscientia
1884 432 2061 486 nefan-
2091 429 2136 486 A
2169 438 2273 487 tem
2326 449 2490 503 usque
2536 435 2599 490 ad
2651 434 2859 506 nuptias
2912 438 3240 500 custodiant;
3289 442 3408 509 quia
3459 443 3732 512 quomodo

498 533 566 588 da
607 531 862 586 adulteria
891 529 1255 593 committant,
1289 538 1341 582 et
1392 528 1573 581 dicunt
1598 527 1697 580 sibi
1735 527 1896 582 licere
1924 527 2062 594 quod

498 624 577 677 eis
617 623 834 676 omnino
874 635 978 673 non
1012 619 1166 680 licet,
1199 618 1347 686 quasi
1398 619 1498 671 alia
1546 628 1809 685 praecepta
1859 618 2066 672 dederit

499 711 641 764 Deus
665 710 810 772 viris,
833 710 934 762 alia
967 709 1215 762 feminis?
1240 708 1384 762 Dicet
1411 709 1711 778 quicunque
1742 709 1826 763 ille
1853 718 1930 762 est
1961 725 2060 777 qua

497 803 617 872 lege
648 806 986 871 permittente
1015 803 1237 856 crimina
1271 803 1367 854 ista
1411 802 1724 863 committat,
1775 816 1893 853 cum
1926 816 1954 853 a
1985 801 2064 854 di-

495 896 615 947 vina
646 902 700 947 et
728 893 952 946 humana
979 893 1091 960 lege
1114 906 1272 945 omne
1301 891 1616 948 adulterium
1646 893 1907 956 puniatur.
1939 892 2062 945 Ideo

497 992 673 1037 tamen
722 984 822 1036 hoc
876 983 1073 1034 malum
1127 995 1228 1035 non
1278 979 1620 1046 prohibetur,
1659 980 1778 1047 quia
1823 995 1850 1031 a
1884 983 2062 1034 multis

495 1073 868 1132 Committitttr,
899 1071 990 1124 sed
1019 1079 1216 1139 quanto
1245 1071 1308 1121 ab
1341 1069 1640 1122 hominibus
1673 1071 1846 1126 minus
1872 1071 2061 1123 distin-

497 1162 692 1232 guitur,
720 1172 864 1213 tanto
891 1163 1054 1231 magis
1077 1162 1254 1214 divino
1280 1161 1476 1227 judicio
1503 1162 1709 1228 gravius
1743 1164 2058 1217 vindicatur.

496 1251 628 1310 Nam
660 1253 784 1306 illud
811 1255 962 1321 quale
990 1263 1069 1307 est
1090 1255 1226 1322 quod
1250 1254 1407 1320 aliqui
1438 1255 1521 1320 qui
1547 1257 1598 1308 in
1626 1256 1760 1310 hanc
1790 1257 2062 1323 impuden.

499 1346 623 1397 tiam
657 1354 1023 1413 prorumpunt,
1056 1355 1112 1398 ut
1139 1344 1312 1397 dicant
1355 1346 1466 1398 ha'e
1504 1355 1606 1398 tam
1650 1348 1880 1400 crudelia
1927 1349 2061 1405 mala

495 1435 623 1490 vitis
645 1435 825 1499 licere,
856 1445 904 1486 et
925 1433 1132 1488 feminis
1164 1451 1267 1488 non
1288 1435 1476 1498 licere;
1499 1452 1594 1490 nec
1623 1439 1901 1491 attendunt
1921 1439 2059 1507 quod

498 1532 550 1577 et
576 1523 656 1576 vir
683 1534 735 1578 et
763 1523 953 1577 femina
985 1525 1298 1591 regulariter
1320 1535 1440 1582 sunt
1462 1528 1660 1583 Christi
1688 1529 1942 1595 sanguine
1975 1545 2060 1582 re-

496 1615 725 1682 dempti;
762 1625 816 1670 et
842 1618 996 1673 simul
1044 1627 1380 1671 sacrosancto
1424 1618 1634 1672 lavacro
1681 1629 1804 1672 sunt
1851 1620 2013 1672 abluti
2041 1662 2055 1685 ,

493 1709 805 1776 sanguinem
852 1710 1056 1764 Domini
1085 1712 1238 1764 simul
1285 1714 1568 1780 accipiunt,
1601 1723 1652 1767 et
1683 1729 1785 1767 non
1814 1723 1892 1768 est
1921 1715 2057 1782 apud

2169 524 2344 577 nullus
2372 534 2454 578 est
2483 525 2570 593 qui
2616 541 2864 594 sponsam
2914 528 3159 583 violatam
3200 529 3325 584 velit
3354 532 3618 600 accipere,
3651 535 3735 587 sic

2167 617 2338 668 nullus
2365 631 2422 669 se
2445 616 2600 670 debet
2625 626 2748 670 ante
2783 619 2990 686 nuptias
3020 620 3317 676 adulterina
3348 625 3738 678 commixtione

2164 722 2538 775 corrumpere;
2563 709 2653 762 sed
2677 711 2816 778 quod
2852 711 2998 780 pejus
3027 722 3129 777 est,
3161 713 3338 780 plures
3367 725 3490 768 sunt
3511 716 3598 784 qui
3627 716 3732 769 sibi

2165 799 2484 853 concubinas
2505 800 2777 869 adhibent,
2826 813 3108 872 antequam
3150 820 3342 861 uxores
3373 806 3650 872 accipiant,
3675 815 3736 862 et

2164 891 2284 958 quia
2315 891 2526 960 grandis
2578 892 2857 946 multitudo
2896 903 2997 958 est,
3040 896 3504 950 excommunicare
3543 911 3736 950 omnes

2165 996 2270 1033 non
2301 991 2472 1048 potest
2502 982 2813 1050 episcopus,
2845 983 2938 1037 sed
2971 999 3090 1037 cum
3122 986 3320 1052 gemitu
3349 994 3401 1040 et
3433 986 3616 1040 multis
3646 1001 3739 1038 su-

2164 1071 2339 1138 Spiriis
2368 1072 2646 1136 tolerat,et
2671 1082 2939 1141 exspectat
2972 1073 3015 1126 si
3046 1074 3177 1127 forte
3204 1076 3317 1142 pius
3349 1084 3402 1130 et
3431 1076 3739 1129 misericors

2168 1161 2423 1216 Dominus
2453 1164 2543 1216 det
2574 1164 2674 1216 illis
2701 1164 3017 1218 fructuosam
3052 1167 3416 1233 paenitentiam
3446 1182 3538 1231 per
3576 1183 3736 1236 quam

2165 1252 2370 1318 possint
2398 1252 2462 1304 ad
2516 1252 2892 1322 indulgentiam
2926 1258 3226 1319 pervenire.
3254 1255 3316 1308 Et
3345 1256 3464 1324 quia
3497 1258 3596 1310 hoc
3625 1272 3741 1312 ma-

2165 1342 2272 1395 lum
2302 1344 2352 1395 in
2395 1345 2836 1398 consuetudinem
2866 1354 2946 1400 est
2993 1348 3242 1408 missum,
3275 1354 3332 1398 ut
3378 1356 3586 1414 putetur
3630 1364 3738 1400 non

2163 1450 2280 1488 esse
2311 1446 2604 1503 peccatum,
2640 1451 2762 1492 ecce
2795 1452 2970 1491 coram
3005 1438 3112 1494 Deo
3136 1446 3187 1491 et
3215 1439 3412 1490 sanctis
3440 1438 3554 1508 ejus
3577 1437 3741 1505 proft-

2165 1533 2276 1578 teor
2299 1525 2439 1590 quia,
2456 1526 2566 1578 sive
2587 1535 2706 1580 ante
2725 1543 2963 1588 uxorem,
2982 1529 3097 1581 sive
3120 1537 3237 1596 post
3259 1542 3496 1589 uxorem,
3515 1526 3743 1595 quicun~

2163 1629 2265 1682 que
2292 1615 2391 1668 sibi
2422 1615 2770 1670 concubinam
2802 1617 3123 1680 adhibuerit,
3149 1617 3466 1670 adulterium
3495 1619 3741 1672 commit-

2166 1703 2260 1769 tit;
2292 1714 2342 1758 et
2372 1706 2470 1759 hoc
2499 1705 2648 1774 pejus
2678 1715 2758 1760 est
2787 1707 3134 1759 adulterium:
3166 1709 3310 1770 quia,
3334 1722 3451 1761 eum
3478 1707 3617 1760 nulla
3654 1723 3738 1760 ra-

494 1796 661 1850 Dcum
694 1799 942 1853 discretio
975 1803 1188 1854 masculi
1214 1811 1266 1855 ρι
1297 1779 1534 1866 remi“,
1568 1819 1666 1858 nec
1695 1813 1780 1858 εει
1807 1779 2137 1871 per“,nt
2167 1793 2306 1846 tione
2339 1794 2509 1859 liceat,
2540 1795 2746 1862 publice
2776 1797 2874 1850 hoc
2898 1796 3012 1858 sine
3040 1799 3144 1854 ulla
3167 1798 3481 1853 verecundia
3499 1799 3651 1866 quasi
3673 1813 3739 1858 ex

493 1901 610 1941 rum
634 1899 882 1958 acceptor
913 1889 1070 1944 Deus.
1101 1891 1238 1960 Ergo
1267 1893 1404 1959 quod
1431 1893 1638 1946 fentinis
1666 1911 1768 1948 non
1795 1895 1953 1960 licet,
1986 1896 2062 1949 si-

493 1978 690 2033 militer
714 1981 908 2033 ctviris
936 1996 1040 2033 non
1073 1982 1222 2035 licuit
1246 1999 1494 2050 unquam,
1520 2000 1616 2039 nec
1645 1987 1805 2042 licere
1836 1990 2056 2055 poterit;

493 2074 586 2128 sed
618 2075 737 2141 quia
771 2075 954 2153 infelix
983 2077 1282 2134 intromissa
1313 2088 1392 2132 est
1418 2083 1746 2137 consuetudo
1774 2093 1831 2135 ut
1857 2083 1899 2137 si
1931 2098 2062 2137 uxor

493 2161 707 2216 inventa
732 2163 887 2217 fuerit
913 2180 1030 2225 cum
1059 2181 1234 2230 servo,
1268 2169 1540 2234 puniatur;
1565 2172 1608 2224 si
1639 2183 1810 2226 autem
1837 2177 1914 2228 vir
1937 2191 2058 2230 cum

494 2252 679 2307 multis
705 2254 908 2308 ancillis
938 2253 988 2307 in
1021 2255 1252 2309 libidinis
1299 2259 1473 2313 cloaca
1507 2259 1805 2325 volutatur,
1839 2279 1942 2316 non
1975 2279 2059 2318 so-

493 2340 602 2400 lum
629 2358 731 2398 non
763 2348 998 2412 punitur,
1033 2361 1213 2400 verum
1261 2349 1418 2402 etiam
1443 2367 1472 2409 a
1511 2352 1620 2406 suis
1651 2353 1910 2406 similibus
1951 2355 2061 2408 eol-

493 2433 759 2498 laudatur,
783 2445 834 2490 et
863 2437 962 2490 sibi
988 2438 1209 2494 invicem
1243 2442 1539 2511 loquentes,
1565 2446 1682 2510 quis
1705 2446 1931 2512 amplius
1959 2446 2059 2501 hoc

493 2523 684 2578 fecerit
723 2541 841 2587 cum
873 2531 981 2582 risu
1010 2539 1062 2584 et
1089 2531 1349 2585 cachinno
1381 2535 1693 2589 stultissimo
1718 2537 2055 2591 confitentur.

493 2614 594 2670 Sed
623 2618 841 2678 istorum
872 2623 1008 2675 risus
1034 2621 1086 2675 in
1114 2622 1200 2676 die
1221 2625 1403 2690 judicii
1437 2636 1672 2681 vertetur
1695 2629 1743 2681 in
1770 2627 2056 2696 planctum,

493 2715 544 2760 et
573 2723 754 2766 eorttm
781 2711 900 2778 joca
931 2723 1202 2768 vertentur
1248 2716 1297 2768 in
1327 2717 1565 2772 vulnera.
1599 2719 1704 2773 Sed
1751 2723 1848 2774 hoc
1876 2720 1950 2774 illi
1981 2720 2058 2774 fa-

493 2797 638 2851 ciunt
659 2801 744 2866 qui
776 2801 1006 2856 futurum
1027 2803 1284 2872 judicium
1316 2821 1413 2861 nec
1441 2809 1665 2864 credunt
1689 2812 1926 2876 omnino,
1963 2827 2058 2866 nec

494 2897 751 2942 metuunt.
781 2891 890 2959 Ego
916 2894 1057 2946 enim
1087 2909 1205 2947 cum
1235 2895 1395 2949 libera
1419 2901 1743 2954 conscientia
1766 2901 1938 2955 clamo
1967 2917 2058 2970 pa-

494 2976 622 3032 riter
649 2990 702 3033 et
731 2992 1030 3048 contestor,
1063 2985 1181 3052 quia
1215 2985 1515 3056 quicunque
1564 2989 1762 3044 habens
1802 3005 2018 3045 uxorem
2039 3031 2053 3054 ,

494 3071 752 3132 adulteria
790 3076 1144 3140 commiserit,
1178 3079 1275 3131 nisi
1308 3081 1354 3133 ei
1399 3081 1710 3148 pmnitentia
1754 3084 1952 3151 prolixa
2003 3093 2057 3138 et

2163 1885 2278 1954 lege
2308 1888 2608 1940 committit.
2647 1888 2886 1958 Denique
2934 1890 3093 1944 etiam
3126 1906 3188 1947 ex
3237 1891 3335 1944 hoc
3364 1891 3739 1960 cognoscimus

2161 1992 2266 2030 non
2299 1978 2414 2031 leve
2444 1992 2564 2032 esse
2593 1989 2891 2048 peccatum,
2924 1990 2978 2032 ut
3002 1995 3342 2049 quoscunque
3373 1981 3502 2048 ipsa:
3543 1995 3738 2034 concu-

2160 2067 2298 2121 binae
2327 2069 2689 2136 conceperint,
2735 2085 2840 2123 non
2889 2071 3036 2124 liberi
3089 2071 3181 2123 sed
3223 2072 3360 2124 servi
3413 2082 3736 2136 nascantur,

2160 2157 2300 2212 unde
2345 2159 2488 2212 enim
2532 2167 2653 2227 post
2707 2170 2977 2228 acceptam
3030 2162 3324 2214 libertatem
3367 2162 3737 2216 hereditatem

2163 2251 2324 2316 patris
2353 2251 2494 2309 nulla
2517 2253 2631 2317 lege
2652 2260 2706 2304 et
2723 2252 2866 2305 nullo
2885 2253 3071 2306 ordine
3098 2252 3466 2314 permittuntur
3495 2251 3692 2306 habere
3713 2253 3736 2302 i

2162 2339 2331 2394 Etiam
2362 2340 2536 2401 videte
2569 2352 2739 2402 utrum
2768 2343 2882 2400 sine
2909 2353 3122 2410 peccato
3151 2357 3271 2396 esse
3293 2343 3480 2411 possit,
3516 2344 3602 2397 ubi
3643 2359 3730 2412 ge-

2161 2434 2338 2488 nerosi
2371 2434 2531 2488 decus
2561 2433 2834 2502 sanguinis
2863 2435 2930 2487 ita
2957 2433 3266 2490 humiliatur
3285 2474 3298 2498 ,
3334 2444 3387 2486 ut
3413 2434 3479 2487 de
3502 2433 3732 2488 homini-

2161 2522 2259 2578 bus
2283 2523 2621 2577 nobilissimis
2637 2525 2773 2578 servi
2791 2535 3090 2582 nascantur.
3116 2525 3243 2577 Nam
3267 2526 3315 2578 in
3335 2534 3539 2577 tantum
3567 2540 3732 2593 grave

2161 2625 2431 2682 peccatum
2475 2625 2585 2680 est,
2615 2625 2671 2668 ut
2718 2616 2767 2668 in
2808 2616 3022 2671 civitate
3079 2616 3317 2676 Romana
3361 2617 3450 2684 qui
3498 2617 3728 2670 voluerit

2161 2722 2382 2760 uxorem
2415 2707 2640 2770 ducere,
2667 2708 2710 2762 si
2741 2723 2800 2762 se
2827 2709 3081 2776 virginem
3114 2723 3217 2767 non
3265 2721 3386 2762 esse
3425 2708 3734 2776 ceguoscit,

2159 2798 2224 2850 ad
2252 2797 2610 2866 accipiendam
2645 2797 3065 2854 benedictionem
3112 2800 3402 2867 nuptialem
3427 2798 3606 2852 venire
3641 2813 3732 2867 pe-

2161 2893 2302 2947 nitus
2329 2907 2434 2948 non
2468 2895 2768 2963 praesumit;
2792 2903 2846 2948 et
2868 2894 2973 2961 jam
2995 2895 3169 2948 videte
3194 2909 3348 2964 quam
3369 2894 3557 2948 durum
3588 2892 3656 2947 sit
3678 2901 3735 2949 ut

2160 2999 2279 3038 cum
2306 2985 2392 3038 illa
2424 3001 2580 3054 quam
2611 2995 2758 3050 optat
2787 2985 3002 3049 ducere,
3031 2987 3451 3042 benedictionem
3491 3001 3596 3041 nou
3622 3002 3733 3041 me.

2163 3084 2341 3129 rcatur
2363 3077 2628 3146 accipere.
2647 3075 2748 3131 Sed
2771 3076 2983 3144 quando
3001 3078 3325 3152 suggerimus
3349 3079 3470 3142 ista,
3491 3078 3649 3132 timeo
3667 3093 3735 3132 ne

494 3161 685 3216 uberes
715 3164 1064 3236 eleemosyne
1101 3170 1478 3234 subvenerint,
1509 3182 1563 3226 et
1601 3188 1630 3227 a
1677 3150 1891 3241 peccato
1941 3175 2056 3242 ipso

2165 3167 2270 3219 sint
2298 3167 2458 3235 aliqui
2500 3167 2586 3235 qui
2618 3167 2770 3220 nobis
2801 3168 2975 3234 potius
3021 3150 3178 3237 quam
3209 3168 3310 3227 sibi
3339 3168 3505 3222 velint
3548 3169 3730 3231 irasci,

495 3264 599 3305 non
631 3255 933 3326 cessaverit,
957 3265 1012 3310 et
1032 3257 1073 3310 si
1101 3260 1365 3324 quomodo
1396 3261 1506 3315 fieri
1539 3262 1692 3327 solet,
1712 3264 1886 3318 subito
1918 3281 2060 3323 mor-

494 3349 614 3394 tuus
647 3341 819 3407 fuerit,
851 3345 900 3397 in
935 3357 1185 3401 aeternum
1209 3350 1417 3415 peribit.
1453 3351 1558 3405 Nec
1581 3354 1652 3407 illi
1685 3370 1875 3408 nomen
1907 3355 2061 3408 Chri-

494 3432 722 3485 stianum
769 3436 1019 3500 proderit,
1049 3437 1166 3505 quia
1194 3454 1294 3492 non
1339 3441 1507 3496 solum
1539 3459 1642 3498 non
1675 3445 1892 3512 perfecit
1918 3447 2058 3514 quod

496 3517 750 3573 Dominus
779 3526 1046 3591 prcccepit,
1082 3541 1262 3580 verum
1294 3531 1450 3584 etiam
1500 3543 1676 3588 contra
1711 3535 1824 3603 ejus
1855 3552 2057 3603 praece-

494 3618 582 3680 pta
629 3613 828 3666 scelera
876 3618 1214 3682 perpetravit.
1245 3620 1376 3676 Cum
1429 3624 1567 3676 enim
1613 3626 1772 3678 eti-tm
1805 3642 2053 3692 uxorem,

495 3711 720 3768 excepto
765 3704 1028 3760 desiderio
1063 3707 1307 3775 filiorum,
1338 3729 1622 3781 agnoscere
1665 3728 1933 3782 peccatum
1965 3719 2054 3783 sit,

493 3793 616 3861 quid
648 3794 714 3852 de
745 3811 802 3849 se
830 3799 1076 3866 cogitant,
1109 3811 1198 3857 aut
1236 3819 1388 3871 quam
1441 3822 1588 3874 spem
1616 3809 1715 3863 sibi
1749 3810 2058 3877 promittere

494 3885 732 3949 possint,
775 3887 861 3953 qui
907 3889 1148 3957 conjugia
1197 3891 1450 3948 habentes
1479 3911 1571 3964 per
1601 3899 1916 3958 adulterium
1959 3901 2058 3957 hoc

495 3975 598 4032 sibi
625 3987 921 4044 prmparaut
950 3980 1086 4032 unde
1114 3981 1177 4034 ad
1210 3983 1398 4038 inferni
1422 3987 1676 4054 profunda
1704 3989 2052 4058 descendant,

496 4080 596 4120 nec
645 4066 828 4121 volunt
881 4071 1188 4138 Apostolum
1245 4075 1426 4129 audire
1475 4077 1776 4145 dicentem,
1829 4081 2060 4148 Tempus

497 4154 658 4213 breve
685 4165 795 4220 est;
826 4157 1079 4227 reliquum
1123 4176 1386 4230 superest,
1426 4175 1482 4218 ut
1523 4169 1612 4236 qui
1647 4171 1838 4224 habent
1866 4185 2061 4225 uxores

497 4257 743 4317 tanquam
782 4265 885 4303 ntn
919 4251 1172 4314 habentes
1211 4257 1343 4322 sint;
1377 4267 1431 4312 et
1454 4260 1610 4325 illud,
1645 4262 1710 4316 Ut
1740 4264 1872 4324 sciat
1894 4279 2060 4318 unus-

496 4340 716 4408 quisque
742 4355 835 4399 vas
876 4356 1026 4396 suum
1064 4346 1332 4410 possidere
1367 4349 1416 4402 in
1449 4351 1646 4412 honore
1677 4363 1728 4405 et
1759 4355 2056 4413 sanctifica-

499 4429 669 4495 tione,
695 4444 796 4482 non
831 4430 882 4497 in
913 4432 1152 4498 passione
1174 4436 1446 4502 desiderii,
1484 4441 1618 4494 sicut
1645 4450 1698 4495 et
1725 4455 1913 4511 gentes
1941 4463 2060 4515 quin

2163 3258 2350 3313 Sermo
2391 3259 2532 3317 enim
2564 3269 2744 3312 noster
2773 3260 2920 3334 quasi
2967 3261 3238 3328 speculum
3269 3259 3510 3313 charitati
3544 3269 3735 3314 vestra:

2162 3349 2499 3418 proponitur;
2530 3359 2581 3402 et
2604 3350 2722 3403 ideo
2744 3351 3009 3419 quomodo
3033 3363 3294 3416 matrooa,
3311 3350 3521 3419 quando
3549 3365 3735 3417 specu-

2161 3439 2268 3492 lum
2297 3439 2558 3502 attendit,
2605 3440 2656 3493 in
2687 3456 2743 3494 se
2776 3441 2948 3509 potius
2978 3443 3116 3510 quod
3148 3452 3311 3494 totum
3351 3441 3542 3495 viderit
3567 3442 3735 3495 corri-

2161 3531 2254 3598 git,
2287 3539 2340 3584 et
2370 3546 2472 3584 non
2498 3533 2768 3601 speculum
2803 3533 3014 3600 frangit,
3059 3535 3124 3585 ita
3155 3541 3207 3586 et
3239 3535 3600 3600 unus-[nisque
3641 3547 3733 3584 ve-

2160 3630 2327 3674 strum
2352 3622 2558 3689 quoties
2589 3622 2640 3675 in
2670 3624 2843 3692 aliqua
2870 3623 3244 3691 praedicatione
3286 3624 3554 3692 cognoscit
3578 3623 3736 3677 findi-

2162 3723 2322 3768 tatem
2366 3732 2515 3770 suam
2538 3755 2552 3779 ,
2578 3715 2776 3782 justum
2806 3726 2886 3771 est
2926 3724 2981 3769 ut
3007 3715 3172 3782 magis
3197 3730 3256 3769 se
3296 3717 3528 3784 corrigat
3572 3730 3734 3782 quam

2162 3816 2345 3859 contra
2403 3807 2829 3873 praedicationem
2875 3807 3024 3865 velut
3073 3816 3254 3864 contra
3297 3805 3570 3872 speculum
3607 3805 3733 3857 velit

2162 3896 2341 3951 irasci.
2364 3897 2510 3952 Sicut
2534 3906 2587 3952 et
2614 3897 2686 3952 illi
2709 3898 2800 3966 qui
2824 3898 3030 3965 aliquas
3051 3897 3228 3965 plagas
3247 3897 3532 3964 accipiunt,
3563 3895 3734 3962 magis

2165 3989 2350 4041 volunt
2373 3989 2592 4042 vulnera
2611 4002 2798 4042 curare
2828 4003 2986 4057 quam
3017 3988 3402 4043 medicamenta
3423 3996 3734 4040 contemne-

2161 4095 2250 4144 re;
2285 4096 2350 4137 ne
2376 4095 2504 4147 ergo
2531 4079 2689 4132 etiam
2744 4094 2812 4132 ex
2845 4081 2948 4133 hoc
2986 4079 3176 4146 aliquis
3209 4079 3491 4146 dupliciter
3521 4085 3728 4146 peccet,

2162 4170 2206 4222 si
2233 4179 2414 4222 contra
2443 4167 2736 4237 spiritualia
2761 4168 3143 4222 medicamenta
3175 4167 3331 4222 irasci
3352 4168 3600 4230 voluerit,
3625 4181 3736 4222 non

2163 4260 2335 4320 solum
2368 4261 2654 4328 patienter,
2687 4259 2782 4314 sed
2805 4261 2961 4314 etiam
3005 4261 3230 4320 libenter
3259 4259 3484 4327 accipiat
3506 4272 3626 4326 qua:
3653 4256 3733 4310 di-

2164 4359 2355 4405 cuntur
2386 4368 2399 4405 :
2441 4351 2562 4420 quia
2599 4349 2710 4419 jam
2741 4366 2806 4404 ex
2845 4351 2948 4404 alia
2981 4361 3130 4419 parte
3155 4365 3182 4403 a
3215 4351 3354 4410 malo
3399 4348 3733 4418 crgnoscitur

2165 4444 2455 4510 declinare,
2481 4445 2568 4513 qui
2598 4444 2862 4498 salubrem
2886 4444 3288 4512 castigationem
3322 4443 3545 4503 voluerit
3571 4441 3734 4494 libcn~

498 4525 743 4592 ignorant
767 4523 955 4587 Deum,
990 4523 1333 4582 Considerate
1372 4531 1489 4597 quia
1530 4533 1614 4599 qui
1647 4538 1924 4603 uxoribus,
1959 4557 2054 4598 εχ-
2085 4517 2135 4578 D
2165 4546 2246 4591 tcr
2276 4538 2548 4604 accipere;
2579 4543 2632 4588 et
2671 4535 2755 4594 cui
2790 4535 2926 4588 mala
2968 4549 3061 4596 sua
3091 4515 3394 4602 displicent,
3429 4533 3538 4602 jam
3570 4533 3644 4585 illi
3679 4540 3733 4588 et

498 4625 654 4683 cepto
675 4613 939 4666 desiderio
962 4613 1205 4680 filiorum,
1231 4627 1469 4684 utuntur,
1497 4623 1540 4675 si
1569 4626 1804 4683 assiduas
1825 4630 2054 4688 eleeuto-

497 4722 660 4778 synas
693 4721 795 4760 non
845 4705 1108 4772 dederint,
1139 4708 1253 4763 sine
1289 4724 1504 4779 peccato
1537 4731 1655 4772 esse
1695 4736 1799 4775 non
1832 4727 2051 4793 possint,

497 4807 552 4854 et
581 4798 624 4852 si
652 4796 754 4850 hoc
779 4796 845 4850 de
875 4798 1209 4886 matrimonio
1239 4801 1470 4868 legitimo
1498 4806 1717 4874 dicitur,
1750 4827 1899 4880 putas
1929 4820 2052 4886 quid

497 4890 564 4945 de
593 4889 697 4943 illis
726 4886 960 4943 futurum
989 4885 1058 4940 sit
1087 4887 1139 4940 in
1169 4888 1257 4943 die
1277 4891 1484 4958 judicii,
1507 4898 1595 4965 qui
1621 4910 1711 4954 aut
1734 4885 2058 4970 publicam",

498 4983 701 5039 occulta
731 4979 990 5034 adulteria
1013 4980 1345 5035 committere
1369 4983 1483 5040 sine
1515 4989 1615 5042 ulla
1657 4993 1820 5050 divini
1853 4999 2056 5058 timoris

497 5071 924 5129 consideratione
953 5073 1312 5137 prtesumunt?
1339 5072 1406 5128 de
1433 5078 1621 5145 quibus
1659 5087 1910 5154 scriptum
1939 5105 2019 5148 est
2042 5138 2056 5160 ,

497 5169 814 5224 Peccatores
835 5175 890 5220 et
917 5165 1187 5222 adulteros
1206 5168 1462 5236 judicabit
1490 5171 1661 5242 Deus;
1693 5189 1745 5234 et
1772 5183 1897 5238 illud
1923 5188 2060 5256 Apo.

499 5259 622 5311 stoli
648 5260 790 5328 quod
815 5257 926 5326 jam
953 5272 1110 5326 supra
1139 5259 1339 5313 dictum
1371 5271 1477 5328 est,
1507 5263 1684 5335 Neque
1716 5274 1940 5329 adulteri
1975 5294 2057 5333 re-

499 5361 658 5414 gnum
681 5349 772 5403 Dei
799 5347 1162 5417 possidebunt.
1185 5349 1322 5414 Quid
1350 5352 1438 5405 tibi
1464 5359 1699 5422 prodest,
1727 5361 1922 5427 infelix,
1941 5368 2058 5436 qui-
2099 5409 2102 5414 .

497 5450 704 5505 cunque
733 5439 820 5493 ille
846 5454 926 5505 es,
947 5442 1087 5511 quod
1113 5441 1439 5500 Christianus
1469 5453 1690 5517 vocaris,
1721 5457 1766 5509 si
1815 5473 1906 5526 per
1936 5474 2058 5527 pece

496 5534 676 5579 catum
700 5529 951 5584 adulterii
975 5547 1002 5584 a
1026 5547 1190 5602 regno
1212 5536 1303 5590 Dei
1335 5540 1539 5594 excludi
1564 5548 1858 5602 merueris?
1881 5559 1934 5605 et
1958 5550 2057 5607 hoc

494 5629 648 5684 rogo,
682 5617 870 5674 fratres
896 5622 1214 5690 charissimi,
1245 5637 1299 5682 et
1326 5631 1588 5686 admoneo
1615 5636 1923 5694 charitatem
1964 5658 2056 5699 ve-

498 5719 681 5778 stram,
713 5719 766 5767 ut
796 5713 1098 5788 quicunque
1117 5734 1308 5778 uxores
1337 5727 1601 5795 accepturi
1631 5729 1751 5797 sint,
1787 5732 2054 5803 virginita-

2166 4642 2286 4697 quze
2313 4627 2447 4683 bona
2481 4636 2605 4686 sunt
2645 4627 2907 4694 placeant,
2958 4641 3020 4682 ac
3047 4627 3125 4680 sic
3164 4636 3417 4696 quantum
3447 4638 3505 4678 se
3532 4638 3560 4675 a
3590 4623 3731 4676 vitiis

2165 4721 2511 4786 separaverit,
2541 4728 2740 4772 tantum
2773 4734 2831 4774 se
2863 4720 3142 4773 virtutibus
3173 4717 3565 4788 propinquabit,
3589 4715 3733 4786 quod

2164 4811 2276 4878 ipse
2301 4821 2557 4878 pratstare
2581 4812 2826 4882 dignetur
2855 4816 2941 4881 qui
2967 4827 3085 4866 cum
3116 4814 3268 4866 Patre
3293 4820 3347 4866 et
3376 4811 3575 4878 Spiritu
3603 4824 3732 4863 εδηη

2163 4915 2250 4958 cto
2273 4904 2399 4960 vivit
2426 4914 2480 4959 et
2508 4915 2693 4976 regnat
2731 4906 2781 4960 in
2807 4906 3004 4962 saecula
3029 4906 3369 4961 saeculorum.
3395 4909 3588 4960 Amen.

2716 5105 2992 5161 HOMILIA
3035 5105 3175 5160 XXI.

2747 5219 2828 5274 Ad
2858 5219 3155 5284 monachos.

2233 5374 2442 5429 Scimus
2466 5375 2674 5443 quidem
2706 5374 2932 5443 spiritali
2961 5374 3164 5429 militiae
3208 5375 3292 5429 cui
3333 5388 3431 5429 nos
3459 5376 3730 5444 mancipa-

2160 5466 2332 5520 vimus
2383 5481 2625 5536 magnam
2655 5481 2772 5521 esse
2795 5467 2846 5519 in
2879 5465 3110 5520 futurum
3148 5468 3434 5533 repositam
3481 5481 3732 5521 remune-

2098 5594 2100 5596 -
2160 5561 2444 5615 rationem.
2477 5559 2584 5614 Sed
2612 5561 2653 5612 si
2686 5559 2819 5614 bene
2845 5559 3192 5627 respiciamus
3220 5560 3271 5612 in
3303 5559 3404 5614 hoc
3433 5559 3548 5628 ipso
3567 5573 3732 5629 opere

2162 5650 2302 5719 quod
2325 5664 2540 5719 agamus
2569 5648 2749 5722 [Forte
2776 5647 3026 5719 agimus],
3070 5650 3461 5719 quodammodo
3489 5652 3648 5713 etiam
3677 5652 3735 5709 in

2160 5743 2558 5816 praesentiarum
2585 5750 2787 5814 partem
2819 5743 3017 5812 prmmii
3046 5757 3154 5812 post
3173 5743 3396 5810 idemus,
3431 5752 3536 5804 etc.
