4078 6440
349 118 491 177 1080

816 320 819 323 Α
911 239 1191 296 llOMlLlA
1232 238 1396 294 χχιι.

936 332 1015 384 Ad
1038 330 1329 384 monachos.

351 444 355 452 λ
422 442 505 501 Ad
534 442 638 501 boc
672 443 740 500 ad
790 444 953 500 istum
1002 446 1177 500 locum
1219 444 1585 508 convenimus,
1633 441 1842 507 fratres,
1877 452 1935 498 ut

344 535 581 594 Domino
606 547 794 594 nostro
824 553 1020 594 vacare
1050 538 1340 609 possimus,
1376 553 1480 591 non
1514 536 1595 590 bis
1622 539 1782 590 rebus
1817 538 1936 604 qui-

343 625 451 685 bus
504 632 685 685 noster
736 629 1034 685 delectatur
1079 630 1347 684 inimicus.
1394 626 1609 683 Certum
1661 638 1740 682 est
1792 627 1934 697 quod

344 721 568 790 quando
595 735 657 775 ea
686 736 804 791 quae
833 720 899 775 ad
927 721 1181 776 saeculum
1212 721 1482 790 pertinent
1510 718 1800 789 loquimur,
1824 723 1929 774 etc.

892 851 1172 907 HOMILIA
1215 851 1400 905 XXIII.

950 944 1031 996 Ad
1053 945 1348 999 monachos.

434 1057 613 1115 Videte
657 1060 965 1114 vocationem
1013 1069 1250 1123 uestram,
1312 1061 1494 1130 fratres
1544 1059 1842 1113 clrarissimi
1882 1057 1934 1129 (I

345 1148 476 1207 Cor.
510 1160 547 1216 ι,
580 1150 696 1220 26).
732 1151 923 1205 Venire
952 1151 1016 1203 ad
1048 1166 1283 1205 ercmum
1310 1165 1514 1205 Summa
1545 1150 1801 1220 perfectio
1824 1160 1935 1216 est;

348 1250 462 1299 non
495 1244 727 1314 perfecte
755 1244 806 1297 in
837 1260 1017 1298 eremo
1049 1242 1246 1308 vivere,
1277 1254 1483 1297 summa
1516 1243 1791 1296 damnatio
1835 1254 1938 1300 est.

344 1334 487 1401 Quid
529 1336 766 1404 prodest,
806 1338 850 1389 si
895 1336 947 1389 in
998 1337 1115 1389 loco
1141 1336 1291 1404 quies
1333 1346 1595 1401 teneatur,
1641 1343 1697 1388 et
1734 1335 1939 1404 inquie-

1490 123 1580 177 οε
1620 118 2003 177 CANONIBUS
2030 118 2525 175 OBSERVANDIS.

1959 241 2008 298 Α
2038 238 2163 291 tudo
2199 239 2249 292 iu
2278 239 2439 294 corde
2481 242 2766 301 versetur?
2797 241 2853 297 Si
2884 242 2935 297 in
2958 241 3290 298 habitatione
3328 239 3614 315 silentium

3481 120 3618 184 tono

2040 330 2129 394 sit,
2160 340 2266 386 etc.

2575 445 2855 501 HOMILIA
2894 443 3060 501 XXIV

2628 558 2707 611 Ad
2733 559 3030 615 monachos.

2114 695 2199 748 Ait
2228 694 2456 762 quodam
2474 694 2593 747 loco
2621 707 2797 747 sermo
2826 693 3069 749 divinus:
3101 693 3166 748 In
3190 696 3363 749 diebus
3383 678 3623 750 solemnis

2046 794 2207 839 tatum
2238 796 2521 839 vestrarum
2547 787 2747 863 amiyite
2769 787 2966 839 animas
2994 800 3179 840 uestras
3214 788 3357 857 (Leu.
3385 805 3496 853 xvr,
3515 788 3623 855 29;

2046 892 2196 942 χχιιι,
2223 879 2341 945 27).
2375 877 2550 943 Quare
2578 878 2678 931 hoc
2708 877 2886 931 dixit?
2924 878 3055 943 Quia
3099 878 3298 948 jejunio
3346 891 3401 934 et
3427 879 3625 951 vigilite

2047 973 2103 1020 et
2130 976 2327 1019 sancite
2356 966 2671 1019 alﬂlctioues
2698 964 2914 1019 humilia
2941 966 3047 1037 [ΑΙ.
3079 966 3369 1038 butuiliata]
3397 984 3624 1036 corpora

2048 1062 2336 1117 macerant,
2369 1056 2463 1108 sed
2505 1056 2765 1109 maculata
2812 1056 2974 1108 cozda
3027 1056 3326 1124 purificant,
3375 1066 3482 1110 etc.
3512 1056 3628 1111 Has

2049 1146 2282 1198 hantilias
2304 1144 2487 1197 vidcsis
2539 1142 2854 1213 l’atrologice
2888 1154 3024 1197 tomo
3064 1145 3123 1209 L,
3174 1146 3306 1199 inter
3345 1140 3514 1213 Opera
3561 1145 3627 1200 S.

2049 1236 2316 1301 Eucherii,
2372 1237 2452 1288 cui
2499 1235 2650 1288 etiam
2690 1236 2925 1306 ascripta:
2962 1244 3103 1301 sunt,
3148 1235 3270 1290 εοιι.
3324 1235 3450 1303 844,
3497 1235 3628 1304 848,

2050 1327 2176 1391 855,
2204 1324 2329 1380 857.

348 1465 3623 1501 Μ

580 1645 1510 1788 OPERUM
1646 1646 2219 1788 PARS
2383 1640 3263 1785 ALTERA
3301 1720 3358 1781 ο

853 1923 1785 2043 οιιπεουωι
1858 1924 2097 2037 ET
2178 1917 3157 2037 ιρις-ποιῶ.

1418 2224 1523 2290 DE
1569 2223 2015 2290 CANONIBUS
2061 2212 2633 2283 OBSERVANDIS.

494 2362 497 2363 ν
549 2344 966 2413 ὁοΝετιτυτιο
1011 2365 1383 2411 ελκςτοιιυω
1431 2365 1865 2410 EPISCOPOIUM
1910 2362 2019 2415 QUI
2070 2361 2133 2405 IN
2179 2360 2472 2403 CIVITATE
2515 2352 2905 2399 ARELATENSI
2949 2345 3433 2401 CONVENERUNT‘

912 2474 1092 2523 'rtrcm
1121 2482 1387 2523 emortua.

422 2558 467 2616 Ι.
521 2558 587 2613 Ut
617 2560 862 2613 diaconus
890 2572 1009 2613 ante
1034 2562 1212 2629 uiginti
1242 2562 1464 2630 quinque
1487 2571 1671 2629 annos,
1701 2568 1747 2613 et
1778 2573 1945 2614 sacer-

346 2653 447 2706 dos
479 2659 602 2703 ante
620 2650 828 2719 triginta
853 2665 958 2702 non
978 2651 1263 2703 ordinetur.

340 2792 343 2797 ,
423 2743 495 2797 II.
544 2739 613 2795 Ut
656 2740 816 2794 laicus
853 2750 971 2794 ante
1012 2754 1206 2793 annum
1245 2742 1581 2797 conversionis
1631 2755 1733 2796 non
1802 2743 1943 2797 ordi-

346 2844 430 2888 aet
436 2847 520 2886 ur.

420 2923 520 2978 Ill.
565 2921 634 2976 Ut
664 2923 958 2992 paenitentes
984 2932 1033 2977 et
1055 2922 1249 2992 digami
1276 2932 1378 2977 non
1419 2925 1737 2980 ordinentur.

427 3014 523 3070 IV.
566 3013 633 3070 Ut
662 3015 748 3084 qui
768 3015 1008 3069 clericum
1031 3016 1255 3068 alienum
1278 3017 1572 3087 susceperit,
1599 3018 1950 3072 communione

347 3109 609 3183 privetur.

918 3206 1158 3253 VETERES
1196 3210 1396 3264 'rtruu,

432 3292 535 3347 γει
577 3292 842 3346 sententia
871 3292 1026 3364 hujus
1058 3293 1215 3347 Cone.
1257 3302 1319 3348 ex
1355 3303 1547 3349 vetusta
1578 3294 1705 3350 Cod.
1754 3294 1946 3351 Lucen.

347 3384 485 3441 490.

772 3482 775 3483 ⁷
808 3476 883 3531 Ex
914 3476 1157 3531 Concilio
1185 3478 1507 3535 Arelatensi.

428 3566 567 3620 Ante
592 3564 663 3621 25
690 3582 854 3620 annos
883 3573 1049 3621 celatis
1079 3585 1181 3622 non
1210 3571 1478 3625 ordinetur
1500 3568 1777 3627 diaconus.

434 3654 749 3726 Episcopus,
781 3658 1062 3727 presbyter,
1102 3661 1347 3714 diaconus
1392 3679 1493 3716 non
1543 3665 1826 3729 ordinetur,
1854 3665 1975 3717 nisi

351 3764 503 3802 anno
533 3764 632 3802 uno
662 3750 891 3802 conversi
918 3751 1128 3820 fuerint.

1015 3854 1313 3896 PR.£FATIO.

433 3931 571 3987 Cum
624 3931 675 3985 in
720 3931 993 3985 voluntate
1039 3932 1132 3987 Dei
1182 3933 1248 3987 ad
1287 3934 1677 3989 dedicationem
1722 3934 1955 3990 basilicae

357 4025 586 4077 Sancta:
614 4020 794 4075 Maria:
824 4022 877 4075 in
918 4022 1218 4077 Arelatensi
1257 4024 1472 4079 civitate
1518 4025 1824 4080 sacerdotes
1857 4027 1959 4080 Do-

353 4114 499 4169 mini
524 4118 922 4180 convenissent,
950 4130 1242 4184 congruum
1266 4116 1344 4171 eis
1370 4125 1425 4171 et
1448 4118 1763 4174 rationabile
1788 4120 1957 4175 visum

352 4216 474 4273 eat,
504 4215 561 4261 ut
592 4208 821 4276 primum
863 4208 929 4261 de
970 4208 1320 4265 observandis
1370 4212 1666 4267 canonibus
1712 4215 1959 4269 attentis-

352 4299 505 4355 sima
557 4300 921 4355 sollicitudine
972 4312 1391 4372 pertractantes,
1446 4308 1675 4376 qualiter
1719 4310 1788 4362 ab
1831 4309 1961 4379 ipsis

352 4393 737 4449 ecclesiastica
766 4396 951 4465 regula
973 4406 1299 4462 servaretur,
1348 4399 1548 4456 salubri
1587 4403 1814 4458 consilio
1861 4402 1961 4461 de-

353 4485 610 4541 ﬁnirent.

993 4578 1333 4639 CANONES.

436 4676 485 4738 1.
531 4684 599 4739 Et
628 4686 747 4753 quia
786 4687 841 4741 in
880 4688 1192 4743 ordinandis
1222 4682 1433 4746 clericis
1476 4695 1816 4765 antiquorum
1859 4688 1961 4753 Pa-

359 4777 520 4832 trum
550 4786 747 4831 statuta
774 4793 877 4831 non
910 4778 975 4831 ad
1008 4778 1301 4849 integrum,
1335 4783 1473 4836 sicut
1497 4787 1743 4854 expedit,
1779 4788 1967 4842 obser-

359 4877 495 4921 vata
527 4880 647 4922 esse
677 4876 1091 4937 cognoscuntur,
1128 4886 1195 4925 tte
1227 4870 1363 4924 forte
1387 4888 1824 4945 quorumcuuque
1865 4878 1967 4929 im-

358 4961 620 5032 portunis
649 4970 704 5015 et
744 4960 1060 5015 inordinatis
1101 4963 1352 5032 precibus
1404 4968 1713 5023 sacerdotes
1752 4968 1964 5026 Domini

360 5051 683 5129 fatigentur,
715 5060 767 5107 et
798 5064 861 5106 ea
887 5066 1006 5121 quae
1034 5054 1195 5111 toties
1219 5069 1346 5115 sunt
1369 5069 1634 5128 prrecepta
1667 5062 1964 5131 transgredi

300 5190 304 5195 .
365 5137 787 5213 compellantur,
818 5135 921 5197 hoc
968 5143 1109 5198 inter
1137 5162 1197 5204 se
1228 5151 1623 5213 observandum
1673 5166 1794 5206 esse
1833 5155 1964 5207 deli-
1991 5189 2041 5220 Α
2070 5135 2170 5193 ³¹¹ρ⁰
2214 5135 2320 5171 ¹¹⁰¹¹
2354 5135 2802 5178 rec”"c"'“er"’
2840 5135 3441 5220 “"_"'"5".“”'”"ff;

1991 5204 2048 5271 D
2074 5208 2381 5275 sumpserit,
2413 5207 2667 5263 Ecclesia:
2691 5205 3069 5261 communione
3092 5204 3332 5275 privetur
3355 5204 3437 5276 (il
3468 5211 3660 5276 quaest.

369 5236 551 5301 niunt,
586 5247 643 5292 ut
688 5236 865 5291 nullus
900 5237 1268 5319 episcoporum
1323 5240 1637 5309 diaconum,
1678 5253 1963 5314 antequam

372 5329 568 5436 viginti
598 5332 830 5401 quinque
859 5345 1023 5385 annos
1060 5331 1296 5436 impleat,
1346 5339 1611 5409 ordinare
1656 5348 1965 5406 praesumat.

373 5417 736 5496 Episcnpatus
759 5428 841 5485 vel
890 5410 1531 5523 presby'terii‘jzmorem
1584 5431 1760 5487 nullus
1803 5434 1969 5490 laicus

378 5525 508 5572 ante
536 5521 851 5588 prmmisssm
870 5482 1188 5604 conversio?
1228 5486 1313 5555 "0

382 5611 448 5669 tis
480 5579 646 5670 annos
672 5612 893 5681 accipiat.
1044 5579 1265 5695 Ἶνθρπυ

1971 2468 2020 2525 Β

1316 5541 1419 5625 με]
1443 5536 1584 5594 ante
1609 5524 1820 5595 triginta
1846 5537 2012 5584 xta-~~

2119 2464 2182 2516 ΙΙ.
2230 2463 2293 2517 Et
2335 2464 2453 2517 licet
2493 2454 2560 2515 de
2612 2462 2761 2515 laieis
2808 2461 3092 2530 prolixiora
3134 2469 3372 2532 tempora
3426 2450 3633 2536 antiqui

2052 2556 2235 2610 Patres
2257 2555 2619 2609 ordinaverint
2636 2555 2990 2621 observanda,
3018 2565 3192 2610 tamen
3215 2557 3334 2626 quia
3357 2567 3634 2616 crescente

2050 2647 2404 2701 ecclesiarum
2438 2662 2685 2713 numero,
2722 2662 2944 2702 necesse
2974 2660 3055 2703 est
3081 2649 3234 2702 nobis
3263 2649 3439 2717 plures
3472 2650 3635 2705 cleri-

2051 2750 2145 2790 cos
2172 2734 2445 2803 ordinare,
2473 2739 2571 2791 boc
2595 2737 2733 2791 inter
2760 2753 2855 2791 nos
2884 2739 3001 2793 sine
3032 2739 3342 2808 pra-judicio
3370 2740 3635 2796 duntaxat

2051 2842 2319 2881 canonum
2346 2828 2596 2882 convenit
2625 2829 2986 2907 antiquorum,
3019 2836 3076 2882 ut
3107 2831 3282 2883 nullus
3321 2826 3635 2900 metropoli-

2052 2929 2295 2975 tanortun
2331 2919 2627 2987 cuicunque
2656 2918 2795 2973 laico
2823 2918 3133 2989 dignitatem
3172 2922 3509 2989 episcopatus
3542 2922 3636 2975 tri-

2052 3011 2199 3077 buat,
2230 3011 2321 3065 sed
2352 3016 2450 3065 nec
2476 3010 2661 3077 γεηαυί
2690 3010 2968 3078 pontiﬁces
2994 3011 3308 3081 presbyterii
3339 3012 3421 3066 vel
3450 3012 3603 3067 diaco

2052 3112 2208 3158 natus
2238 3104 2494 3156 honorem
2519 3101 2764 3156 conferre
2803 3108 3145 3171 prccsumant,
3180 3100 3282 3156 nisi
3310 3115 3450 3156 anno
3497 3104 3611 3158 inte

2054 3209 2152 3265 gro
2178 3191 2338 3249 fuerit
2360 3196 2427 3248 ab
2456 3194 2534 3248 eis
2562 3195 2835 3263 prazmissa
2865 3196 3172 3250 conversio.-

2125 3287 2216 3341 lll.
2255 3285 2442 3340 Nullus
2470 3288 2840 3355 pttinitente'm,
2884 3287 3059 3340 nt‘tllns
3106 3287 3397 3357 «ligamum,
3426 3287 3513 3342 vel
3557 3288 3611 3343 in

2056 3370 2423 3447 teruuptarum
2455 3379 2725 3443 Maritum,
2762 3379 2812 3430 in
2844 3377 3111 3447 pra-dictis
3135 3377 3425 3433 honoribus
3445 3379 3639 3435 audeat

2055 3470 2327 3524 ordinare.
2363 3469 2431 3523 Et
2460 3469 2585 3524 licet
2612 3470 2725 3523 lucc
2753 3468 2860 3537 jam
2899 3484 3064 3539 prorae
3092 3469 3329 3523 omnium
3374 3483 3638 3523 canonum

2054 3572 2250 3617 statuta
2280 3565 2610 3625 Contineant,
2645 3570 2819 3616 tamen
2854 3577 2921 3617 ne
2949 3562 3036 3616 cui
3062 3562 3401 3617 sacerdotum
3435 3560 3641 3631 suppli-‘

2056 3663 2293 3719 cantum,
2324 3653 2459 3706 sicut
2479 3653 2585 3721 jam
2615 3652 2817 3705 dictum
2852 3663 2954 3716 est,
2988 3654 3361 3720 importunitas
3399 3652 3482 3706 vel
3514 3666 3641 3722 sug-

2056 3742 2229 3811 gestio
2256 3742 2434 3808 iniqua
2464 3740 2740 3807 subripiat,
2774 3738 2993 3794 necesSe
3026 3741 3123 3794 fuit
3149 3748 3205 3794 ut
3236 3757 3376 3795 nunc
3407 3743 3642 3797 severio-

1980 3838 2028 3901 ο
2060 3845 2169 3883 rem
2202 3830 2441 3898 regulam
2469 3829 2574 3882 sibi
2595 3829 2758 3883 velint
2787 3826 2992 3883 Domini
3018 3830 3323 3887 Sacerdotes
3346 3832 3640 3901 imponere.

2062 3921 2127 3974 Et
2151 3919 2272 3975 ideo
2302 3920 2605 3991 quicunque
2651 3924 2718 3975 ab
2751 3922 2849 3974 bac
2877 3921 2983 3986 die,
3018 3930 3204 3975 contra
3244 3937 3305 3977 ea
3338 3939 3454 3992 quae
3482 3938 3641 3992 supe-

2060 4011 2171 4066 rius
2197 4020 2323 4065 sunt
2346 4012 2767 4080 comprehensa,
2800 4012 3058 4066 clericum
3098 4012 3350 4067 ordinare
3392 4022 3646 4082 prmum-

2064 4103 2250 4170 pserit,
2285 4103 2352 4155 ab
2384 4103 2481 4154 bac
2524 4102 2633 4168 die,
2674 4117 2777 4169 qua
2828 4102 2928 4156 boc
2969 4102 3015 4155 ei
3070 4104 3301 4172 potuerit
3338 4103 3646 4171 approbari,

2063 4208 2205 4248 anno
2249 4195 2455 4263 integro
2502 4195 2691 4247 missas
2740 4194 2914 4249 facere
2962 4209 3065 4249 non
3125 4205 3432 4265 praesumat.
3475 4195 3645 4261 Quam

2064 4300 2175 4340 rem
2206 4287 2249 4339 si
2281 4286 2397 4355 quis
2430 4286 2719 4340 observare
2751 4284 2999 4346 noluerit,
3033 4295 3087 4340 et
3113 4294 3296 4340 contra
3330 4299 3651 4340 consensum

2066 4378 2287 4432 fratrum
2319 4378 2543 4443 faciens,
2573 4378 2766 4431 missas
2804 4377 3080 4432 celebrare
3127 4378 3553 4447 praesumpserit,
3585 4376 3652 4430 ab

2065 4474 2303 4527 omnium
2340 4471 2560 4525 fratrum
2597 4470 2853 4523 charitate
2885 4484 2943 4523 se
2980 4471 3189 4524 noverit
3228 4470 3498 4524 alienum:
3531 4469 3652 4535 quia

2067 4566 2288 4634 dignum
2317 4573 2399 4618 est
2439 4571 2498 4617 ut
2542 4564 2886 4617 severitatem
2929 4562 3312 4617 ecclesiasticae
3355 4561 3654 4631 disciplima

2066 4657 2283 4720 sentiat,
2314 4653 2404 4723 qui
2433 4655 2594 4709 toties
2625 4656 2914 4709 salubriter
2944 4669 2974 4709 a
3001 4655 3201 4709 sanctis
3227 4648 3477 4708 Patribus
3506 4651 3655 4705 insti-

2069 4757 2177 4803 tuta
2205 4749 2493 4802 observare
2517 4745 2830 4800 contemnit.

2142 4835 2233 4894 IV.
2277 4838 2343 4893 Et
2373 4838 2416 4891 si
2449 4836 2583 4892 forte
2607 4837 2800 4907 aliquis
2830 4837 3171 4901 clericorum,
3204 4836 3441 4904 regulam
3484 4833 3654 4887 disci-

2068 4934 2228 5004 plinas
2283 4930 2665 4986 ecclesiasticae
2714 4931 3128 4999 subterh-giens,
3179 4928 3340 4981 fuerit
3384 4933 3657 4996 evagatus,

2069 5027 2372 5097 quicunque
2414 5039 2533 5078 eum
2577 5025 2894 5093 susceperit,
2943 5031 2994 5077 et
3046 5038 3151 5075 non
3195 5019 3369 5075 solum
3420 5018 3658 5089 pontifici

2070 5131 2170 5193 suo
2214 5132 2320 5171 non
2354 5115 2802 5178 reconciliaverit,
2840 5114 2935 5167 sed
2972 5110 3140 5182 magis
3190 5111 3474 5193 defensate
3523 5128 3659 5184 pra»

2072 5302 2123 5356 5.
2157 5299 2217 5356 Si
2243 5304 2375 5371 [orte
2393 5299 2625 5370 aliquis).

2434 5417 2867 5466 stnscme‘noaes
2906 5424 3283 5466 setscoronust.

2151 5529 2415 5586 Cmsarius
2448 5528 2497 5582 in
2521 5527 2721 5582 CltriSti
2745 5527 2960 5583 nomine
2989 5528 3272 5598 episcopus
3294 5526 3660 5582 deﬁnitionem

2084 5624 2223 5679 banc
2254 5630 2556 5677 sanctorum
2589 5617 2811 5675 fratrum
2844 5624 3106 5686 mcerum,
3141 5620 3219 5675 vel
3266 5631 3461 5684 meam,
3499 5616 3661 5685 reb-9:
