4078 6440
540 317 679 389 tuas

1572 324 1630 379 s.
1670 308 1970 380 uastati
2012 304 2224 376 celse.
2267 316 2735 376 saccarsssm

3650 298 3780 373 ioatt

535 438 1169 508 nuberevoluntmeentes
1183 436 1720 507 damnationem,quia
1733 431 2117 502 primamﬁdem
2147 434 2199 495 Α
2223 430 2535 501 quinaretur
2574 430 2628 484 in
2658 440 2825 498 opere
2847 424 3075 495 peccati.
3105 422 3189 479 0b
3213 436 3374 495 quam
3416 423 3570 479 beata
3598 424 3745 481 vidua
3769 450 3786 493 δ

534 537 737 592 irritant
761 536 1012 603 fecerunt,
1034 550 1136 589 non
1158 532 1324 587 solum
1346 532 1543 599 otiosa’,
1568 532 1655 585 sed
1668 532 1817 582 etiam
1829 539 1875 582 et
1895 528 2114 581 verbosis

535 636 584 683 et
616 628 830 681 curiosa
871 627 1074 681 discunt
1117 626 1334 680 circuire
1374 627 1552 678 domos
1596 622 1809 687 alienas,
1855 622 2117 689 loquentes

536 722 651 788 qua
691 725 791 773 non
839 727 1058 797 oportet.
1092 719 1222 773 Esto
1267 716 1455 772 sedulo
1504 717 1555 771 in
1586 716 1746 769 domo
1786 724 1870 767 tua
1914 711 2116 765 orando

537 824 661 865 cum
709 810 960 882 lacrymis
986 853 1001 877 ,
1052 821 1109 864 ut
1137 809 1229 864 del
1275 809 1367 863 tibi
1432 808 1732 862 castitatem
1763 804 2004 872 cuiporis
2033 802 2117 856 vel

537 902 955 957 c0ntinentiam.
982 902 1152 969 Quam
1192 899 1375 954 infelix
1406 913 1464 952 es
1494 907 1547 951 et
1578 899 1791 959 misera,
1824 910 1980 963 quant
2006 908 2118 946 ma-

538 989 648 1046 lum
680 992 1025 1060 Opprobrium
1066 1001 1269 1061 portas,
1312 991 1357 1045 si
1400 1001 1450 1045 te
1481 1006 1585 1044 non
1614 990 1886 1043 contines!
1936 987 2119 1054 Qualis

541 1079 821 1136 distractio
859 1092 938 1137 est
972 1082 1091 1147 tibi,
1118 1084 1163 1136 si
1187 1083 1367 1136 carnis
1404 1094 1507 1134 tua:
1538 1084 1743 1134 [renum
1777 1096 1880 1133 non
1915 1077 2114 1132 habes!

541 1167 749 1224 Labora
775 1157 827 1224 in
864 1186 1028 1240 opere
1059 1172 1149 1226 Dei
1183 1186 1415 1239 semper.
1449 1172 1584 1225 Ecce
1613 1170 1746 1223 bona
1777 1169 1963 1231 vidua,
2000 1181 2119 1236 quae

544 1271 629 1316 est
660 1251 817 1316 unius
845 1278 981 1316 uxor
1011 1263 1131 1328 viri,
1164 1263 1206 1317 si
1244 1264 1381 1331 ﬁlios
1409 1262 1667 1325 educavit,
1705 1262 1749 1313 si
1781 1260 2000 1327 hospitio
2035 1274 2119 1309 re-

542 1357 697 1425 cepit,
723 1356 766 1407 si
796 1362 1085 1409 sanetorum
1112 1356 1261 1426 pedes
1285 1357 1425 1419 lavit,
1456 1354 1499 1406 si
1524 1354 1899 1406 tribulatFonent
1922 1354 2121 1421 patien-

543 1445 678 1498 tibus
705 1445 1099 1499 subministravit
1132 1454 1179 1499 ⁸.
1230 1446 1385 1499 Beata
1415 1444 1519 1497 eris
1548 1443 1591 1496 si
1625 1446 1738 1497 hinc
1765 1443 1940 1495 omnia
1974 1441 2119 1496 fece-

545 1536 657 1601 ris;
688 1536 971 1588 suntenim
1003 1537 1186 1589 multa:
1212 1536 1381 1588 viduae
1409 1551 1525 1603 qua:
1556 1534 1855 1588 habuerunt
1879 1534 2013 1585 duos
2037 1531 2121 1585 vel

551 1636 661 1682 tres
691 1630 857 1693 viros,
889 1629 981 1682 sed
1014 1642 1118 1683 non
1152 1628 1348 1680 habent
1390 1636 1736 1695 praeceptum,
1767 1634 1822 1677 ut
1847 1627 1913 1678 ah
1944 1624 2121 1677 omni—

546 1716 645 1771 bus
676 1709 1037 1785 honorentur,
1071 1719 1209 1771 sicut
1240 1718 1327 1771 illa
1368 1732 1487 1787 qua:
1516 1732 1677 1769 unum
1712 1716 1883 1769 virum
1913 1712 2119 1769 habuit.

2219 536 2337 591 qua:
2369 521 2486 575 tale'
2518 521 2765 590 gaudium
2799 515 2825 555 δ
2866 514 3075 571 civibus
3103 516 3214 570 suis
3246 516 3528 583 praestitit,
3566 525 3616 570 et
3643 531 3790 585 spem

2221 610 2416 665 bonam
2459 612 2558 664 sibi
2589 609 2866 683 acquirere
2905 608 3130 671 meruit,
3174 614 3228 683 ut
3262 606 3518 661 liberaret
3547 608 3794 676 populum

2224 716 2381 755 suum
2415 700 2482 754 ab
2512 715 2602 753 ore
2630 698 2823 768 gladii!
2858 696 2996 751 Ecce
3024 697 3164 764 quod
3197 684 3572 750 leciteastitas
3600 696 3794 761 vidum,

2228 800 2284 844 ut
2309 800 2453 845 esset
2479 791 2750 844 nominata
2783 790 2835 841 in
2867 801 3079 841 onmem
3109 796 3325 847 terram.
3357 795 3411 841 et
3440 786 3665 843 Domino
3691 787 3799 841 Iau-

2224 882 2439 947 dabilis,
2468 894 2521 936 et
2552 885 2603 936 in
2643 882 2889 935 omnibus
2926 864 3089 933 clarai
3120 879 3202 933 0h
3248 895 3406 949 quam
3438 880 3593 934 beata
3617 894 3699 951 es,
3727 879 3801 933 vi-

2222 973 2325 1028 dua
2357 991 2513 1043 quant
2540 974 2799 1027 Dominus
2825 952 3178 1025 tncnioraturl
3203 971 3349 1025 Sicut
3373 971 3462 1024 illa
3488 970 3644 1040 cujus
3668 971 3802 1025 (ilius

2223 1063 2410 1118 unicus
2457 1064 2737 1117 defunctus
2786 1060 2999 1126 fuerat,
3049 1061 3318 1129 quomodo
3366 1059 3799 1114 misericordiam

2223 1166 2509 1208 consecuta
2541 1162 2624 1206 est
2664 1167 2692 1205 a
2725 1138 2982 1215 Domino,
3018 1159 3076 1203 ut
3123 1148 3535 1205 resuscitaretur
3576 1159 3639 1213 c;
3674 1148 3804 1202 sicut

2224 1245 2314 1300 illa
2346 1245 2499 1298 vidua
2535 1245 2585 1297 in
2632 1243 2853 1298 Actibus
2885 1242 3245 1309 apostolorum
3296 1241 3433 1310 (cap.
3472 1256 3544 1306 ts,
3586 1240 3685 1309 56)
3716 1250 3805 1294 υθέ

2226 1340 2369 1390 mine
2401 1337 2621 1400 Dorcas,
2655 1350 2769 1402 quae
2797 1334 2989 1385 multas
3011 1333 3381 1401 eleemosynas
3412 1330 3670 1395 faciebat,
3698 1345 3807 1384 om-

2228 1442 2323 1480 nes
2363 1426 2533 1478 vidua:
2562 1466 2574 1487 ,
2628 1408 2947 1476 adveniente
2987 1421 3184 1485 Petro,
3228 1421 3581 1475 ostendebant
3632 1429 3807 1476 vestes

2225 1531 2359 1583 quas
2398 1518 2477 1567 eis
2518 1512 2721 1567 fecerat
2757 1504 2955 1564 Dorcas
2980 1550 2995 1575 ,
3034 1510 3157 1564 dum
3191 1512 3411 1566 viveret.
3449 1510 3591 1564 Vidit
3630 1520 3806 1565 autets

2230 1598 2425 1659 Petrus
2468 1617 2632 1672 Opera
2678 1600 2919 1655 mulieris
2950 1600 3157 1669 viduae,
3206 1600 3409 1668 oravit,
3448 1610 3501 1656 et
3530 1601 3808 1657 suscitavit

2229 1711 2370 1751 eam.
2397 1694 2547 1751 Sicut
2579 1703 2631 1747 et
2660 1693 2745 1746 illa
2776 1690 2933 1744 vtdua
2962 1707 3081 1760 quis:
3115 1690 3355 1759 quotidie
3381 1708 3438 1744 se
3469 1691 3722 1746 volvebat
3747 1691 3807 1746 ad

547 1799 725 1861 Multa:
756 1810 927 1863 vidua:
973 1780 1267 1864 iuveruntin
1308 1780 1495 1861 diebus
1543 1806 1695 1867 Elite.
1728 1814 1781 1860 et
1809 1806 1875 1859 ad
1923 1804 2121 1858 nullam

2237 1789 2390 1857 pedes
2419 1785 2699 1855 enjusdam
2746 1782 2953 1849 divitis,
2988 1792 3044 1837 ut
3073 1780 3436 1838 vindicaretur
3464 1783 3532 1838 de
3560 1784 3808 1837 adversa-

549 1908 731 1954 Earum
760 1900 953 1954 missus
977 1910 1080 1965 est,
1110 1900 1207 1956 nisi
1240 1901 1293 1954 in
1322 1901 1545 1967 Sarepta
1566 1898 1821 1953 Sidoniw.
1851 1896 1979 1950 Vide
2002 1897 2125 1966 quia

550 1992 697 2048 nulla
742 2009 807 2048 ex
854 1993 960 2047 illis
1008 1992 1191 2049 habuit
1222 1993 1472 2048 meritum
1499 2032 1514 2058 ,
1574 1993 1675 2047 nisi
1719 1992 1803 2044 illa
1848 1989 1960 2045 sola
2008 2004 2127 2057 quia

551 2074 786 2153 hospitio
826 2086 1026 2154 recepit
1058 2086 1110 2140 in
1143 2086 1229 2138 die
1260 2085 1617 2150 necessitatis,
1667 2079 1878 2153 quando
1905 2088 2021 2135 erat
2052 2080 2129 2133 fa-

551 2188 670 2230 ntes
692 2175 886 2239 valida,
919 2185 971 2229 et
998 2175 1317 2229 adveniente
1357 2185 1540 2228 sancto
1570 2174 1704 2238 Elia,
1746 2171 2024 2240 apparavit
2053 2168 2129 2223 illi

551 2281 829 2331 mensam;
863 2267 1000 2321 sicut
1025 2276 1079 2321 et
1106 2266 1193 2320 illa
1226 2268 1380 2319 vidua
1411 2278 1513 2319 non
1547 2266 1729 2319 habuit
1752 2265 1802 2316 in
1832 2262 2129 2316 substantia

550 2372 647 2415 sua
681 2359 781 2413 nisi
823 2361 957 2413 duos
1006 2357 1256 2413 denarios
1286 2400 1301 2423 ,
1351 2367 1405 2411 et
1447 2358 1668 2425 spetans
1698 2372 1759 2410 es
1791 2354 1953 2409 coide
1998 2366 2132 2423 puro

551 2454 695 2522 quod
727 2450 874 2508 esset
917 2455 1220 2520 centuplum
1249 2459 1528 2517 acceptura
1549 2488 1564 2515 ,
1616 2448 1714 2501 hos
1766 2446 1908 2515 ipsos
1938 2443 2132 2499 obtulit

556 2531 818 2610 Domino;
857 2545 994 2598 sicut
1020 2551 1075 2597 et
1102 2543 1191 2596 illa
1222 2542 1376 2595 vidua
1408 2539 1622 2593 nomine
1649 2537 1851 2602 Judith,
1875 2552 1992 2606 qua:
2025 2550 2131 2589 non

554 2636 860 2693 discedebat
891 2637 958 2690 de
994 2634 1365 2704 superioribus
1413 2630 1605 2684 domus
1635 2645 1777 2697 80:13,
1822 2628 2041 2700 jejuniis
2079 2637 2131 2680 et

556 2728 892 2782 orationibus
938 2727 1179 2781 serviens
1229 2725 1453 2779 Domino
1502 2724 1587 2777 die
1636 2738 1698 2776 ac
1747 2729 1924 2785 nocte,
1970 2732 2131 2788 quam

558 2808 825 2878 Dominus
854 2818 1189 2876 custodiebat
1217 2818 1283 2873 de
1304 2833 1460 2871 manu
1494 2812 1867 2885 llolophernis,
1892 2826 1959 2867 ne
1986 2810 2135 2867 coitte

635 2977 661 3016 ⁸
693 2967 868 3031 Verba
885 2966 1000 3030 hate
1033 2982 1253 3044 usurpat
1269 2974 1559 3044 Apostolus
1578 2973 1665 3028 cit.
1687 2962 1857 3038 Epist.
1877 2975 2017 3025 vers.
2040 2969 2128 3026 10.

624 3047 655 3088 δ
687 3048 820 3104 Cod.
852 3048 912 3104 S.
936 3048 1097 3102 Marci
1123 3048 1236 3100 haec
1264 3047 1482 3113 insoper
1506 3046 1685 3102 habet.
1718 3056 1836 3111 qum
1866 3056 1958 3109 per
1998 3056 2136 3095 ama-

555 3122 779 3176 nuensis
805 3119 1141 3179 oscitantiam
1166 3120 1370 3170 invecta
1402 3124 1546 3181 sunt,
1578 3128 1803 3184 qumque
1824 3114 1889 3165 ad
1920 3126 2130 3167 sermo-

2230 1879 2311 1933 rio
2335 1893 2454 1942 suo,
2478 1887 2599 1931 cum
2634 1875 2857 1930 vidisset
2897 1876 3040 1928 illam
3079 1874 3227 1927 dives
3256 1873 3673 1942 lacrymantem.
3703 1873 3803 1928 ait:

2230 1970 2285 2025 Si
2313 1969 2597 2023 Dominum
2624 1982 2729 2021 non
2762 1968 2947 2034 timeo,
2974 1981 3072 2021 nec
3096 1965 3367 2019 hominem
3396 1974 3678 2030 revereor,
3704 1975 3808 2017 tan-

2232 2071 2340 2115 tum
2387 2062 2500 2115 hac
2549 2055 2705 2113 vidua
2757 2060 2877 2127 quia
2928 2059 3149 2111 molesta
3188 2064 3298 2122 est,
3347 2055 3629 2109 vindicabo
3680 2070 3807 2111 eam;

2232 2153 2370 2208 ane
2394 2152 2661 2221 quomodo
2694 2134 2996 2203 vindicatur
3020 2148 3178 2202 vidua
3204 2189 3220 2215 ,
3263 2146 3305 2201 si
3332 2147 3572 2200 obtineat
3598 2147 3810 2201 castita-

2235 2252 2363 2311 tem,
2396 2252 2451 2296 et
2483 2239 2863 2303 humilitatem,
2893 2250 2946 2292 et
2977 2239 3104 2293 mihi
3136 2236 3238 2308 ipsi
3268 2250 3592 2307 praeceptum
3623 2248 3735 2304 est,
3760 2245 3808 2291 ut

2232 2350 2261 2389 a
2302 2351 2388 2389 me
2420 2335 2779 2388 visitationem
2830 2332 3095 2401 accipiat,
3146 2332 3359 2386 dicente
3391 2331 3637 2399 apostolo
3675 2350 3689 2382 :
3728 2329 3807 2385 Via

2233 2426 2332 2480 sita
2360 2424 2581 2495 pupillos
2628 2434 2675 2478 et
2722 2426 2901 2479 viduas
2955 2426 3008 2477 in
3050 2437 3294 2493 pressura
3338 2425 3568 2494 ipsarum
3598 2423 3742 2493 (Jac.
3773 2441 3808 2491 t,

2233 2517 2347 2587 27).
2368 2518 2449 2573 0h
2474 2534 2631 2587 quam
2665 2511 2818 2572 beata
2846 2532 2929 2583 es,
2954 2516 3109 2569 vidua
3134 2528 3253 2585 qua:
3278 2515 3330 2569 in
3360 2516 3612 2570 omnibus
3644 2518 3810 2571 taliter

2233 2611 2625 2666 commendatis
2650 2626 2679 2664 a
2703 2610 2956 2665 Domino!
2990 2609 3091 2677 Qui
3121 2621 3299 2663 autem
3332 2608 3425 2662 tibi
3451 2623 3557 2662 non
3590 2608 3810 2663 misere-

2237 2714 2349 2770 tur,
2378 2705 2656 2774 judicatur
2683 2718 2712 2757 a
2746 2704 2973 2759 Domino
3011 2703 3127 2771 ipso
3164 2702 3376 2757 dicente
3403 2698 3429 2737 ἀ
3468 2717 3483 2754 :
3517 2700 3714 2755 Causas
3747 2700 3811 2755 ri-

2237 2798 2457 2851 duarum
2496 2812 2597 2850 non
2637 2797 2953 2866 judicantes,
2994 2804 3045 2848 et
3084 2793 3310 2865 pupillos
3353 2808 3457 2847 non
3498 2792 3812 2860 miseran‘cs,

2235 2958 2385 3031 amisi
2424 2966 2516 3029 illa
2556 2974 2731 3043 gravia
2779 2982 2825 3027 et
2851 2972 3112 3043 pestifera.
3153 2954 3218 3023 Et
3248 2958 3393 3025 aliud
3418 2970 3533 3043 dico
3565 2985 3585 3023 :
3613 2986 3719 3023 non
3740 2978 3813 3043 sa;

2238 3049 2342 3100 lum
2377 3056 2488 3114 post
2520 3040 2868 3115 pienitentiani
2897 3043 2957 3095 ab
2994 3043 3262 3115 is'isvitiis
3292 3044 3440 3094 homo
3472 3040 3738 3115 observare
3765 3040 3813 3115 ss

2237 3111 2403 3183 debet,
2432 3111 2530 3171 sed'
2549 3125 2668 3169 ante
2691 3116 3061 3184 pwnitentiam,
3086 3114 3208 3165 dum
3229 3128 3382 3166 sanus
3404 3122 3498 3173 est,
3518 3114 3641 3179 quia
3666 3111 3814 3184 nescit

554 3195 931 3266 nem‘alterutn
965 3191 1027 3241 de
1056 3186 1360 3266 Posuit-entia
1390 3180 1658 3266 pertinere
1686 3183 2132 3266 videtitur,.qti§e-
2160 3188 2207 3251 ε
2238 3190 2283 3241 εξ
2315 3180 2665 3266 possit‘ipsam
2691 3180 3042 3266 paenitentiam
3074 3185 3342 3266 accipere,
3365 3191 3416 3263 et.
3439 3182 3679 3248 conﬁteri
3720 3180 3814 3233 Deo

555 3269 659 3331 'que
686 3260 773 3314 hic
812 3261 1137 3331 subjungere
1178 3258 1435 3331 placuit:
1610 3252 1791 3331 Faciat
1834 3252 1971 3331 quod
2003 3254 2135 3331 adeo

556 3324 693 3401 cupit
725 3331 869 3399 fieri,
911 3324 1277 3401 quandoqdiem
1308 3327 1536 3401 ﬁnierit,
1577 3326 1679 3401 vita
1727 3340 1825 3375 non
1858 3324 2015 3389 ﬁnit,
2043 3324 2134 3377 sed

556 3397 741 3454 transit
772 3402 833 3452 de
864 3397 966 3453 vita
1004 3400 1054 3452 in
1083 3399 1258 3450 vitam.
1298 3397 1419 3451 Site
1462 3399 1505 3451 is
1552 3399 1811 3449 voluntate
1839 3411 1930 3447 sua
1956 3410 2133 3446 occur-

554 3481 635 3523 rat
666 3472 734 3521 ad
764 3470 1066 3539 baptismum
1088 3508 1102 3529 ,
1142 3470 1248 3539 sive
1282 3469 1334 3519 in
1376 3468 1602 3539 periculo
1632 3466 1937 3539 constitutus
1969 3463 2135 3539 bapti-

557 3546 719 3602 πων,
756 3552 801 3592 et
830 3534 995 3601 exeat,
1028 3538 1093 3590 ad
1127 3534 1407 3590 Dominum
1443 3538 1603 3597 vadit,
1635 3536 1700 3585 ad
1722 3534 1941 3603 requimi
1971 3535 2133 3588 vadit.

556 3609 859 3679 Baptizatus
892 3620 1079 3671 autent,
1122 3618 1168 3661 et
1186 3608 1451 3679 Ldesertor,
1485 3606 1800 3679 violatorque
1828 3606 2139 3679 sacramenti

558 3681 601 3735 si
630 3675 816 3751 fuerit,
862 3688 1056 3751 peccat,
1091 3690 1139 3732 et
1170 3676 1449 3751 Dominum
1480 3678 1677 3751 repellit
1707 3693 1738 3728 a
1766 3692 1839 3728 se.
1876 3675 1937 3727 Si
1965 3683 2137 3751 autem

557 3747 674 3821 agat
707 3747 1049 3821 prementium
1079 3766 1141 3803 er
1176 3759 1281 3801 toto
1307 3748 1495 3821 corde,
1515 3748 1602 3821 sed
1636 3756 1762 3821 agat
1782 3762 1949 3821 veram
1977 3747 2139 3821 paeni-

558 3817 789 3885 tentiam,
820 3824 901 3874 ubi
933 3819 1071 3874 Deus
1104 3820 1261 3883 videt,
1295 3821 1425 3871 sicut
1451 3817 1573 3872 vidit
1604 3832 1690 3869 cor
1726 3817 1908 3882 David,
1933 3818 2138 3884 quando

557 3893 847 3959 increpatus
868 3908 900 3942 a
925 3892 1168 3960 propheta
1188 3891 1424 3959 graviter,
1449 3899 1494 3941 et
1522 3899 1631 3960 post
1657 3889 2139 3941 comntunicationes

560 3958 808 4014 terribiles
841 3958 935 4013 Dei
964 3958 1267 4013 exclamat-tt
1305 3962 1477 4013 dicens
1523 3974 1541 4012 ι
1589 3958 1819 4023 Peccavi,
1851 3968 1898 4010 et
1927 3973 2045 4010 mox
2086 3966 2139 4010 ut

561 4030 757 4084 audivit
789 4030 1068 4093 Dominus,
1113 4031 1318 4083 abstulit
1364 4037 1627 4097 peccatum
1654 4045 1822 4081 suum.
1878 4027 2140 4097 Quantum

560 4105 725 4155 valent
757 4115 854 4154 tres
890 4102 1131 4171 syllabn’!
1158 4100 1283 4154 Tres
1322 4106 1455 4153 eum
1491 4100 1702 4171 syllaba:
1726 4098 1865 4161 sunl,
1900 4096 2138 4171 Peccavi,

562 4172 651 4226 sed
682 4176 735 4226 in
771 4169 929 4226 tribus
956 4173 1166 4242 syllabis
1202 4173 1413 4239 [lamina
1449 4169 1686 4236 sacriﬁcii
1723 4170 1894 4242 cordis
1930 4170 2040 4242 ejus
2071 4171 2139 4220 ad

561 4244 744 4296 citium
774 4240 1022 4296 ascmdtt.
1056 4240 1193 4312 Ergo
1222 4244 1307 4310 qui
1333 4242 1488 4312 egerit
1517 4256 1683 4293 verum
1707 4241 2067 4312 pontitentiam,
2095 4247 2142 4291 et

560 4315 759 4383 solutus
803 4314 956 4383 fuerit
992 4330 1024 4365 a
1065 4310 1337 4381 ligamento
1365 4310 1611 4383 quaerat
1651 4310 1985 4383 constrictus,
2027 4319 2071 4383 et
2112 4325 2144 4362 a

562 4380 750 4436 Christi
790 4380 1003 4449 carpare
1051 4380 1346 4452 separatus,
1393 4390 1437 4434 et
1482 4380 1602 4433 bene
1646 4390 1758 4445 post
1799 4382 2141 4452 paenitentiam

561 4453 760 4515 vixerit,
794 4462 903 4515 post
935 4450 1395 4505 recdnciliationem
1422 4467 1537 4502 cum
1569 4452 1841 4521 defunctus
1876 4452 2043 4516 fuerit,
2075 4450 2143 4503 ad

562 4521 841 4576 Dominum
866 4524 1022 4588 vadit,
1051 4523 1117 4574 ad
1154 4525 1372 4590 requiem
1402 4524 1558 4585 vadit,
1586 4520 1741 4591 regno
1775 4520 1865 4574 Dei
1897 4537 1999 4573 non
2028 4521 2141 4590 prio

565 4596 786 4656 vabitur,
833 4605 879 4646 et
914 4610 945 4644 a
987 4594 1171 4661 poculo
1214 4594 1407 4646 diaboli
1442 4593 1782 4660 separabitur.
1831 4592 1928 4657 Qui
1972 4600 2141 4644 autem

568 4665 766 4734 positus
804 4665 857 4716 in
890 4665 1066 4715 ultima
1096 4667 1390 4717 necessitate
1416 4663 1736 4734 wgt'iludinis
1766 4676 1891 4725 sine,
1934 4677 2143 4734 accepe-

566 4731 633 4785 rit
665 4734 1009 4804 penitentiam
1033 4773 1047 4797 ,
1086 4743 1129 4786 et
1158 4750 1274 4786 mox
1310 4732 1667 4804 reconciliatus
1702 4731 1873 4804 fuerit,
1905 4741 1952 4784 et
1980 4733 2138 4797 vadit,

565 4804 621 4856 id
653 4802 726 4857 est
754 4807 857 4859 exit
884 4806 946 4858 de
975 4820 1208 4872 corpore,
1246 4808 1410 4873 fateor
1437 4803 1595 4865 vobis,
1641 4819 1742 4855 non
1776 4802 1867 4873 illi
1895 4817 2141 4873 negamus

566 4877 703 4940 quod
739 4877 888 4943 petit,
933 4877 1020 4930 sed
1052 4871 1141 4929 nec
1170 4871 1423 4943 prlesumo
1452 4875 1589 4941 quod
1616 4874 1736 4926 bene
1766 4871 1884 4925 hinc
1919 4872 2064 4933 exiit,
2092 4883 2141 4926 et

566 4961 671 4999 non
699 4962 973 5017 praesumo,
1007 4962 1107 4999 non
1142 4943 1404 5017 polliceor,
1446 4944 1959 5017 non_dico,_non_‘vos
1989 4943 2138 5017 fallo,

568 5028 670 5069 non
700 5013 793 5071 ’τοι
830 5017 1060 5083 decipio,
1103 5031 1201 5067 non
1234 5015 1370 5067 vobis
1400 5015 1655 5083 promitto.
1693 5013 1887 5067 Fidelis
1913 5017 2038 5065 bene
2068 5014 2142 5065 vi-

567 5101 685 5141 vens
715 5102 920 5141 securus
952 5088 1069 5139 hinc
1099 5085 1221 5140 exit.
1252 5088 1417 5154 Agens
1444 5086 1808 5154 paenitentiam,
1832 5084 1957 5137 dum
1985 5099 2140 5138 sanus

566 5166 666 5220 cst,
697 5167 743 5212 et
770 5157 1131 5211 reconciliatus
1159 5158 1201 5209 si
1232 5164 1405 5227 postea
1434 5157 1555 5227 bene
1576 5156 1777 5227 vixerit,
1815 5164 2022 5227 securus
2044 5163 2139 5208 est.

569 5229 677 5283 Sed
698 5230 850 5292 dicis,
875 5228 999 5298 quid
1027 5237 1099 5280 est
1122 5229 1164 5281 si
1193 5225 1316 5282 bene
1340 5226 1550 5298 vixi-rit?
1583 5225 1668 5298 γει
1695 5225 1790 5279 hoc
1812 5242 1902 5298 nos
1924 5226 2137 5298 instrue,

552 5300 803 5373 sacerdos
836 5295 985 5365 bone,
1018 5298 1093 5373 vel
1126 5299 1219 5373 hoc
1240 5299 1483 5373 sciamus.
1516 5295 1659 5350 Illud
1692 5297 1882 5373 nescire
1910 5308 1957 5349 te
1990 5295 2140 5373 dicis,

566 5370 655 5437 qui
688 5377 894 5437 accepta
924 5370 1211 5439 ptrnitentia
1240 5372 1307 5423 ad
1339 5371 1515 5421 tiaram
1543 5378 1590 5421 et
1619 5368 1841 5439 transiit,
1870 5368 2073 5439 itescire
2096 5378 2143 5419 te

568 5436 730 5500 dicis,
780 5436 1012 5505 facinora
1046 5455 1140 5493 sua
1182 5442 1227 5493 si
1256 5440 1553 5494 relaxentur
1580 5439 1634 5491 in
1664 5436 1747 5491 die
1777 5438 1988 5508 judicii,
2024 5438 2143 5490 hinc

570 5510 766 5563 nullam
789 5512 1112 5564 securitatem
1144 5512 1287 5562 nobis
1322 5512 1434 5562 das.
1461 5509 1599 5575 Qu’d
1620 5519 1692 5561 est
1722 5509 1880 5561 vivere
1902 5518 2013 5572 post
2039 5523 2146 5576 pae-

569 5580 854 5644 nitentiam,
880 5582 1003 5634 doce
1024 5596 1132 5634 nos.
1163 5578 1292 5632 Dico
1312 5579 1467 5643 vobis,
1492 5580 1736 5633 abstinere
1755 5578 1817 5631 ab
1834 5580 2141 5643 ebriositate,

573 5664 607 5700 a
636 5652 1060 5717 concupiscentia,
1094 5667 1125 5701 a
1150 5648 1288 5715 furto
1308 5688 1321 5709 ,
1360 5665 1391 5700 a
1417 5652 1550 5701 malo
1573 5652 1794 5718 eloquio,
1824 5651 1885 5701 ab
1908 5649 2018 5717 ipso
2048 5649 2145 5701 im-

575 5720 834 5771 moderato
860 5722 989 5784 risu,
1021 5737 1053 5773 a
1080 5718 1224 5772 verba
1254 5721 1434 5784 otioso,
1461 5720 1597 5772 unde
1620 5719 1873 5773 reddituri
1896 5723 2013 5771 sunt
2043 5718 2143 5771 lto-‘-

564 5788 736 5869 ‘rnines
754 5790 1000 5843 rationem
1027 5792 1079 5844 in
1106 5789 1188 5843 die
1204 5788 1414 5861 jndicii.
1456 5788 1586 5843 Ecce
1605 5806 1759 5860 quam
1791 5790 1919 5845 levia
1946 5789 2076 5857 dixi,
2097 5799 2143 5845 et

2239 3269 2286 3312 et
2316 3255 2565 3312 sacerdoti
2601 3268 2805 3319 peccata
2826 3271 2942 3309 sua.
2972 3255 3102 3308 Ecce
3128 3270 3284 3320 quare
3309 3255 3416 3305 dixi
3449 3268 3468 3305 :
3503 3262 3550 3303 et
3572 3262 3690 3302 ante
3724 3258 3817 3317 pte-

2238 3327 2503 3382 nitentium
2530 3327 2729 3380 melius.
2758 3323 2925 3395 Agens
2953 3331 3067 3378 vero
3099 3325 3444 3395 pwttilenlium
3469 3322 3537 3374 ad
3564 3322 3816 3385 ultimum,

2235 3410 2285 3453 et
2312 3399 2668 3452 reconciliatus
2698 3394 2895 3459 exierit,
2942 3396 2989 3447 si
3020 3406 3226 3447 securus
3255 3394 3373 3445 hinc
3397 3402 3565 3455 exeat,
3596 3406 3692 3461 ego
3722 3405 3815 3442 non

2237 3486 2351 3523 sunt
2388 3484 2613 3523 securus.
2650 3466 3012 3519 Patnitentiam
3054 3467 3180 3516 dare
3215 3478 3419 3531 possunt
3442 3504 3457 3527 ,
3500 3463 3816 3515 securitatem

2238 3541 2359 3593 dare
2382 3556 2483 3592 non
2510 3552 2744 3606 possunt.
2779 3538 2927 3600 Quod
2951 3538 3067 3588 dico
3096 3536 3358 3606 attendite.
3387 3532 3499 3604 Ego
3526 3532 3674 3606 ill_tt_m
3709 3531 3815 3606 pla:

2238 3612 2352 3663 nius
2396 3598 2595 3678 expono
2617 3651 2631 3673 ,
2672 3624 2736 3660 ne
2775 3598 2964 3678 aliquis
2997 3622 3074 3659 me
3100 3606 3229 3678 male
3258 3598 3533 3678 intelligat.
3574 3598 3818 3678 Nunquid

2240 3682 2354 3733 dico
2379 3668 2749 3732 damnabitur?
2792 3668 2911 3730 Non
2944 3678 3080 3731 dico.
3122 3677 3226 3727 Sed
3257 3668 3559 3727 liberabitur
3591 3668 3727 3724 dico.
3760 3668 3818 3722 Et

2238 3751 2361 3818 quid
2390 3751 2511 3818 milii
2542 3749 2701 3812 dicis,
2740 3757 2913 3801 sancte
2937 3747 3207 3815 episcope?
3237 3745 3374 3810 Quid
3399 3746 3490 3796 tibi
3528 3743 3701 3795 dicant
3736 3756 3821 3818 ne-

2241 3811 2372 3874 scio.
2412 3817 2529 3873 Dixi
2558 3835 2659 3871 non
2690 3811 3393 3889 prwsumo,nou-promitto,
3418 3830 3631 3889 prorsus
3652 3811 3823 3889 nescio

2240 3894 2303 3944 de
2335 3890 2425 3943 Dei
2458 3879 2735 3943 voluntate.
2775 3889 2862 3941 Vis
2893 3879 2963 3952 te,
3006 3879 3185 3955 frater,
3216 3903 3247 3937 a
3274 3879 3429 3938 dubio
3454 3883 3702 3937 liberari?
3738 3879 3822 3955 Vis

2241 3960 2377 4030 quod
2404 3974 2595 4014 certnnt
2621 3970 2692 4011 est
2718 3960 2972 4011 evadere?
3002 3954 3106 4026 Age
3130 3957 3496 4030 paenitentiam,
3523 3956 3646 4006 dum
3674 3954 3825 4006 sontis

2243 4025 2313 4085 es.
2354 4032 2415 4085 Si
2446 4033 2579 4083 enim
2606 4030 2719 4099 agis
2748 4044 2916 4082 verant
2954 4025 3304 4095 paenitentiam
3332 4027 3455 4078 dum
3481 4041 3637 4099 sanus
3665 4039 3744 4099 es,
3780 4029 3828 4099 et

2242 4102 2490 4155 invenerit
2515 4112 2563 4154 te
2591 4092 2892 4153 novissimus
2924 4092 3052 4162 dies,
3084 4100 3271 4162 curris,
3296 4105 3348 4147 ut
3375 4096 3722 4149 reconcilieris
3745 4109 3763 4156 ;
3787 4092 3829 4162 si

2249 4172 2322 4225 sic
2346 4172 2488 4241 agis,
2522 4187 2729 4224 securus
2769 4186 2841 4224 es.
2882 4152 3324 4241 Qitarersecuru's?
3370 4166 3461 4219 Vis
3502 4169 3667 4218 dicam
3704 4152 3833 4219 tibi?

2248 4245 2380 4305 Quia
2414 4243 2559 4310 egisti
2592 4241 2932 4304 prtuitentiant
2966 4255 3021 4290 eo
3053 4250 3410 4310 teiiiporequo
3434 4246 3480 4289 et
3505 4252 3714 4307 peccare
3739 4244 3832 4303 po—

2246 4314 2406 4365 tuisti.
2444 4309 2573 4364 Ecce
2603 4312 2709 4364 dixi
2748 4322 2905 4379 quare
2929 4317 3136 4363 secttrus
3162 4325 3232 4361 es.
3264 4309 3325 4361 Si
3352 4316 3521 4360 autem
3545 4316 3664 4359 tunc
3686 4320 3833 4374 agere

2245 4384 2320 4435 vis
2335 4384 2496 4453 ipsam
2511 4383 2857 4452 paenitentiam
2870 4382 3076 4453 quando
3090 4394 3297 4453 peccare
3301 4381 3411 4453 jam
3432 4394 3535 4453 non
3548 4391 3715 4453 potes,
3732 4390 3837 4453 pec-

2248 4450 2363 4506 cata
2387 4464 2433 4506 te
2467 4450 2789 4517 dimiserunt,
2823 4468 2924 4504 non
2950 4460 3005 4502 tu
3033 4450 3145 4504 illa.
3178 4450 3282 4505 Sed
3306 4450 3439 4502 unde
3464 4450 3586 4513 scis,
3621 4450 3831 4515 inquies,

2246 4526 2291 4576 si
2319 4523 2450 4593 forte
2486 4525 2619 4576 Deus
2644 4522 2767 4574 mihi
2805 4523 3128 4581 misereatur,
3150 4531 3198 4573 et
3232 4520 3454 4593 dintitiat
3481 4520 3605 4571 mihi
3627 4524 3835 4593 peccata

2246 4590 2401 4648 mea?
2438 4593 2629 4647 Verum
2661 4592 2811 4656 dicis,
2848 4594 3024 4661 frater,
3058 4600 3231 4644 verum
3266 4590 3416 4651 dicis.
3462 4592 3601 4642 unde
3627 4590 3835 4661 scio._et

2245 4664 2360 4733 ideo
2392 4665 2483 4717 tibi
2510 4665 2574 4717 do
2606 4658 2955 4733 paenitentiam
2977 4703 2992 4726 ,
3024 4662 3145 4733 quia
3170 4662 3362 4733 nescio.
3386 4661 3469 4733 At
3502 4662 3593 4713 ille
3630 4658 3836 4733 inquit;

2246 4732 2387 4805 Ergo
2414 4724 2616 4788 dimitte
2644 4750 2855 4805 causam
2893 4724 3065 4805 ineant
3098 4731 3395 4805 Deo..Quid
3422 4724 3722 4805 metuserbi
3751 4724 3838 4796 of-

2246 4798 2405 4874 ﬂigis,
2428 4816 2475 4859 et
2498 4805 2667 4873 judici
2696 4819 2776 4856 me
2805 4801 2914 4857 Deo
2942 4803 3204 4856 dimittis?
3229 4798 3385 4855 Illius
3406 4801 3611 4874 judicio
3642 4810 3687 4852 te
3711 4812 3840 4874 cons:

2244 4866 2411 4944 initio,
2440 4866 2588 4945 cujus
2604 4875 2806 4945 judicio
2829 4883 2908 4927 me
2929 4877 3260 4940 commendo;
3284 4866 3472 4925 ndm'si
3499 4870 3681 4924 scirem
3707 4866 3839 4945 nihil

2244 4947 2335 4999 tibi
2360 4937 2621 5015 prodesse:
2649 4961 2749 4998 non
2772 4954 2819 4997 te
2841 4945 3187 5009 adntonerem,
3214 4937 3320 4996 non
3342 4953 3388 4996 te
3416 4952 3681 5015 terreretn.
3707 4937 3840 4993 Duc

2243 5031 2325 5070 res
2352 5014 2469 5071 sunt
2500 5032 2519 5070 :
2549 5026 2636 5070 aut
2668 5016 2758 5086 tibi
2788 5015 3103 5086 ignoscetur,
3142 5023 3232 5066 aut
3271 5026 3373 5086 non
3404 5014 3493 5086 tibi
3517 5014 3829 5086 ignoscetur.

2250 5086 2387 5150 Quid
2413 5087 2596 5139 horum
2622 5087 2710 5139 tibi
2736 5083 2971 5155 futurum
2992 5085 3059 5138 sit
3088 5086 3278 5138 nescio.
3312 5083 3418 5155 Sed
3437 5084 3503 5136 do
3531 5083 3837 5155 consilium:

2249 5155 2465 5211 Dimitte
2491 5152 2744 5210 incertum
2766 5162 2803 5222 ,λ
2832 5166 2880 5210 et
2908 5165 3018 5210 tene
3046 5158 3266 5211 certum.
3302 5154 3512 5221 Etcum
3555 5153 3697 5218 vivis,
3730 5152 3840 5222 _ag‘¢

2247 5231 2591 5297 penitentiam
2620 5220 2818 5290 verum,
2863 5237 2918 5279 ut
2948 5241 3065 5278 cum
3097 5227 3301 5297 veneris
3345 5220 3399 5277 in
3419 5223 3681 5296 judicium
3701 5220 3838 5297 Dei,

2248 5293 2357 5378 non.
2379 5298 2443 5353 ab
2467 5314 2524 5353 eo
2554 5298 2915 5368 confundaris,
2943 5296 3031 5351 sed
3067 5306 3120 5349 ut
3153 5296 3215 5349 ab
3246 5311 3305 5350 eo
3335 5297 3388 5350 in
3420 5293 3638 5366 regnum
3676 5293 3843 5347 dedis-

2248 5383 2405 5424 caris.

2328 5449 2349 5477 ι
2383 5438 2517 5495 Cod.
2548 5438 2606 5493 S.
2640 5436 2800 5495 Marti
2831 5438 3015 5505 habet,
3048 5445 3320 5503 consecuta
3348 5446 3446 5504 est,
3474 5446 3536 5505 ut
3560 5452 3591 5509 a
3622 5432 3844 5511 Domino

2250 5522 2661 5564 resuscnaretur.
3140 5533 3145 5537 '
3304 5538 3355 5569 ﬁ
3430 5537 3443 5543 ν’
3542 5558 3547 5561 .

2324 5577 2349 5616 ά
2384 5583 2553 5635 Locus
2574 5578 2670 5634 hic
2697 5581 2750 5634 in
2781 5579 3068 5647 Fcripturis
3099 5579 3269 5646 sam-i5
3300 5594 3403 5634 non
3434 5570 3691 5647 habetur,
3718 5573 3842 5647 licet

2250 5650 2551 5705 testinmnia
2575 5652 2642 5704 de
2669 5651 2841 5706 viduis
2870 5644 2924 5724 ct
2947 5650 3170 5724 papillis
3194 5644 3589 5724 ltucredeuntia
3616 5644 3848 5724 plurima

2247 5728 2550 5787 occurrant,
2584 5737 2809 5790 quorum
2857 5718 3071 5791 aliquod
3122 5721 3207 5776 hic
3251 5720 3318 5791 ad
3346 5726 3589 5791 sensum,
3634 5718 3704 5771 itt'i
3732 5731 3848 5770 non

2248 5793 2491 5849 insolens
2513 5788 2653 5863 apud
2685 5788 2980 5863 scriptores
3011 5806 3221 5862 sacros,
3252 5788 3390 5846 forte
3416 5788 3703 5845 adductum
3730 5794 3845 5839 est.
