4078 6440
311 461 447 519 1097

1541 457 1818 517 REGULA
1856 457 1950 516 AD
1985 454 2373 514 MONACHOS.

3448 452 3588 514 1098

310 576 548 651 iudicabo
587 591 674 630 vos
699 615 714 640 ,
758 574 878 629 dicit
923 571 1197 631 Dominus.
1249 572 1535 631 Benedicta
1578 590 1671 642 es,
1705 573 1887 643 vidua,
1916 576 1968 637 Α
1997 574 2141 630 illam
2169 590 2289 646 qua:
2310 575 2472 646 pedes
2500 572 2712 629 Domini
2749 571 3002 645 lacrymis
3040 569 3266 643 rigavit,
3296 580 3351 629 et
3378 572 3591 641 capillis

311 669 431 736 quia
466 668 640 737 ipsum
672 667 952 721 aniii‘tttfll
989 667 1155 722 habes
1178 667 1411 737 jttilicem
1444 678 1494 724 el
1520 668 1885 726 defensorem.

310 760 423 815 lam
452 760 648 813 nullum
683 761 879 826 ploics,
928 758 1062 828 lilia,
1094 777 1213 830 qua:
1256 763 1446 816 melior
1472 762 1610 817 facta
1641 777 1699 817 es
1729 778 1889 833 quam

310 852 484 907 fueras
510 862 653 905 a-ite.
703 854 847 905 Ante
882 853 933 907 in
968 853 1183 909 homine
1208 855 1484 922 sperabas,
1520 854 1679 911 modo
1710 866 1889 912 autem

308 942 358 996 in
393 941 619 995 Domino
646 942 771 996 Jcsn
815 943 1069 1008 Christo;
1108 954 1264 1000 antea
1294 946 1569 1016 cogitabas
1594 948 1890 1004 secundum

310 1032 603 1100 hominem,
638 1035 799 1088 modo
820 1045 996 1089 autem
1022 1036 1321 1091 secundum
1358 1038 1558 1104 Deum;
1588 1050 1745 1094 antea
1775 1055 1893 1095 caro

310 1126 388 1177 ..ῖς
443 1126 664 1181 libidine
703 1128 1059 1183 delcctaharis
1088 1171 1101 1195 ,
1146 1141 1199 1185 et
1230 1132 1394 1186 vestis
1443 1133 1699 1202 periculo,
1736 1135 1895 1190 modo

312 1228 486 1272 autem
521 1218 654 1287 legis
683 1219 1020 1276 dulcedinem
1058 1233 1111 1276 et
1138 1225 1440 1279 castitatem
1494 1241 1601 1294 pra:
1642 1228 1893 1283 omnibus

312 1309 552 1377 οπρεπῆ
580 1320 739 1368 antea
782 1314 974 1368 ancilla
1006 1316 1102 1369 viri
1134 1316 1302 1383 fuisti,
1332 1318 1491 1371 modo
1520 1330 1695 1374 autem
1727 1320 1893 1375 libera

311 1413 367 1452 es
394 1400 589 1456 Christi
616 1412 665 1457 δ.
691 1404 859 1471 Quam
894 1407 1090 1461 bonum
1115 1420 1193 1462 est
1225 1419 1277 1465 te
1300 1425 1420 1464 esse
1445 1426 1710 1478 securam,
1736 1429 1892 1481 quam

314 1489 417 1557 pali
443 1492 721 1548 servitium
756 1494 779 1533 υ
810 1496 938 1550 viri!
965 1498 1169 1552 Bonum
1195 1500 1408 1555 estsoia
1437 1506 1617 1569 jacere
1648 1502 1697 1558 in
1732 1504 1894 1570 IeCto,

310 1594 361 1639 et
387 1600 607 1655 surgere
654 1590 870 1657 munda,
906 1608 1063 1662 quam
1101 1593 1282 1663 jacere
1320 1597 1537 1651 conscia
1582 1597 1816 1653 libidinis
1843 1608 1895 1654 et

309 1681 489 1733 carnis
521 1682 898 1739 immunditiac.
931 1688 1100 1742 Antea
1130 1703 1251 1743 eras
1281 1700 1521 1754 curvata,
1552 1700 1604 1744 et
1632 1707 1753 1746 eras
1798 1692 1897 1747 sub

308 1770 406 1823 viri
445 1770 575 1842 jngo
630 1775 775 1843 gravi
824 1788 889 1843 c;
945 1778 1105 1833 modo
1144 1790 1321 1835 autem
1373 1793 1547 1838 erecta
1607 1799 1665 1838 es
1702 1799 1732 1838 a
1769 1785 1897 1855 jugo

308 1859 505 1917 Christi
536 1868 711 1921 suavi.
751 1866 968 1938 Gaude,
1013 1872 1146 1941 lilia,
1189 1876 1309 1944 quia
1362 1877 1666 1931 venundata
1694 1876 1894 1943 fueras,

1996 669 2108 726 suis
2139 670 2313 737 tersit,
2342 668 2429 723 vel
2473 668 2619 724 illam
2661 666 2943 723 mulierem
2985 681 3103 736 qua:
3134 665 3309 720 attulit
3339 662 3589 735 unguen-

1998 774 2109 819 tum
2150 764 2445 834 pretiosum
2474 803 2491 831 ,
2542 772 2597 818 et
2647 761 2881 832 proludit
2925 759 3213 815 Dominum
3265 760 3577 814 recnmhen~

1999 867 2107 913 tem
2148 856 2209 925 ἀς
2239 858 2326 913 vel
2372 857 2519 913 illam
2556 855 2840 911 mulierem
2869 870 2988 926 qua:
3018 854 3338 909 vestimenta
3378 851 3591 910 Domini

2000 950 2211 1021 tetigit,
2254 959 2310 1005 et
2338 948 2595 1005 continuo
2624 949 2774 1003 stetit
2822 948 2996 1002 ﬂuxus
3041 946 3318 1018 sanguinis
3351 946 3504 1013 ejus;
3534 950 3587 1003 ei

2000 1043 2145 1097 illam
2180 1042 2465 1098 mulierem
2495 1054 2619 1111 quae
2643 1039 2711 1094 ad
2763 1039 2929 1109 pedes
2956 1039 3168 1094 Domini
3210 1038 3455 1103 sedebat,
3488 1052 3586 1091 au~

2001 1137 2119 1193 dire
2145 1137 2373 1207 qualiter
2396 1144 2579 1205 posset
2610 1135 2792 1204 lugere
2817 1133 2884 1189 ab
2901 1133 2978 1189 ira
3000 1142 3245 1189 ventura.
3268 1131 3560 1187 Considera

1999 1233 2130 1297 lilia,
2162 1247 2259 1301 per
2285 1247 2443 1301 quam
2476 1230 2616 1284 viam
2667 1229 2984 1285 humilitatis
3029 1229 3112 1284 hac
3155 1229 3284 1298 ipsa:
3336 1228 3561 1289 muliere

1999 1326 2406 1396 gradiebantur,
2450 1335 2505 1380 et
2529 1340 2595 1379 ex
2627 1324 2729 1380 hoc
2764 1325 3013 1379 meritum
3042 1323 3241 1379 bonum
3267 1321 3568 1376 habuerunt

2003 1419 2131 1474 Esto
2162 1428 2218 1473 et
2248 1430 2299 1472 tu
2334 1417 2524 1473 similis
2553 1418 2655 1471 illis
2690 1418 2741 1471 in
2770 1416 3076 1472 ohedientia
3101 1461 3117 1485 ,
3164 1416 3217 1470 in
3252 1414 3573 1481 humilitate,

2002 1513 2053 1566 in
2081 1511 2449 1582 eleemosyna,
2502 1513 2553 1565 in
2583 1502 2930 1579 susceptione
2960 1508 3391 1579 peregrinorum,
3427 1506 3479 1560 in
3512 1506 3583 1558 vi-

2000 1604 2160 1673 giliis,
2189 1603 2239 1657 in
2269 1603 2511 1673 jejuniis,
2543 1603 2596 1658 in
2626 1603 2771 1657 omni
2808 1604 3121 1659 sobrietate.
3162 1602 3286 1656 [hec
3322 1609 3447 1655 sunt
3472 1615 3589 1669 quae

2000 1697 2216 1752 Christo
2248 1699 2589 1767 placuerunt.
2639 1697 2849 1751 Labora
2876 1738 2891 1764 ,
2945 1696 3052 1750 lilia
3075 1737 3089 1760 ,
3131 1694 3217 1750 die
3255 1708 3318 1748 ac
3347 1702 3506 1748 nocte
3538 1691 3589 1745 in

2000 1804 2165 1860 opere
2191 1789 2426 1856 Domini,
2463 1800 2521 1843 ut
2557 1804 2675 1860 qua:
2714 1789 2783 1843 ah
2813 1788 3030 1842 homine
3056 1787 3276 1842 dimissa
3312 1800 3393 1849 es,
3437 1800 3465 1838 a
3497 1784 3592 1838 θοι

2002 1885 2150 1938 mino
2177 1884 2489 1953 colligaris;
2518 1892 2577 1937 ut
2607 1898 2725 1953 qua:
2754 1891 3042 1951 acceptura
3071 1895 3193 1936 eras
3216 1878 3545 1949 trigesimum
3567 1886 3590 1913 ⁸

308 1966 366 2009 ut
395 1972 545 2012 esses
589 1962 780 2016 ancilla
826 1966 947 2030 viri,
997 1968 1157 2021 modo
1185 1978 1362 2025 autem
1403 1970 1705 2026 libertatem
1733 1988 1761 2027 a
1799 1973 1900 2028 Do-
1930 1981 1978 2041 Β
2006 1973 2258 2046 fructum,
2300 1974 2693 2044 sexagesimum
2724 1972 2983 2029 merearis
3010 1969 3290 2043 consequi,
3334 1985 3429 2040 per
3469 1984 3590 2024 eum

306 2048 453 2103 mino
484 2055 750 2109 meruisti.
786 2058 991 2114 Memor
1015 2069 1134 2115 esto
1158 2102 1173 2127 ,
1220 2062 1346 2128 lilia,
1377 2066 1656 2121 mulierem
1687 2066 1898 2121 Chana-

306 2156 497 2208 nzeam,
543 2161 664 2215 qua:
694 2163 788 2218 pcr
829 2150 1346 2222 inolnportunitatem
1391 2170 1541 2211 suam
1570 2158 1896 2227 beneficium

304 2232 603 2290 Salvatoris
633 2240 801 2294 nostri
830 2240 1126 2312 impetrare
1156 2246 1376 2311 meruit,
1407 2246 1500 2303 sed
1534 2256 1585 2303 et
1614 2250 1895 2306 mulierem

376 2381 401 2411 ιι
425 2370 559 2428 Cod.
590 2374 648 2430 S.
675 2375 835 2431 Marci
863 2378 1044 2445 habet,
1069 2380 1123 2433 in
1166 2380 1391 2437 Christo.

373 2460 402 2502 ι)
424 2464 557 2520 Cod.
590 2466 647 2522 8.
675 2468 834 2524 Marci
869 2470 1049 2537 habet,
1082 2474 1393 2529 servitutem.

377 2564 401 2596 ο
430 2558 563 2614 Cod.
596 2559 655 2615 8.
681 2560 843 2617 Marci
875 2562 1056 2630 habet,
1086 2566 1178 2619 sub
1196 2567 1326 2637 jugo
1353 2568 1451 2621 viri
1480 2568 1641 2640 gravi.

2005 2071 2093 2139 qui
2128 2070 2257 2124 vivit
2290 2070 2341 2125 in
2374 2069 2570 2125 smcula
2601 2069 2945 2124 saeculorum.
2976 2067 3170 2122 Amen.
3208 2064 3441 2135 Explicir'
3469 2053 3489 2094 ί
3527 2061 3591 2119 S.

2002 2161 2272 2232 Augustini
2296 2162 2358 2216 de
2384 2160 2731 2216 consolatione
2753 2167 3092 2214 mortuorum.

2074 2376 2103 2417 ἀ
2128 2379 2258 2435 Cod.
2290 2379 2349 2434 S.
2378 2379 2543 2437 Marci
2576 2380 2760 2449 habet,
2796 2388 2845 2435 et
2882 2379 3112 2452 perfudit
3141 2378 3361 2433 Damina
3390 2392 3591 2432 recum-

2004 2451 2265 2578 ὁωέιὲἓοᾱ.
2294 2521 2351 2578 8.
2384 2521 2548 2577 Marci
2580 2522 2763 2586 habet,
2793 2523 3061 2578 tricenttm.

2085 2591 2107 2630 τ
2139 2594 2263 2648 Haec
2296 2596 2493 2648 desunt
2520 2592 2570 2648 in
2598 2594 2720 2648 cod.
2744 2594 2799 2649 S.
2831 2594 3018 2649 Marci.

1481 2829 1615 2939 S.

1742 2830 2415 2939 CZESARII

1145 3050 1672 3159 REGULA
1729 3051 1897 3154 AD
1939 3048 2736 3163 MONACHOS’.

1302 3288 1393 3345 DE
1432 3288 1495 3346 8.
1535 3286 1858 3345 (ΞΔΞ8ΑΒΙΟ
1913 3287 2223 3357 EJUSQUE
2264 3288 2550 3348 REGULA

1443 3421 1830 3485 VETEBUM
1866 3422 2371 3488 TESTIMOMIA
2384 3472 2401 3489 .

373 3586 682 3647 Gennadius
726 3589 1027 3665 deseri”.
1053 3593 1246 3651 cedes.
1272 3610 1389 3666 cap.
1422 3594 1491 3651 86
1523 3612 1538 3651 ε
1574 3614 1595 3648 ε
1629 3593 1895 3652 Caesarius
1925 3576 1971 3640 C
2000 3578 2320 3639 auctoritate
2334 3584 2647 3652 succedens,
2666 3586 3591 3659 monasticadisciplinainformaret.

301 3683 635 3741 Arelatensis
662 3687 812 3742 urbis
858 3687 1165 3759 episc0pus,
1194 3690 1275 3744 vir
1305 3690 1588 3745 sanctitate
1613 3698 1669 3745 et
1697 3690 1895 3746 virtute

302 3778 534 3844 celeber,
563 3783 783 3851 scripsit
813 3784 1021 3853 egregia
1053 3794 1107 3838 et
1149 3793 1295 3855 grata
1327 3784 1503 3850 valde,
1538 3793 1592 3839 et
1618 3784 1895 3839 monachis

302 3872 609 3924 necessaria
643 3878 925 3941 opuscula.
960 3873 1168 3929 Floruit
1192 3879 1477 3931 Anastasio
1503 3877 1891 3947 rempublicam

300 3960 653 4028 gubernante.
691 3981 711 4015 ι

370 4051 665 4120 Cyprianus
692 4053 787 4109 lib.
828 4069 848 4108 ι
880 4054 947 4109 de
976 4054 1095 4111 Vita
1123 4056 1180 4111 8.
1210 4056 1427 4112 Cmsarii
1456 4072 1575 4127 cap.
1607 4059 1642 4113 4
1674 4076 1689 4114 :
1724 4076 1741 4111 ι
1775 4060 1893 4115 Ca:-

298 4144 473 4199 sarius
518 4145 749 4215 primum
782 4147 1059 4214 diaconus,
1091 4147 1287 4205 deinde
1340 4150 1622 4221 presbyter
1669 4151 1890 4207 ordina-

298 4247 425 4304 tur;
468 4253 567 4293 nec
598 4255 829 4311 unquam
861 4250 1036 4298 tamen
1085 4244 1395 4299 canonicam
1426 4245 1671 4301 monachi
1704 4247 1892 4323 modu-

295 4328 571 4398 lationem,
604 4350 873 4405 nunquam
930 4336 1306 4392 Lerinensium
1360 4337 1583 4393 fratrum
1641 4340 1881 4395 instituta

294 4423 509 4494 reliquit
538 4442 551 4478 :
581 4426 773 4481 ordine
816 4436 869 4482 et
896 4427 1075 4484 ofﬁcio
1106 4430 1372 4493 clericus;
1402 4429 1723 4497 humilitate,
1752 4432 1883 4487 cha-

295 4514 471 4577 ritate.
506 4517 834 4586 obedientia,
867 4534 1030 4577 cruce
1059 4520 1356 4577 monachus
1387 4534 1683 4592 permanet.
1723 4543 1742 4577 ι

342 4608 693 4682 lbidem,cap.
709 4613 761 4667 5:
782 4631 800 4665 ι
814 4612 1072 4671 Defuncto
1088 4615 1139 4670 in
1157 4616 1703 4673 subnrbanacivitatis
1717 4618 1888 4675 insula

290 4702 503 4760 abbate.
530 4704 597 4758 ab
618 4706 869 4775 episcopo
882 4706 1048 4763 Eonio
1065 4722 1130 4765 eo
1151 4708 1413 4765 Cresarius
1436 4710 1682 4777 mittitur,
1700 4721 1755 4768 ut
1771 4728 1887 4768 mo-

290 4796 581 4848 nasterium
595 4806 805 4853 rectore
820 4801 1128 4857 destitutum
1146 4802 1281 4872 ipse,
1303 4805 1353 4857 in
1371 4803 1555 4860 eadem
1572 4806 1890 4863 reverentiae

359 4936 383 4963 ³
433 4926 580 5000 Hanc
629 4930 865 5000 regulam
912 4935 1297 4990 monachorum
1329 4940 1386 4995 8.
1419 4937 1632 4993 Czesarii
1679 4940 1880 4995 descri-

290 4996 364 5051 hit
394 4999 636 5053 Cointius
657 4996 713 5053 in
738 5002 1033 5057 Annalibus
1053 5007 1429 5062 ecclesiasticis
1458 5009 1781 5065 Francorum
1811 5012 1878 5064 ad

286 5083 411 5123 ann.
450 5069 577 5136 536,
628 5070 816 5141 §124,
844 5081 974 5129 tom.
1028 5073 1069 5141 Ι,
1120 5090 1240 5146 pag.
1289 5077 1395 5133 489
1429 5093 1605 5149 seqq.,
1655 5080 1881 5150 ejusque

2001 3673 2184 3745 Itaque
2231 3677 2282 3731 in
2333 3680 2639 3737 suburbano
2691 3686 3017 3739 monasterio
3067 3684 3239 3741 libens
3284 3702 3403 3743 eam
3447 3704 3592 3744 com-

1999 3768 2253 3835 plectitur
2296 3771 2420 3826 vitae
2474 3776 2733 3828 rationem
2788 3791 2948 3846 quam
3004 3776 3165 3832 etiam
3220 3778 3356 3832 intra
3407 3780 3593 3834 urbem

1998 3864 2322 3930 qnotidianis
2372 3880 2586 3934 semper
2619 3868 2813 3922 studiis
2861 3870 3177 3926 contulisset
3222 3879 3279 3927 et
3321 3877 3591 3943 perpetuis

1999 3961 2240 4019 optasset
2276 3954 2436 4011 vctis.
2482 3955 2657 4025 Ipsum
2691 3972 2819 4013 vero
2868 3962 3252 4016 monasterium
3302 3963 3372 4017 ita
3421 3964 3591 4033 quatis

1997 4042 2154 4097 diana
2188 4045 2439 4101 instantia
2485 4058 2539 4103 et
2570 4049 2766 4105 divinis
2797 4050 3104 4107 informavit
3151 4054 3362 4120 ofﬁciis,
3392 4065 3451 4110 ut
3492 4055 3589 4110 ho-

1994 4134 2189 4207 dieque
2223 4138 2333 4194 Deo
2367 4142 2599 4212 propitio
2623 4144 2733 4198 illic
2764 4144 2947 4200 videre
2979 4147 3125 4202 licet.
3172 4165 3191 4199 ι

2068 4228 2372 4300 Florianns,
2397 4233 2554 4303 epist.
2581 4233 2614 4287 5
2633 4235 2700 4291 ad
2720 4236 2983 4292 Nicetium
3009 4240 3204 4306 episc.,
3225 4237 3391 4293 lom.l
3413 4237 3587 4308 Scrip.

1992 4320 2211 4390 Franc.,
2241 4340 2359 4397 pag.
2394 4328 2491 4383 851
2531 4346 2542 4381 :
2578 4347 2598 4380 ‹
2635 4328 2739 4385 Sed
2787 4340 2841 4386 et
2886 4345 3101 4386 coronas
3146 4340 3339 4387 vestras
3384 4333 3587 4388 socium

1992 4414 2163 4471 beatas
2215 4421 2493 4475 memorias
2543 4421 2817 4477 dominum
2872 4422 3163 4478 Carsarinm
3213 4424 3587 4482 Arelatensem

1993 4508 2334 4580 episcopum,
2367 4512 2459 4581 qui
2486 4513 2617 4568 vixit
2643 4514 2783 4569 inter
2810 4514 3069 4569 barbaros
3097 4518 3237 4586 pius,
3269 4516 3409 4572 inter
3447 4516 3585 4571 bella

1995 4612 2235 4673 pacatus,
2291 4614 2443 4675 pater
2491 4609 2873 4679 orphanorum,
2929 4620 3112 4680 pastor
3154 4614 3398 4684 egregius
3439 4630 3455 4667 :
3494 4612 3585 4683 qui

1994 4700 2126 4752 tanti
2152 4711 2345 4755 census
2367 4700 2626 4757 elfusione
2657 4704 2730 4757 nil
2764 4704 3015 4773 perdidit,
3034 4705 3316 4761 catholicae
3343 4706 3582 4778 regulam

1994 4790 2289 4862 disciplinae
2309 4792 2465 4848 dictis
2497 4793 2758 4866 factisque
2781 4797 3184 4853 demonstrans.
3218 4817 3239 4851 ι

1991 4942 2293 5013 accuratam
2339 4932 2432 5013 init
2482 4931 2821 4987 collationem
2860 4950 2979 4989 cum
3014 4934 3209 5013 Regula
3243 4931 3576 5013 rnonialium,

1995 5004 2184 5126 eoderln
2204 5004 2448 5127 |fatsario
2470 5014 2711 5071 auctore,
2734 5020 2850 5074 qua:
2874 5021 3011 5075 pone
3039 5006 3297 5073 sequitur,
3330 5004 3578 5071 notisque

1995 5073 2131 5127 simu
2182 5075 2196 5126 i
2244 5083 2433 5127 ustrat.

1991 5088 2150 5127 81111111
2182 5088 2433 5129 lllllSll'ill.

1066 5293 1502 5352 OBSERVATIO
1541 5296 1814 5354 CRITICA
1857 5296 1921 5352 IN
1962 5295 2292 5355 REGULAM
2331 5297 2779 5365 SEQUENTEM.

354 5403 512 5459 Binas
555 5405 763 5478 regulas
810 5413 1119 5464 monasticas
1160 5410 1420 5481 scripsisse
1464 5411 1525 5467 S.
1568 5410 1869 5480 Ctesarium,
1902 5417 1950 5477 ι)
1975 5430 2125 5484 quere
2147 5424 2350 5468 coactus
2373 5414 2565 5485 fuerat,
2594 5412 2851 5466 Arelatem
2878 5427 2931 5465 se
2952 5391 3188 5477 contulit,
3216 5410 3301 5465 ubi
3320 5410 3382 5465 ab
3408 5410 3573 5469 Eonio

284 5494 631 5552 Arelatensem
648 5499 963 5571 episcopum,
990 5501 1215 5572 fatentur
1230 5518 1402 5557 omnes
1422 5503 1516 5557 viri
1537 5503 1698 5570 docti,
1719 5521 1874 5560 unum

286 5588 527 5642 nimirum
564 5593 632 5645 ad
660 5594 957 5660 monachos,
983 5598 1194 5651 alteram
1222 5597 1291 5652 ad
1322 5600 1560 5669 virgines,
1593 5609 1639 5653 et
1676 5609 1870 5653 utraut-

281 5695 379 5750 que
416 5696 509 5734 suo
533 5683 694 5737 codici
725 5688 936 5741 inseruit
970 5687 1285 5758 Holslenius,
1312 5690 1376 5745 de
1399 5693 1565 5763 prima
1594 5692 1869 5746 monac/to-

281 5788 397 5826 rum
436 5790 616 5828 norma
645 5776 727 5830 hic
752 5797 926 5847 agens.
966 5780 1236 5854 Postquam
1264 5788 1398 5842 enim
1435 5786 1496 5844 S.
1526 5786 1778 5841 Caesarius
1806 5789 1867 5841 ob

280 5863 641 5943 labefactatam
668 5874 998 5929 valetudinem
1032 5890 1390 5941 monasterium
1424 5882 1681 5938 Ltmteusc
1712 5884 1865 5937 ι·ί’.¹ἱνι-

564 5963 833 6029 Panos.
884 5967 1135 6032 LXVII.

1980 5510 2216 5579 episcopo
2256 5506 2578 5576 familiariter
2615 5514 2883 5570 exceptus,
2924 5512 3118 5557 tantam
3164 5504 3572 5573 familiaritatm

1977 5620 2095 5658 cum
2123 5620 2179 5658 eo
2209 5602 2342 5664 iniit,
2371 5608 2426 5654 ut
2454 5602 2517 5654 ab
2539 5600 2799 5667 episcopo,
2818 5600 2933 5670 jam
2966 5598 3345 5666 conualescens,
3379 5601 3572 5654 consti-

1975 5705 2112 5749 tutus
2147 5695 2209 5748 sit
2232 5691 2523 5747 monasterii
2552 5690 2728 5756 abbas,
2755 5706 2815 5743 ac
2847 5700 2960 5759 post
2992 5690 3290 5754 triennium,
3321 5691 3567 5743 nimirum

1974 5805 2112 5842 anno
2156 5786 2280 5847 502,
2320 5786 2545 5838 omnium
2587 5782 2847 5854 suffragiis
2877 5799 2928 5836 tn
2966 5780 3065 5835 loci
3108 5783 3402 5852 episcOpum
3456 5780 3566 5850 suf-

1974 5888 2153 5954 fectus.
2186 5882 2310 5936 Cum
2355 5881 2508 5953 igitur
2540 5877 2888 5934 smn-tissimus
2923 5875 3193 5946 cpiscopus
3236 5876 3287 5927 in
3342 5872 3563 5929 cano/rio

3004 5967 3080 6032 35
