4078 6440
587 328 747 390 1099.

581 553 768 609 ponere
809 551 1077 606 possumus
1124 533 1273 587 illum
1298 531 1438 584 haud
1466 531 1622 585 aliam
1652 530 1978 600 disciplinam
2009 545 2175 581 mona-

582 630 762 681 sticam
801 627 855 680 in
901 627 1263 681 monasterium
1312 623 1607 677 Arelatense
1656 621 2025 686 introduxisse,
2075 619 2176 675 nisi

581 722 938 785 Lirinensent;
965 721 1037 773 ita
1063 719 1201 790 quod
1230 716 1335 772 ha’c
1356 716 1536 787 regula
1563 715 1743 768 existat
1772 715 1972 783 insigne
1993 727 2175 766 monu-

581 822 803 868 mentum
830 821 986 864 arctte
1014 811 1302 880 disciplina:
1330 808 1628 862 monasticae
1656 808 1711 860 in
1734 807 2054 860 celeberrimo
2077 821 2176 859 cte-

581 906 728 958 nobio
770 903 1025 959 Lirinensi
1056 905 1177 956 olim
1221 903 1446 957 usitatw.
1485 900 1694 955 Constat
1740 901 1845 952 ha'c
1886 899 2064 970 regula
2105 896 2176 950 26

581 997 836 1062 articulis,
867 1011 982 1049 cum
1025 995 1156 1048 brevi
1185 994 1274 1048 sed
1314 992 1567 1064 pathetica
1604 990 1952 1045 exhortatione
1977 990 2044 1042 ad
2068 1005 2176 1042 mo-

582 1089 795 1154 nachos,
823 1089 1112 1158 scriptaque
1133 1097 1206 1139 est
1233 1103 1333 1139 non
1366 1085 1532 1139 solum
1560 1085 1627 1136 ad
1657 1083 2016 1136 monasterium
2046 1083 2176 1135 Are-

583 1179 795 1245 latense,
824 1180 914 1234 sed
945 1180 1013 1231 ad
1037 1193 1183 1231 omne
1224 1177 1366 1230 aliud
1413 1176 1694 1229 ctenobium
1720 1176 1900 1230 abbate
1927 1159 2177 1246 guberna-

583 1276 714 1327 tum.
738 1269 806 1325 Et
850 1271 1076 1342 quidem,
1106 1287 1168 1326 ex
1201 1270 1465 1342 privilegio
1493 1267 1791 1324 Hormisda:
1819 1285 1969 1341 papte
1993 1269 2062 1323 ad
2089 1286 2178 1323 sa-

1625 326 1681 382 S.
1725 324 2022 382 CAESAR”
2065 321 2275 381 EPISC.
2322 320 2793 380 ARELATENSIS

497 495 502 500 .
583 443 838 499 Lirinensi
859 442 920 496 ab
949 440 1288 508 adolescentia
1316 439 1560 494 educatus
1587 439 1764 508 fuerit,
1789 439 1862 492 sic
1887 437 2036 505 facile
2058 454 2174 506 sup-
2199 441 2246 499 Α
2275 449 2389 488 cras
2422 435 2637 504 virgines
2673 434 2992 488 Arelatenses
3034 431 3184 488 misso
3202 475 3216 502 ,
3251 439 3440 494 omnino
3467 449 3584 510 patet
3607 445 3659 501 3.
3690 450 3774 505 Ca.

3664 333 3770 397 libb

2278 529 2475 582 sarium
2519 537 2628 597 post
2670 529 2912 599 adeptum
2943 530 3284 600 episcOpatum
3311 540 3356 587 et
3401 535 3496 589 alia
3532 547 3779 598 monasteria

2278 640 2372 694 pro
2393 624 2592 676 clericis
2620 632 2667 677 et
2698 623 2959 677 monachis
2986 625 3036 677 in
3062 624 3173 694 ipsa
3198 625 3387 681 civitate
3407 631 3616 694 erexisse.
3643 650 3781 703 prietes

2277 715 2409 767 illud
2439 715 2490 768 in
2512 715 2806 768 suburbana
2836 715 3008 768 insula
3032 732 3063 768 a
3089 716 3444 780 prtedeccssore
3468 726 3784 793 conditum,cu-

2268 808 2364 875 jus
2405 815 2453 858 et
2485 811 2592 876 ipse
2635 805 2919 875 aliquando
2962 807 3261 861 constitutus
3307 819 3409 864 erat
3447 811 3597 867 abbas.
3634 815 3784 872 Deinde

2278 901 2372 952 sub
2402 899 2612 952 exordio
2643 900 2795 962 huius
2856 902 3046 970 regula:
3095 899 3376 966 Tetradius,
3409 919 3546 969 nepos
3583 906 3633 959 S.
3659 907 3785 962 Cata-

2279 988 2363 1052 rti,
2392 999 2439 1041 et
2484 993 2661 1059 forsan
2689 993 2962 1062 cujusdam
2995 993 3288 1044 monasterii
3315 993 3447 1062 apud
3475 993 3628 1048 Gallos
3652 998 3783 1063 abbas,

2281 1090 2492 1135 testatur
2514 1083 2644 1136 hanc
2672 1083 2903 1152 regulam
2947 1083 3108 1152 fuisse
3137 1083 3374 1136 dictatam
3395 1096 3503 1139 ante
3527 1087 3678 1140 initum
3709 1093 3783 1157 epi-

2281 1188 2569 1244 sc0putum,
2606 1181 2833 1247 adeoque
2878 1180 3084 1249 quando
3135 1179 3195 1234 S.
3253 1178 3491 1234 Ctesarius
3531 1182 3674 1235 adhuc
3708 1194 3784 1237 erat

2285 1271 2435 1325 abbas
2461 1280 2506 1326 et
2530 1273 2786 1343 presbyter
2814 1273 3102 1326 monasterii
3133 1272 3196 1325 ab
3229 1271 3392 1326 Eonio
3418 1274 3607 1330 conditi.

593 1427 2439 1452 -————————'——-—_

1781 1551 2182 1625 INCIPIT
2236 1551 2689 1625 REGULA

586 1731 626 1779 Δ
659 1731 710 1777 8ο
739 1731 1065 1776 ’I'B'I'RADIO
1096 1727 1529 1785 PBBSBY'I‘ERO,
1562 1727 1811 1772 NEPOTE
1847 1728 2070 1776 REATE
2115 1729 2170 1774 Μ

2270 1728 2427 1772 ΟΙΙΙΛΕ
2457 1729 2509 1771 S.
2538 1728 2806 1772 CBSARII
2841 1728 3123 1774 EPIBCOPI
3153 1729 3558 1772 ARELATBNSIS
3579 1727 3783 1785 ΔΒΒΔΪΙ,

667 1833 800 1876 ΜΕΔ
846 1833 1052 1876 ΡΔιινΑ
1087 1831 1371 1874 PEBSONA
1414 1830 1732 1886 BOGANTE,
1781 1829 2168 1873 TBANSMISSA
2210 1833 2223 1872 2
2263 1831 2441 1883 QUAM
2491 1841 2528 1873 Δ
2563 1830 2684 1874 SUO
2719 1831 3284 1876 8UPBAMBMORATO
3319 1831 3546 1875 DOIIINO
3576 1830 3786 1874 CESIIIO

665 1933 850 1977 DIXI'I‘
879 1933 1017 1978 IPSE
1045 1933 1370 1976 DICTATAM
1401 1933 1416 1988 ;
1445 1931 1622 1984 QUAM
1649 1931 1787 1975 DUM
1816 1931 2007 1974 ESSET
2035 1929 2170 1973 SACI

2270 1930 2353 1974 I08
2390 1930 2529 1973 IPSE
2561 1931 2682 1972 Ρκιι
2707 1930 2981 1975 υινειιεΑ
3011 1931 3415 1976 ΜοΝΑεΤειιιΑ
3433 1928 3760 1973 TRANSIIISI'I‘.

2040 2048 2418 2066 Ψ

587 2139 778 2211 Incipit
811 2143 864 2194 in
895 2141 1085 2197 Christi
1114 2143 1314 2194 nomine
1345 2140 1562 2209 Regula,
1593 2136 1760 2206 qualis
1788 2138 1962 2192 debeat
1984 2151 2090 2192 esse
2114 2137 2167 2190 in
2204 2139 2244 2197 Β
2275 2135 2475 2204 pluvia,
2505 2142 2559 2190 et
2583 2147 2712 2190 caro
2758 2133 2875 2190 sine
2904 2132 3044 2201 cibo,
3072 2133 3194 2189 talis
3224 2141 3305 2190 est
3330 2131 3496 2188 anima
3523 2133 3562 2188 si
3583 2146 3670 2188 non
3704 2128 3785 2186 retis

749 2233 1058 2287 monasterio
1088 2233 1172 2284 ubi
1202 2232 1355 2284 abbas
1377 2240 1471 2296 est,
1503 2232 1792 2300 quicunque
1825 2231 2002 2299 fuerit.
2280 2223 2451 2279 cialur
2482 2223 2574 2279 Dei
2605 2224 2790 2279 verbo.

654 2328 834 2383 Carv'r
866 2339 1088 2381 rntuvu.
1125 2323 1388 2395 Imprimis
1427 2321 1472 2378 si
1519 2324 1634 2393 quis
1660 2323 1725 2377 ad
1766 2317 2175 2396 conversionem
2353 2314 2417 2369 Χ.
2461 2315 2656 2370 Filium
2682 2317 2749 2372 de
2784 2316 3052 2388 baptismo
3076 2318 3267 2373 nullus
3294 2317 3538 2386 excipiat.

588 2422 816 2486 venerit,
851 2436 911 2474 ea
943 2419 1251 2475 conditione
1278 2417 1604 2485 excipiatur,
1631 2424 1687 2469 ut
1728 2430 1898 2483 usque
1924 2414 1988 2468 ad
2034 2431 2178 2470 mor—
2351 2408 2443 2463 XI.
2487 2409 2738 2465 Mulieres
2759 2411 2811 2466 in
2839 2412 3166 2467 monasterio
3191 2427 3464 2482 nunquam
3490 2408 3787 2479 ingrediantur.

587 2522 691 2567 tem
719 2526 871 2566 suam
900 2511 970 2566 ibi
997 2519 1324 2579 perseveret.
1351 2507 1676 2562 Vestimenta
1702 2521 1827 2560 vero
1844 2506 1976 2560 laica
1999 2521 2104 2562 non
2127 2505 2176 2560 ei
2281 2499 2378 2567 Qui
2407 2501 2458 2553 in
2487 2502 2827 2558 remotoloco
2849 2505 3160 2573 estasigno
3184 2504 3438 2571 Iacto,ad
3456 2517 3594 2560 omne
3606 2514 3704 2570 opus
3719 2497 3788 2552 Dei

499 2599 502 2601 ’
584 2611 859 2658 mutentur
884 2643 900 2668 ,
935 2603 1036 2658 nisi
1067 2612 1221 2656 antea
1254 2601 1322 2656 de
1352 2599 1604 2654 facultate
1633 2614 1726 2654 sua
1752 2599 1963 2653 chartas
1996 2597 2170 2652 vendi-

2281 2587 2457 2648 nullus
2487 2593 2687 2650 tardius
2709 2595 2905 2651 veniat.
2933 2597 2992 2652 Si
3016 2596 3234 2653 tai'dius
3265 2596 3492 2661 venerit.
3509 2593 3654 2654 statim
3671 2589 3788 2649 delo-

585 2695 747 2750 tionis
773 2693 957 2761 faciat,
991 2695 1130 2749 sicut
1171 2693 1424 2747 Dominus
1453 2690 1710 2761 praecepit
1737 2689 1922 2744 dicens
1957 2706 1968 2741 :
2003 2689 2062 2744 Si
2105 2689 2179 2744 vis
2282 2687 2397 2741 rula
2430 2687 2481 2742 in
2514 2704 2701 2743 manus
2730 2689 2981 2760 accipiat.
3009 2691 3292 2760 Argueme
3322 2689 3522 2756 abbate,
3545 2696 3617 2741 aut
3637 2695 3788 2754 prapo-

587 2787 844 2857 perfectus
873 2803 999 2852 esse,
1033 2786 1179 2848 vade,
1212 2786 1370 2839 vende
1411 2785 1582 2838 omnia
1612 2799 1726 2854 quae
1755 2782 1926 2852 habes,
1958 2784 2023 2838 da
2051 2800 2181 2854 pau-
2281 2780 2406 2846 sito,
2437 2790 2529 2834 aut
2574 2781 2810 2854 quolibet
2853 2782 3086 2848 seniore,
3132 2783 3470 2853 respondere
3511 2779 3684 2850 penitus
3715 2788 3790 2830 non

585 2879 813 2946 poribus,
832 2888 875 2931 ct
903 2879 1034 2945 veni,
1060 2893 1262 2948 sequere
1295 2894 1372 2931 me
1403 2875 1618 2948 (Matth.
1649 2875 1780 2946 XIX).
1814 2876 1974 2932 Certe
2000 2875 2045 2930 si
2073 2891 2178 2932 non
2281 2882 2593 2940 prmsumat.

586 2970 704 3024 vult
746 2970 1003 3036 vendere,
1037 2969 1341 3024 donationis
1367 2969 1583 3034 chartas
1609 2978 1699 3024 aut
1728 2969 2041 3040 parentibus
2086 2978 2180 3026 aut
2355 2963 2468 3022 XII.
2514 2965 2664 3023 Lites
2693 2968 2830 3024 inter
2857 2983 2953 3024 vos
2977 2983 3086 3026 non
3122 2967 3188 3023 ba
3201 2968 3378 3024 beatis
3411 2985 3425 3021 :
3456 2967 3526 3022 sic
3550 2965 3668 3021 enim
3703 2957 3789 3014 dicit

584 3064 913 3118 monasterio
945 3063 1125 3130 faciat,
1157 3063 1447 3118 dummodo
1479 3063 1614 3117 liber
1667 3062 1771 3129 sit,
1805 3070 1859 3117 et
1906 3061 2041 3116 nihil
2086 3061 2179 3117 ha-
2281 3056 2568 3126 Apostolus
2599 3075 2613 3111 :
2646 3057 2863 3113 Servum
2897 3059 3108 3114 Domini
3140 3078 3253 3116 non
3299 3069 3489 3131 oportet
3530 3058 3708 3128 litigare.
3730 3050 3789 3105 ³εά

584 3155 707 3209 beat
737 3155 1031 3223 proprium.
1061 3155 1118 3210 Si
1153 3171 1279 3210 vero
1307 3164 1457 3226 pater
1481 3153 1598 3223 ejus
1633 3163 1725 3210 aut
1752 3162 1928 3210 mater
1943 3155 2105 3225 vivat,
2125 3163 2179 3210 et
2281 3159 2602 3204 mansuetum
2626 3167 2733 3205 esse
2763 3151 2814 3222 (1
2823 3150 2850 3204 I
2900 3151 3034 3206 Tim.
3064 3153 3144 3223 lt).
3177 3152 3348 3209 Certe
3391 3153 3434 3208 si
3477 3149 3733 3208 excesserit.
3755 3151 3790 3199 ul

583 3264 688 3302 non
717 3249 876 3303 habet
906 3257 1224 3318 potestatem
1257 3249 1506 3316 faciendi,
1533 3231 1747 3318 quando
1792 3249 1867 3304 iui
1917 3248 2179 3320 migrave-
2257 3235 2362 3293 'est
2391 3239 2620 3294 humana
2664 3241 2948 3312 fragilitas,
2978 3251 3038 3296 ut
3066 3257 3124 3298 se
3153 3244 3496 3300 sermonibus
3533 3241 3658 3294 duris
3677 3237 3792 3293 exsti-

582 3339 690 3392 rint
716 3348 936 3409 cogatur
966 3341 1164 3395 lacere.
1197 3343 1541 3412 Quaecunque
1570 3356 1752 3396 secum
1797 3343 2046 3399 exhibuit
2083 3345 2178 3402 ab—
2279 3333 2506 3403 mutent,
2549 3333 2646 3390 Sol
2694 3350 2797 3392 non
2841 3336 3041 3390 occidat
3091 3352 3258 3406 super
3303 3335 3598 3391 iracundiam
3641 3341 3794 3386 vestram

583 3429 694 3483 bati
725 3431 934 3495 trudat;
969 3433 1101 3487 nihil
1125 3433 1226 3486 sibi
1256 3444 1497 3488 reservet
1529 3451 1544 3488 :
1573 3444 1626 3488 et
1653 3434 1697 3489 si
1731 3435 1923 3505 aliquis
1954 3435 2022 3491 de
2053 3451 2175 3506 pro-
2281 3424 2497 3499 (Ερίιεει
2529 3426 2630 3497 1V)-

583 3521 799 3590 p‘inquis
822 3523 1021 3592 aliquid
1046 3524 1423 3592 transmiserit,
1446 3523 1634 3578 atterat
1660 3525 1860 3580 abbati.
1884 3527 1940 3581 Si
1968 3527 2068 3596 ipsi
2091 3533 2174 3583 est
2201 3523 2248 3594 ο
2353 3518 2493 3576 XIII.
2532 3518 2638 3575 Sed
2667 3533 2769 3576 nec
2793 3520 2930 3576 ullus
2953 3531 3259 3590 praesumat
3288 3523 3477 3582 iratum
3507 3513 3796 3590 culpat-3W1

581 3618 972 3682 necessarium,
996 3615 1114 3684 ipso
1130 3614 1354 3686 jubente
1379 3615 1600 3682 habeat;
1631 3618 1677 3671 si
1706 3618 1783 3672 illi
1814 3633 2038 3675 necesse
2069 3634 2174 3676 non

580 3716 684 3772 est,
712 3709 763 3762 in
793 3723 1080 3765 commune
1123 3709 1421 3776 redactum,
1456 3711 1543 3765 cui
1590 3726 1724 3782 opus
1753 3723 1836 3768 est
1886 3713 2172 3770 tribuatur.

653 3802 714 3855 ll.
755 3802 877 3857 Sint
907 3803 1062 3857 vobis
1101 3802 1283 3858 omnia
1310 3805 1633 3859 communia.
1741 3794 1746 3799 ’

649 3895 738 3948 lll.
773 3893 975 3950 Cellam
1004 3895 1354 3966 peculiarem,
1379 3906 1470 3951 aut
1497 3897 1967 3964 armariolum,vel
1997 3914 2176 3970 quam-

588 3985 719 4040 libet
741 3985 1046 4042 clausuram
1087 3987 1266 4044 nullus
1293 3987 1522 4055 habeat;
1554 3989 1608 4045 in
1637 4004 1744 4045 una
1774 3991 1954 4047 schola
1984 4007 2174 4048 omnes

580 4087 857 4132 maneant.

645 4169 736 4225 IV.
778 4169 896 4226 Non
922 4170 1150 4242 jurent;
1191 4172 1314 4243 quia
1362 4173 1621 4230 Dominus
1649 4175 1786 4232 dixit
1815 4192 1830 4232 :
1864 4175 2045 4233 Nolite
2071 4182 2175 4251 eju-

576 4277 694 4317 rare
736 4264 964 4334 omnino,
997 4265 1084 4319 sed
1120 4265 1186 4319 sit
1233 4280 1400 4320 sermo
1451 4274 1612 4321 vester
1653 4275 1731 4322 est
1778 4276 1870 4336 est,
1921 4286 2028 4326 non
2070 4286 2176 4327 non

577 4355 791 4426 (Matth.
827 4359 903 4429 v).

653 4449 714 4505 ν.
755 4452 968 4507 Mentiri
997 4452 1088 4521 qui
1116 4452 1368 4509 inventus
1398 4454 1576 4522 fuerit,
1608 4456 1947 4527 disciplinam
1987 4460 2091 4532 legi
2126 4461 2171 4517 Ξ-

574 4554 716 4593 mnm
771 4545 1029 4613 accipiat;
1079 4544 1201 4614 quia
1233 4546 1303 4600 Us
1347 4551 1486 4615 quod
1529 4551 1770 4605 mentitur
1813 4553 1999 4606 occidit
2051 4557 2171 4608 uni-

573 4648 710 4684 mam
741 4633 893 4704 (Sap.
918 4635 958 4705 ι)
980 4653 994 4701 ;
1014 4643 1091 4707 et,
1121 4636 1316 4692 Perdes
1339 4655 1422 4693 eos
1436 4643 1523 4706 qui
1549 4643 1829 4711 loquuntur
1847 4645 2174 4699 mendacium

570 4723 746 4792 (Psal.
781 4725 857 4794 v).
1507 4746 1510 4747 '

648 4815 736 4868 VI.
783 4816 896 4870 Non
949 4819 1320 4876 maledicunt:
1357 4823 1478 4890 quia
1525 4823 1782 4894 scriptum
1833 4836 1916 4882 est
1949 4844 1961 4880 :
1993 4825 2173 4900 Neque

562 4908 810 4963 maledici
839 4927 1052 4981 regnum
1081 4911 1181 4967 Dei
1207 4914 1535 4985 possidebunt
1565 4915 1616 4986 (I
1652 4917 1771 4974 Cor.
1805 4918 1902 4990 v1).

643 5000 751 5054 V’ll.
796 5001 1027 5071 Operam
1061 5019 1167 5059 non
1197 5022 1358 5076 quam
1392 5010 1761 5079 unusquisque
1791 5012 2040 5079 voluerit,
2066 5011 2164 5069 sed

560 5107 678 5161 qua:
708 5095 787 5150 eis
816 5094 1063 5151 ordinata
1095 5097 1278 5163 fuerit,
1308 5097 1528 5154 faciant.

637 5184 768 5239 VIII.
814 5186 948 5241 Dum
984 5189 1280 5257 psallimus,
1317 5190 1493 5250 nullus
1522 5190 1667 5261 loqui
1706 5203 2015 5263 praesumat.

635 5277 728 5333 IX.
770 5279 850 5333 Ad
879 5295 1121 5336 mensam
1146 5281 1273 5337 dum
1299 5281 1647 5353 manducent,
1673 5288 1849 5340 nullus
1879 5290 2159 5358 loquatur;

563 5367 658 5422 sed.
690 5384 824 5422 unus
856 5371 1000 5440 legat
1037 5387 1415 5445 quemcunque
1447 5375 1638 5429 librum
1672 5394 1686 5429 :
1719 5388 1774 5431 ut
1802 5378 1940 5432 sicut
1966 5394 2165 5449 corpus

564 5459 804 5513 reﬁcitur
831 5463 975 5530 cibo,
1007 5466 1076 5519 ita
1128 5469 1304 5523 anima
1354 5470 1626 5526 reﬁcietur
1657 5472 1751 5528 Dei
1801 5476 1988 5539 verbo,
2018 5476 2162 5531 sicut

562 5550 691 5606 dicit
735 5551 989 5610 Dominus
1021 5574 1035 5612 :
1070 5559 1192 5614 Non
1237 5572 1407 5616 autem
1434 5564 1487 5616 in
1513 5563 1624 5619 solo
1666 5583 1796 5636 pane
1823 5568 1940 5621 vivit
1975 5567 2153 5638 homo,

560 5646 651 5699 sed
673 5661 736 5700 ea:
757 5648 896 5700 omni
916 5650 1060 5705 verbo
1083 5650 1178 5706 Dei
1200 5653 1412 5724 (Matth.
1436 5657 1530 5726 tv).
1567 5659 1749 5725 Qualis
1765 5669 1846 5716 est
1873 5671 2011 5717 terra
2039 5660 2159 5717 sine

633 5777 1075 5875 aggrediantur.
1092 5784 1434 5875 lQui‘remoto
1447 5789 1558 5845 loco
1571 5793 1665 5875 est]
1687 5796 1739 5849 lu
1763 5799 2008 5853 omnibus
2037 5801 2154 5856 edi-

560 5847 630 5905 tis
656 5847 940 5920 corruptus
968 5865 1050 5911 est
1088 5847 1177 5912 hic
1225 5858 1395 5926 locus,
1442 5847 1609 5930 atque
1642 5847 1738 5918 ita
1761 5847 2150 5938 eoi-nguina}

2277 3613 2368 3682 qui
2414 3627 2474 3674 se
2517 3613 2695 3668 sciunt
2741 3613 2934 3670 fecisse
2972 3613 3118 3683 quod
3150 3631 3266 3690 non
3299 3615 3604 3680 debuerunt,
3629 3609 3794 3668 invicem

2277 3706 2379 3762 sibi
2417 3707 2626 3763 veniam
2674 3715 2879 3777 petant,
2915 3707 3209 3777 implentes
3254 3709 3387 3764 illud
3431 3708 3520 3764 Dei
3563 3703 3799 3762 renudatum

2278 3802 2366 3858 ubi
2393 3801 2519 3857 dicit
2551 3820 2564 3857 :
2596 3802 2847 3862 Dimittite
2887 3812 2934 3858 et
2956 3805 3248 3860 dimittetur
3271 3809 3433 3862 vobis.
3461 3806 3519 3861 Si
3547 3819 3617 3857 vos
3641 3817 3719 3856 non
3739 3796 3798 3850 di-

2277 3896 2535 3960 miseritis,
2553 3911 2644 3949 nec
2666 3895 2825 3950 Pater
2845 3906 3003 3951 vester
3026 3895 3252 3952 caelestis
3284 3899 3498 3952 dimittet
3515 3895 3635 3950 vobis
3650 3895 3804 3963 recte“

2277 4000 2443 4044 vestra
2466 3988 2681 4060 (Matth.
2716 3987 2818 4060 vs).
2851 3987 2945 4044 Ira
2971 3991 3067 4044 viri
3095 3991 3370 4062 justitiam
3402 3991 3495 4046 Dei
3517 4005 3604 4046 non
3625 3989 3806 4052 operatur

2278 4081 2416 4152 (Jac.
2450 4080 2510 4153 t).
2539 4082 2601 4138 Si
2626 4081 2784 4150 oﬂ'ers
2828 4098 3011 4137 munus
3068 4093 3218 4138 tuum
3274 4085 3346 4140 ad
3389 4083 3565 4150 altare,
3607 4088 3643 4136 et
3680 4087 3810 4130 recor-

2278 4176 2429 4230 datus
2455 4174 2613 4244 fueris
2643 4176 2764 4238 quia
2789 4177 2948 4243 frater
2977 4184 3095 4232 tuus
3123 4177 3280 4233 habet
3302 4177 3498 4248 aliquid
3521 4175 3740 4234 adt-erum
3759 4175 3809 4230 ut

2276 4269 2402 4323 vade
2425 4270 2568 4339 prius
2587 4270 2908 4326 reconciliari
2929 4271 3084 4341 fratri
3104 4282 3189 4325 tuo
3215 4287 3237 4337 ,°
3265 4283 3313 4326 et
3343 4283 3462 4330 tunc
3481 4269 3657 4325 veniens
3675 4261 3814 4331 ciem

2277 4376 2464 4414 manus
2492 4370 2634 4416 tuum
2666 4359 2887 4430 (Matth.
2919 4362 2999 4432 v).
3030 4360 3230 4426 Certus
3259 4374 3380 4420 esto
3409 4364 3528 4434 quia
3556 4361 3664 4416 dum
3687 4354 3814 4410 iratus

2277 4468 2336 4508 es
2365 4463 2550 4508 contra
2582 4453 2768 4522 alium,
2797 4455 2970 4510 oratio
3017 4463 3105 4510 tua
3137 4469 3250 4510 non
3295 4455 3584 4525 recipitur;
3611 4463 3696 4507 nec
3718 4446 3815 4500 ὶτθω

2276 4547 2403 4602 licet
2446 4547 2868 4604 communicare.
2905 4548 2970 4604 Et
3017 4548 3136 4605 ideo
3187 4550 3416 4620 implete
3457 4547 3589 4620 quod
3615 4542 3814 4600 Dominus

2277 4641 2408 4695 dicit
2440 4659 2453 4696 :
2490 4641 2686 4697 Pacem
2713 4659 2879 4698 meam
2905 4644 2970 4698 do
2993 4645 3156 4712 vobis,
3179 4662 3364 4717 pacem
3395 4661 3553 4702 meum
3574 4641 3742 4702 dimitto
3759 4651 3816 4688 vo-

2279 4733 2352 4786 bis
2375 4731 2556 4804 (Joan.
2589 4735 2724 4804 χεν).
2759 4735 2824 4790 1η
2848 4735 2943 4792 hoc
2963 4750 3267 4808 cognoscent
3290 4755 3466 4796 omnes
3491 4738 3695 4792 homines
3720 4739 3816 4800 quod

2278 4829 2374 4877 mei
2405 4827 2650 4894 discipuli
2671 4830 2812 4896 estis,
2847 4826 2892 4883 s'i
2926 4847 3011 4883 vos
3043 4832 3256 4884 invicem
3283 4832 3504 4904 diligitis
3531 4828 3697 4901 (Ibid.,
3719 4836 3818 4878 ιιιις.

2199 4924 2255 4986 1)
2281 4915 2430 4971 Dixit
2451 4919 2684 4989 amplius
2715 4920 2947 4976 Joannes
2975 4937 2987 4974 :
3020 4921 3119 4986 Qui
3151 4923 3260 4974 odit
3295 4923 3508 4991 fratrem
3533 4937 3685 4984 suum,
3707 4916 3747 4967 in
3769 4925 3802 4962 te

2271 5011 2434 5066 uebris
2459 5024 2553 5080 est,
2570 5023 2616 5068 et
2641 5015 2694 5068 in
2712 5015 2926 5068 tenebris
2947 5015 3192 5072 ambulat.
3224 5017 3332 5084 Qui
3355 5018 3463 5076 odit
3481 5019 3676 5088 fratrem
3691 5024 3821 5066 suum.

2270 5105 2527 5169 homicida
2551 5117 2643 5160 est.
2662 5107 2896 5161 Charitas
2925 5107 3066 5162 Deus
3087 5119 3198 5177 est;
3219 5109 3314 5180 qui
3335 5120 3507 5164 manet
3533 5110 3584 5162 in
3609 5103 3824 5160 charitute,

2270 5196 2414 5252 .Dcus
2438 5198 2493 5252 in
2520 5214 2579 5251 eo
2608 5210 2776 5254 manet
2809 5197 2861 5270 (Ι
2891 5197 3052 5254 Joan.
3085 5203 3191 5268 Ill).
3229 5200 3302 5254 Et
3330 5202 3422 5270 qui
3456 5199 3690 5255 inimicos
3707 5191 3826 5262 inbc-

2272 5306 2393 5342 mur
2439 5290 2682 5360 diligere,
2709 5303 2762 5346 et
2794 5293 2928 5347 bene
2975 5293 3054 5346 eis
3107 5293 3311 5358 facere,
3344 5309 3448 5362 qua
3490 5288 3828 5346 lrontelratrcs

2275 5380 2526 5435 odhnus?

2347 5471 2487 5527 XIV.
2529 5472 2687 5528 Omni
2720 5484 2962 5544 tempore
2988 5491 3157 5546 usque
3180 5476 3245 5530 ad
3277 5478 3495 5532 tertiam
3521 5477 3712 5546 tegant;
3737 5473 3832 5541 P0“

2275 5567 2487 5620 tertiam
2520 5569 2887 5638 unusquisque
2931 5569 3030 5622 sibi
3062 5584 3220 5637 opera
3254 5567 3502 5638 injuncta
3533 5567 3703 5622 faciat.

2350 5658 2464 5714 XV.
2507 5658 2930 5715 Nullust-occulte
2958 5659 3155 5731 aliquid
3187 5661 3442 5729 accipiat,
3470 5659 3723 5731 pracipue
3743 5650 3834 5722 epis

2275 5795 2649 5924 ingratiin‘ntur.
2705 5799 2903 5856 Praeter
2950 5815 3066 5856 eum
3111 5799 3230 5872 qui,
3289 5806 3403 5858 etc.
3437 5797 3650 5872 Comm,
3692 5792 3730 5860 ι.
3763 5803 3840 5866 αι.

2276 5886 2394 5924 nua.
2469 5895 2491 5922 ε
2540 5909 2552 5922 .

2276 5886 2394 5939 pug.
2429 5886 2491 5922 se
2509 5886 2552 5924 ι.

2162 5975 2307 6050 ὲ..
