4078 6440
601 357 742 417 1103
1207 393 1216 398 -
1634 357 1688 416 S.
1729 358 2030 420 CAESARI!
2070 357 2281 444 EPISC.
2323 359 2792 421 ARELATENSIS
3603 423 3609 426 .
3664 357 3766 430 1104

599 486 655 532 et
684 475 739 531 in
766 488 918 531 caena
944 473 1226 546 accipiant,
1255 482 1308 530 et
1338 474 1390 530 in
1410 472 1616 546 jejunio
1646 486 1844 533 ternas.
1881 477 1960 534 Ad
1987 479 2182 534 lectum
2213 483 2262 540 Α
2292 480 2468 535 securi
2493 494 2675 534 sumus
2702 479 2768 533 de
2797 485 2972 532 vestra
3001 473 3240 530 victoria.
3264 473 3360 533 Sed
3389 493 3505 549 rogo
3525 496 3628 547 vos,
3653 499 3775 544 vene.

599 581 754 624 suum
792 567 970 623 nullus
1000 577 1290 638 pra-sumat
1329 567 1528 625 habere
1557 568 1698 640 quod
1727 570 2078 626 manducetur
2106 582 2196 626 aut
2302 573 2496 628 rabiles
2538 573 2654 637 filii,
2685 581 2742 625 ut
2787 578 3045 640 quantum
3081 569 3204 622 estis
3252 571 3410 624 securi
3447 573 3507 628 de
3535 580 3774 646 praeteritis,

598 663 832 721 bibatur.
2302 675 2503 721 tantum
2532 665 2649 720 sitis
2679 664 2891 720 solliciti
2921 661 2988 717 de.
3021 661 3232 717 futuris.
3258 663 3433 718 Omnia
3458 667 3580 720 enim
3605 669 3776 723 crimina

673 761 863 818 XXIII.
906 761 1006 831 Qui
1039 779 1138 833 pro
1167 765 1341 836 aliqua
1373 765 1525 836 culpa
1555 765 2050 822 excommunicatus
2078 765 2198 821 fue-
2299 760 2383 817 veI
2414 770 2633 831 peccata
2660 760 2767 815 cito
2807 759 2873 812 ad
2907 772 3005 813 nos
3032 767 3381 824 revertuntur,
3407 759 3447 814 si
3485 775 3574 814 non
3597 764 3781 832 quotidie

596 858 691 924 rit,
718 857 770 912 in
807 872 911 912 una
947 859 1080 914 cella
1130 859 1457 924 recludatur,
1485 869 1689 915 etcum
1733 875 1838 914 uno
1877 857 2091 914 seniore
2123 855 2196 913 ibi
2300 851 2456 908 bonis
2487 851 2738 920 cperibus
2769 859 3163 922 expugnantur.
3197 851 3380 905 Audite
3429 853 3683 920 apostolum
3708 855 3780 910 Pe-

605 945 759 1019 bgat,
792 947 966 1004 donec
1002 949 1257 1019 jubealur
1285 951 1350 1006 ad
1383 953 1592 1007 veniam
1627 953 1830 1007 venire.
2301 954 2438 1000 trum
2463 944 2730 1000 dicentem
2766 961 2780 997 :
2814 943 2990 998 Sobrii
3017 951 3198 1008 estote,
3229 952 3276 997 et
3303 943 3508 1014 vigilate,
3530 945 3630 1014 quia
3651 947 3782 1000 adur-

673 1037 862 1094 XXIV.
907 1040 1094 1096 Pullos
1123 1049 1179 1096 et
1199 1057 1393 1098 carnes
1440 1057 1708 1114 nunquam
1756 1045 1872 1098 sani
1897 1042 2192 1113 accipiant;
2297 1039 2465 1093 sarius
2501 1047 2663 1091 vester
2704 1036 2962 1102 diabolus,
3007 1045 3250 1103 tanquam
3290 1037 3361 1088 leo
3402 1036 3611 1104 rugiens,
3643 1038 3785 1104 aliquid

605 1127 826 1186 infirmis
857 1133 1113 1202 quidquid
1145 1150 1366 1190 necesse
1402 1134 1560 1189 fuerit
1588 1135 1940 1189 ministretur.
2298 1131 2538 1186 devorare
2579 1145 2828 1199 quarens,
2858 1128 3037 1183 circuit
3073 1126 3124 1198 (1
3155 1125 3292 1181 Petr.
3319 1126 3393 1196 v).
3418 1129 3629 1193 Quandiu
3651 1129 3692 1184 in
3716 1132 3785 1186 hoc

675 1226 841 1281 XXV.
885 1229 1040 1282 (lmni
1073 1229 1294 1286 sabbato
1335 1239 1393 1284 et
1437 1231 1581 1284 omni
1625 1229 1912 1292 dominica,
1947 1228 2029 1283 vel
2075 1227 2192 1282 die.
2298 1239 2527 1294 corpore
2573 1223 2826 1288 vivimus,
2860 1222 2950 1276 die
2980 1232 3244 1290 noctuque
3268 1221 3471 1276 Christo
3511 1223 3709 1291 adiutore
3729 1224 3787 1279 re!

601 1317 698 1375 bus
745 1320 895 1375 festis
918 1320 1200 1376 duodecim
1250 1322 1483 1392 psalmi,
1538 1331 1647 1378 tres
1702 1323 2034 1392 antiphonae,
2086 1330 2195 1377 tres
2297 1317 2456 1383 duce,
2487 1325 2674 1371 contra
2720 1300 2992 1369 diabolum
3025 1328 3398 1382 repugnemus.
3427 1315 3548 1368 Sunt
3580 1315 3691 1367 enim
3721 1316 3787 1369 ali-

602 1412 889 1478 lectiones;
924 1429 1025 1468 una
1056 1416 1122 1470 de
1150 1414 1480 1484 Propltetiis,
1507 1415 1610 1471 alia
1633 1415 1700 1472 de
1724 1416 1982 1486 Apostolo
2009 1423 2064 1469 et
2090 1425 2196 1470 ter—
2295 1409 2409 1478 qui,
2431 1407 2572 1478 quod
2602 1407 2760 1477 pejus
2788 1414 2890 1471 est,
2918 1405 3247 1476 negligentes
3268 1413 3320 1459 et
3344 1403 3512 1473 tepidi,
3540 1404 3615 1472 qui
3640 1404 3691 1457 de
3709 1405 3788 1459 solo

603 1504 674 1559 lia
705 1504 773 1560 de
801 1506 1090 1576 Evangelio
1115 1506 1385 1564 dicantur.
2297 1499 2712 1555 Christianitatis
2739 1497 2998 1551 vocabulo
3043 1496 3364 1566 gloriantur,
3411 1504 3461 1550 et
3501 1504 3656 1565 putant
3686 1497 3784 1564 quod

670 1595 865 1652 xxv],
910 1597 1033 1652 Ηεεο
1093 1598 1217 1655 “cei
1268 1601 1442 1656 minus
1490 1601 1668 1657 idonei
1701 1601 1991 1657 bellatores
2045 1615 2193 1656 arma
2296 1591 2401 1648 illis
2444 1589 2674 1645 sufﬁciat
2725 1599 2932 1645 vestem
2985 1602 3241 1654 mutasse,
3274 1597 3328 1642 et
3373 1586 3617 1656 religionis
3643 1596 3786 1640 tantum

598 1685 751 1743 vobis
798 1687 1097 1757 spiritualia
1137 1699 1326 1745 contra
1358 1690 1552 1761 ignitas
1595 1691 1796 1747 diaboli
1827 1692 2192 1762 providemus.
2297 1684 2534 1739 habile
2584 1683 2917 1752 suscepisse;
2950 1682 3257 1737 ηεεοῖειιιθε
3288 1680 3414 1734 Πευά
3459 1681 3786 1749 Ρτορίιειῖευπηε

2296 1770 2429 1834 Fili,
2468 1773 2714 1828 accedens
2745 1773 2814 1825 ad
2843 1773 3137 1826 servitutem
3172 1771 3287 1837 Dei,
3328 1779 3405 1825 sta
3434 1772 3482 1822 in
3504 1770 3673 1844 justitia
3694 1780 3725 1821 et
3747 1769 3788 1820 ti-

670 1859 910 1917 Gaudete
953 1871 1009 1919 el.
1050 1864 1316 1921 exsultate
1348 1866 1400 1940 in
1435 1867 1678 1935 Domino,
1711 1870 2046 1927 venerabiles
2076 1871 2193 1938 ﬁlii,
2228 1873 2270 1933 [ι
2299 1881 2458 1931 more,
2485 1873 2533 1918 et
2561 1879 2800 1935 prwpara
2827 1865 3052 1917 animum
3081 1874 3222 1916 tuam
3249 1863 3316 1916 ad
3342 1862 3635 1916 tentationem
3655 1858 3785 1931 (Ecclt.

598 1958 654 2005 et
687 1951 888 2021 gratias
920 1954 994 2008 illi
1028 1954 1226 2026 iugiter
1257 1957 1450 2013 uberes
1477 1961 1643 2030 agite,
1685 1965 1776 2031 qui
1807 1977 1903 2018 vos
1948 1964 2018 2019 de
2047 1974 2195 2020 tene-
2294 1955 2390 2029 ιι);
2420 1972 2517 2012 nec
2541 1957 2862 2012 sententiam
2887 1957 3184 2011 Psalmistzn
3207 1955 3612 2010 considerantes:
3637 1951 3788 2017 Propter

601 2043 762 2098 brosa
805 2047 986 2100 saeculi
1031 2047 1190 2117 huius
1223 2059 1632 2110 conversatione
1659 2055 1725 2109 ad
1754 2067 1962 2126 portum
2001 2059 2196 2128 quietis

2175 2076 2196 2116 ε
2297 2050 2445 2104 t'erba
2485 2049 2738 2103 (abiaram
2763 2058 2990 2113 tuorum,
3013 2064 3104 2119 ego
3136 2047 3381 2102 custodiri
3402 2046 3498 2098 vias
3524 2040 3785 2110 durasiPul.

601 2143 654 2189 et
677 2135 950 2204 religionis
980 2141 1249 2198 attrahere
1279 2155 1331 2201 et
1363 2161 1656 2215 provocare
1687 2150 1936 2220 dignatus
1966 2163 2069 2208 est.
2094 2154 2196 2208 Co-

2178 2183 2196 2196 .
2300 2142 2437 2211 m).
2473 2141 2537 2196 Et
2585 2142 2712 2196 illud
2742 2141 2884 2211 quod
2915 2140 3210 2210 Apostolus
3239 2139 3368 2193 dixit
3398 2155 3411 2191 :
3444 2135 3536 2190 Per
3555 2135 3704 2188 multa:
3731 2132 3788 2184 tri-

599 2225 977 2297 gitatejugiter
1001 2236 1142 2288 unde
1164 2237 1379 2304 existis,
1403 2250 1452 2293 et
1482 2240 1570 2294 ubi
1595 2245 1878 2310 pervenire
1903 2248 2194 2303 meruistis.

2179 2287 2194 2303 ,
2301 2232 2588 2287 bulatioues
2616 2241 2815 2303 Oportet
2840 2249 2931 2286 nos
2955 2235 3158 2285 intrare
3181 2233 3236 2285 in
3256 2245 3458 2302 regnum
3483 2229 3679 2282 calorum
3696 2225 3788 2294 (Act.

599 2320 913 2392 Reliquistis
947 2327 1178 2385 fideliter
1209 2335 1392 2389 mundi
1428 2339 1696 2403 tenebras,
1730 2350 1786 2395 et
1836 2342 2009 2398 lucem
2041 2344 2196 2402 Chri-
2300 2327 2433 2398 X'Vl-
2465 2326 2654 2382 νθειθδ
2685 2329 2826 2384 enim
2874 2328 3164 2384 “cmmes
3201 2329 3484 2396 demne'e’
3510 2332 3556 2378 ’τί
3592 2323 3792 2388 ¹θ¹¹ε¹⁰³³⁵

598 2411 664 2466 δεῖ
713 2413 944 2473 feliciter
991 2420 1176 2478 videre
1219 2424 1918 2502 ρωρίειὶε,(;οηιεπηρςίειίε
1959 2437 2196 2494 libidini,
2301 2433 2599 2487 assumere,
2627 2419 2784 2475 unius
2837 2419 2981 2474 hora:
3027 2426 3313 2474 momento
3362 2429 3635 2487 possumus;
3669 2420 3794 2464 mores

602 2504 928 2578 incendium,
959 2520 1016 2566 et
1044 2514 1110 2568 ad
1153 2517 1414 2573 castitatis
1444 2521 1777 2592 refrigerium
1825 2528 2148 2597 pervenistis
2175 2547 2189 2596 ;

2183 2547 2189 2594 ί
2301 2525 2432 2566 vero
2459 2511 2630 2566 bonos
2653 2513 2853 2582 jugiter
2895 2513 3148 2578 retinere,
3193 2513 3281 2568 vel
3309 2523 3485 2567 contra
3523 2508 3627 2562 male
3649 2502 3793 2597 dulce!

603 2596 886 2680 respuistis
932 2601 1134 2671 gulam,
1184 2616 1238 2661 ei
1287 2608 1666 2666 absiinemiam
1711 2595 1981 2686 elegistis»;
2034 2595 2190 2687 rep“;
2302 2602 2601 2672 voluptates
2649 2603 2831 2659 smculi
2882 2603 3065 2674 hujus,
3111 2602 3355 2673 quandiu
3401 2600 3618 2663 vivimus,
3637 2595 3795 2649 Christo

599 2683 787 2766 diastis
813 2692 1089 2748 avaritiam
1119 2704 1279 2766 atque
1327 2699 1617 2768 luxuriam,
1645 2713 1698 2758 et
1741 2705 2061 2762 charitatem
2097 2711 2184 2764 vel

2295 2695 2565 2765 adjutore,
2600 2696 2848 2754 laborare
2877 2697 3158 2754 debemus.
3197 2697 3333 2765 Quia
3382 2710 3478 2750 non
3507 2693 3581 2762 qui
3623 2691 3794 2754 inaspe-

603 2777 1026 2838 misericordiam
1059 2789 1328 2844 tenuis-tis.
1361 2791 1427 2845 Et
1451 2797 1694 2862 quamvis
1723 2798 1880 2852 vobis
1922 2814 2092 2869 usque
2120 2800 2186 2857 ad
2295 2788 2385 2853 ιή»
2411 2787 2504 2841 sed
2557 2788 2648 2858 qui
2677 2791 3064 2857 Ρεηευεταυενίι
3113 2807 3282 2858 usque
3324 2787 3391 2842 σά
3415 2789 3569 2858 ﬁnem»
3592 2784 3656 2835 hic
3679 2779 3797 2834 “im

600 2869 802 2926 exitum
843 2874 965 2930 vita:
1011 2893 1118 2934 non
1157 2879 1330 2935 deerit
1359 2897 1556 2953 pugna,
1589 2895 1764 2942 tamen
1799 2888 1909 2944 Deo
1952 2891 2188 2948 donante
2297 2877 2388 2931 ενίε
2412 2877 2603 2948 (Mam
2640 2881 2782 2952 “Illo

600 2998 3792 3072 Ἠ

1803 3209 1945 3316 S.
2045 3215 2728 3330 CAESARI]

1472 3442 1997 3552 REGULA
2073 3448 2244 3556 AD
2321 3457 2456 3562 VI
2464 3458 2777 3566 RGIN
2785 3461 2985 3566 ES.

1241 3728 1330 3785 DE
1368 3728 1688 3789 CIESARIO
1729 3733 2033 3806 EJUSQUE
2071 3740 2349 3799 REGULA
2393 3745 2726 3806 VETERUM
2765 3750 3213 3810 TESTIMONIA.

666 3880 1102 3956 Martyrologium
1131 3885 1314 3960 Rom.,
1345 3889 1430 3947 die
1457 3891 1529 3950 25
1568 3895 1705 3968 Aug.
1742 3913 1757 3952 :
1787 3915 1807 3950 ‹
1843 3899 2058 3956 Arelate
2085 3900 2179 3957 de-
2207 3902 2256 3966 C
2288 3905 2582 3962 mulantum
2628 3923 2787 3965 manu
2817 3909 3045 3979 gestari,
3079 3909 3241 3979 quasi
3289 3905 3642 3964 consolaturus
3674 3891 3811 3950 anxias

598 3974 795 4043 positio
835 3977 1004 4032 sancti
1043 3978 1263 4036 Caesarii
1303 3983 1564 4055 episcopi,
1605 3988 1757 4045 mirae
1802 3992 2108 4047 sanctitatis
2135 4003 2190 4048 et
2292 3998 2485 4067 quibus
2513 4000 2744 4070 suspicio
2776 3974 3030 4057 transitus
3059 4002 3145 4057 sui
3176 4002 3481 4056 abstulerat
3513 4003 3740 4052 somnum,
3771 3989 3810 4037 et

597 4067 811 4138 pietatis
839 4068 959 4126 viri.
1001 4089 1020 4123 ι

2291 4089 2469 4144 cibum
2504 4067 2722 4148 oblivio.
2756 4092 3062 4162 Alloquitur
3089 4093 3278 4164 itaque
3305 4094 3527 4163 primam
3556 4084 3681 4157 quasi
3705 4087 3815 4133 more

663 4158 984 4231 Cyprianus,
1013 4161 1107 4218 lib.
1138 4179 1152 4218 t
1183 4165 1250 4222 de
1277 4166 1393 4224 Vita
1428 4169 1486 4226 S.
1529 4170 1751 4228 Ctesarii
1788 4191 1803 4228 :
1841 4193 1860 4227 ι
1903 4175 2044 4234 Inter
2073 4179 2189 4235 hmo
2291 4191 2344 4236 et
2374 4183 2660 4241 dulcedine
2682 4199 2781 4241 sua
2812 4158 3504 4257 ducentarum-puellarum
3529 4173 3813 4236 venerabilem

594 4259 770 4307 autem
798 4257 1124 4324 praecipuum
1150 4259 1276 4314 illud
1301 4265 1684 4320 monasterium
1714 4267 1853 4337 quod
1879 4272 2049 4326 sorori
2076 4286 2188 4326 sum
2291 4273 2576 4330 Caesarium
2611 4284 2836 4331 matrem
2870 4318 2886 4343 ,
2917 4288 2972 4333 et
3004 4278 3345 4339 consolatur,
3377 4289 3534 4347 atque
3561 4271 3616 4326 ad
3644 4266 3818 4338 Pium“

594 4343 827 4398 condere
855 4358 1112 4415 coeperat,
1158 4350 1326 4406 instar
1355 4353 1546 4423 prioris
1577 4357 1916 4425 instauravit;
1951 4370 2005 4416 et
2035 4361 2188 4431 quasi
2292 4368 2516 4424 tendere
2542 4383 2794 4438 superna:
2824 4370 3123 4424 vocationis
3155 4369 3409 4424 hortatur
3431 4411 3446 4433 ,
3491 4375 3537 4420 et
3577 4373 3628 4418 ut
3659 4355 3819 4412 teneant

594 4441 731 4496 alter
753 4444 964 4512 quidem
998 4449 1169 4502 nostri
1203 4453 1454 4518 temporis
1485 4452 1617 4516 Noe.
1654 4467 1868 4526 propter
1899 4467 2189 4527 tempesta-
2291 4459 2549 4530 Regulam
2597 4475 2757 4530 quam
2810 4459 2924 4531 ipse
2970 4470 3096 4518 ante
3125 4461 3335 4532 aliquot
3367 4474 3534 4516 annos
3561 4451 3820 4510 institucnl.

596 4541 674 4589 tes
698 4539 1024 4607 etprocellas
1048 4541 1099 4596 in
1123 4541 1288 4599 latere
1309 4544 1559 4602 Ecclesia:
1587 4547 1898 4604 feminarum
1923 4551 2188 4607 exstruxit
2291 4562 2492 4607 monet.
2532 4571 2552 4604 ι

596 4630 936 4699 coenobium,
991 4642 1241 4703 tanquam
1292 4652 1501 4703 arcam;
1556 4651 1884 4712 evocataque
1934 4662 1964 4698 e
1993 4645 2185 4700 Massi-
2363 4644 2651 4715 Gregorius
2691 4644 2841 4711 Tur.,
2874 4645 3006 4700 Ilist.
3060 4644 3257 4702 Franc.
3313 4645 3410 4701 lib.
3455 4659 3528 4708 tr,
3557 4654 3663 4709 cap.
3687 4627 3823 4694 39'.in

596 4720 752 4775 Ιίυηεὶ
782 4723 1029 4778 emnobio
1073 4729 1366 4801 venerabili
1409 4746 1597 4786 sorore
1627 4748 1721 4788 sua
1743 4734 1996 4802 Caesaria,
2024 4753 2183 4806 quam
2288 4737 2512 4806 epistula
2549 4737 2867 4806 Eupltronii,
2897 4737 3209 4792 Praetextati
3275 4747 3331 4790 et
3362 4736 3583 4789 aliorum
3607 4736 3825 4799 episcopo-

591 4813 792 4870 idcirco
815 4817 1120 4874 eomiserat
1152 4830 1208 4874 ut
1246 4823 1477 4878 disceret
1517 4825 1659 4896 quod
1687 4825 1924 4895 doceret,
1957 4838 2011 4883 et
2039 4831 2183 4897 prius
2288 4843 2403 4882 rum
2445 4827 2510 4880 ad
2554 4827 2919 4897 Radegundim
2967 4827 3248 4898 reginam:
3291 4847 3310 4880 ι
3351 4825 3657 4896 Ξρθεὶαιὶιετ
3682 4818 3823 4873 deliu-

594 4917 734 4962 t~sset
764 4909 1023 4977 discipula
1051 4927 1210 4980 quam
1242 4917 1527 4984 magistra,
1556 4918 1608 4972 in
1635 4931 1931 4990 praeparata
1958 4924 2180 4979 domiei-
2287 4935 2426 4985 mus,
2461 4923 2504 4975 si
2535 4936 2635 4990 qua
2686 4921 2753 4977 de
2793 4921 2920 4976 locis
2953 4921 3367 4976 sacerdotaliter
3399 4929 3592 4974 nostra:
3618 4914 3828 4983 gulicnia-

594 4998 659 5049 lia
695 5013 814 5053 cum
845 4999 1052 5058 duabus
1080 5013 1172 5058 aut
1200 5005 1368 5060 tribus
1389 5009 1662 5066 sodalibus
1695 5013 2006 5069 introduxit.
2036 5015 2180 5072 Cun-
2287 5015 2414 5067 tioni
2441 5013 2666 5066 Domino
2691 5014 3003 5082 providente
3028 5014 3339 5069 commissis
3362 5013 3416 5068 in
3439 5012 3643 5068 Pictava
3664 5003 3832 5060 civitate

591 5088 862 5146 ﬂuxerunt
892 5103 1068 5150 autem
1113 5096 1177 5150 ad
1223 5097 1368 5152 illam
1414 5101 1596 5156 multa:
1628 5104 1888 5174 virginum
1926 5119 2176 5165 catervae.
2287 5115 2468 5162 vestro
2492 5105 2820 5161 monasterio
2852 5107 3106 5160 meruerit
3133 5105 3356 5170 sociari,
3382 5103 3668 5161 secundum
3703 5098 3833 5149 beata:

593 5182 753 5238 rebus
777 5185 885 5240 suis
911 5197 967 5241 et
997 5187 1359 5259 facultatibus,
1390 5203 1555 5264 atque
1583 5197 1712 5264 ipsis
1741 5200 1902 5254 etiam
1933 5202 2180 5258 dulcissi-
2285 5198 2560 5252 memoriae
2591 5196 2790 5253 domini
2816 5195 3034 5251 Cmsarii
3057 5196 3399 5252 Arelatensis
3427 5192 3651 5266 episcopi
3673 5193 3834 5245 conslt-

593 5275 694 5327 tuis
725 5280 1035 5344 parentibus
1073 5287 1467 5342 renuntiantes.
1509 5289 1674 5343 Erant
1714 5303 1889 5346 autem
1931 5293 2018 5348 illo
2062 5297 2179 5350 Ιοιο
2212 5304 2261 5362 ι)
2289 5299 2416 5356 tuta,
2437 5290 3264 5365 nullisitalterius[F.ulterius]
3286 5287 3602 5345 discedendi
3633 5285 3835 5338 licentia;

592 5362 725 5417 adeo
753 5367 992 5436 inclusae,
1017 5380 1072 5425 ut
1092 5390 1261 5444 usque
1289 5378 1352 5431 ad
1378 5393 1690 5447 supremum
1731 5383 1851 5438 vita:
1878 5385 2020 5440 diem
2045 5387 2175 5442 nulli
2286 5403 2426 5456 quat,
2456 5385 2848 5441 sicutcontiuet
2875 5387 3097 5457 Regula,
3122 5387 3405 5442 voluntate
3439 5385 3639 5456 prodita
3669 5377 3840 5433 videlut
3929 5397 3932 5404 -

594 5469 774 5511 earum
804 5461 879 5513 fas
910 5474 1052 5518 esset
1081 5477 1229 5522 extra
1261 5473 1570 5525 monaSIerii
1605 5475 1800 5528 ostium
1845 5480 2111 5548 progredi.
2152 5499 2170 5533 ι
2288 5478 2546 5551 ingressa,
2569 5497 2637 5536 ne
2667 5479 2824 5536 unius
2849 5481 2985 5550 turpi
3013 5482 3285 5536 dedecOre
3317 5482 3552 5536 ducatur
3579 5479 3629 5532 in
3649 5474 3837 5531 crimen,

663 5546 767 5613 Id.,
795 5549 882 5604 lib.
899 5568 956 5617 ιι,
983 5556 1082 5610 sub
1103 5558 1281 5614 finem:
1315 5581 1332 5613 σ
1357 5561 1563 5618 Interea
1583 5568 1778 5621 crescit
1808 5583 1974 5637 usque.
2003 5575 2176 5627 exitus
2286 5576 2427 5645 quod
2451 5575 2587 5642 apud
2620 5590 2802 5629 omne:
2830 5574 3025 5628 emicat
3052 5573 3104 5628 in
3137 5573 3371 5629 honore.
3414 5593 3432 5627 ι

590 5639 750 5696 Israel
783 5643 848 5696 de
879 5651 1017 5698 terra
1050 5647 1288 5720 Egypti,
1330 5652 1380 5706 id
1412 5665 1494 5708 est
1524 5658 1718 5712 animm
1747 5671 1945 5715 sanctae
1974 5663 2044 5718 de
2073 5664 2174 5720 hoc
2305 5639 2312 5645 I
2357 5639 2575 5734 Ibidem,
2596 5686 2710 5739 cap.
2731 5672 2800 5724 40
2828 5687 2840 5725 :
2873 5688 2890 5721 ι
2924 5667 3049 5724 Post.
3081 5671 3195 5724 haec
3222 5683 3352 5722 cum
3390 5667 3652 5737 pontificis
3675 5661 3748 5720 sui
3768 5670 3846 5711 Sie-

587 5733 788 5791 ¹¹¹¹¹ηίῙ⁰
827 5740 1122 5808 θοτνοτθίίδ
1168 5745 1288 5798 Vim
1327 5747 1608 5816 ηιὶεττιιίο;
1648 5753 1803 5820 jubet
1845 5772 1973 5828 ergo
2022 5773 2082 5813 se
2120 5758 2171 5813 in
2284 5766 2402 5832 pius
2428 5762 2649 5833 gratiam
2677 5773 2941 5834 quaereret
2970 5763 3400 5834 (Radegundis),
3454 5779 3554 5820 nec
3575 5769 3738 5833 posset
3758 5749 3848 5808 adi-

588 5833 917 5892 monasterio
957 5837 1225 5908 virginum
1254 5841 1397 5909 quod
1426 5843 1540 5911 ipse
1579 5846 1892 5908 fundaverat
1922 5853 2054 5908 sella
2093 5854 2172 5909 fa-
2280 5858 2434 5927 pisci,
2469 5833 2792 5914 necessitate
2821 5868 3096 5914 commota
3119 5871 3246 5913 cum
3277 5857 3552 5915 abbatissa
3584 5856 3844 5921 suasqﬂam
