4078 6440
373 230 511 288 1105

1609 221 1890 282 REGULA
1934 220 2026 278 AD
2064 217 2412 277 VIRGINES.

3516 204 3659 268 “06

372 348 696 417 instituerat,
714 349 1085 407 Arelatensem
1107 346 1294 404 urbem
1324 353 1579 417 expetunt
1597 360 1613 400 :
1630 343 1701 400 de
1726 356 1828 413 qua
1854 339 1964 394 Re-
1991 341 2043 401 Α
2146 337 2456 404 Venanttus,
2489 332 2581 390 lib.
2610 347 2705 415 vm
2722 373 2736 398 ,
2762 344 2928 387 carm.
2961 329 2981 383 l
3014 329 3083 387 de
3109 328 3169 388 S.
3194 304 3504 403 Radegundi
3533 347 3550 387 :

372 443 494 516 gula
541 444 710 499 sancti
747 442 963 499 Cmsarii
1004 451 1163 514 atque
1199 440 1447 498 Caesaries
1496 439 1665 495 beata:
1692 441 1962 504 suscepta.

375 539 518 610 regis
546 554 606 595 se
632 538 860 595 tuitione
890 540 1216 593 munierunt.
1250 554 1269 587 ι

447 632 673 698 Ibidem,
704 646 822 701 cap.
852 632 943 695 42,
974 630 1026 686 in
1057 632 1215 699 epist.
1263 628 1323 682 R.
1369 622 1711 693 Radeguntlis
1735 621 1799 675 ad
1842 619 1960 688 epi-

376 738 610 793 scapos:
667 741 688 775 t
728 723 953 792 Insuper
1001 716 1400 789 congregationi
1459 731 1555 786 per
1614 728 1699 768 me
1744 709 1959 768 Christo

373 823 661 886 praestinte
689 816 934 870 collectae
962 812 1215 885 Regulam
1248 811 1348 866 sub
1377 824 1478 877 qua
1525 816 1706 863 sancta
1727 800 1959 859 Cmsaria

374 909 536 981 degit,
572 923 731 981 quam
776 907 1079 963 sollicitudo
1128 906 1188 960 Β.
1222 902 1436 960 Caesarii
1485 899 1741 956 antistitis
1782 894 1965 950 Arela-

373 1004 538 1060 tensis
565 1019 633 1058 ex
662 1002 993 1058 institutione
1018 1009 1329 1055 sanctorum
1380 996 1598 1051 Patrum
1639 987 1966 1046 convenien-

375 1105 455 1152 ter
488 1096 720 1167 collegit,
753 1093 939 1149 ascivi.
980 1111 1000 1146 ι

379 1191 3631 1236 _______________________________________—

2287 428 2489 499 Regula
2522 426 2730 481 (Σίνδοι-ἱὶ
2759 424 2896 478 linea
2928 431 3046 478 nota
3077 423 3166 477 tibi
3195 432 3290 478 est.

2140 522 2309 589 Idem,
2337 536 2506 576 carm.
2536 521 2570 576 4
2597 536 2616 578 :

2209 612 2538 681 Concipiente
2570 611 2725 680 ﬁdem
2750 608 2946 665 Christi
2978 607 3311 679 Radegrmdis
3342 624 3537 674 aucore,

2285 707 2497 762 Cwsnrii
2529 706 2701 759 (ambit
2735 704 2937 776 Regula
2967 704 3217 774 quidquid
3256 704 3424 759 liabet.

2144 800 2383 856 Meminit
2414 813 2628 868 quoque
2659 798 2817 866 hujus
2848 797 3065 865 Regula:
3098 798 3155 851 S.
3187 796 3423 852 Donatus
3449 796 3580 852 Afer
3614 796 3668 852 in

2068 893 2383 965 praefatione
2410 907 2524 948 sua:
2545 890 2909 957 Collectionis,
2927 900 2981 945 et
3009 890 3067 946 S.
3103 890 3422 948 Benedictus
3446 890 3669 946 Arrianae

2071 990 2238 1047 abbas
2268 989 2321 1045 iu
2348 985 2645 1045 Concordia
2677 985 3022 1057 Regularum,

1168 1297 1605 1360 OBSERVATIO
1642 1292 1912 1352 CRITICA
1957 1287 2023 1345 IN
2062 1282 2399 1343 REGULAM
2439 1278 2884 1349 SEQUENTEM.

445 1445 520 1501 De
551 1446 611 1501 S.
632 1445 870 1502 Casario
894 1441 1180 1497 Arelatensi
1206 1440 1464 1512 episcopo,
1492 1435 1717 1507 ejusque
1745 1432 1812 1487 ad
1844 1443 1963 1485 mo-

374 1540 574 1596 nachos
607 1537 963 1610 Regula,jam
1009 1537 1063 1591 in
1104 1544 1439 1590 antecessum
1470 1530 1650 1586 debito
1693 1528 1811 1582 loco
1853 1524 1969 1595 egi.

375 1650 515 1691 mus.
566 1634 717 1689 Nunc
763 1633 832 1688 de
875 1630 976 1685 alia
1028 1630 1196 1685 sacris
1225 1625 1518 1694 virginibus
1547 1624 1670 1678 data
1702 1618 1967 1690 agendum

2075 1422 2241 1495 pitum
2288 1418 2591 1477 distributio
2639 1418 2944 1474 nullatenus
2992 1415 3255 1487 impedire
3293 1416 3456 1473 debet
3499 1430 3677 1476 sacra.

2076 1515 2234 1585 hujus
2287 1513 2503 1584 Regulae
2546 1512 3031 1575 authenticitatem,
3081 1510 3292 1564 etiamsi
3339 1511 3445 1565 duo
3487 1512 3674 1567 ultima

2077 1607 2253 1677 capita
2305 1606 2779 1673 Recapitulationis
2818 1604 2959 1671 apud
3002 1601 3318 1656 Bullandum
3369 1616 3474 1656 non
3529 1603 3676 1660 inve-

375 1736 498 1790 est,
545 1740 663 1793 qua:
692 1724 907 1795 quidem
953 1721 1125 1791 prima
1173 1718 1432 1789 prolixior
1458 1715 1696 1772 continet
1724 1711 1795 1768 45
1821 1710 1969 1779 capi-
2005 1736 2047 1798 Β
2078 1700 2330 1766 niantur;
2384 1713 2508 1753 cum
2554 1708 2607 1751 et
2658 1697 2771 1752 hmc
2825 1711 2893 1752 ex
2945 1695 3003 1750 S.
3055 1693 3347 1750 Benedicto
3396 1695 3676 1766 desumpta

374 1818 517 1885 tula,
561 1827 755 1887 praeter
804 1812 1321 1884 Recapitulationem
1351 1810 1414 1864 21
1460 1805 1698 1863 articulis
1725 1818 1971 1873 compre-

375 1909 622 1965 hensam.
668 1908 816 1963 Hanc
863 1921 994 1962 vero
1046 1904 1305 1975 Regulam
1358 1900 1639 1971 scripsisse
1671 1898 1882 1953 videtur
1910 1895 1969 1950 S.

376 2002 646 2059 Caesarius
677 2013 795 2072 post
825 2001 1080 2068 adeptum
1108 1998 1511 2068 episcopatum;
1542 1995 1632 2049 illa
1669 1995 1811 2048 enim
1844 2006 1974 2045 con-

378 2096 510 2150 tinet
553 2095 814 2163 integram
860 2093 1196 2163 disciplinam
1248 2088 1523 2144 monachis
1575 2086 1844 2149 traditam,
1878 2081 1972 2137 setl

375 2188 545 2243 sacris
574 2185 865 2257 virginibus
888 2185 1218 2253 adaptatam.
1256 2183 1322 2236 Et
1352 2180 1477 2251 quia
1505 2180 1571 2234 al;
1600 2177 1822 2241 exordio
1846 2189 1976 2230 con-

375 2279 473 2335 diti
508 2278 630 2334 novi
665 2275 976 2332 monasterii
1007 2290 1112 2330 non
1142 2272 1325 2329 omnia
1374 2269 1678 2327 necessaria
1712 2274 1973 2338 prmcepta

374 2372 631 2427 exhibere
664 2371 913 2436 valuerit,
964 2370 1044 2424 sic
1086 2376 1138 2423 et
1189 2365 1691 2434 Recapitulationent
1737 2358 1972 2430 scripsit,

374 2463 625 2518 salutaria
661 2464 858 2518 monita
885 2472 940 2518 et
966 2456 1463 2516 sanctimonialibus
1494 2455 1711 2512 feminis
1737 2450 1971 2521 propria,

375 2556 675 2625 prmsertim
704 2554 845 2609 circa
877 2551 1071 2607 victum
1100 2561 1154 2606 et
1176 2549 1426 2605 vestitum
1446 2588 1461 2613 ,
1486 2547 1932 2617 complectentem
1958 2584 1975 2610 ,

376 2647 463 2703 eui
492 2646 710 2716 quidem
758 2645 1209 2713 Recapitulationi
1257 2640 1605 2714 superaddita
1654 2647 1776 2694 sunt
1821 2636 1979 2706 longe

377 2752 499 2814 post
529 2750 756 2796 mortem
790 2741 850 2797 S.
878 2739 1097 2795 Ctesarii
1117 2738 1226 2793 duo
1255 2736 1441 2793 ultima
1471 2733 1724 2804 capitula,
1758 2744 1817 2788 ut
1857 2739 1979 2801 pote

378 2851 444 2890 ex
575 2830 847 2887 Benedicti
897 2830 1096 2899 Regula
1118 2830 1423 2898 desumpta,
1459 2835 1614 2896 prout
1643 2821 1841 2879 ibidem
1879 2835 1978 2875 no-

378 2937 542 2981 tatur.
577 2924 793 2979 lnteritn
826 2925 942 2977 hmo
970 2922 1037 2977 de
1069 2920 1319 2991 prmsenti
1351 2918 1549 2988 Regula
1602 2916 1670 2970 ab
1705 2910 1981 2970 Holstenio

378 3016 527 3071 edita
551 3014 749 3069 debent
778 3011 1038 3082 intelligi;
1079 3026 1202 3065 nam
1234 3008 1529 3063 Bollandus
1556 3007 1608 3061 in
1632 3005 1743 3060 suis
1768 3013 1980 3059 sancto-

378 3124 501 3163 rum
536 3107 702 3169 ACtis,
732 3106 797 3160 ad
821 3106 961 3160 diem
990 3103 1054 3157 '12
1077 3102 1338 3169 Januarii,
1363 3103 1519 3169 longe
1545 3099 1810 3155 diversam
1836 3096 1977 3165 ejus-
2001 3135 2049 3199 C

378 3196 501 3252 dem
556 3196 774 3265 Regulae
822 3193 1252 3249 distributionem
1305 3190 1537 3261 profert,
1586 3190 1640 3246 in
1688 3186 1970 3244 duodecim

378 3286 586 3357 prolixa
617 3287 790 3355 capita
822 3301 941 3340 eam
972 3284 1238 3350 dividens,
1268 3284 1580 3353 addensque
1619 3281 1837 3352 insuper
1862 3280 1970 3335 duo

378 3378 587 3449 prolixa
635 3377 764 3433 satis
810 3378 1005 3448 capita,
1060 3393 1176 3448 quae
1208 3375 1292 3431 hic
1330 3375 1749 3431 desiderantur:
1782 3389 1966 3440 unum,

378 3471 663 3526 continens
690 3469 853 3525 officii
879 3467 1045 3524 diiini
1069 3468 1499 3524 distributionem
1524 3507 1539 3533 ,
1584 3468 1810 3522 alterum
1842 3480 1970 3520 vero

377 3558 446 3616 tle
470 3559 688 3632 jrjuuiis
716 3559 1051 3633 regularibus
1079 3574 1261 3633 agens.
1285 3542 1414 3627 Qua:
1439 3567 1615 3615 tamen
1639 3558 1856 3615 dchrsa
1878 3572 1968 3614 ca-

2076 1803 2329 1865 agnoscat
2369 1792 2705 1855 llolsmnius,
2741 1800 2793 1845 et
2824 1791 2874 1844 in
2907 1798 3131 1859 utraque
3165 1788 3401 1844 editione
3429 1805 3678 1865 compre-

2080 1888 2385 1944 hendantur
2413 1886 2603 1941 eadem
2634 1893 2897 1954 praecepta
2931 1884 3153 1939 moralia
3176 1899 3238 1938 ac
3262 1884 3460 1938 monita
3492 1900 3680 1939 munau

2075 1981 2207 2037 stica
2235 2023 2251 2049 ,
2303 1979 2494 2035 iisdem
2546 1978 2726 2033 verbis
2772 1988 2827 2032 et
2866 1975 3145 2032 sententiis
3195 1991 3485 2045 expressa;
3521 1975 3591 2030 ita
3625 1986 3679 2031 ut

2077 2075 2189 2130 sola
2236 2073 2519 2129 diversitas
2566 2079 2815 2126 versetur
2859 2070 3156 2125 secundum
3200 2070 3401 2123 variam
3440 2070 3675 2139 capitum

2078 2177 2131 2221 et
2157 2165 2503 2221 articulorum
2535 2162 2992 2218 distributionem.
3037 2161 3419 2217 Pulcherrima!
3450 2171 3576 2217 sunt
3607 2163 3682 2220 le-

2077 2274 2171 2328 ges
2200 2257 2253 2312 in
2285 2258 2383 2312 hac
2415 2256 2613 2326 Regula
2648 2258 2999 2326 praescriptas,
3031 2253 3280 2308 onmihus
3312 2253 3479 2308 sacris
3509 2254 3676 2323 virgi-

2080 2350 2237 2405 nibus
2278 2350 2646 2419 cujuscunque
2692 2346 2897 2401 ordinis
2940 2346 3136 2413 saepius
3170 2345 3531 2414 proponenda:
3557 2386 3572 2412 ,
3622 2354 3683 2401 et

2080 2457 2214 2511 quas
2244 2456 2348 2496 non
2378 2441 2551 2494 solum
2579 2441 2637 2495 S.
2663 2438 2883 2493 Caisarii
2914 2435 3232 2507 legislatoris
3260 2452 3415 2492 soror
3440 2454 3560 2493 cum
3585 2441 3681 2493 du-

2081 2532 2256 2587 centis
2285 2529 2578 2602 virginibus
2621 2529 2862 2599 amplexa
2895 2536 3006 2595 est,
3038 2529 3131 2583 sed
3163 2530 3321 2583 etiam
3355 2530 3474 2584 aliae
3504 2529 3684 2601 magni

2084 2622 2319 2678 nominis
2363 2619 2803 2678 sanctimoniales
2831 2619 3046 2675 femina;
3069 2617 3121 2673 in
3147 2619 3374 2674 diversis
3419 2619 3548 2674 locis
3591 2636 3684 2675 ex-

2083 2717 2404 2784 coluerunt;
2436 2714 2737 2787 praesertim
2766 2714 2822 2771 S.
2856 2713 3201 2785 Radegundis
3228 2730 3293 2770 ex
3329 2714 3509 2785 regina
3544 2714 3685 2773 facta

2084 2808 2369 2875 munacha,
2396 2822 2516 2879 qua:
2542 2809 2676 2861 hanc
2699 2805 2759 2862 S.
2782 2804 3003 2861 Caesarii
3029 2806 3282 2876 Regulam
3304 2805 3357 2860 in
3384 2806 3686 2875 parthenon

2084 2916 2238 2956 suum
2286 2899 2626 2956 Pictaviense
2676 2898 2994 2953 introduxit.
3041 2897 3176 2953 Huic
3204 2913 3418 2968 quoque
3463 2898 3685 2968 Regulae

2086 2993 2366 3064 subjunxit
2413 2992 2725 3047 Holstenius
2770 3004 3079 3047 sermonem
3124 2990 3394 3045 eruditum
3445 2992 3603 3047 sicuti
3631 3000 3683 3048 et

2086 3083 2350 3155 Epistolas
2404 3084 2462 3140 S.
2495 3082 2714 3138 Cmsarii
2792 3082 2859 3136 ad
2927 3096 3109 3136 sacras
3161 3082 3393 3152 virgines
3450 3085 3682 3154 missas,

2078 3175 2531 3249 quemadmodum
2561 3185 2615 3230 et
2638 3174 3015 3230 Testamentum
3040 3174 3207 3244 ipsius
3227 3176 3547 3228 sanctissimi
3570 3177 3687 3245 epi-

2077 3271 2248 3340 sc0pi.
2279 3270 2411 3339 Quae
2448 3284 2578 3325 sane
2608 3269 2930 3324 venerandae
2969 3266 3304 3336 antiquitatis
3334 3279 3684 3324 monumenta

2078 3364 2146 3420 ab
2194 3366 2444 3419 omnibus
2490 3360 2875 3419 ecclesiastica:
2924 3371 2979 3416 et
3021 3362 3335 3418 monasticae
3383 3362 3685 3433 disciplina:

2077 3460 2372 3517 cultoribus
2416 3475 2629 3521 summo
2660 3460 2714 3515 in
2746 3459 2921 3529 pretio
2962 3472 3082 3515 esse
3133 3458 3365 3524 debent,
3414 3458 3685 3514 mentibus

2079 3557 2358 3629 utriusque
2388 3570 2555 3612 sexus
2604 3556 2978 3628 religiosorum
3021 3553 3309 3622 diligenter
3342 3553 3683 3608 inculcanda.

1314 3798 1705 3855 PROLOGUS
1751 3798 1811 3855 S.
1857 3796 2185 3854 C/ESARII
2227 3796 2324 3850 AD
2370 3793 2763 3850 VIRGINES.

453 3915 669 3971 Sanctis
696 3924 749 3971 et
778 3915 1064 3986 plurimum
1097 3917 1150 3972 in
1174 3915 1388 3971 Christo
1419 3914 1742 3970 venerandis
1768 3913 1973 3968 sorori-

379 4007 485 4065 bus
515 4011 567 4065 in
594 4011 921 4065 monasterio
970 4010 1110 4079 quod
1162 4010 1271 4065 Deo
1318 4008 1611 4078 inspirante
1656 4016 1711 4063 et
1759 4008 1977 4077 juvante

378 4105 749 4169 condidimus,
781 4102 1086 4158 constitutis
1112 4102 1377 4157 Caesarius
1406 4100 1710 4169 episcopus.

456 4195 593 4261 Quia
629 4194 781 4248 nobis
814 4193 1068 4247 Dominus
1112 4209 1208 4262 pro
1260 4206 1354 4246 sita
1398 4189 1765 4245 misericordia
1814 4187 1979 4257 inspi-

378 4296 540 4342 rente
563 4328 577 4351 ,
625 4296 679 4342 et
726 4286 980 4356 adjuvare
1027 4284 1276 4357 dignatus
1307 4293 1410 4350 est,
1445 4294 1499 4336 ut
1532 4283 1682 4337 vobis
1714 4289 1980 4334 monaste-

381 4380 529 4434 rium
558 4379 944 4443 conderemns,
977 4377 1249 4448 quomodo
1295 4378 1347 4431 in
1397 4376 1512 4442 ipso
1545 4370 1870 4429 monasterio
1901 4368 1983 4425 vi-

378 4485 516 4529 vere
544 4474 784 4529 debeatis
815 4471 1113 4527 secundum
1142 4480 1339 4526 statuta
1372 4467 1714 4539 antiquorum
1747 4465 1985 4527 Patrum,

378 4568 588 4622 monita
619 4568 770 4622 vobis
803 4567 1098 4636 spiritualia
1143 4579 1206 4618 ac
1251 4573 1439 4619 saneta
1470 4559 1833 4621 condidimus,
1868 4573 1988 4627 qute

382 4659 499 4713 Deo
526 4662 813 4730 :tdjthante
844 4660 1119 4714 custodire
1159 4659 1397 4727 possitis.
1447 4655 1655 4723 .Iugiter
1703 4654 1756 4707 in
1797 4667 1984 4707 mona-

381 4754 541 4806 sterii
572 4752 759 4806 cellula
807 4752 1107 4805 residentes
1152 4747 1511 4804 visitationem
1556 4745 1678 4801 Filii
1723 4745 1813 4801 Dei
1861 4746 1995 4800 assi-

384 4842 509 4897 uuis
535 4843 865 4900 orationibus
892 4844 1194 4914 implorate,
1220 4853 1275 4895 ut
1300 4851 1481 4911 postea
1508 4854 1627 4894 cum
1655 4838 1846 4892 fiducia
1872 4854 2009 4905 pos-,

382 4937 508 4992 sitis
554 4938 769 4994 dicere:
822 4934 1114 4995 Invenimus
1161 4952 1308 5005 quem
1356 4934 1587 5006 quwsirit
1619 4934 1791 4987 anima
1818 4941 1991 4985 nostra

412 5064 2033 5089 ’Μ’-...⁸-

2087 3911 2263 3980 (Cant.
2297 3914 2399 3984 nt).
2428 3913 2494 3967 Et
2520 3913 2639 3967 ideo
2671 3926 2765 3966 vos
2792 3924 2975 3966 sacras
3006 3910 3238 3980 virgines
3260 3920 3315 3968 et
3342 3913 3453 3971 Deo
3480 3914 3690 3974 deditas

2088 4008 2292 4063 animas
2322 4021 2486 4076 rogo,
2539 4022 2658 4076 qua:
2691 4003 2925 4061 incensis
2972 4004 3309 4075 lampadibus
3345 4024 3465 4063 cum
3499 4026 3690 4067 secura

2088 4097 2413 4155 conscientia
2440 4097 2649 4153 Domini
2677 4096 2998 4167 praestolatis
3026 4098 3338 4166 adventum,
3372 4110 3427 4155 ut
3452 4102 3578 4172 quia
3601 4118 3688 4159 me

2092 4205 2190 4259 pro
2223 4190 2604 4246 constituendo
2634 4189 2789 4245 vobis
2820 4190 3149 4247 monasterio
3178 4192 3456 4251 laborasse
3494 4211 3692 4266 cogno-

2094 4284 2271 4351 scitis,
2303 4284 2467 4339 vestri
2500 4300 2585 4339 me
2620 4285 2829 4339 itineris
2866 4286 3070 4340 socium
3105 4286 3218 4343 fieri
3248 4290 3453 4345 sanctis
3493 4292 3693 4347 oratio-

2098 4377 2252 4430 nibus
2276 4375 2554 4444 postuletis
2580 4417 2595 4440 ,
2627 4384 2683 4430 ut
2711 4391 2836 4431 cum
2867 4375 2919 4430 in
2947 4392 3114 4448 regno
3141 4392 3263 4432 eum
3290 4382 3492 4437 sanctis
3521 4398 3582 4437 ac
3604 4398 3694 4437 sa-

2100 4467 2368 4537 pientibus
2414 4466 2711 4537 virginibus
2772 4467 3001 4523 feliciter
3050 4469 3379 4538 introibitis,
3442 4489 3529 4530 me
3570 4488 3693 4529 cum

2094 4558 2269 4614 stultis
2298 4574 2402 4613 non
2431 4573 2713 4614 remanere
2744 4557 2871 4613 foris
2900 4546 3079 4616 vestro
3100 4560 3352 4633 suffragio
3381 4562 3694 4623 obtineatis:

2095 4663 2285 4709 orante
2314 4666 2409 4720 pro
2441 4665 2527 4706 me
2558 4650 2911 4707 sanctimonia
2942 4662 3142 4719 vestra,
3170 4664 3226 4709 ut
3257 4652 3398 4710 inter
3420 4657 3696 4723 pretiosis.
3726 4650 3735 4657 ‘

2098 4748 2262 4804 simas
2295 4744 2548 4800 Ecclesiae
2580 4760 2817 4814 gemmas
2864 4746 3152 4800 micantem
3201 4746 3349 4800 favor
3393 4746 3609 4801 divinus
3645 4756 3697 4805 et

2099 4840 2452 4911 praesentibus
2479 4838 2684 4908 repleat
2716 4838 2962 4909 bonis,ct
2986 4838 3205 4909 dignum
3238 4838 3429 4894 reddat
3458 4838 3691 4897 aeternis.

1836 5142 2208 5203 CAPITULA.

465 5278 519 5334 Ι.
562 5276 829 5348 Imprimis
877 5274 1270 5333 observandum
1315 5281 1397 5330 est
1440 5279 1499 5327 ut
1545 5271 1612 5326 de
1659 5264 1992 5323 monasterio

467 5366 571 5395 mm
598 5351 663 5395 ad
697 5359 921 5395 mnrtom
952 5364 1102 5395 sitam
1135 5350 1277 5395 nulla
1306 5344 1638 5395 errredialtlr.

391 5358 571 5417 usque
598 5351 663 5404 ad
696 5359 922 5406 mortem
952 5364 1102 5403 suam
1135 5350 1278 5405 nulla
1306 5350 1638 5417 egrediatur.

468 5420 524 5475 ‘2.
573 5424 609 5475 Α
647 5421 933 5477 maledicto
965 5430 1017 5473 et
1045 5421 1350 5487 juramento
1381 5414 1710 5487 abstineant.

469 5491 526 5562 5.
573 5492 645 5547 De
674 5493 852 5547 habitu
882 5479 1131 5546 mutando
1183 5479 1582 5562 girtibedientia
1614 5479 1937 5562 exhibenda.

467 5561 529 5612 «ί.
573 5563 633 5617 Ut
662 5564 792 5618 nihil
835 5580 897 5639 εις
933 5565 1010 5616 his
1039 5579 1152 5639 qua}
1191 5552 1387 5639 g‘ecum
1419 5554 1667 5639 exhibuit
1698 5552 1798 5608 sibi
1823 5566 1996 5606 reser-

405 5645 520 5728 νυέ.»
555 5630 1844 5728 πεςρλρετηεεξ,,ίεεεξετι,,ε¹θριιιοεγαξξ,’.ἐξιεὶεηηςης

472 5680 520 5762 5'
684 5680 764 5704 νυ·
802 5680 857 5717 υτ
888 5680 1465 5733 ’ν“’“’“”,“·τθηιυο]-·ννν
1620 5680 1646 5681 ~
1775 5694 1787 5705 .
1834 5695 1844 5705 .

472 5745 529 5789 η.
572 5716 639 5789 ut
668 5708 805 5762 nulla
842 5703 1075 5761 infantula
1107 5732 1210 5789 md
1239 5749 1269 5789 η
1307 5715 1476 5775 sexto
1503 5704 1995 5789 a'llRDEPXP-IQIEEUAI‘;

469 5755 529 5835 ὅ.
658 5755 1088 5849 unanimanti},
1284 5755 1683 5873 ᾧὲᾖυιυθτίι
1702 5808 1717 5837 ,
1735 5755 1827 5826 sed
1854 5763 1995 5837 quod

2102 5260 2151 5317 ei
2176 5261 2381 5330 jussum
2413 5238 2606 5323 fuerit,
2638 5265 2909 5326 operetur.

2172 5322 2228 5388 ἶ1.
2274 5331 2338 5386 Ut
2370 5346 2526 5386 nemo
2557 5322 2802 5383 cellulam
2840 5324 3163 5395 peculiarem
3197 5322 3408 5377 habeat.

2173 5406 2228 5459 8.
2275 5405 2336 5457 Ut
2368 5404 2493 5455 dum
2528 5400 2791 5467 psallitur,
2822 5410 2977 5452 nemo
3010 5396 3279 5464 loquatur.

2176 5476 2231 5531 9.
2276 5475 2445 5529 Nemo
2480 5464 2641 5526 filiam
2674 5470 3042 5539 cujuscunque
3069 5468 3137 5522 de
3164 5468 3309 5521 fonte
3338 5464 3617 5536 suscipiat.

2142 5548 2228 5602 10.
2271 5544 2342 5599 Ut
2373 5546 2525 5613 signo
2554 5551 2693 5595 tacto
2725 5541 2865 5594 nulla
2896 5540 3096 5613 tardius
3122 5540 3317 5613 veniat.

2144 5619 2230 5673 Il.
2274 5609 2455 5682 Qualis
2481 5613 2642 5668 debet
2672 5627 2792 5666 esse
2820 5610 3014 5664 ancilla
3043 5610 3135 5665 Dei
3165 5609 3624 5682 dumcasdgatur.

2141 5690 2226 5745 12.
2271 5680 2512 5756 Qualiter
2556 5700 2615 5739 se
2661 5683 2888 5750 debeat,
2952 5695 3073 5754 qua:
3114 5680 3316 5752 aliquid
3369 5680 3699 5753 negligenter

2105 5755 2306 5835 egerit,
2329 5755 2637 5814 humiliare.

3679 1190 3743 1224 ι.
