4078 6440
503 257 643 333 H07

573 371 665 496 ii.
704 373 767 500 {si
799 372 1337 458 pigiliissnttlendum
1365 379 1420 425 ut
1447 385 1610 439 nemo
1638 372 1893 435 dormiat.

576 444 602 497 ‘l
652 485 665 499 .
759 449 858 499 lin
901 438 1145 499 lantﬁcus
1185 443 1483 499 faetendum
1513 458 1667 499 suum
1709 460 1893 500 oeusut

503 514 761 572 tidianum
793 515 1037 585 accipiat.

577 585 663 641 15.
707 586 777 642 Ut
800 602 959 641 nemo
988 586 1086 641 sibi
1120 587 1315 653 aliquid
1346 587 1615 652 proprium
1644 586 1866 653 iudicet.

578 656 666 713 16.
710 656 862 717 Matri
892 668 947 729 et
976 659 1276 729 prtcpesitat
1306 658 1664 715 obediendum
1693 698 1707 725 ,
1755 657 1823 713 ad
1852 670 2091 713 mensam

502 729 720 799 penitus
752 744 853 782 nou
888 726 1233 798 loquendum.

579 800 668 871 Π.
715 799 783 855 Ut
810 796 1219 871 omnitempore
1240 801 1448 857 duabus
1472 800 1618 855 horis
1638 796 1854 855 lectioni
1879 807 2091 852 vacent.

577 870 665 927 18.
710 871 778 927 Ut
816 873 1067 928 sedentes
1122 874 1187 928 ad
1236 872 1400 943 opera
1427 915 1441 940 ,
1488 880 1577 927 aut
1623 872 1949 926 meditantur
1976 886 2095 938 qni!)

506 952 694 1009 sancta
723 954 866 1009 sntit,
900 956 989 999 aut
1018 954 1247 1001 taceant.

577 1008 665 1084 19.
710 1012 779 1069 Ut
816 1030 933 1083 quae
975 1017 1181 1071 nobiles
1210 1026 1336 1072 sunt
1366 1017 1432 1072 de
1459 1016 1658 1071 divitiis
1697 1013 1778 1069 vel
1813 1023 2095 1084 parentum

509 1083 786 1140 nobilitate
815 1102 920 1140 non
946 1087 1300 1143 extollantur.

575 1154 665 1210 20.
703 1157 767 1213 Ut
806 1158 933 1229 dum
983 1160 1244 1227 psallitur,
1275 1158 1417 1229 quod
1443 1164 1599 1214 sonat
1640 1158 1692 1212 in
1724 1171 1840 1223 ore,
1872 1155 1973 1211 hoc
2018 1163 2096 1210 te-

512 1236 701 1285 neatur
725 1229 777 1282 in
805 1228 987 1283 corde.

577 1294 667 1351 21.
705 1299 779 1353 De
807 1300 1047 1353 custodia
1080 1301 1382 1358 oculorum.

578 1366 672 1438 2:2.
707 1369 775 1424 Ut
807 1379 1079 1438 peccatum
1110 1373 1329 1426 alterius
1359 1387 1463 1427 non
1497 1368 1721 1427 celetur.

578 1437 671 1494 25.
706 1440 847 1565 Νἱιιίς
875 1442 1080 1496 occulte
1112 1442 1503 1512 accipiendam.

581 1506 672 1563 24.
713 1512 828 1565 Otia
854 1514 952 1565 iter
999 1512 1250 1565 distingui
1313 1506 1498 1565 debeat

581 1506 672 1563 24.
713 1506 952 1577 Qualiter
999 1506 1250 1582 distingui
1313 1506 1545 1569 debeant
1592 1526 1712 1582 quae
1757 1518 1849 1567 aut
1897 1513 2096 1569 furtum

514 1576 759 1647 fecerint,
785 1591 877 1637 aut
901 1584 1129 1638 invicem
1159 1576 1260 1639 Sibi
1290 1602 1503 1639 manum
1533 1576 1800 1638 miserint.

582 1652 671 1706 25.
725 1654 1200 1727 Utdsollicitutline
1244 1659 1543 1727 prwposita:
1583 1656 1903 1711 vestimenta
1934 1656 2095 1723 ﬁant;

510 1733 543 1776 a
573 1732 744 1797 [patre
780 1725 1174 1797 dispensentur.

1562 254 1622 310 S.
1666 249 1964 321 CBSABII
2002 244 2213 315 EPISC.
2256 247 2735 315 AHBLATENSIS

2117 369 2167 439 Α
2270 371 2359 429 3|.
2404 372 2641 441 Qualiter
2667 369 2915 440 distringi
2940 369 3142 426 debeat
3176 370 3295 428 hac
3318 376 3441 441 quia
3475 377 3567 427 alt
3600 374 3789 428 eonvi-

806 438 879 499 in'
901 438 1145 499 laniﬁciis
1185 438 1483 499 faciendum
1513 458 1667 499 suum
1708 458 1931 515 pensum
1960 456 2091 512 quo-

3626 227 3795 313 'ttos

2200 443 2327 515 piis,
2361 457 2448 498 aut
2504 444 2833 511 maledictis,
2885 450 2975 497 aut
3024 442 3431 515 quibuscunque
3473 443 3795 511 crintieibus

2196 498 2397 568 luserit
2430 530 2642 569 sorores
2670 530 2816 570 suas.

2270 588 2357 642 52.
2389 588 2628 654 Qualiter
2660 601 2818 656 agere
2846 582 3039 639 debeat
3058 584 3343 641 abbatissa.

2268 661 2358 715 55.
2400 658 2638 725 Qualiter
2668 657 2975 727 provisores
3004 657 3315 713 monasterii
3352 658 3494 714 intra
3519 666 3795 715 monaste-

2196 729 2335 785 rium
2370 731 2605 785 debeant
2631 730 2877 783 introire.

2269 803 2354 857 Si.
2390 801 2457 856 Ut
2489 802 2587 854 viri
2611 810 2702 854 aut
2728 798 2981 854 mulieres
3009 800 3292 857 saeculares
3322 801 3374 857 in
3401 802 3792 869 monasterium

2199 886 2304 928 non
2336 872 2621 928 introeant.

2270 946 2358 999 55.
2404 943 2687 1013 Quomodo
2714 940 2989 998 abbatissa
3014 942 3069 997 in
3095 943 3470 999 salutatorium
3502 941 3796 1013 procedere

2198 1018 2415 1073 debeat.

2270 1088 2358 1143 36.
2404 1088 2470 1143 Ut
2502 1085 2805 1141 convivium
2847 1086 2899 1139 in
2936 1085 3262 1141 monasterio
3289 1086 3420 1141 nulli
3454 1087 3561 1154 ﬁat,
3594 1086 3698 1140 nisi
3734 1087 3798 1140 de

2200 1160 2321 1213 aliis
2367 1169 2459 1214 aut
2506 1159 2657 1223 locis,
2690 1164 2783 1212 aut
2829 1156 3133 1212 civitatibus
3164 1158 3498 1213 venientibus
3528 1156 3799 1226 religiosis

2198 1231 2442 1287 feminis.

2272 1304 2361 1358 57.
2405 1302 2645 1368 Qualiter
2681 1298 2874 1363 ancilla
2914 1299 3007 1357 Dei
3047 1314 3174 1355 suos
3208 1308 3458 1370 parentes
3487 1298 3687 1355 debeat
3715 1311 3797 1351 sa-

2201 1375 2393 1429 lutare.

2273 1449 2364 1503 58.
2399 1446 2465 1503 Ut
2498 1445 2767 1500 abbatissa
2796 1456 3067 1512 nunquam
3090 1443 3195 1498 nisi
3219 1442 3532 1501 inﬁrmitate
3563 1440 3794 1497 faciente

2202 1527 2353 1573 extra
2382 1516 2850 1585 congregationem
2877 1512 3182 1567 manducet.

2275 1590 2363 1643 ὃς).
2405 1580 2713 1644 Admonitio
2758 1585 2840 1641 vel
2878 1586 3202 1639 contestatio
3241 1582 3472 1654 qualiter
3498 1580 3792 1648 abbatissa,

2205 1662 2511 1731 prteposita,
2534 1660 2623 1731 vel
2638 1659 2861 1731 cellaria
2889 1656 3116 1731 iniit-uiis
3139 1656 3329 1731 debeat
3357 1657 3755 1731 obtemperare.

2276 1725 2362 1793 40.
2396 1732 2463 1788 Ut
2491 1730 2700 1797 ancillae
2732 1730 2820 1783 Dei
2853 1726 2982 1783 nihil
3014 1744 3045 1782 a
3073 1727 3379 1797 parentibus
3416 1725 3787 1797 transmissum

581 1792 671 1849 26.
699 1794 773 1870 Ut
805 1800 853 1850 in
868 1776 981 1852 ima
1006 1798 1193 1852 cellula
1227 1802 1542 1854 vestimenta
1567 1806 1872 1854 sanctarum
1903 1800 2099 1854 sancti-
2130 1776 2177 1837 Β
2207 1776 3451 1870 εἰητξὀδιῖεἶιἰδ’”ξίῦιῆιῖἱδέΞ-ξυξςῖβῖτινιίῖξ-ᾦῖοᾶ
3464 1776 3791 1865 ’pia’é'fdeui

511 1868 827 1937 monialium
857 1878 1207 1937 reponantur.

585 1935 675 2011 ἓῖ.
721 1937 790 2011 Ut
819 1935 973 2011 nemo
1003 1941 1102 1995 sibi
1135 1942 1406 2011 proprium
1441 1941 1637 2010 aliquid
1667 1952 1941 2011 operetur.

582 2004 674 2081 ἓξ.
708 2009 893 2081 Qualis
920 2011 1001 2064 vel
1033 2004 1261 2081 qualiter
1286 2013 1500 2069 cellaria
1532 2004 1723 2069 debeai
1750 2013 2009 2069 ordinari.

582 2076 678 2130 29.
711 2080 948 2147 Qualiter
978 2076 1166 2138 balneo
1196 2084 1424 2137 debeant
1453 2086 1550 2138 uti.
1934 2118 1935 2121 η

585 2147 673 2223 ξιθ.
726 2150 910 2217 Qualis
968 2153 1019 2206 in
1070 2156 1204 2208 cella
1258 2155 1590 2210 inﬁrmarum
1653 2157 1938 2223 praaposita
1982 2170 2105 2211 esse

516 2214 715 2345 gebeat
740 2214 821 2276 V'et
849 2223 1079 2291 qualiter
1118 2225 1394 2282 cellarium
1433 2214 1827 2297 sequestratum
1858 2228 1985 2297 ipsa;
2016 2226 2100 2280 iu-

560 2304 687 2345 rmzc
718 2262 968 2345 babeant.

560 2262 968 2359 ῐῇἧὲῚῄῆὲΞΞΞῙ

2204 1890 2364 1947 quam
2388 1874 2644 1947 opusest,
2673 1871 2780 1947 illis
2803 1884 2921 1941 qua:
2953 1862 3191 1947 indigent
3217 1862 3575 1947 ministretur.

2279 1947 2369 2001 tl.
2411 1936 2652 2013 Qualiter
2689 1936 2918 1998 tinctura
2959 1936 3186 2009 ﬁat,'vel
3217 1940 3464 1997 lectualia
3490 1938 3671 2010 qualia
3699 1936 3789 1991 ba-

2205 2019 2335 2075 bere
2363 2018 2613 2072 debeant.

2279 2087 2368 2141 Η.
2395 2089 2469 2143 De
2495 2086 2768 2156 plumariis
2794 2092 2848 2139 et
2877 2092 3066 2139 ornatu
3091 2083 3423 2156 monasterii,

2280 2160 2369 2216 45.
2403 2150 2735 2214 Contcstatio
2765 2170 2827 2211 ac
2854 2155 3246 2228 recapitulatio,
3275 2163 3333 2211 ut
3371 2152 3505 2211 nihil
3535 2150 3603 2210 de
3633 2150 3787 2208 insti-

2206 2232 2415 2288 tutione
2444 2230 2735 2286 minuatur.

1944 2437 2354 2458 ﬂ

1528 2534 1969 2633 REGULA
2005 2541 2035 2580 ³
2115 2540 2203 2615 S.
2285 2532 2766 2615 CAESABII.

587 2697 725 2768 Quia
752 2700 921 2756 multa
966 2699 1020 2755 in
1064 2694 1405 2758 monasteriis
1452 2701 1751 2773 puellarum
1791 2709 1884 2755 aut
1922 2715 2109 2754 moua-
2216 2698 2349 2767 rint,
2389 2697 2768 2769 perfectionem
2797 2693 2999 2752 habere
3035 2708 3142 2751 non
3182 2702 3451 2765 poterunt.
3478 2690 3645 2763 Quam
3680 2705 3787 2750 rem
3826 2682 3831 2687 ’

518 2794 1011 2850 cborumiustituta
1040 2794 1240 2850 distare
1266 2768 1533 2858 videntur,
1566 2794 1824 2863 elegimus
1854 2806 2019 2860 pauca
2043 2792 2111 2848 de
2213 2794 2378 2848 etiam
2424 2801 2479 2847 et
2533 2792 2640 2846 illae
2698 2804 2816 2861 qua:
2865 2790 3100 2860 virgines
3148 2796 3530 2844 convertuntur
3575 2786 3791 2857 implore
3844 2768 3857 2779 ’

518 2886 783 2959 pluribus,
814 2887 1004 2957 quibus
1032 2887 1273 2942 seniores
1301 2898 1422 2942 cum
1460 2884 1767 2957 junioribus
1794 2886 2111 2956 regulariter
2215 2884 2507 2951 noluerint,
2538 2892 2631 2939 aut
2659 2898 2767 2939 non
2800 2882 3145 2951 recipiantur,
3176 2890 3268 2937 aut
3300 2890 3449 2937 certe
3484 2881 3792 2935 vestimenta

520 2979 726 3042 vivant,
758 2989 809 3035 et
837 2979 1188 3049 spiritualiter
1217 2978 1442 3050 implere
1466 2981 1795 3035 contendant
1821 2978 1961 3049 quod
1991 2993 2110 3049 Spe-
2216 2980 2466 3050 religiosa
2497 2995 2600 3035 non
2631 2979 3004 3048 permittantur
3027 2978 3293 3047 accipere,
3317 2974 3489 3031 donec
3514 2987 3571 3029 se
3603 2972 3670 3027 ab
3689 2986 3791 3026 om-

520 3073 726 3129 cialiter
755 3087 852 3127 suo
880 3072 1032 3128 sexui
1063 3086 1243 3141 aptum
1270 3082 1390 3128 esse
1416 3071 1816 3143 perspexerint;
1846 3073 1961 3128 hare
1982 3086 2107 3127 san-
2140 3109 2187 3175 Ο
2220 3072 2376 3130 nibus
2401 3072 2800 3143 impedimentis
2820 3068 3006 3126 mundi
3028 3070 3183 3126 istius
3207 3068 3402 3125 liberas
3428 3067 3671 3123 fecerint.
3696 3063 3794 3118 Illae

522 3163 623 3219 etis
650 3162 929 3217 animabus
953 3163 1146 3218 vestris
1171 3163 1342 3232 prima
1366 3162 1715 3218 conveniunt.

594 3258 636 3313 Ι.
669 3257 871 3327 Siqua,
903 3259 1103 3314 relictis
1126 3260 1434 3329 parentibus
1456 3260 1569 3315 suis
1589 3256 1788 3315 sarculo
1808 3256 2115 3311 renuntiare

518 3360 577 3407 et
624 3360 870 3406 sanetum
911 3350 1057 3405 ovile
1105 3351 1333 3407 voluerit
1373 3352 1619 3417 introire,
1661 3359 1720 3405 ut
1763 3347 2114 3418 spiritualium

520 3444 773 3515 inpurum
804 3444 986 3499 fauces
1018 3442 1131 3499 Deo
1160 3443 1444 3513 adiuvante
1473 3445 1641 3513 possit
1668 3440 1915 3503 evadere,
1948 3453 2118 3510 usque

520 3533 594 3591 ad
622 3542 852 3589 mortem
882 3547 1032 3587 suam
1060 3533 1128 3587 de
1164 3533 1491 3588 monasterio
1520 3546 1624 3587 non
1658 3530 1985 3601 egrediatur,
2019 3534 2118 3583 nec

521 3624 597 3685 de
616 3625 859 3690 basilica,
890 3624 980 3680 ubi
1010 3625 1204 3680 ostium
1228 3638 1349 3679 esse
1369 3624 1604 3680 videtur.

599 3720 666 3789 il,
708 3719 1075 3787 iuramentum
1121 3726 1175 3773 et
1228 3716 1613 3783 maledictum,
1659 3714 1808 3770 velut
1852 3728 2117 3769 venenum

526 3813 749 3877 diaboli,
784 3812 968 3881 fugere
994 3819 1048 3865 et
1075 3810 1245 3864 vitare
1273 3810 1581 3866 contendat.

598 3907 686 3961 Ill.
729 3905 791 3959 Ei
831 3919 959 3974 ergo
991 3918 1108 3973 quae
1151 3903 1260 3959 Deo
1300 3904 1593 3973 inspirante
1632 3903 1962 3958 convertitur
2012 3916 2117 3957 non

524 4000 712 4056 licebit
733 3996 915 4053 statim
942 3997 1178 4052 habitum
1205 3996 1484 4067 religionis
1512 4010 1806 4060 assumere,
1831 3995 1933 4050 nisi
1960 4003 2116 4049 antea

523 4093 583 4148 in
628 4091 812 4145 multis
853 4090 1242 4159 experimentis
1284 4088 1446 4143 fuerit
1475 4088 1722 4143 voluntas
1752 4087 1893 4142 illius
1924 4101 2120 4157 appro-

523 4185 682 4250 bata;
710 4184 806 4241 sed
831 4184 922 4240 uni
952 4196 1019 4239 ex
1049 4181 1351 4237 senioribus
1384 4181 1579 4236 tradita
1620 4193 1816 4236 annum
1850 4180 2115 4250 integrum

524 4279 580 4333 in
629 4292 696 4333 eo
741 4292 846 4347 quo
890 4275 1036 4331 venit
1084 4275 1269 4330 habitu
1316 4281 1641 4342 perseveret.
1676 4271 1749 4327 De
1788 4273 1905 4342 ipso
1936 4281 2117 4327 tamen

526 4370 713 4425 habitu
755 4368 1035 4434 mutando,
1066 4368 1147 4421 vel
1193 4367 1333 4421 lecto
1363 4366 1413 4420 in
1443 4365 1625 4420 schola
1668 4365 1935 4432 habendo,
1965 4367 2033 4420 sit
2064 4366 2116 4420 in

525 4469 793 4532 potestate
836 4459 1063 4530 prioris;
1107 4465 1163 4513 et
1204 4458 1478 4528 quomodo
1508 4472 1792 4528 personam
1835 4459 1917 4515 vel
1963 4474 2115 4515 com-

526 4552 873 4623 punctionem
908 4551 1118 4619 viderit,
1151 4550 1224 4604 ita
1255 4549 1343 4604 vel
1373 4549 1626 4617 Celerius,
1661 4550 1743 4605 vel
1774 4549 1976 4607 tardius
2005 4559 2115 4607 stu-

528 4648 653 4702 deat
680 4656 1007 4717 temperare.

598 4738 688 4794 ιν.
729 4737 861 4805 Qua
901 4742 1080 4791 autem
1128 4732 1325 4801 viduae,
1372 4742 1459 4789 aut
1500 4734 1707 4789 maritis
1758 4735 1983 4802 relictis,
2023 4746 2116 4793 aut

527 4828 745 4885 mutatis
776 4827 1013 4883 vestibus
1037 4825 1104 4880 ad
1133 4826 1518 4881 monasterium
1558 4828 1797 4894 veniunt,
1828 4844 1930 4884 non
1962 4830 2115 4886 exci-

526 4922 763 4992 piantur,
796 4919 897 4976 nisi
929 4928 1084 4975 antea
1116 4919 1183 4975 de
1221 4920 1366 4973 omni
1412 4919 1720 4976 facultatula
1750 4934 1865 4992 sua,
1897 4924 1985 4994 qui
2014 4939 2112 4978 vo-

524 5013 747 5082 luerint,
772 5014 1006 5078 chartas,
1038 5021 1133 5068 aut
1169 5013 1504 5080 donationes,
1537 5022 1631 5069 aut
1669 5016 2003 5073 venditiones
2036 5016 2114 5072 fa-

524 5109 692 5174 ciant,
725 5107 796 5161 ita
836 5116 895 5161 ut
932 5104 1063 5159 nihil
1113 5120 1224 5160 suae
1275 5106 1545 5174 potestati,
1588 5107 1728 5175 quod
1771 5109 2115 5177 peculiariter

524 5211 619 5256 aut
669 5200 951 5267 ordinare,
992 5208 1083 5253 aut
1130 5198 1407 5267 possidere
1449 5200 1755 5265 videantur,
1800 5204 2109 5269 reservent",

529 5299 750 5361 propter
774 5290 898 5345 illud
924 5290 1165 5345 Domini:
1186 5291 1248 5345 Si
1271 5292 1344 5345 vis
1365 5292 1619 5363 perfectus
1640 5307 1767 5358 esse,
1791 5293 1937 5359 uade,
1957 5296 2116 5349 vende

532 5384 703 5436 omnia
730 5397 845 5451 qua:
870 5383 1096 5454 possides
1119 5382 1336 5454 (Hatth.
1366 5384 1508 5455 xu);
1538 5391 1610 5450 et,
1642 5383 1703 5440 Si
1726 5386 1836 5453 quis
1866 5396 1967 5438 non
1994 5386 2117 5439 reti-

528 5473 694 5544 querit
741 5474 929 5539 omnia,
972 5483 1018 5527 at
1055 5485 1259 5528 secutus
1296 5490 1379 5529 me
1423 5476 1598 5544 fuerit,
1632 5491 1773 5530 meus
1812 5490 1912 5530 non
1952 5487 2116 5544 potest

526 5581 634 5620 esse
659 5561 947 5634 discipulus
973 5563 1125 5636 (Luc.
1159 5564 1291 5638 xiv).
1326 5566 1441 5622 Hoc
1468 5566 1587 5623 ideo
1614 5560 1756 5636 dico,
1781 5569 2116 5626 venerabiles

527 5656 673 5725 ﬁlice,
704 5656 826 5727 quia
856 5657 1288 5713 sanctimoniaies
1332 5674 1450 5729 quin
1488 5660 1882 5728 possessionem
1916 5661 2117 5718 habue-

2221 3182 2352 3223 vero
2386 3182 2503 3237 quae
2537 3165 2714 3221 adhuc
2755 3164 2890 3218 vivis
2932 3161 3242 3234 parentibus
3272 3158 3623 3216 substantiam
3654 3172 3794 3212 suam

2222 3260 2274 3315 in
2305 3267 2572 3329 potestate
2605 3257 2805 3313 habere
2836 3272 2940 3311 non
2972 3264 3213 3325 possunt,
3244 3263 3337 3310 aut
3376 3252 3554 3309 adhuc
3586 3251 3795 3307 minoris

2221 3352 2396 3406 aetatis
2420 3357 2566 3415 sunt,
2588 3348 2804 3405 chartas
2826 3357 2953 3403 tunc
2977 3346 3157 3403 facere
3179 3345 3575 3417 compellantur
3595 3342 3796 3415 quando

2221 3458 2310 3499 res
2342 3452 2623 3513 parentum
2654 3442 2707 3497 in
2738 3449 3003 3512 potestate
3048 3439 3248 3496 habere
3296 3440 3591 3510 potuerint,
3622 3444 3713 3492 aut
3737 3433 3795 3489 ad

2222 3538 2515 3610 legitimam
2554 3546 2767 3592 aetatem
2800 3535 3162 3605 pervenerint.
3192 3532 3318 3589 ideo
3342 3533 3442 3587 hoc
3466 3530 3666 3586 sanctis
3689 3529 3796 3584 ani-

2224 3632 2411 3687 mabus
2437 3631 2633 3686 vestris
2659 3629 3020 3699 prtecipimus,
3055 3628 3304 3683 timentes
3328 3624 3631 3694 exemplum
3662 3627 3796 3679 Aua-

2220 3725 2323 3777 niee
2345 3733 2400 3779 et
2426 3723 2667 3793 Saphirae
2696 3721 2837 3793 (Act.
2870 3723 2948 3790 v),
2984 3720 3072 3789 qui
3102 3734 3223 3775 cum
3266 3726 3435 3772 totum
3463 3730 3525 3772 se
3549 3716 3798 3771 dixissent

2222 3815 2481 3889 apostolis
2518 3814 2801 3880 obtulisse,
2847 3819 3054 3885 partem
3094 3810 3420 3877 obtulerunt,
3463 3817 3670 3878 partem
3706 3807 3799 3863 sibi

2222 3908 2509 3964 inﬁdeliter
2530 3914 2901 3972 reservarunt,
2926 3904 3067 3975 quod
3085 3904 3199 3959 ﬁeri
3221 3919 3321 3960 nec
3341 3904 3516 3969 decet,
3541 3917 3640 3959 nec
3661 3903 3797 3967 licet,

2226 4017 2323 4056 nec
2349 4001 2590 4071 expedit.
2626 3999 2885 4055 Ancillam
2918 3997 3185 4068 prepriam
3214 3995 3365 4063 nulli,
3397 4010 3497 4052 nec
3525 3994 3685 4051 etiam
3708 3993 3800 4049 ab-

2224 4091 2462 4157 batissae,
2498 4093 2658 4147 liceat
2696 4092 2749 4147 in
2795 4089 3016 4145 servitio
3063 4104 3163 4145 suo
3210 4089 3437 4155 habere;
3471 4089 3564 4144 sed
3604 4090 3646 4143 si
3675 4101 3800 4159 opus

2225 4184 2490 4249 habuerit,
2517 4185 2584 4239 de
2610 4183 2915 4253 junioribus
2946 4183 3002 4237 in
3030 4181 3279 4237 solatium
3306 4196 3463 4236 suum
3490 4176 3731 4250 accipiat.

2299 4275 2359 4331 V.
2395 4275 2461 4330 Et
2490 4274 2535 4330 si
2571 4276 2684 4329 ﬁeri
2715 4280 2908 4345 potest,
2941 4281 3033 4328 aut
3062 4262 3299 4336 difﬁcile,
3326 4284 3418 4328 aut
3443 4274 3548 4328 ulla
3572 4289 3799 4343 unquam

2224 4368 2276 4423 in
2302 4367 2629 4421 monasterio
2653 4365 2911 4421 infantula
2938 4365 3179 4434 parvula,
3205 4365 3305 4419 nisi
3330 4364 3396 4420 ab
3417 4365 3571 4419 annis
3593 4379 3691 4419 sex
3716 4372 3802 4420 aut

2224 4467 2449 4528 septem,
2491 4474 2609 4528 quae
2647 4459 2758 4527 jam
2800 4466 2854 4513 et
2896 4457 3103 4512 litteras
3137 4457 3347 4515 discere
3388 4466 3443 4511 et
3490 4456 3804 4519 obedientia:

2224 4554 2394 4623 possit
2430 4555 2825 4626 obtemperare,
2863 4551 3209 4623 suscipiatur.
3241 4551 3507 4607 Nobilium
3550 4551 3674 4607 ﬁliae
3698 4551 3806 4610 sive

2222 4647 2563 4719 ignobilium,
2607 4646 2674 4702 ad
2718 4643 3063 4703 nutriendum
3109 4653 3203 4702 aut
3241 4646 3565 4714 docendum,
3595 4648 3807 4717 penitus

2222 4755 2329 4795 non
2353 4740 2463 4795 acci
2474 4740 2713 4808 piantur.

2296 4829 2382 4887 Vl.
2430 4831 2599 4885 Nemo
2632 4828 2731 4885 sibi
2764 4824 2962 4899 aliquid
2993 4820 3171 4894 operis
3200 4824 3287 4883 vel
3317 4818 3530 4893 artificii
3575 4820 3674 4899 pro
3709 4840 3802 4882 suo

2220 4923 2372 4979 libitu
2404 4923 2566 4994 eligat
2590 4919 2921 4987 faciendum;
2954 4921 3047 4976 sed
3087 4921 3137 4974 in
3176 4919 3401 4985 arbitrio
3455 4920 3681 4976 senioris
3707 4919 3804 4975 erit

2219 5015 2359 5086 quod
2384 5016 2513 5071 utile
2537 5014 2869 5085 prospexerit
2894 5013 3291 5083 imperandum.

2296 5106 2403 5161 νη.
2432 5106 2573 5162 Nulli
2615 5107 2769 5161 liceat
2798 5114 3061 5161 semetam
3091 5105 3292 5176 eligere
3318 5105 3676 5173 mansionem,
3707 5118 3801 5159 nec

2218 5199 2438 5254 habebit
2481 5199 2806 5265 cubiculum,
2837 5198 2919 5254 vel
2949 5199 3321 5265 armoriolum,
3353 5210 3445 5255 aut
3471 5200 3669 5271 aliquid
3709 5198 3801 5252 bu-

2216 5290 2473 5363 jusmodi,
2504 5291 2644 5366 quod
2685 5290 3009 5362 peculiarius
3053 5291 3231 5353 claudi
3262 5293 3471 5365 possit;
3497 5294 3594 5349 sed
3618 5303 3799 5355 omnes

2221 5385 2405 5440 divisis
2448 5386 2661 5441 lectulis
2707 5387 2762 5441 in
2811 5402 2917 5442 una
2962 5396 3218 5443 maneant
3256 5388 3475 5444 cellula.
3510 5389 3641 5456 Quia
3675 5396 3798 5444 vero

2219 5490 2378 5540 senes
2407 5486 2533 5532 sunt
2563 5486 2618 5532 ct
2648 5478 2892 5545 inﬁrme,
2919 5477 2989 5534 ita
3017 5478 3122 5535 illis
3143 5484 3397 5536 convenit
3420 5480 3797 5551 obtemperari,

2220 5572 2305 5625 vel
2331 5568 2589 5637 ordinari,
2624 5578 2679 5626 ut
2712 5586 2816 5626 non
2848 5571 3071 5642 singulae
3100 5572 3335 5644 singulas
3358 5574 3521 5631 cellas
3552 5574 3794 5640 habeant,

2220 5661 2315 5718 sed
2344 5662 2397 5717 iu
2428 5678 2531 5717 una
2563 5663 2893 5734 recipiantur
2920 5679 3134 5730 omnes,
3160 5665 3250 5722 ubi
3274 5674 3327 5721 et
3354 5674 3621 5722 maneant.

599 5796 628 5830 ⁸
656 5788 806 5852 Hanc
832 5792 961 5853 item
1005 5790 1264 5866 Regulam
1311 5795 1625 5854 monialium
1663 5797 1722 5857 S.
1754 5797 1970 5856 Caesarii
1995 5798 2135 5857 natis
2164 5798 2396 5858 illustrat
2425 5798 2670 5865 laudatus
2696 5801 2971 5875 Cointius,
3004 5803 3041 5865 l.
3072 5818 3122 5863 c.
3154 5819 3209 5877 ι).
3237 5799 3341 5871 473
3365 5815 3512 5874 δίκην
