4034 6206
337 415 588 432 ﬂ

1548 362 3555 433 ω

1644 461 1811 508 ANNO
1844 461 2072 507 DOMINI
2118 462 2268 508 ου..

588 580 3289 849 DIONYSIMXIGUUS.

1650 896 1931 955 NOTITIA
1962 901 2051 971 (ex
2078 900 2267 970 Cave).

380 1056 656 1133 Dionysius
706 1058 964 1129 Exiguus,
1013 1059 1231 1116 natione
1284 1058 1481 1131 Scytha
1503 1099 1519 1125 ,
1550 1058 1888 1129 professione
1919 1071 1969 1125 Α
2066 1060 2306 1133 Epistola
2335 1058 2584 1130 synodica
2613 1056 2676 1113 S.
2709 1056 2895 1127 ουκ-ηιξ
2916 1065 2966 1111 et
2992 1056 3199 1111 concilii
3213 1056 3582 1127 Alexandrini,

321 1151 617 1216 monachus,
659 1158 717 1206 et
742 1150 907 1205 abbas
947 1150 1252 1216 Romanus,
1279 1151 1586 1207 Cassiodori
1616 1151 1892 1209 familiaris

1998 1154 2243 1209 adversus
2285 1148 2610 1216 Nestorium,
2641 1147 2833 1203 Latine
2854 1162 3028 1202 versa.
3058 1145 3247 1203 Exstat
3292 1154 3405 1201 tum
3433 1146 3582 1215 alibi,

319 1238 525 1310 ejusque
545 1241 601 1295 in
622 1240 903 1296 dialectica
926 1241 1245 1297 addiscenda
1260 1241 1673 1312 condiscipulus.
1692 1241 1897 1298 Claruit
1996 1252 2111 1298 tum
2140 1258 2170 1297 a
2197 1240 2422 1297 Justello
2454 1238 2597 1295 edita
2627 1254 2747 1294 cum
2772 1237 3041 1307 prioribus
3069 1235 3369 1305 Opusculis.

318 1345 449 1385 anno
475 1331 507 1385 5
551 1332 607 1386 '5.
654 1329 799 1385 Obiit
836 1341 963 1386 ante
1004 1347 1202 1388 annum
1234 1330 1370 1401 556,
1400 1348 1510 1402 quo
1538 1332 1895 1389 Cassiodorus

318 1418 497 1473 librum
525 1418 594 1474 de
614 1419 819 1473 Divinis
845 1419 1187 1475 Lectionibus
1215 1421 1434 1491 scripsit
1460 1439 1474 1474 :
1507 1436 1572 1477 ac
1594 1422 1643 1475 iu
1674 1437 1741 1477 eo
1773 1423 1893 1478 Dio-

318 1512 512 1583 nysium
538 1511 781 1580 jamjam,
804 1514 883 1567 uti
912 1512 1009 1581 ait,
1041 1512 1355 1569 defunctum
1407 1515 1650 1583 impense
1690 1516 1895 1571 laudat.

320 1603 530 1660 General
562 1606 834 1673 hodieque,
860 1606 1031 1677 inquit
1054 1606 1203 1677 (Cap.
1228 1606 1340 1677 25),
1366 1605 1601 1660 Ecclesia
1629 1606 1890 1661 catholica

318 1697 443 1750 uiros
465 1697 693 1751 illustres
712 1696 1056 1766 probabilium
1079 1702 1385 1768 dogmatum
1409 1698 1593 1751 decore
1620 1698 1895 1769 fulgentes.

314 1786 434 1841 Fuit
449 1789 589 1842 enim
614 1789 807 1843 nostris
846 1787 1162 1856 temporibus
1186 1796 1238 1842 et
1279 1787 1562 1859 Dionysius
1590 1788 1896 1852 monachus,

306 1881 449 1933 -—in
468 1888 688 1947 utraque
711 1880 888 1952 lingua
918 1879 1067 1933 valde
1100 1880 1450 1947 doctissimus,
1481 1878 1702 1934 reddens
1724 1879 1894 1932 actio-

313 1970 456 2026 nibus
483 1970 610 2035 suis,
632 1988 786 2041 quam
816 1971 869 2024 in
901 1971 1047 2024 libris
1080 1968 1289 2025 Domini
1317 1970 1534 2041 legerat,
1565 1970 1893 2041 aquitatem:

311 2061 393 2132 qui
421 2060 725 2130 Scripturas
745 2061 948 2115 divinas
980 2069 1125 2113 tanta
1151 2061 1453 2115 curiositate
1478 2060 1794 2114 discusserat
1816 2068 1900 2114 at-

311 2168 402 2222 que
422 2151 762 2217 intellexerat,
796 2160 919 2205 ut...
944 2149 1070 2204 Fuit
1098 2152 1154 2204 in
1182 2150 1275 2206 illo
1296 2165 1411 2204 cum
1430 2150 1686 2221 sapientia
1706 2165 1899 2219 magna

310 2244 631 2311 simplicitas,
659 2257 777 2294 cum
799 2240 1034 2295 doctrina
1065 2241 1352 2303 humilitas,
1385 2256 1501 2293 cum
1543 2239 1794 2313 facundia
1817 2239 1897 2293 lo-

310 2334 492 2404 quendi
510 2333 757 2403 parcitas.
791 2331 948 2387 Totus
968 2332 1269 2398 catholicus,
1296 2342 1431 2387 totus
1457 2333 1687 2403 paternis
1709 2332 1897 2404 regulis

2068 1334 2313 1405 Epistula
2365 1330 2641 1386 Paschalis
2689 1330 2915 1384 Proterii
2960 1328 3029 1383 ad
3084 1325 3343 1393 Leonem,
3390 1325 3583 1383 Latino

1998 1444 2176 1493 versa,
2198 1443 2305 1482 una
2327 1442 2450 1481 enm
2474 1424 2724 1496 Epistolis
2738 1425 2937 1478 duabus
2962 1424 3130 1494 ipsius
3150 1422 3339 1493 Ειὶευί
3367 1421 3588 1494 pascha-

2000 1522 2133 1577 libus
2161 1522 2229 1575 ad
2251 1520 2555 1575 Petronium
2584 1528 2633 1573 et
2660 1518 3017 1588 Bonifatium;
3048 1516 3276 1572 habetur
3296 1517 3350 1571 in
3373 1514 3590 1586 Appen-

2002 1614 2123 1669 dire
2153 1612 2427 1668 Petaviani
2452 1611 2634 1681 operis
2653 1611 2721 1666 de
2751 1610 2993 1666 Doctrin.
3032 1608 3222 1679 Temp.

2085 1705 2203 1760 Vita
2242 1706 2305 1760 δ.
2358 1703 2629 1758 ΡαεΙιουιὶἱ
2678 1701 2900 1766 abbatis,
2950 1700 3137 1755 Latine
3176 1717 3340 1767 uersa,
3369 1708 3426 1755 et
3452 1700 3593 1755 inter

2003 1796 2155 1851 V'itas
2181 1793 2400 1850 Patrum
2434 1794 2503 1849 ab
2532 1792 2819 1850 Heriberto
2844 1790 3133 1865 Rosveydo
3155 1791 3298 1849 edita
3327 1792 3588 1862 Antverp.

2002 1886 2163 1950 1615,
2188 1885 2347 1951 1698,
2374 1883 2603 1941 iii-folio.

2076 1977 2262 2034 Oratio
2297 1977 2477 2033 Procli
2503 1976 2569 2032 de
2617 1974 2855 2031 laudibus
2894 1974 3141 2048 Deiparte
3168 1975 3365 2047 (quam
3406 1979 3589 2030 tamen

2000 2084 2110 2125 non
2140 2069 2209 2123 ab
2238 2066 2466 2137 Exiguo,
2496 2064 2594 2120 sed
2620 2080 2651 2120 a
2679 2064 2851 2121 Mario
2880 2064 3200 2129 Mercatore,
3228 2078 3439 2119 versam
3471 2076 3593 2116 esse

2000 2156 2277 2214 contendit
2330 2154 2665 2211 Garnerius:
2714 2167 2779 2207 ac
2834 2151 3064 2221 proinde
3106 2151 3405 2206 versionem
3453 2150 3594 2205 inter

2002 2250 2156 2307 istius
2177 2262 2343 2320 opera
2370 2246 2625 2317 adjuncto
2654 2252 2806 2299 textu
2822 2242 3012 2298 Grzeeo
3040 2241 3207 2296 edidit
3224 2248 3362 2309 part.
3390 2256 3447 2305 ιι,
3466 2253 3588 2309 pag.

2004 2340 2125 2411 l9).
2157 2338 2396 2410 Epistola
2416 2336 2649 2409 ejusdem
2691 2334 2754 2389 de
2779 2332 2912 2388 Fide
2938 2332 3009 2386 ad
3034 2332 3309 2395 Armenos,
3340 2341 3389 2384 et
3421 2330 3589 2383 altera

312 2436 689 2496 ρεηευεταηιεῖ
722 2426 1032 2497 adjunctus;
1063 2436 1114 2483 et
1149 2426 1397 2499 quidquid
1434 2434 1651 2496 possunt
1671 2424 1899 2498 legentes
1933 2435 1976 2496 Β
2003 2434 2075 2486 ad
2115 2429 2379 2484 Domuum
2415 2442 2510 2499 pro
2558 2424 2847 2480 Athanasio
2900 2421 3285 2477 Perrhenorum
3330 2421 3590 2490 episcopo,

310 2534 402 2588 per
445 2519 669 2573 diversos
694 2534 926 2590 quaerere
946 2558 963 2586 ,
992 2520 1049 2573 in
1082 2519 1222 2575 illius
1250 2520 1466 2575 scientia
1494 2515 1897 2591 cognoscebutur

308 2624 460 2678 posse
484 2608 705 2680 fulgere.

970 2698 1221 2777 optans.

380 2790 624 2847 Collectio
671 2793 779 2847 sive
822 2793 997 2847 Codex
1049 2809 1306 2847 canonum
1344 2790 1834 2857 ecclesiasticorum,
1865 2805 1898 2846 a

310 2882 603 2954 Dionysio;
653 2894 882 2956 rogante
928 2884 1205 2956 Stephano
1256 2884 1514 2955 episcopo
1557 2881 1896 2949 Saionitano,

308 2972 502 3029 Latine
527 2991 716 3030 versus
742 2984 799 3031 et
838 2978 1248 3048 compaginatus
1267 3016 1282 3041 ,
1308 2982 1567 3030 constans
1598 2972 1900 3028 eanonibus

306 3068 621 3138 apostolicis
640 3067 908 3138 prioribus
932 3067 999 3122 50
1027 3077 1080 3123 et
1100 3067 1400 3123 canonibus
1420 3065 1773 3121 conciliorum
1802 3063 1899 3119 Ni-

303 3160 467 3224 ceni,
489 3157 1092 3229 Constantinopolitani,
1121 3156 1599 3221 Chalcedonensis,
1621 3155 1904 3212 Sardieen-

303 3249 405 3312 sis,
426 3257 481 3302 et
504 3248 879 3302 Africanorum
924 3247 1298 3318 quorumdam.
1333 3246 1523 3302 Exstat
1565 3247 1618 3300 in
1650 3245 1902 3303 omnibus

301 3341 664 3397 conciliorum
686 3340 1111 3401 collectionibus.
1135 3349 1191 3395 et
1211 3356 1240 3394 a
1264 3339 1491 3395 lusteilo
1517 3338 1695 3394 editus
1721 3337 1893 3393 Paris.

304 3428 476 3495 1628,
509 3428 682 3495 iii-8°,
724 3436 782 3484 et
822 3429 876 3483 in
903 3427 1235 3485 Bibliotheca
1261 3426 1407 3484 Juris
1442 3427 1652 3484 Canon.
1692 3434 1823 3483 tom.
1856 3424 1897 3494 l,

306 3536 371 3591 [δ.
404 3521 497 3574 9Ἱ.

384 3609 632 3664 Collectio
652 3610 977 3666 decretorum
997 3612 1298 3681 pontiﬁcum
1324 3609 1676 3667 Romanorum
1696 3628 1730 3664 a
1760 3610 1901 3666 Siri-

300 3701 393 3754 cio
411 3700 485 3753 ad
507 3701 841 3755 Anastasium
856 3700 940 3767 II,
965 3710 1233 3771 quotquot
1261 3702 1483 3772 reperiri
1500 3710 1772 3771 poterant,
1795 3716 1902 3756 una

296 3804 433 3845 cum
464 3791 684 3857 epistola
715 3792 1104 3861 nuncupatoria
1143 3791 1212 3845 ad
1248 3791 1519 3845 lulianum
1544 3791 1897 3862 presbyterum

307 3879 632 3945 Romanum,
655 3881 745 3948 qui
775 3880 997 3951 synodis
1022 3880 1206 3936 Romae
1231 3896 1320 3936 an.
1352 3879 1459 3935 488
1491 3890 1547 3936 et
1568 3880 1672 3936 499
1711 3881 1909 3936 habitis

298 3971 652 4039 subscripsit.
703 3968 896 4025 Exstat
935 3971 988 4026 in
1036 3984 1357 4040 unaquaque
1398 3969 1762 4025 Coneiliorum
1788 3970 1907 4024 edi-

290 4064 489 4129 sintne,
520 4072 573 4117 et
602 4078 633 4116 a
678 4061 903 4117 Justello
926 4078 1029 4118 una
1057 4077 1178 4118 eum
1227 4062 1424 4118 Codice
1451 4076 1720 4118 canonum
1763 4061 1908 4115 edita

300 4151 494 4207 Paris.
520 4152 677 4213 1628,
699 4151 859 4220 iii-8",
875 4160 933 4207 et
957 4153 1009 4207 in
1022 4151 1352 4208 Bibliotheca
1372 4151 1515 4209 luris
1537 4151 1747 4208 Canon.
1771 4158 1903 4206 tom.

300 4242 355 4311 1,
390 4258 450 4313 p.
487 4242 604 4296 lBl.

2000 2523 2193 2580 Latine
2215 2536 2414 2587 versae;
2450 2520 2718 2575 habentur
2748 2517 2802 2572 in
2842 2515 3079 2572 editione
3107 2512 3285 2570 Procli
3312 2527 3538 2585 operum
3558 2526 3593 2567 ει

2000 2612 2156 2668 Viue.
2193 2609 2457 2667 Riccardo
2485 2609 2745 2663 adornata
2778 2608 2964 2662 Bonna:
2990 2604 3145 2666 1650.
3174 2602 3340 2658 ἰπὶ-4ο.

2079 2700 2319 2773 Gregorii
2344 2698 2575 2770 Νεμεεηὶ
2603 2697 2667 2751 de
2712 2696 2938 2767 Opi/icio
2963 2694 3184 2748 hominis
3214 2689 3342 2747 liber
3371 2691 3422 2745 in
3465 2689 3598 2746 duas

2000 2794 2195 2851 divisus
2244 2793 2485 2847 Iromilias
2506 2830 2520 2853 ,
2551 2789 2740 2844 Latine
2776 2803 2970 2844 uersus.
3013 2785 3201 2840 Exstat
3230 2784 3403 2839 versio
3431 2782 3595 2838 Basil.

2002 2884 2165 2953 {562,
2193 2884 2386 2940 Colon.
2415 2882 2577 2950 i573,
2606 2880 2704 2936 sed
2744 2880 2863 2936 sine
2908 2878 3137 2949 epistola
3190 2877 3426 2948 Dionysii
3456 2891 3596 2931 nun-

2007 2978 2290 3049 cupatoria
2320 2976 2389 3032 ad
2437 2975 2773 3048 Eugyppium
2810 2974 3206 3044 presbyterum,
3240 2977 3297 3023 et
3347 2969 3602 3024 versione

2015 3069 2344 3141 prmfationis
2371 3068 2599 3141 Nysseni
2636 3085 2649 3122 :
2682 3081 2817 3138 quas
2857 3066 3064 3137 primus
3113 3064 3166 3118 in
3220 3062 3393 3117 lucem
3433 3059 3600 3116 edidit

2004 3158 2344 3215 Mabillonius
2371 3159 2616 3214 Analeel.
2658 3165 2790 3213 tom.
2815 3155 2881 3222 ll,
2902 3171 2955 3225 p.
2981 3155 3030 3209 l.

2077 3250 2319 3307 Historia
2346 3250 2655 3305 inventionis
2678 3249 2865 3319 capitis
2890 3247 2951 3303 S.
2993 3246 3221 3302 Joannis
3266 3244 3532 3316 Βαριὶειω,
3563 3261 3599 3303 a

2007 3340 2260 3396 Marcello
2281 3339 2463 3395 abbate
2484 3338 2662 3396 Graece
2680 3338 2994 3409 conscripta,
3017 3337 3160 3392 etab
3179 3335 3383 3406 Exiguo
3410 3333 3599 3389 Latine

2006 3450 2155 3489 versa
2170 3450 2189 3499 ;
2210 3432 2354 3487 edita
2383 3440 2467 3487 est
2487 3445 2517 3486 a
2540 3429 2649 3486 CL.
2680 3428 2761 3485 Du
2785 3428 2990 3484 Fresne
3031 3427 3097 3483 ad
3132 3426 3333 3482 calcem
3355 3424 3600 3480 historici

2010 3530 2271 3579 tractatus
2309 3523 2379 3579 de
2421 3519 2612 3591 Capite
2639 3519 2698 3576 S.
2739 3516 2964 3575 Joannis
3004 3516 3161 3592 Bapt.
3211 3515 3383 3573 Paris.
3439 3513 3599 3582 1665,

2010 3613 2184 3671 iii—4°.

2067 3706 2254 3777 Cyclas
2278 3704 2552 3760 Paschalis
2593 3721 2846 3760 annorum
2895 3718 3056 3768 xcvn,
3088 3701 3157 3755 ab
3185 3715 3329 3779 anno
3363 3700 3470 3756 5&7
3501 3698 3606 3755 ini-

2013 3796 2142 3851 tium
2172 3795 2413 3852 ducens:
2445 3795 2601 3867 cujus
2649 3794 3008 3864 fragmentum
3066 3792 3234 3847 habes
3275 3791 3329 3845 in
3378 3789 3603 3843 Mariani

2013 3886 2163 3942 Scoti
2186 3885 2457 3941 Chronico
2483 3885 2550 3938 ad
2578 3900 2706 3939 anu.
2756 3882 2879 3938 527.
2912 3882 2970 3935 ln
3025 3881 3130 3935 hoc
3165 3879 3319 3950 cyclo
3368 3895 3540 3934 annos
3569 3894 3603 3933 a

2009 3978 2211 4035 Christi
2272 3976 2647 4031 lucarnatione
2693 3973 2999 4029 numeravit
3046 3971 3333 4044 Dionysius
3373 3987 3386 4023 :
3439 3978 3604 4040 atque

2009 4068 2170 4123 istam
2199 4082 2361 4121 ieram
2392 4066 2596 4135 primus
2642 4065 2883 4121 omnium
2916 4065 3071 4122 antiis
3116 4061 3471 4135 supputandis
3503 4063 3602 4118 ad-

2011 4160 2205 4215 hibut.

307 4344 3596 4389 Μ

1037 4474 1439 4582 PARS

1568 4474 2063 4585 PRIMA
2194 4472 2492 4581 OPE
2510 4473 2886 4580 RUM.

605 4674 1119 4845 OPERA
1193 4714 2121 4848 DOGMATICA
2204 4720 2405 4844 ET
2472 4715 3311 4847 CANONICA.

1372 4972 1373 4975 τ
1447 4894 2512 5076 ΕΡιδῇιῐῇῑῇῐῦιοΑ

708 5136 819 5240 S.
876 5134 1388 5239 CYRILLI
1446 5132 1610 5235 ET
1686 5130 2244 5238 CONCILII
2319 5126 3217 5235 ALEXANDBINI

1405 5291 1836 5365 CONTRA
1902 5290 2534 5363 NESTORIUM

1281 5421 1311 5462 Δ
1354 5418 1648 5463 ΒΙΟΝΥδῐυ
1688 5417 1925 5461 uxtn‘uo
1981 5410 2210 5459 unus;
2257 5419 2646 5461 TltANSLATA.

722 5537 1088 5596 ΡΗᾹΞΡΑΤΙΟ
1125 5540 1479 5598 EPISTOLIE

625 5643 669 5685 8-
708 5647 917 5688 ε·.ιιι.ιι
952 5649 1309 5689 Αιειλμυκικι
1351 5651 1603 5692 ενιεοοιιι.

388 5718 626 5777 Domino
654 5722 967 5781 beatissimo
995 5725 1137 5779 l‘atri
1168 5723 1328 5782 Petro
1347 5727 1604 5800 episcopo
1624 5727 1907 5803 Dionysius

283 5809 567 5885 lisiguus
594 5812 650 5869 in
679 5812 908 5871 Domino
939 5815 1187 5871 salutem.

200 5948 415 6099 Ὅη,
768 5907 1041 5971 Paeon.
1078 5908 1328 5977 LXVII.

1940 5550 1994 5613 D
2085 5543 2474 5603 Beneﬁciorum
2502 5553 2804 5599 vestrorum
2826 5559 3056 5615 memor,
3080 5546 3404 5602 venerabilis
3418 5545 3607 5616 Pater,

2010 5646 2068 5695 et
2094 5636 2391 5693 antistitum
2414 5632 2613 5692 Christi
2634 5633 2798 5690 decus
2818 5638 3111 5705 egregium,
3135 5651 3453 5705 semperque
3474 5644 3603 5693 ante

2014 5728 2203 5785 oculos
2231 5726 2425 5781 mentis
2454 5740 2735 5796 apponens
2782 5734 2969 5782 saneta
3003 5726 3452 5781 nutrimentorum
3477 5738 3605 5777 ves-

2017 5829 2225 5877 trorum
2270 5817 2445 5874 studia
2474 5832 2506 5873 a
2534 5816 2760 5890 parvulo
2798 5817 2931 5873 mihi
2976 5817 3245 5887 depensa,
3281 5829 3402 5882 qua:
3454 5810 3597 5866 nulla

3132 5906 3162 5965 1
