4034 6206
586 346 647 415 ii
1863 346 2222 406 DIONYSIUS
2256 348 2579 408 EXIGUUS.
3767 364 3819 417 ις

578 460 753 532 spatia
782 459 1025 516 locorum
1054 468 1309 532 poterunt
1335 459 1669 527 oblitterare,
1703 461 1786 516 vel
1829 469 2170 534 temporum:
2201 467 2253 529 Α
2279 468 2526 535 structio,
2555 479 2779 541 propter
2825 484 2923 527 eos
2954 469 3046 542 qui
3093 486 3204 528 non
3245 474 3606 530 contentionis
3646 490 3819 542 amore,

579 568 763 624 qutero
791 553 965 608 vicem
998 555 1199 610 referre
1226 553 1434 629 gratim,
1464 567 1626 629 quam
1657 568 1743 609 me
1782 554 1902 611 scio
1932 555 2174 625 reperire

579 657 687 698 non
714 657 893 712 posse.
918 641 1026 699 Sed
1068 643 1195 713 quia
1226 642 1546 716 plerumque
1572 642 1854 718 perficitur
1871 652 1999 703 voto
2029 645 2176 720 quod

578 735 768 791 deesse
795 736 1007 801 videtur
1036 736 1235 803 cilicio,
1266 736 1593 797 desiderium
1610 736 1765 815 quod
1784 754 1913 816 erga
1938 744 2174 797 vestram

578 831 957 900 paternitatem
983 830 1184 899 jugitcr
1210 843 1364 899 gero,
1407 846 1516 900 quo
1567 846 1785 901 possum
1842 832 2025 886 studio
2050 846 2181 903 pan-

577 921 709 977 dere
738 936 846 977 non
870 922 1096 991 desisto,
1127 930 1290 992 atque
1323 921 1445 978 ideo
1473 922 1629 979 vobis
1653 922 1940 994 epistolam
1967 923 2178 995 synodi-

577 1027 700 1067 cam
748 1013 921 1068 sancti
964 1012 1149 1087 Cyrilli
1203 1013 1552 1069 Alexandrini
1599 1014 1873 1085 pontificis
1923 1013 2176 1071 Nestorio

573 1101 850 1170 quondam
896 1101 1510 1173 Constantinopolitano:
1553 1104 1705 1160 urbis
1732 1104 1992 1176 episcopo
2019 1104 2179 1160 desti-

578 1200 780 1261 natam,
810 1196 897 1251 cui
919 1190 1205 1251 duodecim
1235 1203 1364 1251 sunt
1398 1195 1636 1252 admixta
1666 1197 1901 1267 capitula
1930 1196 2178 1268 blasphe-

576 1285 697 1340 mia:
714 1284 965 1355 ejusdem
1005 1286 1239 1342 Nestorii
1268 1288 1368 1343 sub
1398 1290 1763 1345 anathematis
1796 1289 2176 1346 obsecratione

573 1370 887 1431 damnantia
922 1394 935 1430 :
964 1392 1125 1447 quam
1168 1393 1342 1448 nuper
1369 1378 1437 1434 de
1463 1379 1654 1435 Grmco
1690 1380 1742 1434 in
1784 1378 2031 1436 Latinum
2060 1381 2177 1437 elo-

570 1466 758 1536 quium
784 1468 1072 1535 transtuli,
1122 1483 1221 1539 per
1261 1476 1639 1525 veneratorem
1676 1478 1916 1526 vestrum
1955 1470 2172 1527 fratrem

571 1558 888 1613 Sanctulum
915 1558 1179 1615 destinavi
1213 1576 1227 1613 :
1256 1571 1623 1631 opportunum
1644 1577 1868 1633 prorsus
1903 1560 2009 1617 hoc
2037 1570 2175 1617 temo

574 1662 707 1719 pore
734 1650 1076 1719 existimans,
1107 1666 1217 1721 quo
1263 1651 1398 1707 tanti
1441 1653 1683 1710 doctoris
1713 1654 2011 1725 apostolica
2042 1652 2173 1710 ﬁdes

570 1738 773 1796 (iuncis
807 1740 1123 1811 jamdudum
1155 1743 1293 1798 bene
1319 1752 1620 1814 comperta,
1650 1743 1751 1800 sed
1782 1743 2027 1814 ignorata
2065 1741 2172 1799 La-

2276 558 2374 615 sed
2394 561 2624 631 quadam
2647 562 2992 633 simplicitate
3020 563 3297 633 falluntur,
3321 567 3447 638 quia
3475 582 3610 640 saepe
3635 569 3822 638 contigit

2277 656 2339 708 ut
2368 650 2642 722 aspirante
2679 653 2792 713 Deo
2832 655 3050 712 veritati
3096 656 3445 713 commodent
3485 652 3700 715 studium
3745 662 3823 731 qui

2278 744 2564 803 mendacio
2592 746 2877 819 praebuere
2899 762 3247 807 consensum.
3268 746 3552 808 Memorati
3575 766 3685 821 ergo
3700 752 3825 808 beati

2277 832 2463 906 Cyrilli
2494 838 2693 907 scripta
2721 839 3009 909 prmsentia
3037 839 3285 895 eumdem
3297 839 3597 897 Nestorium
3617 859 3827 899 commeo

2277 914 2429 993 nent,
2457 935 2517 983 ut
2541 928 2873 997 unigenitum
2906 931 3000 985 Dei
3027 930 3221 986 Filium
3244 931 3313 987 de
3341 929 3502 987 Patre
3530 942 3695 988 natum
3722 945 3830 990 ante

2283 1018 2464 1073 omnia
2493 1018 2708 1085 saecula,
2739 1020 3091 1091 ejusdemque
3128 1021 3281 1091 cujus
3303 1030 3387 1077 cst
3410 1020 3570 1078 Pater
3589 1024 3827 1090 essentize,

2279 1107 2371 1179 qui
2394 1118 2618 1179 propter
2636 1116 2877 1164 nostram
2906 1110 3136 1166 salutem
3165 1110 3539 1177 descendit,et
3567 1113 3833 1169 incarnatus

2279 1208 2362 1255 est
2382 1199 2451 1255 de
2466 1199 2673 1271 Spiritu
2697 1208 2909 1268 sancto,
2936 1216 3003 1257 ex
3020 1201 3187 1257 Maria
3209 1200 3572 1272 Virgine,non
3599 1204 3769 1259 audeat
3787 1206 3832 1259 in

2278 1290 2415 1348 duos
2452 1290 2725 1361 dividere,
2776 1309 2876 1349 nec
2915 1294 3079 1349 solita
3107 1294 3405 1350 calliditate
3433 1295 3834 1365 conjunctionem

2277 1379 2586 1450 quamdam,
2614 1387 2669 1433 et
2692 1380 3011 1436 societatem
3040 1380 3135 1435 Dei
3185 1388 3241 1437 ct
3279 1381 3515 1437 hominis
3559 1396 3837 1436 asseverare

2279 1471 2516 1526 nitatur:
2546 1485 2666 1541 qua:
2693 1472 2955 1527 vocabula
2986 1472 3131 1527 nulla
3167 1474 3450 1543 utriusque
3501 1482 3693 1527 naturae
3719 1475 3839 1528 inse

2276 1560 2569 1633 parabilem
2593 1563 2877 1629 unitatem,
2911 1578 3013 1619 nec
3035 1564 3464 1632 singularitatem
3491 1579 3738 1634 personte,
3763 1566 3839 1620 vel

2286 1661 2437 1710 certe
2479 1653 2842 1709 subsistentite
2864 1652 2985 1709 Filii
3006 1654 3102 1710 Dei
3122 1655 3189 1709 ab
3210 1668 3277 1710 eo
3304 1655 3516 1726 prolata
3542 1654 3840 1724 signiﬁcant,

2275 1745 2372 1801 sed
2398 1745 2507 1801 duo
2554 1746 2802 1816 quaadam
2832 1745 2918 1801 vel
2948 1746 3101 1817 plura
3149 1746 3338 1817 potius:
3368 1738 3480 1801 sub
3510 1746 3608 1801 hac
3635 1746 3842 1801 istorum

572 1830 700 1886 tiuis
720 1831 1303 1889 intctcnusinnotcscat
1328 1844 1420 1889 :nt
1440 1834 1757 1891 Nestoriana
1780 1836 1928 1891 labes
1952 1835 2172 1892 eviden-
2203 1846 2251 1907 Β
2278 1838 2553 1893 hominum
2584 1838 2871 1894 occasione
2906 1838 3299 1906 demonstrant,
3330 1838 3743 1908 sceleratamque
3766 1838 3845 1893 di-

570 1933 657 1979 ter
677 1935 1000 1994 agnoscatur
1020 1926 1087 1981 ab
1116 1927 1441 1993 hominibus,
1474 1937 1531 1984 ct
1562 1944 1660 1999 pro
1698 1944 1796 1983 sua
1826 1928 2165 1997 malignitate

572 2003 766 2070 merito
790 2024 1097 2085 respuatur,
1143 2031 1266 2087 qure
1293 2017 1392 2072 sub
1418 2024 1687 2088 prsetextu
1717 2016 1840 2073 fidei
1881 2015 2165 2087 perﬁdiam

572 2106 849 2163 insinuare
887 2124 996 2165 non
1044 2109 1265 2177 desinit,
1310 2118 1366 2165 et
1410 2108 1594 2165 furore
1630 2108 1855 2165 Judaico
1884 2108 2087 2179 pariter
2113 2116 2170 2165 et

569 2213 756 2255 errore
785 2196 1230 2269 tranquillitatem
1260 2200 1543 2257 cathoiiete
1572 2199 1832 2257 Ecclesia:
1859 2210 1977 2257 toto
2007 2209 2175 2257 terra-

573 2289 845 2345 rnmorbc
884 2289 1090 2346 dilfusa:
1118 2290 1341 2346 turbare
1369 2292 1671 2349 contendit.
1706 2292 1775 2347 Et
1815 2294 1940 2348 licet
1966 2294 2171 2363 optime

572 2380 812 2436 noverim
832 2380 978 2449 quod
1004 2390 1274 2452 prteccpta
1306 2382 1542 2438 salubria
1574 2384 1885 2454 nequissimi
1924 2385 2170 2441 homines

571 2469 842 2526 hostiliter
860 2472 1073 2530 audiant
1094 2514 1109 2539 ,
1146 2488 1354 2543 suaque
1384 2473 1692 2544 dependere
1735 2475 1962 2530 consilia
1993 2490 2165 2545 prava

569 2562 893 2634 persistant;
936 2570 1116 2621 tamen
1149 2564 1447 2621 omittenda
1477 2582 1585 2622 non
1614 2576 1697 2622 cst
1724 2567 2061 2639 quantalibet
2088 2567 2170 2621 in-

2273 1931 2539 1987 visionem
2588 1936 2700 1984 tam
2740 1930 2932 1985 nefarii
2984 1930 3253 1999 dogmatis
3307 1929 3577 1997 conditor,
3602 1944 3701 1999 qua
3738 1934 3847 2004 ejus

2274 2020 2574 2092 impiissimi
2594 2028 2894 2076 sectatores
2913 2019 3176 2090 dignitate
3189 2020 3420 2089 quadam
3449 2028 3504 2074 et
3522 2021 3845 2085 auctoritate,

2274 2122 2377 2167 nec
2398 2127 2505 2167 non
2528 2117 2584 2166 et
2608 2110 2875 2166 relatione
2906 2111 2986 2167 sic
3010 2118 3071 2165 ut
3116 2111 3216 2180 ipsi
3246 2111 3519 2181 desipiunt
3544 2122 3848 2168 connectere

2272 2204 2591 2258 moliuntur.
2618 2200 2726 2258 Sed
2752 2201 2865 2272 jam
2895 2202 3089 2257 melius
3118 2202 3218 2256 ista
3244 2218 3388 2273 smpe
3414 2203 3545 2261 dicti
3574 2202 3740 2259 Patris
3765 2218 3849 2258 as-

2272 2295 2512 2351 sertione
2556 2295 2883 2365 pandantur,
2939 2294 3288 2351 beatitudinis
3342 2304 3534 2350 vestra:
3586 2295 3853 2351 catholica!

2274 2400 2463 2454 pacem
2516 2384 2890 2453 redintegrare
2936 2385 3223 2456 prepitius,
3274 2401 3482 2455 nosque
3528 2387 3579 2440 in
3608 2386 3854 2445 membr'u

2272 2479 2388 2547 ejus
2417 2477 2611 2534 vestris
2629 2476 2879 2548 precibus
2902 2475 3179 2533 custodire
3202 2476 3469 2546 dignetur.

585 2688 3851 2720 ww

1271 2794 1651 2859 EPISTOLA
1688 2795 1752 2855 S.
1802 2795 2125 2858 CYRll.LI
2170 2792 2728 2857 ALEXANDlllNl
2770 2790 3151 2867 EPISCOP],

603 2912 875 2957 NIECTA
925 2912 1240 2958 NESTORIO
1281 2911 1589 2967 QCONDAM
1645 2910 2163 2959 εολετητικοιό

2267 2910 2429 2956 ΓΔΕΒ
2487 2909 2674 2954 ιῖιιωε
2723 2908 3048 2968 EPISCOPO,
3105 2908 3437 2956 DUODEOlII
3481 2912 3833 2962 CONTINBSS

1762 3012 1839 3056 ΑΒ
1851 3011 2290 3057 ΔἸἩΙΞΠΔΤΙΒΜΙ
2330 3009 2561 3055 CAPIT!)
2571 3011 2666 3055 LA.

2122 3119 2313 3141 α--ι-ο

636 3190 1098 3255 Domino‘sancto
1152 3194 1302 3252 fratri
1350 3197 1601 3256 Nestorio
1637 3197 1896 3270 episcopo
1921 3197 2155 3271 Cyrillus
2184 3203 2228 3266 ρ
2259 3205 2385 3269 gata
2408 3205 2514 3257 est.
2547 3198 2874 3267 praesidente
2899 3197 3244 3256 sanctissimo
3282 3197 3450 3256 fratre
3489 3208 3546 3255 et
3573 3188 3867 3262 conSacer-

563 3291 872 3363 episcopus,
902 3297 959 3345 et
985 3303 1107 3360 quae
1135 3276 1387 3344 convenit
1409 3290 1555 3360 apud
1584 3288 1965 3345 Alexandriam
1993 3305 2159 3363 syno-

564 3385 666 3440 dus
690 3400 758 3439 ex
781 3381 1036 3454 Egyptia
1062 3380 1282 3437 dimcesi
1312 3382 1365 3436 in
1396 3380 1626 3438 Domino
1654 3382 1908 3438 salutem.

634 3477 771 3532 Cum
814 3475 1067 3531 Salvator
1113 3484 1300 3531 noster
1347 3485 1536 3546 aperte
1585 3476 1900 3546 pronuntiet
1937 3476 2155 3542 dicens,

565 3568 667 3634 Qui
688 3568 857 3639 diligit
900 3577 1100 3638 patrem
1124 3575 1214 3620 aut
1252 3577 1471 3621 matrem
1500 3583 1653 3637 super
1679 3583 1778 3633 me,
1829 3584 1935 3622 non
1962 3578 2038 3622 est
2065 3583 2147 3621 me

563 3661 789 3732 dignus,-
820 3666 867 3713 et
896 3658 984 3730 qui
1011 3658 1187 3729 diligit
1226 3658 1393 3728 ﬁlium
1424 3669 1514 3711 aut
1543 3658 1709 3728 ﬁliam
1740 3674 1895 3729 super
1917 3676 2018 3726 me,
2055 3674 2159 3713 non

561 3761 636 3807 est
666 3766 746 3806 me
774 3752 964 3821 dignus
995 3767 1011 3803 :
1043 3749 1170 3818 quid
1204 3765 1303 3805 nos
1332 3748 1599 3821 patiemur
1624 3750 1715 3819 qui
1755 3750 2101 3819 deposcimus
2128 3765 2159 3805 a

562 3853 654 3900 tua
704 3843 965 3912 religione
996 3851 1055 3897 ut
1098 3851 1151 3899 te
1180 3857 1345 3914 super
1368 3841 1642 3898 Christum
1672 3840 2014 3897 Salvatorem
2044 3857 2163 3897 oni-

565 3940 711 3993 nium
734 3935 1017 4005 diligamus
1036 3934 1063 3989 ?
1088 3933 1218 4003 Quis
1247 3935 1392 3991 enim
1443 3935 1595 3991 nobis
1624 3934 1681 3991 in
1708 3934 1796 3991 die
1812 3933 1999 4005 judicii
2030 3933 2159 3990 sub-

562 4030 748 4085 venire
771 4029 988 4099 poterit,
1013 4035 1104 4082 aut
1131 4043 1293 4100 quam
1322 4028 1747 4084 satisfactionem
1776 4028 2021 4099 reperire
2063 4044 2161 4100 po-

564 4122 810 4186 terimus,
847 4120 921 4174 ita
977 4118 1292 4174 diuturnum
1341 4121 1615 4174 silentium
1661 4119 1730 4174 de
1775 4120 2002 4191 prolatis
2046 4128 2162 4176 ate

561 4223 752 4270 contra
779 4227 902 4268 cum
926 4212 1274 4281 blasphemiis
1295 4213 1670 4268 continentes?
1696 4210 1870 4267 Etiam
1894 4213 2159 4282 siquidem

563 4314 616 4369 te
653 4302 1024 4360 tantummodo
1076 4301 1329 4369 laedercs,
1371 4304 1574 4358 docens
1616 4303 1720 4357 ista
1765 4304 1851 4358 vel
1896 4305 2159 4373 sentiens,

560 4392 867 4452 sollicitudo
893 4393 1050 4449 nobis
1093 4392 1270 4449 minor
1314 4394 1573 4450 existeret
1604 4412 1617 4448 :
1674 4411 1796 4451 cum
1827 4411 1956 4450 vero
1989 4403 2161 4450 totam

560 4484 1013 4541 scandalizaveris
1055 4483 1388 4549 Ecclesiam,
1430 4495 1484 4539 et
1549 4486 1875 4542 fermentum
1931 4488 2161 4545 insolita:

2266 3290 2398 3346 dote
2420 3300 2609 3345 nostro
2637 3288 2932 3345 Caelestino
2958 3291 3236 3360 episcopo,
3262 3289 3347 3346 his
3370 3291 3587 3362 scriptis
3613 3292 3728 3363 jam
3750 3304 3868 3349 ter-

2262 3383 2340 3438 tio
2363 3382 2736 3448 convenimus,
2760 3382 3047 3437 consilium
3088 3384 3282 3438 dantes
3312 3392 3370 3437 ut
3403 3392 3455 3439 te
3478 3400 3507 3438 a
3540 3392 3653 3440 tam
3683 3388 3868 3458 pravis

2260 3473 2535 3529 abstineas
2576 3472 2937 3544 distortisque
2977 3473 3338 3543 dogmatibus,
3385 3490 3505 3545 quae
3549 3485 3608 3531 et
3660 3479 3868 3535 sentire

2260 3566 2621 3632 cognosceris.
2653 3573 2710 3620 et
2737 3565 2952 3621 docere.
2988 3565 3240 3637 Recipias
3271 3584 3399 3624 vero
3445 3566 3605 3624 ﬁdem
3658 3583 3868 3629 rectam

2260 3652 2516 3710 Ecclesiis
2562 3668 2661 3725 per
2685 3654 3026 3710 beatissimos
3054 3656 3338 3725 apostolos
3393 3665 3448 3711 et
3495 3660 3868 3727 evangelistam

2260 3744 2329 3798 ab
2356 3743 2510 3800 initio
2534 3743 2809 3812 traditam,
2838 3744 2932 3813 qui
2961 3752 3017 3799 et
3062 3745 3234 3800 oculis
3261 3745 3646 3815 inspexerunt,
3676 3756 3737 3802 et
3769 3751 3868 3805 mi~

2263 3834 2415 3888 nistri
2444 3832 2597 3889 verbi
2625 3824 2789 3888 fuisse
2816 3840 3209 3889 monstrantur.
3243 3833 3399 3901 Quod
3444 3835 3489 3891 si
3537 3836 3647 3892 boc
3676 3839 3868 3908 religic

2261 3935 2351 3981 tua
2382 3924 2560 3982 facere
2590 3925 2879 3993 distulerit,
2900 3924 3052 3994 juxta
3078 3926 3389 3982 dilationem
3414 3928 3609 3984 litteris
3624 3930 3868 3999 prteiini

2254 4026 2369 4073 tam
2413 4018 2737 4074 sanctissimi
2762 4028 2818 4074 et
2841 4017 3289 4074 venerandissimi
3326 4022 3749 4078 consacerdotis
3779 4040 3868 4079 no-

2260 4111 2358 4166 stri
2402 4110 2664 4165 Romana:
2703 4110 2949 4180 praesulis
2987 4109 3239 4166 Ecclesia:
3285 4110 3564 4168 Cutlestini
3596 4132 3611 4167 :
3644 4116 3800 4171 scias
3829 4125 3868 4172 tt

2258 4204 2461 4258 nullam
2490 4212 2693 4258 sortem
2727 4204 2929 4259 habere
2957 4205 3262 4271 nobiscum,
3294 4222 3393 4263 nec
3422 4208 3602 4265 locum
3634 4216 3736 4264 aut
3765 4211 3868 4266 col.

2262 4295 2500 4365 loquium
2526 4310 2703 4349 meum
2730 4294 2798 4349 de
2822 4296 3196 4350 sacerdotibus
3219 4306 3275 4351 et
3295 4301 3566 4369 episcopis
3590 4302 3864 4357 obtinere

2262 4403 2368 4441 non
2399 4386 2542 4442 enim
2592 4385 2670 4441 fas
2701 4393 2782 4440 est
2811 4393 3161 4441 contemnere
3191 4403 3291 4442 nos
3329 4386 3603 4446 Ecclesias
3654 4390 3737 4445 ita
3772 4403 3868 4447 tur

2261 4479 2435 4541 betas,
2484 4486 2539 4533 et
2567 4477 2971 4533 scandalizatos
3007 4478 3273 4550 populos,
3311 4479 3578 4548 iidemque
3628 4484 3865 4538 rectissi

562 4576 842 4646 pravitatis
872 4584 926 4630 et
953 4592 1105 4630 nova:
1127 4572 1345 4632 haeresis
1375 4579 1659 4634 miscueris
1688 4581 1740 4634 in
1778 4581 2012 4649 p0pulis,
2050 4592 2155 4634 non

2267 4584 2405 4623 mam
2426 4568 2713 4637 violatam,
2768 4568 3087 4638 dissipatum
3116 4570 3411 4639 quinetiam
3449 4586 3681 4641 gregem
3713 4591 3868 4645 qucn

564 4675 635 4719 ta:
662 4674 771 4720 tum
819 4664 1020 4721 ibidem
1064 4667 1281 4736 positis,
1329 4667 1425 4723 sed
1467 4667 1663 4741 ubique
1715 4671 2151 4728 consistentibus.

563 4756 697 4810 Nam
729 4764 943 4810 tuarum
987 4744 1386 4827 expositionum
1418 4756 1539 4813 libri
1571 4774 1669 4827 per
1709 4769 1907 4815 cuncta
1955 4762 2155 4831 vu'gati

562 4856 689 4901 sunt
714 4862 834 4918 qua:
864 4862 1028 4917 super
1057 4852 1244 4903 nostro
1266 4848 1480 4903 silentio
1509 4849 1648 4903 ultra
1680 4850 1766 4904 vel
1793 4851 2160 4906 excusationis

564 4954 744 4994 sermo
774 4938 1026 5004 sulliciat,
1057 4948 1149 4993 aut
1176 4940 1451 5009 quomodo
1484 4955 1590 4995 non
1621 4956 1844 4997 necesse
1871 4943 1940 4996 sit
1966 4942 2157 4997 memi-

565 5031 711 5085 nisse
738 5028 935 5086 Christi
966 5030 1174 5085 Domini
1213 5032 1292 5087 sic
1323 5031 1588 5087 dicentis:
1624 5030 1750 5089 Non
1786 5036 1977 5103 putetis
2019 5036 2155 5104 quod

562 5121 787 5174 venerim
815 5138 993 5191 pacem
1032 5123 1235 5177 mittere
1275 5122 1329 5176 in
1373 5131 1562 5177 terram
1582 5163 1598 5191 ,
1626 5123 1720 5178 sed
1744 5124 2009 5193 gladium;
2040 5126 2156 5181 veni

562 5212 697 5264 enim
742 5222 985 5280 separare
1023 5214 1280 5268 hominem
1307 5213 1552 5267 adversus
1582 5223 1781 5285 patrem
1821 5231 1988 5279 suum,
2012 5223 2062 5269 et
2087 5216 2155 5285 ﬁ-

563 5302 688 5355 lium
718 5302 962 5356 adversm
1003 5314 1219 5358 matrem
1262 5319 1431 5358 suam.
1455 5302 1586 5358 Nam
1614 5319 1737 5361 cum
1766 5306 1977 5363 lazditur
1999 5306 2149 5372 tides,

565 5401 851 5463 parentum
893 5400 1196 5449 revereuta
1225 5394 1373 5450 velut
1399 5395 1602 5451 inutilis
1624 5404 1679 5452 et
1705 5396 2007 5466 periculosa
2050 5397 2152 5453 de-

564 5486 819 5555 spicitur,
850 5494 907 5539 et
936 5500 1087 5539 amor
1120 5500 1246 5554 erga
1298 5486 1435 5543 tilios
1472 5486 1771 5557 fratresque
1804 5489 2004 5543 vitatur
2037 5505 2050 5543 :
2083 5489 2153 5544 ad

565 5584 897 5647 postremum
920 5591 1082 5646 super
1104 5577 1271 5646 ipsam
1289 5579 1451 5633 vitam
1476 5595 1622 5635 mors
1643 5581 1821 5650 potius
1846 5595 1875 5633 a
1901 5581 2002 5649 piis
2023 5581 2153 5635 viris

562 5666 796 5737 cligitur,
825 5676 886 5722 ut
910 5668 1187 5724 meliorem
1220 5672 1691 5736 resurrectionem,
1723 5673 1864 5727 sicut
1890 5675 2151 5744 scriptum

563 5768 662 5823 est,
696 5769 1115 5830 consequantur.
1142 5760 1278 5817 Ecce
1326 5762 1507 5832 itaque
1532 5773 1584 5819 te
1622 5764 1927 5821 simulem
1960 5775 2151 5822 sancta

558 5850 820 5927 synodus,
848 5866 968 5921 qua:
994 5852 1134 5923 apud
1165 5853 1399 5924 amplam
1429 5854 1615 5910 urbem
1658 5854 1886 5911 Romam
1918 5869 2154 5926 congre-

2267 4660 2538 4715 custodire
2567 4659 2849 4724 debueras,
2878 4659 3101 4728 ctjuxta
3133 4671 3533 4718 nos.amatores
3561 4666 3710 4719 recti
3746 4666 3866 4734 dog

2265 4752 2426 4807 matis
2453 4751 2771 4817 exstitisscs,
2805 4761 2860 4806 et
2908 4762 3217 4809 sanctorum
3267 4752 3483 4810 Patrum
3516 4759 3765 4825 vestigia
3803 4763 3861 4828 pi

2265 4852 2605 4899 consectans.
2635 4842 2836 4898 Omnes
2883 4845 3064 4914 itaque
3106 4860 3265 4913 quos,
3297 4857 3519 4917 propter
3546 4850 3762 4915 fidem,
3806 4862 3868 4905 tu

2238 4978 2241 4981 ι
2265 4935 2455 5006 religio
2484 4950 2514 4989 a
2550 4936 2931 4991 communione
2960 4937 3207 5000 removit,
3241 4945 3333 4992 aut
3362 4954 3392 4992 a
3423 4954 3521 4995 suo
3546 4941 3766 4997 ordine
3800 4942 3868 4997 de

2265 5026 2463 5097 posuit,
2496 5024 2662 5081 laicos
2685 5033 2741 5081 et
2768 5024 3011 5091 clericos,
3058 5026 3109 5079 in
3154 5035 3335 5083 nostra
3358 5030 3775 5087 communione
3808 5049 3868 5088 re

2263 5116 2536 5187 cepimus,
2575 5132 2686 5172 non
2729 5115 2937 5186 justum
2966 5123 3049 5171 est
3074 5131 3171 5173 eos
3198 5117 3302 5173 tuis
3330 5118 3567 5177 decretis
3606 5124 3868 5192 opprimi

2262 5210 2353 5277 qui
2383 5215 2652 5264 noverunt
2674 5215 2822 5262 recta
2851 5208 3073 5271 lentae,
3101 5208 3193 5278 qui
3223 5209 3386 5264 etiam
3429 5210 3570 5267 bene
3602 5214 3868 5269 faciente

2264 5299 2357 5353 tibi
2380 5297 2795 5368 prudentissime
2835 5298 3153 5352 restiterunt
3181 5316 3193 5351 :
3228 5298 3334 5355 hoc
3372 5300 3511 5356 idem
3539 5318 3811 5373 namque
3846 5305 3865 5357 i

2261 5388 2490 5459 epistola
2534 5404 2696 5458 quam
2746 5388 2938 5442 misisti
2985 5388 3052 5442 ad
3091 5389 3374 5457 praesulem
3426 5393 3627 5462 ampla:
3690 5393 3868 5449 Rom:

2262 5492 2509 5540 sanctum
2536 5491 2592 5537 et
2611 5482 2995 5552 coepiscopum
3032 5489 3277 5536 nostrum
3306 5482 3672 5540 leestinum
3705 5487 3867 5555 signi

2264 5576 2425 5631 licare
2452 5573 2651 5631 curasti
2686 5589 2700 5626 :
2734 5587 2841 5628 non
2888 5580 3068 5627 autem
3108 5570 3306 5627 sullicit
3335 5581 3437 5627 tute
3481 5576 3761 5645 religioni
3797 5592 3868 5630 so

2263 5666 2540 5723 lummodo
2573 5662 2692 5720 fidei
2732 5663 3039 5736 symbolum
3075 5661 3344 5732 conﬁteri,
3375 5666 3518 5734 quod
3549 5666 3867 5735 expositm

2262 5771 2345 5818 est
2374 5776 2471 5833 per
2500 5760 2643 5821 itlem
2674 5768 2912 5829 Emptis,
2943 5756 3116 5812 sancti
3138 5754 3369 5828 Spiritus
3398 5757 3690 5826 largitate,
3722 5772 3756 5812 a
3793 5772 3868 5810 ve

2263 5853 2502 5910 nerando
2531 5860 2586 5907 et
2606 5865 2801 5922 magno
2825 5850 3053 5906 concilio
3076 5847 3220 5917 apud
3244 5847 3476 5904 Nicaeam
3498 5859 3867 5919 congregata

3758 5977 3851 6037 νδ
