4034 6206
450 393 527 451 13
1439 388 1770 449 EPISTOLA
1807 385 2154 448 SYNODICA
2180 388 2236 447 S.
2277 388 2576 453 CVRILLL
2596 386 2752 447 ETC.
3654 391 3725 450 η

448 509 559 566 hoc
580 507 723 565 enim
750 523 850 565 nec
877 504 1211 571 intellexisti,
1239 518 1338 565 nec
1367 515 1515 563 recte
1545 507 1929 578 interpretatus
1957 522 2042 573 es,
2070 512 2120 571 Α
2147 503 2534 574 plenitudinem
2564 504 2780 560 deitatis
2800 505 3178 577 corporaliter,
3210 511 3448 566 attamen
3476 508 3730 579 intelligi-

448 600 693 670 qninimo
712 612 983 669 perversae
1018 598 1144 653 licet
1167 612 1305 653 sono
1331 598 1478 677 vocis
1508 598 1697 653 cadent
1727 598 1889 652 verba
1915 612 2044 667 pro-

450 692 659 753 tuleris,
688 690 782 746 sed
829 703 1170 758 consequens
1199 697 1284 745 est
1331 700 1387 745 et
1429 688 1783 757 jurejurando
1813 687 1967 743 fateri
1992 695 2045 743 te

449 782 598 853 quod
622 781 1049 837 anathematizes
1076 779 1235 835 fidem
1259 787 1404 835 tuam
1429 779 1712 850 pollutam,
1745 786 1800 834 et
1822 778 2044 849 profana

448 874 775 930 documenta
802 885 908 942 qua
936 871 1104 929 sentis
1125 879 1179 926 et
1194 871 1392 926 doceas
1412 884 1533 939 quze
1556 886 1653 925 nos
1677 870 1911 925 universi
1932 869 2047 925 sive

450 980 551 1037 per
575 962 875 1030 Orientem,
903 977 1003 1018 seu
1032 976 1130 1033 per
1157 959 1500 1017 Occidentem
1527 960 1765 1032 episcopi
1789 966 1844 1015 et
1875 959 2045 1029 magi-

447 1056 550 1114 stri
598 1056 962 1127 przesulesque
988 1053 1330 1125 populorum,
1359 1053 1628 1109 credimus
1674 1062 1728 1107 et
1766 1051 2042 1108 docemus.

450 1145 712 1215 Epistolis
740 1152 921 1200 autem
938 1145 1005 1199 ab
1030 1144 1359 1199 Alexandria
1391 1151 1494 1198 tuae
1523 1144 1773 1213 religioni
1803 1143 2042 1211 directis,

448 1232 705 1290 Ecclesim
725 1249 1047 1290 consensum
1072 1234 1319 1305 praebuit,
1345 1243 1451 1288 tam
1476 1248 1539 1289 ea
1560 1249 1679 1304 quzc
1695 1233 1834 1305 apud
1858 1234 2047 1291 urbem

450 1324 681 1380 Romam
713 1326 967 1381 convenit
1017 1335 1201 1381 sancta
1230 1326 1486 1395 synodus,
1518 1341 1681 1395 quam
1736 1325 1899 1380 etiam
1949 1340 2048 1381 nos

449 1432 639 1472 omnes
668 1416 816 1472 velut
865 1423 1015 1472 recte
1068 1415 1658 1486 interpretabiliterque
1705 1414 2045 1486 conscriptis.

448 1508 797 1564 Subdidimus
826 1517 1011 1563 autem
1050 1506 1136 1564 his
1163 1508 1364 1564 nostris
1392 1509 1586 1564 litteris
1610 1524 1728 1577 qum
1767 1517 1816 1563 te
1845 1508 2049 1565 sentire

450 1608 671 1669 Oportet
700 1608 756 1655 et
784 1599 1001 1665 docere,
1052 1608 1106 1655 et
1131 1617 1160 1653 a
1192 1600 1388 1669 quibus
1421 1599 1695 1655 abstinere
1738 1599 2045 1658 conveniat.

450 1688 579 1744 Haec
602 1698 684 1744 est
710 1689 855 1746 enim
878 1687 1010 1743 ﬁdes
1031 1689 1314 1744 catholicae
1350 1699 1403 1743 et
1429 1689 1740 1759 apostolicae
1773 1688 2045 1754 Ecclesim,

448 1784 537 1839 cui
570 1784 752 1838 cuncti
775 1783 1123 1839 consentiunt
1154 1782 1442 1837 orthodoxi
1473 1798 1569 1853 per
1601 1782 1873 1847 Orientem
1902 1780 2051 1841 Occi-

2148 610 2267 649 mus
2300 609 2444 659 eum,
2468 595 2614 665 quod
2636 610 2765 651 caro
2788 593 2981 663 factus,
3005 614 3112 653 non
3142 599 3282 655 sicut
3311 600 3365 655 in
3393 601 3596 656 sanctis
3640 601 3732 655 lia-

2148 685 2319 741 bitare
2365 685 2591 753 dicatur,
2643 702 2747 744 nec
2796 687 2959 744 talem
3010 689 3062 745 in
3094 691 3209 761 ipso
3240 691 3626 749 habitationem
3653 693 3730 746 fa-

2146 788 2287 833 ctam
2320 776 2543 833 detinire
2569 778 2912 845 tentavimus,
2964 780 3058 835 sed
3085 781 3264 836 unitus
3282 779 3434 850 juxta
3462 790 3727 848 naturam,

2146 882 2247 923 nec
2275 866 2327 921 in
2352 882 2568 923 carnem
2612 869 2825 939 penitus
2850 878 3212 928 commutatus
3242 872 3405 928 talem
3453 872 3555 928 sibi
3606 872 3735 932 fecit

2146 956 2534 1014 habitationem
2565 958 2779 1029 qualem
2801 967 2857 1014 et
2883 958 3060 1015 anima
3084 959 3317 1020 hominis
3360 961 3562 1019 habere
3609 979 3733 1021 crc-

2146 1050 2291 1113 ditur
2311 1049 2377 1105 ad
2405 1051 2684 1122 proprium
2713 1067 2932 1123 corpus.
2961 1050 3109 1108 Unus
3148 1052 3310 1125 igitur
3360 1064 3446 1112 est
3489 1053 3735 1113 Christus

2146 1142 2314 1199 Filius
2352 1143 2610 1200 Dominus
2636 1152 2819 1199 noster
2846 1159 2955 1201 non
2985 1144 3130 1200 velut
3155 1145 3536 1216 conjunctione
3555 1147 3733 1219 quali.

2148 1232 2259 1303 bet,
2292 1245 2351 1293 ut
2376 1238 2428 1293 in
2452 1237 2658 1293 unitate
2686 1236 2963 1305 dignitatis
3008 1244 3063 1292 et
3116 1238 3453 1294 auctoritatis
3499 1239 3737 1294 hominis

2147 1328 2394 1384 habentis
2417 1328 2483 1382 ad
2507 1324 2674 1382 Deum
2703 1346 2715 1380 :
2751 1344 2857 1384 non
2888 1328 3031 1384 enim
3078 1335 3257 1401 potest
3310 1329 3465 1384 unire
3514 1338 3737 1386 naturas

2149 1419 2265 1477 Sola
2294 1417 2568 1488 dignitatis
2596 1420 2896 1488 mqualitas.
2929 1418 3169 1489 Denique
3200 1418 3391 1475 Petrus
3417 1428 3473 1475 et
3500 1416 3736 1475 Joannes

2147 1510 2368 1581 aequalis
2396 1518 2523 1565 sunt
2567 1511 2827 1567 alteruter
2871 1510 3166 1581 dignitatis,
3216 1518 3439 1582 propter
3484 1508 3628 1580 quod
3681 1516 3738 1581 tt

2149 1600 2378 1672 apostoli
2408 1610 2463 1656 et
2486 1601 2657 1656 sancti
2681 1600 2924 1671 discipuli
2949 1617 3069 1657 esse
3091 1606 3459 1657 monstrantur
3484 1618 3497 1652 :
3532 1615 3749 1654 verum»

2149 1700 2350 1757 tamen,
2381 1700 2607 1762 uterque
2635 1707 2740 1748 non
2771 1707 2909 1748 unus
2935 1700 3039 1759 est,
3072 1707 3171 1747 nec
3188 1691 3344 1759 juxta
3369 1689 3737 1753 collationem,

2152 1782 2236 1837 vel
2265 1780 2677 1850 connexiouem,
2710 1782 2928 1839 modum
2952 1782 3347 1849 conjunctionis
3375 1780 3735 1835 advertimus:

450 1873 777 1943 dentemque
790 1871 1450 1943 pontifices:Credimusin
1465 1889 1630 1927 unum
1650 1871 1814 1927 Deum
1830 1872 2044 1928 Patrem
2081 1888 2125 1951 Β
2153 1872 2258 1929 hoc
2275 1871 2419 1928 enim
2446 1871 2511 1927 ad
2540 1872 2798 1927 unitatem
2830 1888 2937 1927 non
2968 1870 3167 1928 suﬂicit
3187 1869 3506 1935 naturalem,
3530 1885 3631 1924 nec
3650 1884 3741 1923 sv-

453 1965 900 2034 omnipotentem,
925 1975 980 2019 et
1008 1963 1534 2034 cetera.Sequentcs
1557 1964 1737 2033 itaque
1752 1980 1850 2036 per
1864 1964 2045 2021 omnia

454 2065 769 2113 sanctorum
795 2063 1090 2127 martyrum
1113 2054 1499 2124 confessiones,
1523 2070 1678 2125 quas,
1710 2055 1967 2127 loquente
1992 2057 2048 2112 in

453 2146 534 2201 eis
547 2152 738 2201 sancto
754 2144 978 2214 Spiritu,
998 2144 1361 2214 protulerunt,
1385 2140 1737 2201 etintentioni
1754 2158 1873 2214 quae
1899 2144 2047 2201 estin

453 2251 641 2292 eorum
671 2235 1056 2302 intellectibus,
1085 2236 1254 2306 aequis
1281 2235 1521 2305 vestigiis
1569 2236 1894 2292 inhrerentes
1914 2276 1930 2303 ,
1960 2244 2046 2291 at-

454 2343 562 2396 que
584 2328 689 2381 iter
716 2326 1055 2381 ambulantes
1085 2324 1315 2392 regium,
1346 2326 1663 2394 prolitemur
1685 2325 1829 2396 quod
1874 2325 2047 2397 ipsum

455 2417 793 2484 unigenitum
823 2416 918 2471 Dei
947 2413 1204 2481 Verbum,
1240 2414 1523 2469 Dominum
1574 2424 1761 2470 natum
1812 2430 1880 2471 ex
1932 2415 2048 2488 ipsa

458 2507 633 2562 Patris
657 2508 917 2576 essentia,
944 2506 1013 2563 de
1042 2506 1154 2562 Deo
1183 2521 1315 2562 vero
1345 2505 1487 2563 Deus
1531 2523 1713 2579 verus,
1754 2507 1936 2564 lumen
1980 2509 2050 2566 de

459 2598 678 2664 lumine,
706 2613 807 2669 per
845 2612 1007 2670 quem
1038 2597 1221 2653 omnia
1260 2598 1398 2653 facta
1427 2606 1573 2665 sunt,
1606 2597 1720 2655 sive
1767 2597 1822 2654 in
1875 2598 2047 2667 caelis,

456 2688 575 2744 sive
621 2690 678 2743 in
718 2697 882 2755 terra,
929 2688 1122 2743 salutis
1172 2695 1371 2743 nostrae
1419 2702 1583 2744 causa
1622 2687 1953 2745 descendens
1981 2688 2050 2746 ad

457 2778 884 2833 exinanitionem
912 2791 1035 2833 esse
1063 2777 1311 2846 dignatus
1333 2785 1417 2832 est
1446 2777 1706 2833 inclinare
1734 2796 1747 2833 :
1797 2780 2048 2835 incarna-

458 2880 549 2926 tus
573 2880 753 2927 autem
784 2879 839 2926 et
866 2871 1030 2927 homo
1057 2870 1247 2936 factus,
1282 2869 1334 2925 id
1362 2880 1446 2926 est
1474 2885 1694 2926 carnem
1722 2869 1790 2926 de
1832 2868 2051 2941 Virgine

456 2974 647 3020 sancta
678 2965 997 3035 suscipiens,
1031 2977 1257 3033 eamque
1280 2964 1552 3037 prepriam
1585 2962 1806 3030 faciens,
1850 2963 2049 3018 nativi-

459 3064 630 3111 tatem
657 3066 897 3111 nostram
926 3071 993 3111 ex
1022 3055 1177 3110 vulva
1209 3055 1482 3118 sustinuit,
1511 3054 1676 3111 homo
1705 3054 1773 3111 de
1826 3054 2051 3111 muliere

458 3148 777 3218 procedens,
807 3161 907 3203 nec
932 3145 1077 3217 quod
1098 3153 1214 3200 erat
1242 3145 1519 3216 abjicieus.
1555 3145 1687 3201 Nam
1728 3145 1854 3201 licet
1875 3142 2050 3201 factus

2149 1962 2381 2020 cundum
2412 1963 2839 2035 participatiouis
2865 1962 3134 2029 affectum,
3168 1963 3306 2019 sicut
3334 1977 3432 2018 nos
3457 1962 3618 2019 etiam
3641 1960 3735 2014 ad-

2150 2056 2416 2113 haerentes
2438 2056 2690 2123 Domino,
2713 2071 2851 2115 unus
2884 2071 3005 2113 cum
3031 2071 3097 2111 eo
3128 2056 3351 2126 spiritus
3377 2068 3591 2119 sumus,
3629 2052 3738 2123 inm

2148 2148 2330 2220 potius
2359 2146 2758 2215 conjunctionis
2788 2161 2988 2201 nomen
3008 2147 3294 2210 evitamus,
3324 2156 3576 2215 tanquam
3629 2160 3741 2199 null

2150 2241 2392 2301 existens
2416 2238 2667 2294 idoneum
2699 2238 2844 2309 quod
2872 2236 3141 2307 signiﬁcet
3188 2236 3410 2291 unitatis
3436 2250 3691 2291 arcanum
3717 2254 3733 2290 ι

2148 2330 2247 2386 sed
2276 2343 2451 2398 neque
2480 2327 2648 2383 Deum
2676 2336 2769 2385 aut
2814 2326 3099 2383 Dominum
3129 2326 3332 2381 Christi
3358 2324 3594 2380 Verbum
3643 2322 3740 2378 Dei

2150 2416 2331 2474 Patris
2353 2419 2666 2485 asserimus,
2699 2433 2767 2472 ne
2796 2418 2991 2475 iterum
3014 2416 3350 2473 manifestius
3372 2416 3427 2472 in
3474 2416 3580 2471 duo
3607 2415 3743 2471 divi-

2150 2510 2339 2571 damus
2363 2527 2527 2569 unum
2556 2508 2830 2566 Christum
2854 2509 3048 2567 Filium
3075 2520 3130 2571 et
3155 2509 3461 2573 Dominum,
3484 2509 3612 2563 etin
3637 2508 3742 2565 cri-

2152 2618 2273 2658 men
2303 2600 2572 2670 sacrilegii
2597 2600 2921 2669 recidamus,
2940 2600 3106 2657 Deum
3128 2600 3204 2656 illi
3227 2599 3461 2671 seipsum
3484 2598 3744 2655 facientes

2150 2702 2205 2750 et
2235 2693 2539 2749 Dominum.
2574 2689 2767 2748 Uuitus
2792 2692 3010 2762 quippe.
3045 2692 3184 2749 sicut
3204 2694 3450 2762 superius
3478 2690 3740 2758 diximus,

2151 2782 2294 2841 Deus
2322 2783 2559 2841 Verbum
2602 2783 2753 2840 carni
2796 2784 3091 2839 secundum
3131 2783 3567 2847 subsistentiam,
3600 2780 3744 2837 Deus

2150 2876 2368 2947 quidem
2395 2874 2730 2934 estomnium
2761 2884 2815 2930 et
2832 2873 3141 2933 dominatur
3166 2873 3744 2940 universitati,verum-

2151 2976 2330 3024 tamen
2355 2981 2456 3023 nec
2468 2980 2654 3023 servus
2682 2974 2736 3021 et
2757 2966 2862 3021 sibi
2909 2968 3047 3037 ipse,
3075 2982 3176 3023 nec
3202 2967 3601 3038 dominus,quia
3630 2967 3748 3025 ineo

2149 3069 2301 3132 ptum
2313 3070 2396 3116 est
2406 3060 2490 3116 vel
2504 3060 2683 3131 potius
2693 3059 2914 3131 impium
2927 3059 3243 3116 hocsentire
3253 3060 3337 3116 vel
3350 3059 3746 3129 dicere.Qnam-

2151 3156 2232 3212 vis
2245 3156 2389 3229 enim
2405 3155 2569 3212 Deum
2584 3170 2740 3211 suum
2757 3162 2964 3224 patrem
2982 3151 3200 3223 dixerit,
3212 3169 3333 3209 cum
3348 3153 3487 3209 Deus
3501 3153 3569 3210 sit
3582 3154 3747 3209 etiam

457 3242 530 3297 sit
560 3241 611 3295 in
639 3240 1004 3311 assumptione
1032 3236 1210 3295 carnis
1244 3246 1299 3293 et
1325 3236 1621 3309 sanguinis,
1656 3244 1837 3292 tamen
1882 3236 2047 3292 etiam
2079 3267 2125 3331 ο
2155 3248 2273 3318 ipse
2313 3254 2533 3311 natura,
2583 3254 2642 3303 ει
2689 3246 2759 3302 de
2779 3246 2921 3302 illius
2947 3245 3201 3311 essentia,
3235 3253 3412 3300 tamen
3442 3242 3749 3301 nullatenus

458 3336 540 3390 sic
567 3333 710 3403 quod
730 3340 846 3389 erat
877 3332 1038 3395 Deus.
1070 3340 1261 3387 natura
1309 3330 1519 3386 scilicet
1539 3338 1595 3384 et
1646 3329 1874 3386 veritate
1926 3344 2051 3401 pero

460 3426 677 3481 sistens.
706 3423 818 3479 Nec
846 3438 1068 3479 carnem
1116 3423 1297 3493 itaque
1327 3421 1554 3476 dicimus
1583 3419 1636 3475 in
1668 3428 1914 3475 naturam
1939 3421 2054 3476 dei-

462 3517 591 3571 tatis
619 3532 740 3573 esse
762 3531 1101 3581 conversam,
1135 3530 1235 3574 nec
1262 3515 1316 3569 in
1361 3513 1716 3569 substantiam
1755 3520 2055 3568 commuta-

462 3618 615 3664 tam:
663 3608 1089 3667 inconvertibilis
1145 3608 1347 3665 etenim
1380 3614 1549 3663 estet
1578 3603 2049 3673 incommutabilis,

465 3701 715 3771 idemque
762 3700 880 3771 ipse
926 3700 1081 3770 juxta
1127 3699 1436 3772 Scripturas
1478 3698 1679 3770 jugiter
1711 3713 2050 3769 permanens.

464 3792 624 3847 Visus
644 3800 728 3848 est
755 3804 935 3847 autem
964 3802 1020 3849 et
1064 3792 1335 3863 parvulus,
1385 3790 1479 3848 sed
1530 3790 1740 3862 positus
1786 3790 1962 3847 adhuc
2000 3792 2055 3847 in

463 3883 747 3939 cunabulis
763 3892 816 3939 ct
846 3884 898 3938 in
921 3882 1124 3939 sinibus
1146 3883 1422 3952 genitricis
1442 3881 1679 3951 Virginis
1706 3883 2052 3950 constitutus,

466 3974 775 4029 universam
797 3984 1100 4030 creaturam
1122 3974 1384 4045 replebat,
1441 3981 1502 4029 ut
1530 3972 1671 4028 Deus
1697 3974 1926 4042 genitori
1956 3989 2055 4029 suo

470 4064 732 4120 indivisus
751 4066 1019 4130 existens;
1052 4064 1197 4135 quod
1222 4065 1459 4120 divinum
1487 4073 1569 4120 est
1594 4064 1736 4119 enim
1755 4064 1873 4118 sine
1893 4079 2059 4134 quan-

471 4153 631 4206 titate
670 4162 725 4208 et
775 4155 891 4208 sine
930 4154 1072 4209 mole
1108 4154 1474 4223 cognoscitur,
1529 4168 1629 4210 nec
1666 4152 1785 4207 ullis
1815 4150 2058 4207 terminis

473 4242 798 4301 cantinetur.
822 4242 1041 4299 Unitum
1087 4259 1215 4313 ergo
1242 4259 1403 4300 carne
1436 4243 1668 4299 Verbum
1701 4241 1817 4307 Dei,
1866 4257 2057 4297 secun-

471 4332 604 4388 dum
618 4334 966 4390 substantiam
990 4333 1333 4399 confitentes,
1369 4351 1533 4390 unum
1555 4335 1842 4390 adoramus
1862 4331 2055 4389 Filium

468 4434 529 4480 et
560 4424 839 4481 Dominum
861 4424 1043 4483 Jesum
1070 4426 1363 4493 Christum,
1398 4443 1504 4482 non
1526 4441 1769 4480 seorsum
1792 4433 2058 4502 ponentes

470 4526 531 4575 et
555 4519 974 4575 determinantes
1002 4520 1274 4575 hominem
1302 4528 1357 4575 et
1408 4518 1576 4573 Deum
1628 4517 1777 4577 velut
1829 4516 2058 4573 invicem

470 4612 577 4670 sibi
631 4613 904 4684 dignitatis
958 4623 1015 4671 et
1068 4614 1405 4672 auctoritatis
1454 4614 1661 4668 unitate
1688 4611 2054 4681 coniunctos:

472 4705 579 4759 hoc
598 4706 739 4761 enim
768 4706 980 4761 novitas
1002 4706 1151 4761 vocis
1181 4714 1282 4771 est,
1307 4713 1362 4759 et
1383 4704 1526 4759 aliud
1568 4701 1722 4756 nihil.
1776 4700 1885 4755 Nec
1930 4701 2061 4755 item

471 4794 748 4853 Christum
773 4798 1078 4869 specialiter
1098 4798 1437 4856 nominantes
1460 4792 1628 4852 Deum
1642 4791 2060 4860 Verbum,qu

474 4913 547 4954 ex
572 4897 701 4960 Deo.
732 4907 867 4964 etc.,
898 4913 995 4954 nec
1024 4899 1252 4953 alterum
1276 4896 1523 4952 similiter
1550 4894 1820 4951 Christum
1850 4892 2061 4962 specia-

475 4986 603 5044 liter
646 4990 737 5058 qui
784 4988 854 5044 de
899 4990 1124 5045 muliere
1148 4997 1327 5056 natus,
1384 4998 1471 5043 etc
1494 5026 1510 5053 ,
1538 4986 1633 5042 sed
1665 5001 1828 5040 unum
1857 4984 2064 5039 solum-

476 5088 643 5143 modo
669 5086 942 5144 Christum
966 5088 1062 5144 Dci
1093 5090 1265 5144 Patris
1297 5086 1532 5144 Verbum
1558 5101 1679 5141 cum
1707 5085 1922 5155 propria
1949 5100 2067 5139 ear-

478 5203 553 5245 Ite
576 5190 988 5259 cognoscimus:
1016 5198 1143 5244 tunc
1181 5188 1326 5244 enim
1354 5189 1517 5242 etiam
1561 5186 1715 5255 juxta
1745 5202 1842 5239 nos
1873 5193 2066 5239 unctus

477 5296 588 5356 est,
608 5290 853 5360 quamvis
880 5291 1124 5361 eptl‘tluttt
1153 5290 1329 5358 dignis
1354 5289 1472 5358 ipse
1498 5288 1804 5352 contulerit,
1864 5295 1919 5342 ct
1960 5303 2066 5342 non

478 5389 902 5456 adniemm'am,
922 5390 1065 5445 sicut
1086 5390 1281 5445 beatus
1314 5389 1644 5460 evangelista
1692 5386 1928 5442 Joannes
1982 5402 2069 5441 as—

480 5493 675 5547 seruit.
696 5491 802 5547 Sed
827 5506 927 5546 nec
958 5491 1336 5559 iiluddicimas
1357 5489 1504 5561 quod
1530 5489 1628 5546 Dei
1657 5488 1895 5545 Verbum
1922 5488 2075 5543 velut

482 5594 543 5649 in
564 5592 781 5648 homine
807 5592 1097 5657 communi,
1129 5592 1219 5663 qui
1242 5590 1309 5647 de
1328 5599 1515 5647 sancta
1541 5590 1763 5661 Virgine
1788 5597 1948 5644 natus
1969 5594 2070 5655 est,

484 5695 762 5760 habitarit,
789 5710 857 5749 ne
885 5694 1055 5749 Deum
1090 5694 1249 5749 homo
1275 5692 1522 5749 Christus
1550 5693 1913 5747 habitatorem
1944 5706 2071 5762 pos-

485 5794 670 5852 sidere
697 5794 963 5849 credatur.
996 5792 1249 5860 Quamvis
1278 5789 1421 5846 enim
1464 5789 1691 5846 Verbum
1753 5790 2073 5844 habitaverit

489 5897 549 5955 in
577 5898 754 5967 nobis,
778 5903 834 5951 et
876 5893 1077 5949 dictum
1107 5895 1175 5951 sit
1204 5893 1257 5950 in
1289 5891 1505 5949 Chri5to
1559 5890 1803 5948 habitare
1852 5903 2069 5950 omnem

2154 3337 2463 3406 ignoramus
2498 3335 2644 3406 quod
2670 3351 2896 3390 manens
2927 3335 3086 3400 Deus,
3120 3335 3281 3391 homo
3310 3349 3525 3405 quoque
3569 3334 3748 3389 factus

2153 3427 2244 3492 sit,
2275 3426 2366 3496 qui
2386 3425 2487 3483 sub
2516 3426 2628 3482 Deo
2651 3426 2808 3496 juxta
2829 3426 3066 3482 debitam
3116 3425 3287 3495 legem
3318 3433 3511 3480 natura
3558 3425 3749 3481 huma-

2155 3523 2339 3581 nitatis
2358 3521 2634 3586 existeret,
2659 3520 2776 3589 ipse
2805 3534 2932 3574 vero
2961 3518 3063 3577 sibi
3107 3518 3193 3575 vel
3229 3517 3368 3572 Deus
3388 3525 3604 3588 poterat
3627 3532 3750 3573 esst:

2154 3612 2240 3668 vel
2268 3612 2525 3667 Dominus
2542 3628 2562 3665 ι
2590 3623 2721 3679 ergo
2747 3611 2890 3665 sicut
2916 3609 3080 3665 homo
3119 3616 3324 3678 quanto
3352 3606 3608 3665 decenter
3632 3608 3749 3663 exi-

2154 3702 2448 3767 nanitionis
2474 3716 2740 3757 mensurae
2766 3699 3035 3769 congruit,
3074 3699 3175 3756 sub
3203 3697 3316 3755 Deo
3364 3713 3425 3755 se
3464 3698 3750 3755 nobiseum

2156 3807 2276 3850 esse
2304 3791 2593 3859 disseruit,
2622 3790 2727 3847 hoc
2774 3790 2937 3845 etiam
2964 3788 3129 3844 modo
3156 3787 3257 3843 sub
3299 3788 3417 3857 lege
3444 3786 3617 3842 factus
3642 3796 3748 3850 est,

2155 3885 2403 3958 quamvis
2444 3884 2563 3954 ipse
2608 3882 3031 3953 promulgaverit
3082 3881 3278 3948 legem,
3304 3887 3359 3933 et
3387 3878 3665 3947 legislator
3693 3889 3753 3938 ut

2158 3973 2301 4028 Deus
2344 3970 2627 4027 exstiterit.
2661 3970 2925 4025 Curemus
2978 3983 3157 4024 autem
3187 3967 3255 4024 de
3281 3965 3498 4024 Christo
3545 3968 3751 4039 dicere,

2158 4063 2387 4134 Propter
2411 4070 2775 4118 assutueutem
2803 4075 3034 4115 veneror
3060 4066 3412 4131 assumptum,
3444 4068 3499 4115 et
3528 4067 3752 4134 propter

2160 4156 2478 4215 invisibilem
2530 4154 2699 4212 adoro
2749 4153 3031 4209 visibilem.
3061 4152 3399 4211 llorrendum
3430 4169 3559 4208 vero
3586 4169 3755 4224 super

2158 4250 2264 4306 hoc
2289 4249 2453 4307 etiam
2481 4245 2608 4302 illud
2635 4244 2891 4315 adjicere,
2923 4244 2972 4302 ls
2995 4243 3087 4314 qui
3112 4251 3393 4314 susceptus
3431 4250 3514 4299 est
3532 4257 3654 4299 cum
3683 4259 3753 4299 eo

2160 4341 2252 4412 qui
2276 4339 2513 4408 suscepit
2540 4336 2687 4408 quod
2714 4344 3055 4407 nuncupatur
3085 4333 3263 4390 Deus:
3313 4335 3403 4403 qui
3449 4335 3590 4390 enim
3636 4335 3755 4397 hate

2161 4432 2311 4497 dicit,
2343 4428 2534 4487 dividit
2561 4429 2755 4485 iterum
2782 4427 2837 4482 in
2865 4427 3000 4481 duos
3046 4426 3311 4490 Christus,
3341 4442 3466 4482 eum
3491 4426 3582 4499 qui
3612 4441 3755 4482 unus

2161 4533 2267 4592 est,
2298 4522 2571 4578 hominem
2613 4536 2857 4577 seorsum
2902 4520 2957 4577 in
2993 4529 3148 4589 parte
3170 4561 3188 4587 ,
3227 4528 3283 4574 et
3313 4520 3476 4574 Deum
3506 4520 3755 4575 similiter

2089 4640 2142 4700 Ι)
2166 4614 2220 4671 in
2247 4622 2401 4686 parte
2426 4611 2779 4669 constituens.
2804 4609 3094 4668 Evidenter
3141 4611 3286 4691 enim
3332 4610 3535 4666 divides
3576 4613 3756 4669 unita—

2165 4718 2297 4772 tem,
2351 4703 2497 4775 quod
2551 4718 2658 4759 non
2714 4703 2848 4758 alter
2894 4717 3017 4758 cum
3066 4703 3241 4758 altero
3267 4702 3611 4770 coadoratur,
3660 4713 3758 4759 aut

2163 4798 2308 4870 quod
2333 4802 2671 4866 nuncupatur
2698 4794 2862 4865 Deus,
2886 4793 2981 4849 sed
3007 4810 3144 4849 unus
3170 4793 3489 4865 intelligitur
3512 4793 3755 4851 Christus

2164 4888 2320 4947 Jesus
2346 4887 2440 4942 Dei
2469 4886 2653 4950 Filius,
2686 4886 3014 4956 unigenitus,
3055 4901 3160 4941 una
3188 4886 3450 4942 servitute
3473 4901 3597 4941 cum
3626 4901 3756 4955 pro-

2168 4978 2284 5049 pria
2314 4991 2479 5033 carne
2508 4974 2869 5031 venerandus.
2893 4973 3227 5031 Conlitemur
3247 4975 3407 5029 etiam
3437 4974 3581 5045 quod
3612 4974 3755 5033 idem

2170 5070 2282 5138 ipse
2324 5067 2415 5141 qui
2464 5082 2529 5122 ex
2588 5066 2699 5121 Deo
2748 5064 2910 5122 Patre
2964 5075 3120 5120 natus
3147 5074 3231 5120 est
3257 5064 3421 5119 Filius
3451 5066 3758 5135 unigenitus

2170 5162 2330 5226 Deus,
2365 5159 2490 5215 licet
2514 5159 2670 5228 juxta
2699 5168 2944 5213 naturam
2976 5172 3127 5211 suam
3157 5169 3350 5225 expers
3368 5158 3639 5228 passionis
3660 5174 3759 5215 cs-

2168 5255 2389 5321 stiterit,
2421 5270 2516 5323 pro
2546 5252 2699 5308 nobis
2739 5262 2915 5308 tamen
2959 5248 3251 5305 secundum
3278 5250 3585 5321 Scripturas
3632 5268 3758 5322 per-

2172 5364 2360 5419 pessus
2389 5349 2479 5415 sit,
2504 5356 2557 5400 et
2578 5356 2696 5402 erat
2725 5346 2778 5401 in
2800 5360 2961 5401 cruce
2992 5343 3097 5399 ﬁxo
3125 5360 3355 5415 corpore
3378 5346 3608 5417 propria:
3636 5361 3759 5400 car-

2174 5441 2257 5493 nis
2286 5437 2685 5509 impassibiliter
2711 5435 2778 5490 ad
2825 5449 2885 5491 se
2936 5433 3176 5491 referens
3232 5435 3510 5506 passiones
3541 5453 3553 5487 :
3584 5438 3758 5504 gratia

2176 5544 2306 5585 vero
2334 5528 2449 5595 Dei,
2481 5542 2580 5598 pro
2607 5526 2856 5582 omnibus
2886 5527 3121 5598 gustavit
3160 5534 3408 5591 mortem,
3443 5525 3663 5582 tradens
3704 5528 3758 5581 ei

2177 5620 2450 5692 proprium
2479 5632 2693 5686 corpus,
2726 5618 2971 5687 quamvis
2998 5618 3316 5675 naturaliter
3342 5618 3455 5687 ipse
3479 5620 3585 5672 vita
3614 5622 3679 5675 sit
3703 5628 3758 5673 et

2177 5708 2495 5762 resurrectio
2518 5715 2870 5762 mortuorum.
2900 5706 3030 5761 Nam
3054 5716 3110 5761 ut
3131 5716 3357 5762 mortem
3383 5706 3635 5763 inclTabili
3661 5727 3758 5777 pu-

2177 5800 2340 5853 tentia
2377 5797 2731 5871 proculcarct,
2757 5815 2819 5853 ac
2845 5799 3045 5869 primus
3068 5799 3119 5852 in
3158 5814 3253 5852 sua
3280 5814 3441 5854 carne
3487 5800 3755 5867 primoge-

2174 5888 2316 5947 nitus
2371 5906 2438 5947 ex
2484 5892 2709 5969 mortuis
2757 5888 2928 5959 ﬁeret,
2954 5898 3009 5944 et
3059 5888 3308 5959 primitiae
3350 5888 3748 5951 dormientium,
