4034 6206
492 407 569 462 15
1772 397 2127 463 DIONYSIUS
2164 398 2479 463 EXIGUUS.
3690 402 3755 459 46

485 521 747 589 viamque
769 516 1236 576 faceretltumanoe
1259 521 1462 578 natura:
1477 512 1550 570 ad
1578 514 1942 585 corruptionis
1988 529 2077 570 rc-
2105 519 2145 572 Α
2179 514 2368 584 dignos
2422 511 2788 571 exinanitione
2829 525 3109 571 sermones
3156 511 3436 583 elfugcrit?
3473 511 3576 570 Uni
3600 513 3757 584 igitur

497 624 730 677 cursum,
760 610 931 678 gratia
962 609 1081 678 Dei,
1102 608 1242 664 sicut
1282 620 1448 676 supra
1477 604 1678 660 dictum
1709 611 1813 673 est,
1831 619 1933 676 pro
1961 619 2081 661 om-

498 700 655 756 nibus
690 698 923 770 gustavit
950 705 1200 761 mortem,
1230 704 1289 753 et
1316 694 1476 751 tertio
1496 695 1583 749 die
1620 707 1905 765 resurgens
1951 707 2079 764 spo-

497 790 647 846 liavit
686 789 971 846 infernum.
1014 787 1219 843 idcirco
1269 785 1515 857 quamvis
1555 783 1766 841 dicatur
1809 781 1955 857 quod
1982 797 2082 857 per

498 883 769 939 hominem
798 880 937 937 facta
967 878 1038 935 sit
1065 879 1389 936 resurrectio
1411 888 1763 943 mortuorum,
1790 885 1968 932 tamen
1997 876 2081 932 in-

495 971 784 1042 telligimus
811 969 1085 1025 hominem
1113 967 1316 1023 factum
1336 967 1572 1024 Verbum
1596 967 1739 1039 quod
1760 982 1828 1022 ex
1849 965 1961 1023 Deo
1974 972 2077 1033 est,

495 1071 557 1117 et
578 1076 675 1132 per
701 1061 875 1131 ipsum
912 1059 1104 1114 mortis
1155 1057 1437 1128 imperium
1494 1056 1658 1113 fuisse
1700 1056 2077 1112 destructum:

495 1154 677 1209 veniet
703 1160 881 1207 autem
901 1148 1235 1221 temporibus
1250 1146 1549 1220 praeﬁnitis,
1574 1148 1715 1204 sicut
1731 1162 1867 1203 unus
1887 1155 1971 1203 est
1991 1145 2083 1203 Fi-

498 1246 600 1301 lius
645 1252 702 1300 et
730 1242 1006 1308 Dominus,
1063 1241 1118 1296 in
1147 1239 1316 1309 gloria
1343 1237 1540 1307 Patris,
1574 1249 1635 1294 ut
1659 1237 1867 1309 judicet
1893 1237 2081 1293 orbem

485 1347 761 1392 terrarum
825 1335 879 1389 in
926 1331 1201 1403 aequitate,
1229 1332 1371 1387 sicut
1397 1329 1675 1401 Scriptura
1703 1338 1947 1385 testatur.
1978 1327 2085 1384 Ne-

495 1425 731 1482 cessario
770 1425 930 1494 igitur
955 1430 1014 1479 et
1053 1422 1158 1477 hoc
1186 1420 1498 1491 adjicio-us;
1530 1420 1914 1476 annuntiantes
1939 1420 2084 1474 enim

494 1514 788 1572 secundum
809 1528 1028 1570 carnem
1056 1520 1285 1567 mortem
1311 1511 1570 1580 unigeniti
1594 1510 1714 1566 Filii
1736 1510 1853 1577 Dei,
1900 1509 1954 1566 id
2000 1516 2086 1566 est

486 1606 622 1662 llesu
648 1606 867 1673 Christi,
897 1613 954 1661 et
993 1604 1447 1660 resurrectionem
1478 1602 1613 1672 ejus,
1646 1603 1779 1657 etin
1806 1601 1959 1659 ctelis
1997 1616 2087 1658 as-

486 1696 805 1753 censionem
854 1695 1059 1765 pariter
1108 1692 1452 1759 conﬁtentes,
1481 1693 1815 1748 incruentam
1843 1690 2085 1749 celebra-

496 1802 617 1844 mus
641 1788 694 1843 in
722 1787 966 1843 ecclesiis
1006 1785 1254 1842 sacriﬁcii
1297 1784 1650 1851 servitutem;
1680 1783 1759 1839 sic
1803 1783 1967 1838 etiam
2015 1781 2085 1838 ad

2179 619 2426 676 persona:
2447 612 2670 661 cunctas
2699 603 2813 674 ejus
2834 604 2887 661 in
2916 602 3208 673 Evangelio
3234 621 3397 663 voces
3415 607 3752 677 ascribimus,

2179 695 2269 749 uni
2320 694 2701 761 subsistentire,
2746 694 2909 751 Verbi
2963 695 3171 752 scilicet
3215 704 3271 752 et
3317 697 3600 765 incarnati,
3630 703 3755 769 quia

2178 800 2316 840 unus
2336 794 2417 840 est
2444 783 2699 841 Dominus
2718 785 2873 844 Iesus
2922 784 3185 851 Christus,
3236 796 3297 843 ut
3347 788 3603 859 scriptum
3654 800 3755 845 est.

2180 873 2521 947 Appellatum
2543 891 2671 930 vero
2693 875 3009 949 Apostolum
3034 885 3087 934 et
3118 876 3433 934 Pontiiicem
3463 878 3758 937 confessio-

2179 965 2264 1022 nis
2292 972 2487 1021 nostrr.
2519 973 2771 1038 tanquam
2799 967 3130 1024 sacrilicantc
3176 967 3287 1024 Deo
3333 976 3389 1024 et
3437 967 3584 1024 Patri
3634 968 3758 1026 ﬁdcl

2180 1063 2377 1110 nostra:
2403 1053 2817 1124 confessionem,
2847 1073 3008 1129 quam
3037 1073 3069 1112 a
3092 1058 3246 1115 nobis
3269 1057 3444 1131 ipsiet
3469 1074 3568 1130 per
3588 1059 3761 1131 ipsum

2181 1144 2295 1201 Deo
2348 1152 2406 1201 et
2432 1145 2574 1201 Patri
2604 1147 2936 1204 incessanter
2963 1147 3187 1205 oilertur
3307 1147 3508 1205 lterum
3531 1165 3654 1206 cum
3679 1150 3764 1207 di-

2180 1234 2373 1305 cimus,
2402 1237 2494 1308 qui
2522 1251 2591 1293 ex
2617 1237 2731 1293 Deo
2758 1245 2841 1295 est
2865 1238 3160 1296 secundum
3190 1246 3436 1297 naturam
3455 1240 3624 1300 Filius
3646 1242 3766 1299 uni-

2181 1327 2411 1397 genitus,
2463 1342 2563 1383 nec
2616 1328 2819 1384 homini
2859 1337 3055 1400 praeter
3097 1345 3220 1384 eum
3268 1331 3423 1387 alteri
3473 1332 3765 1391 sacerdotii

2183 1431 2380 1473 nomen
2418 1426 2475 1473 et
2502 1417 2737 1474 cilicium
2760 1419 3102 1491 deputamus.
3136 1420 3334 1478 Factus
3372 1430 3455 1479 est
3480 1425 3623 1480 enim
3650 1438 3768 1482 me-

2181 1508 2360 1565 diator
2416 1508 2512 1566 Dei
2575 1520 2634 1566 et
2689 1513 2989 1583 hominum,
3048 1523 3105 1569 et
3141 1515 3519 1573 reconciliator
3562 1516 3632 1572 ad
3669 1532 3767 1589 pa-

2183 1614 2340 1668 cem,
2396 1602 2743 1674 semetipsum
2798 1603 2911 1660 Deo
2974 1613 3033 1661 et
3096 1602 3241 1661 Patri
3293 1621 3391 1677 pro
3437 1607 3593 1666 nobis
3628 1608 3764 1666 oile-

2183 1705 2309 1746 rcns
2361 1691 2415 1746 in
2462 1692 2685 1748 odorem
2717 1695 3036 1751 suavitatis:
3091 1695 3321 1768 ideoque
3364 1700 3674 1769 sacriﬁcium
3714 1708 3768 1755 et

2183 1779 2494 1836 oblationem
2523 1783 2777 1851 noluisti;
2823 1785 3126 1840 holocausta
3154 1803 3248 1856 pro
3289 1797 3500 1856 peccato
3528 1806 3630 1844 non
3675 1790 3767 1845 tibi

495 1880 747 1953 mysticas
774 1877 1176 1935 benedictiones
1204 1875 1526 1942 accedimus,
1560 1882 1617 1931 et
1661 1873 2079 1943 sanctiﬁcamur,
2112 1889 2158 1952 Β
2184 1872 2506 1943 placuerunt,
2537 1890 2724 1946 corpus
2763 1885 2935 1930 autem
2971 1878 3231 1947 perfeciin
3263 1878 3390 1932 mihi
3398 1895 3418 1943 ;
3462 1888 3579 1933 tunc
3614 1880 3724 1935 dixi
3743 1895 3766 1936 :

494 1969 785 2041 participes
806 1968 974 2025 sancti
995 1967 1239 2039 corporis
1266 1973 1322 2023 et
1348 1965 1571 2039 pretiosi
1597 1964 1871 2034 sanguinis
1918 1963 2079 2020 Chri-

494 2062 562 2116 sti
589 2061 826 2117 omnium
851 2066 1092 2115 nostrum
1130 2056 1490 2129 redemptoris
1514 2054 1713 2121 eﬁ'ecti,
1746 2054 1888 2110 sicut
1929 2067 2083 2110 eom-

495 2161 712 2203 munem
740 2158 959 2201 carnem
985 2144 1369 2216 percipientes,
1399 2143 1546 2213 quod
1573 2141 1751 2198 absit:
1778 2154 1883 2197 nec
1901 2149 1963 2197 ut
1980 2140 2081 2196 viri

494 2236 811 2293 sanctiﬁcati
840 2244 897 2292 et
921 2235 1100 2292 Verbo
1146 2234 1422 2305 conjuncti
1458 2232 1753 2291 secundum
1807 2231 2083 2301 dignitatis

495 2331 775 2395 unitatem,
794 2335 888 2383 aut
908 2326 1049 2384 sicut
1067 2326 1302 2382 divinam
1326 2325 1650 2398 possidentis
1671 2323 2080 2393 habitationem,

494 2420 589 2477 sed
608 2429 677 2476 ut
703 2433 830 2477 vere
856 2417 1282 2485 viviﬁcatricem,
1309 2425 1368 2474 et
1395 2419 1565 2489 ipsius
1592 2417 1753 2474 Verbi
1806 2417 2083 2489 propriam

496 2512 695 2568 tactam
721 2528 738 2578 ;
768 2511 875 2565 vita
905 2509 1048 2567 enim
1075 2507 1392 2565 naturaliter
1411 2523 1470 2565 ut
1496 2508 1638 2564 Deus
1659 2508 1915 2575 existens,
1957 2506 2084 2577 quia

496 2604 727 2677 propria:
753 2604 903 2662 carni
925 2603 1107 2659 unitus
1125 2611 1228 2669 est,
1257 2600 1657 2659 viviﬁcatricem
1683 2616 1803 2659 eam
1826 2614 1947 2657 esse
1958 2614 2086 2671 pro-

495 2701 667 2755 fessus
692 2705 795 2754 est.
825 2695 895 2752 Et
921 2696 1044 2753 ideo
1069 2695 1316 2766 quamvis
1335 2693 1480 2750 dicat
1501 2693 1570 2749 ad
1591 2706 1710 2757 nos,
1726 2693 1910 2759 Amen,
1934 2706 2084 2747 amen

496 2790 612 2844 dico
638 2787 798 2857 vobis,
849 2788 952 2843 nisi
978 2784 1413 2841 manducaveritis
1440 2799 1651 2838 carnem
1679 2782 1810 2837 Filii
1836 2782 2083 2847 hominis,

493 2888 546 2933 ct
567 2878 791 2934 biberitis
819 2879 929 2950 ejus
958 2876 1284 2948 sanguinem,
1309 2890 1417 2931 non
1447 2883 1626 2929 tamen
1653 2888 1771 2930 eam
1803 2880 1862 2927 ut
1909 2870 2087 2928 homi-

484 2972 581 3025 nis
610 2968 766 3025 unius
792 2983 858 3024 ex
888 2968 1043 3024 nobis
1064 2966 1374 3024 existimare
1398 2964 1676 3029 debemus,
1709 2962 1983 3036 quomodo
2006 2962 2089 3018 ni-

484 3062 573 3116 llil
596 3060 750 3131 juxta
773 3067 1015 3115 naturam
1044 3072 1195 3115 suam
1215 3055 1533 3113 viviticatrix
1554 3068 1677 3110 esse
1702 3067 1833 3110 caro
1855 3051 2089 3109 hominis

496 3150 697 3221 poterit
724 3166 738 3204 :
769 3146 867 3204 sed
895 3155 956 3203 ut
982 3161 1109 3203 vere
1132 3146 1406 3219 propriam
1451 3143 1570 3213 ejus
1598 3142 1818 3211 factam,
1842 3142 1934 3212 qui
1961 3155 2089 3212 pro—

483 3220 620 3311 ~.pter
649 3255 747 3295 nos
775 3239 916 3295 ﬁlius
944 3237 1180 3294 hominis
1209 3246 1266 3293 et.
1294 3236 1466 3293 l'actus
1493 3245 1577 3292 est
1603 3241 1659 3290 et
1684 3243 1930 3290 vocatus.
1980 3230 2087 3289 Eas
2115 3220 2161 3284 C

496 3341 678 3387 autem
704 3345 868 3387 voces
896 3344 1031 3399 quas
1058 3327 1311 3385 Salvator
1339 3334 1522 3381 noster
1563 3326 1617 3380 in
1646 3322 1938 3394 Evangelio
1962 3336 2089 3395 pro-

500 3421 641 3489 tulit,
672 3436 783 3477 non
825 3421 880 3476 in
909 3420 1118 3476 duabus
1162 3416 1526 3474 subsistentiis
1553 3424 1646 3471 aut
1698 3415 1943 3487 personis
1968 3429 2089 3471 om-

486 3513 633 3575 nino
658 3511 935 3582 partimur.
963 3509 1079 3566 Non
1105 3509 1249 3566 enim
1276 3508 1473 3580 duplex
1505 3516 1589 3565 est
1616 3523 1754 3564 unus
1773 3506 2015 3563 Christus
2034 3513 2091 3563 et

498 3604 666 3668 solus,
697 3601 943 3671 quamvis
971 3615 1040 3656 ex
1066 3599 1276 3655 duabus
1304 3598 1640 3668 diversisque
1686 3597 1850 3654 rebus
1876 3597 1943 3654 ad
1970 3597 2090 3653 uni-

488 3701 666 3749 tatem
679 3697 1039 3760 cognoscatur
1060 3687 1387 3744 individuam
1399 3687 1744 3744 convenisse:
1764 3686 1905 3743 sicut
1924 3686 2088 3742 homo

482 3798 716 3857 quoque
744 3797 814 3839 ex
836 3782 1014 3837 anima
1035 3788 1291 3838 constans
1317 3788 1374 3836 et
1390 3794 1620 3851 corpore
1648 3794 1755 3835 non
1767 3778 1964 3849 duplex
1992 3792 2092 3849 po-

498 3884 629 3949 tius,
676 3878 771 3936 sed
793 3893 932 3935 unus
959 3887 1043 3936 est
1070 3891 1138 3933 ex
1162 3884 1413 3947 utroque.
1432 3873 1715 3930 Humanas
1742 3888 1873 3944 ergo
1896 3882 1956 3929 et
2004 3872 2090 3928 di-

497 3974 653 4028 vinas
698 3972 917 4041 insuper
940 3984 1118 4027 voces
1161 3970 1231 4025 ab
1273 3983 1381 4025 uno
1410 3966 1626 4024 Christo
1646 3966 1820 4023 dictas
1848 3965 2091 4039 animad-

500 4070 774 4118 vertentes
797 4068 947 4117 recte
973 4059 1257 4116 sentimus.
1286 4059 1420 4114 Cum
1443 4057 1585 4113 enim
1604 4057 1716 4113 Deo
1741 4042 2053 4126 dignissime
2068 4057 2090 4077 '

501 4153 737 4223 loquitur
760 4152 827 4207 de
846 4150 1024 4221 seipso
1050 4168 1062 4202 :
1096 4148 1199 4214 Qui
1222 4166 1302 4204 me
1323 4151 1470 4217 vidit,
1500 4148 1626 4202 uidit
1663 4158 1713 4202 et
1740 4146 1989 4211 Patrem;
2011 4152 2090 4214 et,

505 4244 622 4316 Ego
657 4254 706 4298 et
727 4242 888 4298 Pater
915 4257 1074 4296 unum
1105 4256 1298 4306 sumus,
1333 4240 1570 4295 divinam
1601 4239 1717 4309 ejus
1744 4237 2102 4308 intelligimus,

502 4335 933 4405 inetl‘abilemque
960 4342 1227 4399 naturam,
1276 4330 1574 4388 secundum
1610 4343 1770 4400 quam
1798 4342 1964 4384 unum
2008 4335 2094 4383 est

505 4441 628 4482 cum
673 4423 832 4480 Patre
860 4438 981 4491 suo,
1014 4432 1237 4494 propter
1267 4436 1428 4478 unam
1455 4419 1811 4489 eamdemque
1836 4419 2090 4475 substan-

503 4518 655 4584 tiam,
702 4516 881 4587 imago
907 4524 965 4572 et
989 4515 1286 4581 character,
1335 4513 1695 4587 splendorque
1741 4512 1927 4584 gloriae
1973 4511 2091 4582 ejus

504 4606 765 4665 existens.
796 4585 933 4678 Cum
954 4621 1085 4663 vero
1105 4585 1589 4662 humante'natura:
1617 4619 1924 4661 mensuram
1971 4603 2091 4660 nui-
2122 4585 2171 4645 Ῑ)

498 4700 719 4755 'iatenus
744 4698 1076 4755 inhonorans
1098 4694 1315 4752 Iudaeos
1335 4694 1642 4767 alloquitur,
1664 4692 1820 4750 Nunc
1844 4709 1925 4749 me
1945 4710 2089 4766 quaa-

478 4791 622 4875 ττὶιίε
643 4788 875 4846 occidere
892 4788 1150 4844 hominem
1170 4790 1255 4861 qui
1281 4789 1543 4843 veritatem
1571 4788 1710 4842 vobis
1738 4786 1936 4842 locutus
1956 4802 2089 4849 sum.

512 4876 641 4936 item
670 4893 781 4936 non
809 4878 987 4934 minus
1018 4892 1140 4934 eum
1169 4878 1261 4948 qui
1292 4877 1346 4933 in
1395 4877 1745 4933 similitudine
1792 4886 1846 4932 et
1874 4876 2095 4946 aequali-

509 4980 625 5029 tate
654 4970 825 5029 Patris
851 4979 952 5038 est,
980 4970 1147 5026 Deum
1177 4967 1412 5026 Verbum
1438 4970 1603 5025 etiam
1625 4970 1678 5023 in
1700 4971 1966 5024 mensuris
1993 4968 2094 5023 hu-

512 5066 784 5121 manitatis
803 5066 928 5137 ejus
945 5063 1305 5135 agnoscimus.
1338 5063 1395 5119 Si
1419 5070 1599 5117 autem
1642 5060 1951 5117 necessario
1977 5074 2097 5117 cre—

509 5155 654 5211 ditur
672 5156 816 5227 quod
842 5165 1031 5212 natura
1062 5155 1202 5211 Deus
1231 5155 1467 5210 existens
1511 5153 1685 5211 iactus
1711 5153 1781 5208 sit
1802 5166 1954 5221 caro,
1985 5151 2094 5206 imo

514 5247 694 5317 potius
746 5247 910 5303 homo
962 5249 1228 5303 animatus
1282 5246 1460 5301 anima
1490 5243 1761 5311 rationali,
1794 5257 1914 5314 quae
1935 5257 2096 5298 causa

514 5346 597 5392 est
628 5345 686 5389 ut
715 5334 768 5389 in
790 5335 907 5405 ejus
926 5338 1152 5405 quilibet
1179 5337 1401 5392 vocibus
1427 5335 1731 5402 erubescat,
1763 5334 1809 5389 si
1857 5348 1952 5389 eas
1998 5332 2098 5386 bo-

516 5429 661 5482 niine
708 5426 897 5497 dignas
942 5426 1133 5482 effatus
1177 5430 1296 5483 est?
1329 5428 1486 5495 Quod
1512 5428 1557 5482 si
1586 5440 1864 5482 sermones
1891 5422 2098 5479 homini

513 5524 874 5584 congruentes
896 5516 1097 5584 objicit,
1117 5517 1266 5585 juxta
1292 5534 1389 5573 nos
1409 5518 1680 5574 hominem
1704 5514 1817 5571 ﬁeri
1834 5514 1954 5585 quis
1975 5528 2103 5569 coe-

514 5607 628 5672 git?
654 5604 789 5659 Cum
812 5620 941 5661 vero
962 5620 1021 5661 se
1049 5616 1271 5677 propter
1290 5623 1389 5662 nos
1414 5609 1480 5663 ad
1500 5606 1918 5663 exinanitionem
1938 5618 2104 5675 spon-

517 5703 730 5750 taneam
779 5695 1203 5753 misericorditer
1250 5696 1560 5764 inclinaret,
1593 5712 1751 5767 quam
1780 5695 1852 5751 ob
1880 5708 2097 5752 causam

592 5812 609 5883 '_
640 5810 953 5883 Dignissimis
981 5811 1106 5879 Deo,
1138 5813 1187 5868 id
1216 5822 1319 5881 est,
1347 5823 1402 5867 ut
1422 5811 1584 5866 Deum
1614 5813 1773 5883 decet.
1804 5810 1954 5867 Ent'r.

592 5881 634 5902 "
666 5880 879 5940 Pin-esis
904 5899 1123 5956 prorsus
1154 5885 1369 5952 vitiosa,
1399 5896 1517 5953 quae
1553 5884 1629 5939 sic
1659 5881 1837 5938 forsan
1871 5880 2096 5951 legenda

2181 1962 2315 2018 Ecce
2336 1965 2503 2019 venio.
2528 1963 2592 2020 In
2614 1966 2780 2037 capite
2799 1965 2917 2021 libri
2936 1967 3182 2037 scriptum
3202 1977 3278 2022 est
3298 1968 3362 2022 de
3380 1986 3481 2036 me,
3501 1978 3557 2024 ut
3575 1971 3768 2042 faciant

2181 2053 2497 2111 uoluntatem
2538 2064 2698 2112 tuam.
2739 2055 2945 2112 Obtulit
2986 2058 3128 2113 enim
3159 2058 3388 2128 primum
3424 2075 3620 2132 corpus
3658 2076 3769 2118 non

2182 2157 2283 2216 pro
2306 2158 2385 2210 se,
2415 2144 2510 2200 sed
2541 2159 2639 2215 pro
2668 2145 2822 2203 nobis
2850 2146 2903 2201 in
2931 2145 3154 2203 odorem
3179 2148 3477 2205 suavitatis.
3506 2148 3637 2206 Nam
3662 2165 3772 2222 qua

2184 2248 2284 2307 pro
2304 2250 2363 2292 se
2390 2236 2663 2295 oblatione
2682 2238 2768 2297 vel
2788 2238 3065 2297 sacriﬁciis
3086 2239 3349 2311 indigeret
3374 2240 3442 2296 ab
3469 2242 3614 2297 omni
3639 2257 3773 2312 pec-

2184 2334 2309 2382 cato
2335 2327 2471 2383 liber
2494 2335 2553 2381 ut
2576 2328 2715 2384 Deus
2742 2328 3016 2386 existens?
3041 2329 3196 2397 Quod
3223 2331 3269 2385 si
3296 2346 3484 2388 omnes
3508 2347 3772 2403 peccave-

2185 2426 2311 2473 runt
2337 2426 2391 2472 et
2419 2427 2578 2487 egent
2604 2418 2773 2487 gloria
2801 2418 2933 2487 Dei,
2962 2420 3259 2477 secundum
3287 2421 3391 2477 hoc
3416 2423 3559 2491 quod
3586 2438 3774 2478 sumus

2185 2507 2252 2564 ad
2274 2508 2645 2564 mutabilitatis
2663 2523 2941 2566 excessum
2960 2511 3322 2581 promptiores
3341 2509 3540 2577 ell‘ecti,
3564 2521 3619 2568 et
3638 2528 3771 2584 pec-

2184 2599 2322 2656 catis
2346 2599 2629 2670 :egrotavit
2658 2600 2886 2657 humana
2922 2610 3111 2657 natura
3136 2640 3154 2667 ,
3189 2603 3304 2674 ipse
3340 2618 3471 2660 vero
3510 2620 3617 2661 non
3646 2605 3769 2662 ita:

2186 2689 2417 2761 ideoque
2438 2705 2538 2747 nos
2566 2690 2737 2760 gloria
2765 2690 2882 2761 ejus
2908 2692 3223 2760 evincimur,
3247 2709 3343 2749 cur
3362 2695 3467 2752 erit
3491 2694 3630 2750 ultra
3656 2695 3774 2764 jam

2186 2782 2408 2840 dubium
2436 2782 2579 2854 quod
2607 2784 2791 2854 Agnus
2819 2800 2976 2841 verus
3002 2794 3228 2857 propter
3266 2802 3366 2842 nos
3408 2795 3465 2842 et
3491 2802 3591 2857 pro
3616 2787 3779 2844 nobis

2186 2876 2257 2934 sit
2280 2875 2624 2931 immolatus?
2650 2875 2754 2944 Qui
2772 2875 2902 2933 dicit
2928 2884 3109 2932 autem
3132 2878 3258 2947 quia
3284 2877 3631 2949 semetipsum
3660 2886 3779 2934 tam

2188 2981 2289 3039 pro
2319 2981 2378 3022 se
2406 2981 2570 3037 quam
2598 2982 2698 3037 pro
2738 2966 2896 3024 nobis
2918 2967 3206 3034 obtulerit,
3236 2968 3541 3033 nullatenus
3579 2969 3778 3038 impie-

2191 3058 2314 3114 tatis
2338 3058 2543 3114 crimen
2571 3056 2810 3130 eil‘ugiet,
2856 3074 2978 3115 cum
3006 3060 3141 3116 nihil
3169 3075 3389 3131 prorsus
3416 3060 3516 3115 iste
3543 3058 3785 3130 delique-

2190 3153 2296 3221 rit,
2329 3167 2431 3209 nec
2458 3151 2624 3207 ullum
2654 3152 2842 3209 fecerit
2869 3154 3089 3210 omnino
3126 3162 3427 3224 peccaturo.
3470 3151 3584 3219 Qua
3614 3152 3786 3221 igitur

2191 3251 2377 3314 egeret
2406 3242 2685 3302 oblatione
2714 3243 2864 3300 nullo
2906 3259 3005 3301 suo
3045 3245 3315 3299 excitante
3363 3242 3638 3309 facinore,
3675 3259 3789 3315 pro

2190 3349 2300 3407 quo
2326 3333 2372 3390 si
2400 3341 2545 3391 esset
2580 3333 2711 3389 satis
2748 3332 3032 3390 admodum
3083 3334 3468 3391 convenienter
3513 3334 3788 3391 ollerret?

2190 3422 2267 3479 De
2286 3422 2487 3494 Spiritu
2513 3437 2730 3495 quoque
2757 3437 2877 3479 cum
2903 3421 3051 3487 dicit,
3086 3422 3185 3477 Ille
3210 3440 3291 3477 me
3315 3423 3648 3495 glorificauit,
3675 3424 3782 3481 hoc

2192 3513 2492 3570 rectissime
2518 3514 2816 3570 sentientes
2842 3527 3004 3584 quam
3042 3511 3312 3570 Christum
3339 3522 3395 3570 et
3418 3511 3635 3581 Filium,
3668 3528 3783 3569 non

2188 3603 2337 3661 velut
2364 3604 2584 3661 alterius
2621 3611 2869 3676 egentem
2913 3603 3084 3674 gloria
3106 3647 3121 3672 ,
3168 3602 3490 3661 conﬁtemur
3512 3620 3543 3659 a
3572 3603 3782 3675 Spiritu

2191 3703 2381 3751 sancto
2410 3695 2635 3765 gloriam
2665 3704 3014 3752 consecutum
3041 3736 3058 3764 ,
3095 3695 3220 3768 quia
3268 3697 3488 3767 spiritus
3530 3694 3651 3771 ejus
3679 3711 3785 3753 nec

2191 3785 2382 3841 melior
2411 3802 2511 3843 nec
2555 3786 2803 3857 superior
2844 3785 2937 3842 illo
2982 3795 3066 3842 est
3096 3803 3107 3840 :
3137 3786 3231 3842 sed
3261 3788 3385 3857 quia
3432 3786 3565 3841 mira
3610 3801 3783 3859 opera

2188 3874 2391 3933 faciens
2419 3876 2485 3931 ad
2514 3875 3031 3933 demonstrationem
3059 3891 3168 3933 sua:
3197 3875 3410 3932 deitatis
3434 3876 3633 3932 virtute
3662 3891 3786 3947 pro-

2190 3969 2294 4041 prii
2341 3968 2562 4039 Spiritus
2609 3968 2898 4035 utebatur,
2945 3968 3015 4024 ab
3066 3969 3180 4039 ipsa
3227 3968 3515 4038 gloriﬁcari
3558 3967 3783 4026 dicitur.

2193 4055 2653 4125 Quemadmodum
2685 4058 2727 4112 si
2756 4058 2877 4129 quis
2904 4056 2974 4113 de
3000 4056 3304 4113 hominibus
3333 4064 3609 4112 asseveret
3637 4054 3787 4127 quod

2191 4152 2361 4207 virtus
2399 4166 2494 4208 sua
2533 4166 2630 4206 seu
2677 4149 2956 4221 disciplina
3005 4149 3300 4220 quemlibet
3344 4162 3787 4220 unumquemque

2192 4243 2488 4298 cini-ilicet:
2521 4242 2765 4312 quamvis
2790 4243 2934 4297 enim
2963 4241 3016 4296 in
3045 4257 3140 4297 sua
3168 4242 3239 4297 sit
3261 4241 3604 4298 subsistentia
3629 4242 3786 4312 spiri-

2192 4340 2301 4401 tus,
2328 4338 2383 4385 et
2402 4330 2859 4399 ejusintelligatur
2886 4332 2937 4386 in
2963 4347 3193 4402 persona
3223 4333 3522 4404 proprietas
3545 4332 3706 4401 juxta
3733 4330 3788 4387 id

2193 4419 2335 4493 quod
2381 4420 2597 4491 spiritus
2622 4429 2708 4476 est
2735 4429 2791 4476 et
2816 4437 2920 4477 non
2951 4421 3087 4477 ﬁlius
3109 4463 3123 4488 ,
3157 4430 3395 4478 attamen
3434 4422 3643 4477 alienus
3673 4438 3787 4479 non

2194 4522 2279 4568 est
2303 4530 2316 4565 :
2351 4511 2417 4566 ab
2443 4512 2535 4567 illo
2566 4512 2708 4567 enim
2736 4512 2967 4584 Spiritus
2995 4512 3294 4586 appellatus
3321 4522 3403 4569 est
3431 4513 3697 4581 veritatis,
3730 4520 3791 4568 et

2198 4604 2393 4659 veritas
2419 4603 2664 4662 Christus
2691 4612 2777 4661 est
2799 4647 2816 4675 ,
2847 4604 2987 4662 unde
3014 4614 3070 4661 et
3103 4605 3172 4661 ab
3215 4605 3319 4662 isto
3365 4604 3614 4661 similiter
3640 4605 3788 4659 sicut

2198 4710 2265 4751 ex
2279 4694 2390 4751 Deo
2401 4692 2560 4751 Patre
2580 4694 2842 4767 procedit.
2863 4695 3103 4766 Denique
3124 4694 3210 4751 hic
3233 4695 3347 4766 ipse
3365 4691 3597 4765 Spiritus
3617 4693 3789 4748 etiam

2198 4802 2296 4860 per
2321 4796 2631 4843 sanctorum
2653 4802 2843 4844 manus
2871 4786 3236 4857 apostolorum
3262 4784 3519 4840 miracula
3545 4783 3792 4854 gloriosa

2199 4877 2481 4951 perﬁciens
2500 4878 2781 4934 Dominum
2801 4876 3119 4947 gloriﬁcavit
3140 4874 3322 4931 Jesum
3343 4873 3617 4929 Christum
3643 4883 3797 4946 post-

2198 4984 2359 5040 quam
2385 4968 2627 5025 ascendit
2661 4969 2713 5023 in
2744 4968 2961 5024 caelum.
3002 4966 3133 5023 Nam
3156 4966 3398 5023 creditus
3426 4974 3511 5022 est
3536 4964 3795 5023 Christus

2198 5069 2390 5114 natura
2420 5059 2559 5115 Deus
2602 5058 2837 5114 existens
2861 5100 2877 5126 ,
2924 5072 3021 5129 per
3063 5072 3217 5113 suum
3266 5056 3513 5128 spiritum
3557 5057 3794 5113 virtutes

2198 5151 2456 5216 ellleiens,
2480 5150 2711 5221 ideoque
2735 5150 2947 5206 dicebat
2978 5169 2990 5204 :
3024 5149 3103 5205 De
3122 5167 3235 5206 meo
3264 5151 3483 5227 accipiet
3502 5158 3553 5204 et
3577 5165 3791 5203 annun-

2199 5243 2347 5297 tiabit
2376 5242 2531 5298 vobis.
2566 5241 2911 5313 Nequaquam
2939 5256 3070 5297 vero
3105 5242 3521 5313 participatione
3558 5240 3793 5294 alterius

2198 5333 2339 5387 idem
2367 5333 2598 5403 Spiritus
2625 5333 2839 5403 sapiens
2883 5341 2977 5387 aut
3021 5341 3215 5404 potens
3259 5332 3486 5399 dicitur,
3522 5330 3651 5400 quia
3696 5344 3796 5399 per

2199 5424 2379 5478 omnia
2410 5419 2677 5494 perfectus
2704 5433 2808 5487 est,
2839 5431 2894 5479 et
2921 5424 3072 5480 nullo
3097 5439 3319 5495 prorsus
3344 5423 3588 5491 indigens
3614 5422 3787 5476 bono.

2200 5514 2333 5570 Nam
2363 5522 2599 5584 paterna:
2624 5514 2840 5569 virtutis
2868 5523 2923 5569 et
2950 5514 3258 5585 sapientiae,
3287 5513 3339 5570 id
3367 5522 3450 5569 est
3484 5510 3604 5566 Filii
3634 5509 3792 5579 spiri-

2202 5619 2289 5663 tus
2314 5606 2566 5672 creditur,
2597 5615 2652 5661 et
2678 5606 2801 5662 ideo
2833 5608 2947 5677 ipsa
2985 5622 3046 5662 re
3078 5616 3136 5663 et
3161 5604 3503 5662 subsistentia
3534 5602 3703 5656 virtus
3734 5604 3789 5652 et

2199 5698 2463 5768 sapientia
2494 5695 2895 5767 comprobatur.
2944 5696 3113 5766 igitur
3144 5696 3268 5766 quia
3298 5694 3469 5750 Deum
3496 5690 3647 5746 carni
3678 5689 3789 5743 uni-

2201 5815 2344 5862 e-set
2375 5824 2388 5859 :
2432 5807 2702 5877 Apellatur
2741 5824 2857 5863 vero
2897 5806 3157 5878 apostolus
3189 5814 3238 5860 et
3276 5806 3788 5878 poutifex....._.tan-

2202 5895 2354 5943 quam
2395 5869 2699 5932 sacriﬁcans
2838 5869 2953 5954 qut-2
2988 5894 3021 5931 a
3060 5869 3294 5933 nobis";
3343 5869 3586 5947 oﬂ'crlur.
3634 5869 3788 5925 Eutr.
