4034 6206
480 303 545 360 t7
1455 301 1786 360 EPISTOLA
1828 299 2165 360 SYNODICA
2208 300 2264 358 S.
2309 299 2603 372 CYRILLI,
2645 297 2798 355 ETC.
3705 303 3770 355 εδ

479 432 593 474 tum
625 420 778 490 juxta
818 418 1221 476 subsistentiam
1270 427 1458 475 sancta
1507 418 1670 488 Virgo
1720 417 2074 489 corporaliter
2104 419 2151 477 Α
2254 417 2318 472 V.
2351 415 2406 471 Si
2437 416 2557 487 quis
2586 415 2743 470 audet
2775 414 2958 472 dicere
2983 413 3255 471 Christum
3287 414 3558 470 hominem
3590 411 3774 492 ἄνθρω-

478 514 710 583 peperit,
742 511 943 574 idcirco
974 527 1094 566 eam
1127 512 1216 566 Dei
1246 511 1562 581 genitricem
1590 527 1708 567 esse
1737 508 2074 582 proﬁtemur,

480 624 584 661 non
611 605 756 676 quod
783 606 943 662 Verbi
977 615 1168 660 natura
1193 604 1457 660 existendi
1487 604 1807 675 principium
1829 604 1895 658 de
1917 616 2079 658 carne

476 698 670 752 sortita
703 698 770 751 sit
797 715 812 763 ;
865 707 978 752 erat
1005 695 1147 751 cnim
1184 697 1238 749 in
1267 695 1540 768 principio.
1567 694 1790 749 Verbum
1813 733 1827 756 ,
1861 704 1908 747 et
1937 692 2078 746 Deus

479 799 590 843 emt
630 787 870 853 Verbum,
903 797 952 840 et
993 786 1213 841 Verbum
1236 797 1350 840 erat
1373 787 1514 858 apud
1544 784 1737 853 Deum,
1766 794 1821 840 et
1852 786 1964 855 ipse
1997 792 2078 838 est

482 882 734 936 conditor
755 881 1096 945 surculorum,
1124 878 1267 932 Patri
1292 889 1613 944 comternus,
1637 887 1691 932 et
1715 874 2078 931 universitatis

483 982 723 1037 creator;
753 971 850 1027 sed
877 971 1020 1041 quod
1048 970 1296 1040 superius
1324 970 1576 1035 diximus,
1605 970 1758 1039 juxta
1787 968 2082 1024 subsisten-

484 1064 612 1119 tiam
643 1063 858 1119 sibimet
888 1063 1078 1116 unicus
1107 1062 1397 1116 humanam
1427 1068 1708 1129 naturam,
1739 1060 2078 1113 nativitatem

481 1155 800 1211 sustinuerit
829 1169 894 1210 ex
927 1155 1041 1223 ipsa
1068 1153 1224 1207 vulva
1249 1168 1536 1222 corporea,
1567 1167 1675 1206 non
1699 1150 1842 1220 quod
1871 1150 2080 1218 cgnorit

485 1247 790 1304 necessario
812 1255 904 1300 aut
927 1253 1151 1315 propter
1175 1259 1326 1298 suam
1354 1252 1622 1308 naturam,
1649 1242 1928 1296 nativitate
1953 1241 2082 1305 ista,

480 1354 602 1408 qua:
629 1347 716 1392 est
747 1338 800 1391 in
831 1336 1088 1391 extremis
1115 1335 1294 1389 smculi
1325 1333 1462 1388 facta
1495 1333 1851 1402 temporibus,
1895 1331 1988 1387 sed
2019 1339 2078 1384 ut

489 1431 634 1498 ipsas
681 1425 1032 1482 benedicerct
1074 1425 1388 1480 substantiie
1437 1433 1635 1479 nostrae
1681 1423 1962 1493 primitias.
2011 1420 2078 1475 Et

482 1519 609 1574 dum
635 1533 759 1574 eum
783 1516 1172 1572 carni'unitum
1204 1516 1395 1570 mulier
1417 1513 1691 1576 edidisset,
1722 1514 1810 1567 illa
1839 1528 1959 1582 qua:
1987 1511 2079 1566 ad-

480 1627 670 1665 versus
698 1624 861 1665 omne
889 1623 1059 1678 genus
1087 1608 1383 1662 humanum
1414 1605 1720 1661 maledictio
1755 1605 1928 1659 fuerat
1957 1619 2078 1672 pro-

481 1702 590 1755 lata
619 1700 929 1765 desineret,
980 1713 1081 1754 nec
1105 1697 1218 1766 jam
1246 1698 1408 1751 morti
1437 1705 1620 1752 nostra
1650 1711 1877 1766 corpora
1905 1694 2074 1748 desti-

2179 533 2276 567 πων
2300 513 2546 586 ῦςος-οὸρον,
2568 511 2618 564 id
2641 519 2721 565 cst
2741 510 3017 565 hominem
3036 509 3146 565 Deo
3163 515 3400 564 utentem
3418 524 3476 564 se
3498 519 3774 579 asportata.

2179 611 2286 657 tein
2303 603 2464 672 (Sic),
2478 616 2652 657 etnon
2674 601 2841 656 Deum
2860 617 2978 658 esse
2999 608 3266 656 veracner
3287 600 3497 664 dixerit,
3517 609 3772 670 tamuam

2178 695 2394 748 unicum
2424 693 2588 750 tilium
2619 709 2716 765 per
2745 703 3012 760 naturam,
3043 692 3336 748 secundum
3363 693 3510 763 quod
3533 693 3772 748 Verbum

2178 799 2305 840 caro
2336 785 2536 840 factum
2569 793 2678 847 est,
2713 783 3114 855 participaverit
3141 783 3299 839 nobis
3338 783 3584 841 similiter
3613 800 3776 841 carne

2177 883 2233 931 et
2257 875 2543 944 sanguine,
2576 876 2860 930 anathema
2888 875 2978 930 sit.

2267 966 2350 1020 Vl.
2385 967 2444 1021 Si
2473 968 2590 1036 quis
2617 967 2744 1022 dicit
2786 967 2954 1022 Deum
2991 966 3076 1022 vel
3117 966 3402 1022 Dominum
3428 981 3547 1023 esse
3575 966 3774 1023 Christi

2180 1055 2276 1112 Dei
2324 1055 2500 1113 Patris
2532 1057 2809 1124 Verbum,
2842 1065 2897 1111 et
2936 1071 3044 1110 non
3091 1057 3262 1125 magis
3304 1055 3554 1111 eumdem
3602 1056 3775 1126 ipsum

2179 1143 2470 1201 conlitetur
2518 1146 2686 1201 Deum
2735 1155 2789 1201 et
2826 1145 3099 1202 hominem
3145 1144 3346 1213 simul,
3378 1155 3601 1216 propter
3630 1147 3777 1216 quod

2178 1236 2414 1292 Verbum
2439 1253 2568 1294 caro
2597 1237 2794 1293 factum
2820 1245 2925 1304 est,
2967 1239 3262 1293 secundum
3291 1236 3621 1308 Scripturas,
3653 1252 3776 1291 ana-

2179 1328 2360 1383 thema
2390 1329 2480 1383 sit.

2253 1420 2362 1475 Vll.
2386 1420 2443 1476 Si
2469 1421 2589 1490 quis
2611 1421 2741 1476 dicit
2761 1429 3014 1490 tanquam
3035 1421 3088 1476 in
3109 1420 3385 1478 hominem
3403 1420 3583 1476 Jesum
3606 1420 3774 1476 Deum

2179 1509 2417 1566 Verbum
2469 1510 2635 1566 fuisse
2683 1520 3004 1581 operatum,
3051 1521 3105 1567 et
3138 1509 3410 1580 Unigeniti
3439 1510 3771 1581 dignitatem,

2184 1611 2442 1672 tanquam
2472 1603 2626 1658 alteri
2659 1612 2852 1674 pneter
2885 1603 3056 1672 ipsum
3093 1601 3342 1659 cxistenti
3362 1643 3379 1670 ,
3409 1601 3624 1666 tribuit,
3653 1617 3774 1656 ana-

2179 1693 2360 1748 thema
2391 1693 2480 1748 sit.

477 1804 655 1848 mret.
687 1791 819 1846 lllud
840 1805 1056 1859 quoque
1075 1788 1220 1858 quod
1239 1789 1436 1844 dictum
1459 1797 1563 1856 est,
1585 1787 1650 1842 In
1670 1788 1878 1842 tristitia
1902 1787 2072 1858 paries
2106 1790 2152 1850 Β
2250 1783 2384 1839 Vlll.
2417 1783 2475 1839 Si
2520 1786 2640 1854 quis
2689 1783 2851 1839 audet
2896 1783 3078 1839 dicere
3119 1790 3453 1852 assumptum
3503 1782 3774 1839 hominem

478 1885 620 1955 ﬁlios
648 1926 664 1952 ,
697 1884 810 1952 ipsc
839 1882 1140 1938 dissolvens
1162 1922 1178 1947 ,
1208 1897 1396 1937 verum
1425 1896 1546 1938 esse
1573 1888 1904 1935 monstraret
1929 1878 2075 1949 quod

479 1975 762 2045 pr0pheta:
813 1988 945 2028 voce
993 1973 1314 2043 prtedixerat
1355 1989 1370 2026 :
1409 1971 1668 2041 Absorpta
1711 1979 1785 2025 est
1834 1987 1972 2025 mors
2019 1972 2076 2025 in

476 2067 694 2122 victoria
716 2108 731 2131 ,
778 2074 833 2120 et
859 2065 1057 2120 iterum
1089 2081 1102 2118 :
1134 2063 1360 2118 Abstulit
1393 2061 1528 2118 Deus
1557 2079 1758 2118 omnem
1787 2062 2076 2132 lacrymam

480 2158 546 2210 ab
576 2158 716 2212 omni
746 2157 925 2228 facie;
960 2162 1181 2225 propter
1209 2154 1349 2208 hanc
1378 2152 1578 2208 etenim
1604 2167 1821 2209 causam
1850 2151 2076 2206 dicimus

480 2265 606 2304 eum
633 2246 1030 2318 dispensatorie
1069 2252 1124 2300 et
1153 2245 1284 2315 ipsis
1328 2243 1672 2300 benedixisse
1699 2252 1828 2298 tunc
1853 2242 2072 2313 nuptiis,

480 2357 602 2396 cum
632 2341 686 2395 in
711 2339 896 2395 Canan
923 2337 1145 2394 Galilete
1170 2354 1293 2394 cum
1323 2339 1523 2394 sanctis
1567 2347 1790 2394 vocatus
1816 2338 2076 2408 apostolis

480 2430 673 2486 adesse
695 2430 944 2500 dignatus
973 2437 1075 2485 est.
1107 2429 1233 2484 ﬂare
1261 2444 1454 2500 sapere
1477 2444 1662 2484 sumus
1685 2427 1863 2484 edocti
1892 2443 1924 2482 a
1949 2442 2076 2483 san-

478 2521 582 2576 ctis
611 2520 873 2591 apostolis
914 2529 972 2575 et
1012 2519 1358 2588 evangelistis
1381 2561 1397 2586 ,
1427 2526 1484 2573 et
1509 2517 1576 2572 ab
1603 2518 1752 2573 omni
1795 2517 2082 2588 Scriptura

479 2612 733 2667 divinitus
772 2611 1056 2682 inspirata,
1082 2625 1183 2665 nec
1211 2625 1318 2664 non
1349 2618 1405 2666 et
1433 2624 1463 2664 a
1491 2609 1668 2665 beatis
1696 2606 1913 2663 Patrum
1941 2623 2074 2663 con-

479 2705 800 2760 fessionibus
849 2704 1080 2760 veritate
1126 2701 1388 2759 subnixis.
1461 2699 1556 2755 His
1602 2699 1852 2756 omnibus
1907 2699 2072 2754 etiam

476 2805 624 2850 tuam
647 2796 958 2864 religionem
979 2792 1399 2857 concordare,et
1416 2798 1613 2861 prater
1631 2789 1862 2859 aliquem
1885 2787 2070 2843 dolum

475 2888 565 2941 vel
590 2886 858 2942 ﬁctionem
888 2885 1197 2942 consentire
1224 2883 1518 2950 convenit;
1565 2896 1686 2951 qua:
1713 2896 1843 2936 vero
1883 2881 2070 2949 religio

477 2987 571 3033 tua
593 2977 1051 3032 anathematizare
1078 2990 1301 3032 necesse
1327 2981 1429 3041 est,
1454 2973 1580 3028 huic
1606 2971 1850 3042 epistola;
1871 2979 2069 3027 nostra:

472 3067 720 3138 subjecta
772 3076 942 3122 sunt:
975 3066 1120 3136 quod
1167 3065 1215 3121 si
1257 3063 1518 3132 minime,
1564 3061 1769 3120 eisdem
1811 3061 2069 3132 subjectis

473 3157 804 3213 sententiam
831 3154 1200 3224 consequeris.

551 3243 592 3298 ι.
624 3244 680 3299 Si
707 3244 828 3314 quis
856 3259 963 3300 non
992 3240 1278 3298 conﬁtetur
1305 3241 1472 3297 Deum
1503 3257 1623 3299 esse
1651 3240 1917 3298 veraciter
1943 3237 2071 3294 Em-

473 3336 690 3390 manuel
715 3374 732 3399 ,
761 3343 816 3389 et
857 3342 1080 3405 propter
1107 3334 1208 3388 hoc
1237 3333 1411 3402 ipsum
1453 3333 1549 3388 Dei
1578 3332 1908 3389 Genitricem
1948 3346 2070 3386 san-

470 3435 616 3480 ctam
664 3423 944 3491 Virginem
991 3421 1240 3493 (peperit
1285 3421 1429 3476 enim
1473 3421 1762 3475 carnaliter
1812 3419 2068 3486 Verbum,

472 3514 618 3583 quod
643 3529 713 3568 ex
744 3513 855 3567 Deo
884 3519 968 3567 est
989 3550 1005 3578 ,
1034 3510 1328 3566 secundum
1377 3511 1520 3580 quod
1548 3510 1807 3581 scriptum
1836 3517 1919 3565 est
1950 3526 1963 3562 :
1996 3507 2067 3562 Et

485 3603 704 3658 Verbum
727 3620 850 3657 caro
877 3603 1072 3672 factum
1097 3601 1218 3670 est),
1237 3600 1522 3654 anathema
1545 3600 1633 3654 sit.

545 3695 609 3750 ll.
657 3694 714 3750 Si
765 3693 888 3765 quis
933 3709 1042 3747 non
1087 3691 1378 3747 conﬁtetur
1430 3705 1593 3746 carne
1644 3689 2066 3745 substantialiter

473 3802 641 3842 unum
670 3801 791 3842 esse
820 3785 1055 3842 Verbum
1087 3783 1263 3840 Patris
1286 3822 1302 3850 ,
1333 3799 1498 3838 unum
1528 3797 1742 3852 quoque
1771 3798 1888 3838 esse
1911 3783 2066 3838 Chri-

474 3889 618 3934 stum
643 3895 764 3935 cum
798 3879 1018 3950 propria
1047 3893 1230 3942 carne,
1263 3885 1319 3933 et
1345 3877 1594 3930 eumdem
1625 3876 1798 3946 ipsum
1825 3876 1943 3931 sine
1967 3876 2064 3932 du-

475 3971 568 4024 bio
596 3969 763 4024 Deum
792 3969 952 4024 simul
979 3977 1036 4025 et
1058 3969 1332 4023 hominem
1356 4009 1374 4034 ,
1404 3968 1689 4022 anathema
1719 3967 1809 4022 sit.

549 4061 636 4116 Ill.
667 4061 722 4118 Si
750 4064 868 4132 quis
896 4062 948 4117 in
977 4078 1083 4117 uno
1108 4061 1323 4118 Christo
1366 4061 1552 4116 dividit
1592 4060 1918 4116 substantias
1945 4067 2068 4130 post

484 4154 774 4208 unitionem
803 4155 918 4209 sola
948 4169 1040 4208 eas
1087 4154 1348 4209 societate
1391 4152 1723 4221 coniungens
1751 4167 1813 4206 ea
1843 4166 1961 4220 qua:
1988 4166 2070 4206 se-

481 4243 716 4298 cundum
745 4246 1059 4314 dignitatem
1088 4253 1198 4308 est,
1229 4244 1314 4299 vel
1343 4243 1507 4298 etiam
1537 4243 1941 4309 auctoritatem,
1975 4249 2068 4295 aut

480 4345 844 4404 potestatem,
892 4345 948 4390 et
999 4351 1106 4390 non
1160 4335 1331 4403 magis
1383 4341 1653 4391 conventu
1689 4332 1756 4387 ad
1807 4332 2065 4387 unitatem

477 4427 802 4491 naturalem,
833 4427 1122 4482 anathema
1145 4427 1233 4482 sit.

2179 1882 2463 1938 coadorari
2489 1899 2610 1938 cum
2636 1881 2748 1937 Deo
2772 1881 2949 1937 Verbo
2980 1889 3257 1951 oportere,
3287 1887 3342 1934 et
3369 1882 3775 1949 connuncupari

2177 1972 2370 2040 Deum,
2405 1984 2660 2042 tanquam
2689 1973 2921 2028 alterum
2951 1988 3075 2030 cum
3117 1972 3290 2026 altero
3343 1967 3599 2041 (adjectio
3629 1970 3771 2025 enim

2143 2135 2148 2139 η
2177 2065 2336 2120 unius
2358 2064 2578 2134 syllabae
2617 2063 2722 2119 hoc
2765 2064 2914 2132 cogit
2940 2061 3212 2132 intelligi),
3247 2070 3301 2117 et
3332 2078 3438 2116 non
3465 2060 3635 2130 magis
3667 2075 3773 2115 una

2177 2156 2481 2210 reverentia
2512 2162 2801 2209 veneratur
2830 2153 3171 2214 Emmanuel,
3202 2167 3470 2220 unamque
3500 2152 3549 2205 ei
3578 2151 3774 2219 glorili-

2176 2248 2444 2302 cntionem
2471 2246 2762 2317 dependit,
2795 2245 2949 2315 juxta
2976 2244 3122 2313 quod
3154 2242 3385 2297 Verbum
3416 2257 3545 2297 caro
3573 2241 3768 2297 factum

2176 2347 2278 2401 est,
2310 2339 2596 2394 anathema
2623 2338 2711 2392 sit.

2247 2430 2339 2485 IX.
2372 2430 2429 2486 Si
2459 2430 2579 2499 quis
2608 2443 2773 2484 unum
2800 2427 3085 2484 Dominum
3111 2423 3290 2482 Jesum
3315 2425 3585 2481 Christum
3613 2423 3772 2493 glori-

2175 2521 2395 2577 iicatum
2438 2520 2569 2574 dicit
2605 2534 2636 2573 a
2677 2517 2882 2589 Spiritu
2927 2525 3155 2583 sancto,
3189 2525 3444 2586 tanquam
3483 2515 3550 2569 ab
3592 2515 3766 2570 aliena

2174 2612 2413 2678 virtute,
2442 2625 2548 2680 qua
2588 2625 2687 2681 per
2723 2623 2847 2664 eum
2878 2614 3143 2675 uteretur,
3190 2617 3244 2662 et
3289 2609 3356 2662 ab
3395 2624 3460 2663 eo
3502 2608 3768 2677 acceperit

2174 2702 2470 2760 efﬁcaciam
2498 2709 2687 2758 contra
2716 2699 3022 2756 immundos
3047 2699 3286 2770 spiritus,
3316 2709 3372 2754 et
3401 2715 3496 2770 per
3518 2715 3642 2753 cum
3675 2700 3767 2752 im-

2172 2795 2351 2867 plesse
2375 2794 2554 2850 divina
2583 2794 2757 2863 signa,
2789 2800 2844 2847 et
2868 2807 2975 2846 non
3004 2790 3173 2861 magis
3202 2790 3317 2858 ejus
3343 2789 3616 2860 proprium
3647 2804 3765 2846 esse

2171 2888 2418 2958 spiritum
2448 2887 2594 2944 dicat
2621 2887 2759 2941 sicut
2787 2893 2844 2940 et
2872 2883 3067 2951 Patris,
3092 2898 3189 2953 per
3215 2897 3374 2952 quem
3402 2883 3552 2952 signa
3580 2899 3764 2954 opera-

2173 2986 2258 3034 tus
2277 2985 2380 3044 est,
2412 2977 2698 3033 anathema
2729 2976 2818 3032 sit.

2243 3068 2312 3125 Χ.
2353 3067 2668 3125 Pontiﬁcem
2717 3076 2772 3122 et
2821 3065 3138 3136 Apostolum
3179 3065 3534 3123 coniessronis
3563 3074 3774 3122 nostrai.

2091 3157 2139 3220 C
2170 3160 2374 3217 factum
2401 3157 2819 3215 esse-Christum
2840 3157 3020 3212 divina
3047 3154 3326 3226 Scriptura
3348 3165 3758 3211 commemorat.

2171 3251 2379 3310 Obtulit
2424 3251 2568 3307 enim
2615 3250 2968 3319 semetipsum
3014 3264 3110 3319 pro
3147 3247 3304 3304 nobis
3354 3247 3462 3302 Deo
3514 3245 3659 3301 Patri
3707 3247 3759 3302 in

2169 3343 2394 3400 odorem
2429 3341 2709 3398 suavitatis
2738 3358 2752 3396 :
2783 3340 2828 3396 si
2868 3340 2989 3410 quis
3028 3355 3156 3410 ergo
3186 3336 3500 3394 Pontiticcm
3542 3347 3597 3392 et
3626 3337 3761 3407 Apo-

2167 3435 2370 3490 stolum
2410 3441 2653 3489 nostrum
2695 3432 2857 3487 alium
2899 3431 3096 3487 dixerit
3138 3445 3260 3486 esse
3299 3430 3517 3497 factum,
3550 3439 3762 3502 printer-

2167 3541 2331 3598 quam
2357 3525 2533 3598 ipsum
2563 3523 2733 3579 Deum
2764 3522 2859 3578 Dei
2890 3522 3125 3577 Verbum
3152 3563 3167 3590 ,
3211 3521 3424 3590 quando
3455 3520 3649 3575 factum
3680 3529 3765 3576 est

2167 3632 2333 3682 caro,
2379 3623 2436 3672 et
2477 3613 2770 3672 secundum
2814 3627 2912 3668 nos
2960 3612 3162 3676 homo,
3211 3611 3305 3666 sed
3338 3611 3490 3680 quasi
3533 3609 3760 3663 altirnrn

2169 3716 2368 3779 pneter
2392 3707 2568 3777 ipsum
2597 3704 2906 3776 specialiter
2931 3703 3204 3758 hominem
3236 3717 3304 3757 ex
3335 3702 3595 3768 muliere;
3637 3710 3691 3757 ct
3717 3701 3761 3755 si

2169 3801 2292 3872 quis
2314 3799 2442 3855 dicit
2466 3796 2592 3868 quia
2618 3812 2718 3868 pro
2751 3811 2811 3850 se
2840 3794 3034 3850 obtulit
3063 3794 3300 3863 seipsum
3328 3793 3680 3856 oblationem,
3708 3800 3763 3846 ct

2169 3906 2278 3946 non
2308 3889 2478 3956 magis
2517 3901 2618 3957 pro
2645 3886 2799 3941 nobis
2827 3884 2962 3939 solis
3008 3885 3153 3953 (non
3186 3881 3330 3934 enim
3363 3881 3587 3950 indignit
3618 3880 3762 3934 obla-

2171 3981 2317 4036 tione
2336 3979 2428 4049 qui
2457 3985 2739 4048 peccatum
2762 3972 3033 4041 nescivit),
3063 3971 3349 4026 anathema
3376 3972 3465 4026 sit.

2242 4066 2328 4122 X1.
2357 4067 2412 4124 Si
2439 4068 2559 4138 quis
2586 4081 2694 4121 non
2724 4063 3013 4120 conﬁtetur
3041 4077 3262 4118 carnem
3294 4059 3504 4117 Domini
3536 4061 3770 4116 viviﬁca-

2171 4163 2361 4218 tricem
2393 4176 2512 4217 esse
2543 4169 2801 4230 tanquam
2831 4157 3106 4229 propriam
3137 4156 3302 4228 ipsius
3333 4155 3426 4212 Dei
3456 4154 3640 4221 Verbi,
3671 4156 3763 4210 sed

2171 4254 2326 4323 quasi
2374 4252 2598 4308 alterius
2647 4251 2945 4320 cujuspiam
2990 4256 3186 4319 prmter
3233 4247 3442 4316 ipsum,
3490 4246 3763 4314 conjuncti

2172 4344 2389 4414 quidem
2419 4341 2712 4399 secundum
2754 4341 3068 4410 dignitatem
3096 4380 3111 4406 ,
3157 4347 3250 4392 aut
3295 4337 3588 4392 secundum
3620 4339 3771 4406 quod

2173 4435 2346 4489 solum
2377 4434 2610 4488 divinam
2651 4430 3098 4488 inhabitationcm
3128 4428 3377 4484 habuerit
3411 4447 3422 4480 :
3455 4437 3509 4482 et
3537 4444 3642 4482 non
3676 4445 3768 4499 po-

548 4517 636 4571 ιγ.
668 4517 722 4572 Si
745 4520 866 4587 quis
890 4518 1098 4574 duabus
1123 4518 1367 4588 personis
1387 4517 1473 4574 vel
1496 4517 1859 4573 subsistentiis
1887 4517 2070 4573 decer-
2096 4537 2150 4599 υ
2173 4526 2280 4582 tius
2308 4533 2366 4580 ut
2394 4524 2688 4580 dixerimus
2719 4521 3116 4577 viviﬁcatricem
3147 4536 3267 4577 esse
3294 4561 3310 4586 ,
3351 4521 3474 4590 quia
3519 4519 3654 4574 facta
3684 4531 3770 4575 est

477 4619 572 4664 nat
592 4626 687 4666 eas
704 4626 866 4668 voces
885 4625 1004 4680 quae
1027 4620 1136 4666 tam
1161 4612 1212 4666 in
1235 4611 1558 4680 evangelicis
1578 4627 1739 4681 quam
1762 4612 2075 4681 apostolicis

479 4700 672 4756 litteris
709 4702 1085 4767 continentur,
1115 4702 1202 4758 vel
1233 4703 1398 4758 etiam
1428 4718 1520 4758 eas
1558 4718 1677 4772 quae
1705 4703 1772 4758 de
1800 4702 2013 4759 Christo
2043 4719 2076 4759 a

477 4792 680 4847 sanctis
721 4791 1000 4858 dicuntur,
1032 4794 1117 4848 vel
1147 4795 1213 4850 ab
1257 4796 1373 4864 ipso
1408 4792 1622 4850 Christo
1650 4795 1716 4850 de
1744 4810 1804 4850 se
1834 4795 1947 4867 ipso
1972 4837 1988 4863 ,
2020 4804 2076 4851 et

479 4881 684 4950 aliquas
722 4881 938 4951 quidem
981 4898 1050 4938 ex
1079 4884 1163 4938 his
1209 4894 1462 4954 tanquam
1505 4886 1710 4941 homini
1754 4896 1948 4957 praeter
1979 4888 2076 4944 Dei

481 4971 715 5027 Verbum
745 4975 1052 5044 specialiter
1081 4977 1362 5047 intelligat,
1396 4979 1741 5049 applicandas
1768 4979 2074 5048 crediderit,

480 5066 686 5136 aliquas
734 5081 866 5122 vero
915 5077 1168 5138 tanquam
1223 5069 1337 5128 Deo
1384 5071 1574 5141 dignas
1612 5073 1712 5128 soli
1753 5072 1932 5131 Verbo
1980 5074 2075 5130 Dei

485 5158 655 5215 Patris
682 5158 1040 5230 deputaverit,
1073 5164 1360 5220 anathema
1387 5165 1476 5220 sit.

2178 4617 2396 4690 propria
2425 4615 2584 4671 Verbi
2615 4615 2729 4678 Dei,
2757 4613 2843 4670 cui
2871 4613 3052 4669 omnia
3085 4611 3354 4667 viviﬁcare
3379 4613 3632 4683 possibile
3663 4623 3763 4676 est,

2179 4709 2466 4764 anathema
2495 4708 2583 4762 sit.

2252 4797 2365 4853 Xll.
2397 4797 2455 4853 Si
2483 4798 2603 4868 quis
2634 4813 2740 4853 non
2780 4797 3067 4854 conﬁtetur
3104 4795 3273 4852 Deum
3325 4795 3558 4851 Verbum
3605 4810 3766 4850 carne

2181 4905 2397 4962 passum
2428 4905 2577 4958 esse,
2611 4898 2662 4944 et
2697 4904 2858 4945 carne
2886 4887 3199 4944 cruciﬁxum
3219 4925 3234 4949 ,
3265 4894 3318 4940 et
3347 4894 3576 4941 mortem
3605 4899 3767 4940 cat'rie

2181 4989 2424 5049 gustasse
2447 5021 2462 5048 ,
2506 4979 2814 5049 factumque
2845 4977 3258 5049 primogenitum
3290 4991 3357 5030 ex
3387 4976 3614 5030 mortuis
3634 5015 3650 5043 ,
3690 4991 3766 5031 se

2181 5076 2414 5130 cundum
2446 5073 2591 5144 quod
2620 5081 2704 5129 est
2729 5081 2784 5128 et
2813 5072 2949 5140 vita,
2971 5081 3026 5126 ct
3049 5067 3346 5123 viviﬁcator
3378 5077 3434 5122 ut
3463 5066 3623 5136 Deus,
3651 5085 3767 5123 ana-

2187 5167 2362 5222 thema
2391 5168 2477 5223 sit.
