4034 6206
477 318 543 377 19
1852 322 2143 381 DIONYSII
2182 324 2414 381 EXIGUI
3675 320 3741 372 ‘20

492 438 1690 476 ΜΣ

699 462 903 479 -φ--ι

1330 544 2169 660 DIONYSII
2221 540 2873 655 EXIGUI

856 754 1513 859 EPISTOLZE
1572 755 1862 857 DU/E
1924 754 2057 855 DIE

2163 752 2651 858 ΒΑΤΙΟΝ
2656 755 2733 854 Ε
2812 748 3125 856 PASC
3140 751 3382 856 ΗΖΕ.

956 1020 1290 1081 EI‘ISTOLA
1332 1026 1359 1079 ι·
1374 1023 1561 1081 ΠΙΜΑ.

576 1154 794 1199 κλίνη
845 1155 984 1197 anno
1032 1154 1240 1197 cuntsrt
1283 1139 1426 1207 5:25,
1472 1154 1639 1196 suone
1685 1150 1943 1207 Consus,

1059 1226 1363 1267 Ismenon
1399 1182 1453 1275 ᾖ,

539 1321 770 1377 Domino
824 1320 1166 1384 beatissimo,
1217 1328 1274 1375 et
1322 1320 1544 1374 nimium
1590 1318 2050 1376 desideratissimo

468 1408 617 1470 Patri
651 1413 907 1471 Petronio
935 1415 1207 1485 episcopo,
1242 1412 1523 1484 Dionysius
1548 1412 1800 1482 Exiguus.
1924 1402 1927 1405 ⁷

545 1507 819 1564 Paschalis
845 1509 967 1563 testi
997 1508 1261 1567 ratiOnem
1280 1548 1294 1573 ,
1327 1521 1487 1578 quam
1516 1507 1809 1562 multorum
1839 1508 1929 1561 diu
1958 1506 2057 1563 fre-

462 1607 700 1669 quenter
724 1613 755 1654 a
784 1599 940 1654 nobis
968 1600 1212 1667 exposcit
1242 1598 1516 1664 instantia,
1565 1613 1707 1654 nunc
1734 1598 1904 1667 adjuti
1930 1614 2055 1668 pre-

465 1689 620 1745 oihus
667 1689 863 1744 vestris
903 1690 1173 1759 explicare
1217 1689 1524 1745 curavimus
1559 1704 1571 1742 :
1622 1696 1913 1758 sequentes
1956 1704 2059 1760 per

465 1782 647 1835 omnia
675 1779 1061 1837 venerabilium
1093 1787 1462 1836 trecentorum
1491 1787 1549 1836 et
1582 1780 1883 1836 octodecim
1912 1794 2053 1853 pon-

466 1869 704 1933 titicum,
733 1868 825 1940 qui
861 1871 1003 1940 apud
1047 1868 1279 1926 Nicaeam
1321 1871 1595 1926 civitatem
1624 1869 1891 1943 Bithynia:
1917 1886 2052 1927 con-

465 1962 551 2016 tra
580 1963 855 2017 vesaniam
884 1964 997 2018 Arii
1028 1970 1417 2029 convenerunt,
1452 1964 1619 2019 etiam
1657 1964 1738 2019 rei
1768 1963 1929 2034 hujus
1954 1964 2053 2020 ab-

462 2050 699 2108 solutam
724 2066 1019 2124 veramque
1057 2054 1382 2109 sententiam
1415 2072 1427 2107 :
1470 2053 1561 2122 qui
1590 2054 2051 2124 quartasdecimas

466 2145 624 2201 lunas
650 2145 919 2216 paschalis
946 2142 1303 2200 observantia:
1330 2157 1426 2214 per
1471 2144 1842 2199 novemdecim
1881 2160 2053 2200 anno-

464 2249 584 2289 rum
614 2233 930 2290 redeuntem
960 2248 1176 2305 semper
1221 2233 1277 2289 in
1306 2248 1365 2289 se
1406 2232 1666 2290 circulum
1696 2234 1916 2290 stabiles
1946 2234 2049 2288 im-

462 2332 749 2395 motasque
776 2321 1045 2380 fixerunt:
1098 2340 1218 2395 qua:
1244 2325 1454 2381 cunctis
1482 2326 1692 2382 saeculis
1719 2326 1908 2382 eodem
1939 2338 2048 2397 quo

462 2423 783 2484 repetuntur
812 2415 933 2486 (aL,
966 2414 1323 2487 reponuntur)
1354 2416 1579 2471 exordio
1625 2417 1742 2472 sine
1770 2417 2046 2472 varietatis

460 2502 713 2561 labuntur
740 2516 990 2562 excursu.
1031 2503 1182 2562 Hanc
1209 2516 1385 2562 autem
1425 2506 1663 2575 regulam
1695 2509 1905 2580 pmfati
1931 2511 2046 2565 cir-

459 2597 567 2653 culi
594 2613 701 2653 non
730 2605 837 2653 tam
867 2599 1059 2669 peritia
1087 2598 1342 2669 singulari
1381 2613 1542 2668 quam
1592 2599 1769 2656 sancti
1813 2599 2045 2671 Spiritus

460 2688 825 2746 illustratione
865 2696 1179 2755 sanxerunt,
1228 2700 1284 2746 et
1323 2690 1473 2747 velut
1517 2691 1805 2747 anchoram
1834 2690 2043 2747 ﬁrmam

461 2790 517 2837 et
564 2781 813 2838 stabilem
842 2782 968 2837 huic
1014 2782 1209 2838 rationi
1254 2782 1458 2838 lunaris
1498 2781 1848 2839 dimensionis
1875 2794 2045 2856 appo-

460 2875 636 2930 suisse
657 2882 950 2930 cernuntur
974 2893 985 2927 :
1015 2886 1175 2945 quam
1204 2873 1545 2945 postmodum
1576 2875 1820 2931 nonnulli
1841 2876 1926 2931 vel
1956 2892 2044 2932 ar-

456 2968 707 3037 rogantia
734 2966 1113 3038 despicientes,
1140 2966 1226 3023 vel
1254 2968 1708 3038 transgredientes
1737 2966 2040 3037 inscientia,

456 3056 695 3114 Judaicis
718 3056 924 3113 inducti
954 3058 1166 3124 fabulis,
1216 3059 1481 3114 diversam
1510 3067 1671 3130 atque
1716 3061 2043 3117 contrariam

458 3148 686 3203 formam
725 3145 1030 3204 festivitatis
1068 3150 1239 3205 unica:
1269 3150 1621 3206 tradiderunt.
1669 3147 1738 3205 Et
1773 3152 1898 3221 quia
1926 3153 2043 3208 sine

458 3240 791 3295 fundamenti
821 3239 1095 3297 soliditate
1139 3254 1246 3296 non
1276 3247 1457 3313 potest
1484 3250 1752 3299 structura
1778 3242 1882 3298 ulla
1912 3257 2041 3299 con-

459 3333 673 3401 sistere,
717 3332 876 3401 longe
898 3333 1054 3395 aliter
1083 3334 1135 3389 in
1166 3334 1485 3405 quibusdam
1516 3336 1670 3390 annis
1709 3332 2040 3391 dominicum

460 3417 664 3478 Pascha
698 3429 753 3479 et
781 3422 922 3478 lunae
947 3430 1257 3494 computum
1285 3425 1562 3495 prteﬁgere
1600 3425 1926 3495 maluerunt,
1960 3426 2042 3482 in-

459 3513 738 3570 ordinatos
786 3516 1016 3572 circulos
1063 3516 1372 3573 ordinantes
1414 3517 1531 3590 (al.,
1582 3514 1917 3592 ordientes):
1949 3521 2040 3590 qui

458 3618 570 3658 non
620 3596 794 3661 solum
842 3606 1041 3661 nullam
1100 3622 1351 3664 recursus
1399 3609 1751 3665 stabilitatem
1779 3651 1794 3678 ,
1850 3624 2038 3667 verum

457 3692 620 3749 etiam
649 3710 864 3751 cursum
895 3696 1187 3765 praeferunt
1214 3713 1397 3753 errore
1428 3699 1741 3755 notabilem.

2085 1034 2134 1092 Α
2165 1026 2407 1096 ejusdem
2457 1028 2755 1097 pontittcts,
2806 1027 2914 1082 imo
2963 1027 3143 1096 potius
3189 1042 3330 1097 smpe
3376 1027 3505 1085 dicti
3551 1029 3740 1086 Nirzcni

2158 1119 2393 1182 concilii,
2424 1134 2522 1174 nos
2551 1119 2828 1174 ordinasse
2855 1119 3187 1191 proﬁtemur.

2227 1228 2362 1297 Quia
2391 1244 2522 1285 vero
2549 1238 2766 1285 sanctus
2794 1228 3023 1299 Cyrillus
3051 1230 3281 1299 primum
3307 1231 3523 1303 cyclum
3555 1235 3626 1289 ab
3649 1250 3739 1287 an-

2155 1336 2227 1377 no
2255 1320 2572 1377 Diocletiani
2599 1322 2893 1377 centesimo
2920 1323 3360 1392 quinquagesimo
3379 1326 3537 1381 tertio
3558 1329 3738 1396 coepit,

2155 1420 2211 1468 et
2240 1412 2483 1467 ultimum
2533 1413 2587 1468 in
2633 1412 3006 1468 ducentesimo
3052 1413 3463 1483 quadragesimo
3510 1418 3738 1487 septimo

2156 1503 2502 1569 terminavit;
2534 1518 2634 1557 nos
2663 1518 2691 1556 a
2716 1504 3087 1558 ducentesimo
3107 1503 3516 1573 quadragesimo
3547 1514 3737 1562 octavo

2156 1606 2299 1649 anno
2316 1591 2554 1661 ejusdem
2576 1593 2788 1664 tyranni
2810 1592 2989 1663 potius
3008 1607 3169 1661 quam
3190 1590 3447 1664 pridcipis
3470 1594 3736 1650 inchoan-

2156 1692 2260 1752 tes,
2313 1684 2581 1739 noluimus
2633 1684 2847 1739 circulis
2892 1684 3093 1739 nostris
3138 1687 3457 1741 memoriam
3506 1687 3653 1757 impii
3682 1697 3736 1743 et

2155 1775 2515 1847 persecutoris
2564 1774 2880 1841 innectere;
2933 1775 3029 1829 sed
3070 1776 3240 1844 magis
3270 1775 3528 1845 elegimus
3554 1778 3621 1831 ah
3651 1777 3736 1831 ln-

2155 1867 2471 1924 Carna‘tione
2500 1865 2711 1921 Domini
2732 1866 2901 1921 nostri
2930 1863 3057 1920 Jesu
3085 1866 3287 1921 Christi
3316 1882 3578 1922 annorum
3605 1877 3735 1923 tem-

2154 1973 2286 2030 pora
2335 1968 2684 2029 prznnotare:
2736 1965 3003 2028 quatenus
3045 1958 3324 2013 exordium
3372 1961 3488 2029 spei
3541 1970 3735 2017 nostra:

2155 2050 2336 2105 notius
2357 2050 2513 2104 nobis
2532 2049 2809 2110 existeret,
2837 2055 2892 2103 et
2908 2064 3067 2105 causa
3090 2050 3442 2119 reparationis
3470 2052 3732 2117 humanae,

2154 2139 2207 2192 id
2251 2147 2339 2195 est
2386 2140 2566 2210 passio
2617 2138 2993 2208 Redemptoris
3034 2141 3223 2206 nostri,
3268 2140 3568 2198 evidentius
3614 2145 3732 2199 eiu-

2153 2238 2321 2284 ceret.
3118 2238 3121 2241 λ

2223 2316 2338 2373 Hoc
2364 2326 2625 2388 praeterea
2668 2319 2923 2375 lectorem
2966 2320 3269 2388 putavimus
3314 2322 3728 2389 admonendum,

2076 2402 2123 2464 Β
2148 2407 2293 2478 quod
2329 2410 2562 2465 circulus
2608 2410 2712 2465 iste
2758 2412 3049 2480 nonaginta
3097 2419 3153 2465 et
3194 2412 3429 2481 quinque
3467 2430 3729 2470 annorum
3798 2440 3801 2443 -

2154 2514 2315 2572 quem
2358 2501 2599 2566 iecimus,
2647 2516 2769 2558 cum
2818 2500 2969 2555 linito
3010 2510 3255 2572 tempore
3282 2504 3335 2558 in
3366 2504 3596 2575 idipsum
3646 2523 3727 2563 re-

2147 2593 2285 2649 verti
2314 2594 2556 2664 ctepcrit,
2587 2609 2697 2649 non
2723 2608 2822 2664 per
2848 2592 3029 2648 omnia
3060 2595 3394 2664 propositam
3425 2604 3609 2652 teneat
3639 2599 3726 2652 tir-

2146 2685 2408 2740 mitatem.
2449 2684 2581 2740 Nam
2610 2685 2736 2741 licet
2774 2687 2901 2739 anni
2934 2684 3149 2740 Domini
3179 2682 3347 2741 nostri
3375 2684 3503 2743 Jesu
3529 2686 3727 2744 Christi

2148 2776 2396 2833 ordinem
2424 2791 2581 2831 suum
2611 2775 2924 2831 continuata
2971 2774 3113 2832 serie
3138 2777 3464 2843 custodiant,
3514 2788 3571 2833 et
3599 2780 3727 2835 indi-

2147 2871 2355 2927 ctiones
2397 2883 2496 2940 per
2523 2883 2696 2923 annos
2718 2867 3025 2939 quindecim
3071 2868 3228 2922 solita
3269 2869 3605 2926 revolutione
3628 2871 3725 2927 de-

2147 2968 2387 3025 currant,
2432 2964 2652 3030 epactas
2679 2959 2863 3022 etiam,
2915 2973 3052 3029 quas
3077 2958 3250 3013 Graeci
3277 2967 3496 3025 vocant,
3545 2960 3598 3014 id
3644 2969 3725 3016 est

2146 3051 2477 3123 adjectiones
2520 3066 2729 3106 annuas
2776 3050 2995 3105 lunares
3031 3050 3297 3115 undecim,
3345 3065 3466 3120 qua:
3509 3052 3724 3121 triginta

2144 3134 2350 3199 dierum
2383 3139 2490 3197 ﬁne
2516 3140 2570 3196 in
2596 3155 2658 3197 se
2698 3139 2946 3209 redeunt,
2977 3141 3095 3195 lixis
3120 3142 3318 3209 regulis
3347 3142 3588 3197 invenias
3624 3142 3724 3198 ad-

2144 3240 2395 3299 notatas,
2441 3230 2988 3288 decemnovennalem
3034 3247 3251 3302 quoque
3308 3248 3626 3297 recursum,
3670 3242 3724 3289 et

2143 3323 2425 3397 paschales
2486 3320 2942 3393 quartasdecimas
2995 3320 3152 3376 lunas
3210 3321 3426 3376 easdem
3481 3325 3721 3378 omnium

2143 3430 2381 3473 tevorum
2412 3414 2749 3472 revolutione
2776 3413 3013 3484 reperias
3039 3429 3053 3466 :
3086 3421 3268 3467 tamen
3306 3425 3548 3469 tenorem
3575 3415 3718 3471 simi.

2142 3507 2250 3564 lem
2297 3505 2616 3563 constantia:
2679 3509 2955 3574 nequeunt
3014 3502 3289 3559 custodire
3339 3513 3724 3561 concurrentes

2143 3598 2258 3655 dies
2287 3595 2705 3662 hebdomadum,
2736 3603 2792 3651 et
2818 3594 2938 3650 dies
2967 3592 3189 3651 Pascha:
3226 3595 3461 3665 Domini,
3493 3597 3724 3666 lunaque

2144 3689 2310 3761 ipsius
2357 3687 2464 3743 diei
2495 3685 2776 3742 Dominici.
2830 3684 3276 3740 Concurrentium
3308 3693 3486 3740 autem
3520 3688 3717 3742 hebdo-

546 3783 655 3843 Sed
711 3784 1088 3841 Alexandrinae
1145 3788 1293 3843 urbis
1346 3790 1784 3861 archiepiscOpus
1846 3792 2037 3849 beatus
2063 3779 2110 3842 C
2142 3782 2355 3839 madum
2380 3779 2499 3854 (aL,
2521 3790 2727 3849 septem
2747 3776 2977 3848 dierum)
3000 3777 3159 3840 ratio,
3183 3792 3300 3846 qua:
3321 3777 3387 3831 de
3408 3779 3535 3831 solis
3561 3795 3720 3833 cut-su

458 3874 802 3943 Athanasius,
822 3878 911 3946 qui
939 3879 1099 3932 etiam
1128 3879 1244 3947 ipse
1273 3880 1390 3949 (aL,
1425 3886 1481 3935 et
1509 3881 1645 3953 ipse)
1665 3881 1877 3939 Νίσαιηο
1907 3900 2039 3940 con-

454 3964 581 4020 cilio
610 3972 736 4020 tunc
761 3968 932 4023 sancti
962 3968 1252 4025 Alexandri
1278 3971 1547 4041 pontificis
1573 3973 1832 4029 diaconus
1851 4013 1864 4040 ,
1897 3984 1953 4030 et
1981 3975 2035 4031 in

453 4058 703 4113 omnibus
732 4058 947 4129 adjutor
983 4060 1262 4129 interfuit;
1312 4072 1369 4119 et
1415 4064 1669 4134 deinceps
1714 4066 2039 4125 venerabilis

453 4142 804 4217 Theophilus,
859 4157 913 4203 et
959 4148 1208 4221 Cyrillus,
1257 4153 1326 4207 ab
1368 4154 1469 4209 hac
1512 4156 1701 4224 synodi
1730 4158 2035 4212 veneranda

453 4238 840 4295 constitutione
880 4240 1101 4295 minime
1147 4241 1507 4298 descixcrunt.
1538 4243 1649 4298 lmo
1678 4246 1857 4315 potius
1880 4260 2036 4301 eum-

453 4332 577 4386 dem
598 4331 1144 4387 decemnovennalem
1167 4334 1446 4402 circulum,
1472 4336 1562 4407 qui
1583 4335 2040 4392 Enneacaidecae—

450 4424 621 4478 terida
649 4421 836 4479 Grzeco
862 4424 1125 4481 vocabulo
1153 4433 1508 4497 nuncupatur,
1542 4428 1770 4483 sollicite
1799 4430 2037 4484 retinen-

449 4523 555 4579 tes,
585 4514 891 4585 paschalem
924 4532 1137 4571 cursum
1178 4519 1337 4573 nullis
1364 4520 1761 4576 diversitatibus
1789 4521 2034 4591 interpo-

449 4607 591 4663 lasse
620 4616 1006 4663 monstrantur.
1036 4608 1177 4681 Papa
1208 4610 1439 4680 denique
1466 4608 1792 4683 Theophilus
1819 4621 2035 4670 centum

449 4714 716 4753 annorum
762 4714 976 4754 cursum
1024 4698 1331 4756 Theodosio
1374 4703 1575 4757 seniori
1617 4703 1839 4774 principi
1885 4700 2041 4758 dedi-

448 4802 597 4853 cans,
625 4795 680 4842 et
703 4795 922 4844 sanctus
941 4787 1172 4859 Cyrillus
1190 4789 1400 4860 cyclum
1420 4797 1721 4862 temporum
1746 4792 2034 4862 nonaginta

448 4891 507 4934 et
534 4883 770 4952 quinque
800 4894 1065 4935 annorum
1104 4895 1469 4951 eomponcns,
1520 4884 1660 4938 hanc
1687 4884 1858 4939 sancti
1903 4897 2035 4937 con-

449 4972 557 5025 t-ilii
589 4972 929 5026 traditionem
960 4970 1027 5025 ad
1064 4971 1429 5028 observandas
1463 4969 1917 5044 quartasdecimas
1952 4973 2036 5029 lu-

448 5079 547 5117 nas
575 5063 855 5133 paschales
891 5078 988 5134 per
1016 5064 1197 5119 omnia
1234 5072 1604 5119 servaverunt.
1656 5057 1722 5119 Et
1764 5065 1887 5133 quia
1917 5073 2035 5120 stu-

2139 3872 2404 3946 provenit,
2433 3878 2656 3940 septeno
2682 3868 2803 3941 (aL,
2827 3866 3052 3937 septem)
3076 3882 3337 3921 annorum
3354 3867 3465 3936 jugi
3495 3868 3720 3923 circuitu

2139 3964 2475 4021 terminatur.
2516 3960 2575 4015 In
2616 3975 2722 4030 quo
2750 3958 2848 4029 per
2871 3972 3042 4013 annos
3069 3956 3306 4025 singulos
3334 3972 3497 4011 unum
3528 3973 3721 4013 nume-

2139 4070 2261 4111 rare
2309 4052 2559 4118 curabis;
2609 4050 2662 4105 in
2708 4064 2775 4104 eo
2804 4046 3175 4102 tantummodo
3215 4062 3359 4102 anno
3398 4047 3451 4102 in
3480 4063 3587 4118 quu
3617 4047 3719 4103 bis~

2138 4155 2323 4203 sextus
2348 4146 2529 4211 fuerit,
2570 4143 2706 4199 duos
2733 4142 2988 4212 adjicies;
3037 4152 3157 4211 quae
3184 4154 3343 4195 causa
3383 4140 3547 4194 etiam
3595 4140 3721 4195 facit

2138 4247 2198 4293 ut
2226 4253 2334 4293 non
2372 4253 2471 4307 per
2499 4235 2680 4290 omnia
2724 4233 2954 4290 circulus
2999 4233 3103 4288 iste
3147 4232 3435 4301 nonaginta
3485 4234 3723 4303 quinque

2138 4334 2400 4384 annorum
2427 4340 2525 4382 suo
2555 4324 2791 4380 recursui
2814 4323 3131 4380 concordari
3152 4323 3415 4378 videatur.
3441 4324 3573 4379 Nam
3595 4340 3720 4380 cum

2140 4419 2193 4473 in
2223 4417 2434 4473 etcteris
2462 4414 2620 4471 annis
2643 4430 2749 4470 non
2780 4414 3086 4482 dissentiat,
3129 4413 3183 4469 in
3214 4415 3319 4471 illis
3347 4416 3475 4471 solis
3504 4416 3557 4470 in
3597 4417 3720 4485 qui-

2138 4513 2238 4569 bus
2259 4528 2319 4568 se
2344 4512 2614 4567 bissextus
2641 4508 2933 4572 interserit,
2976 4506 3177 4562 Pascha
3222 4506 3548 4563 dominicum
3596 4523 3720 4563 cum

2138 4619 2232 4659 sua
2262 4602 2385 4658 luna
2413 4602 2565 4656 vario
2612 4599 2773 4655 modo
2818 4598 3046 4653 rationis
3074 4599 3327 4653 occun-it.
3383 4598 3489 4653 Sed
3520 4599 3573 4653 hi
3628 4600 3719 4667 qui

2138 4694 2327 4750 nrdine
2350 4693 2456 4748 iixo
2484 4706 2583 4763 per
2610 4691 2791 4747 omnia
2821 4688 3114 4745 desurrunt
3141 4694 3409 4758 tempora,
3439 4688 3722 4743 mobilium

2140 4800 2361 4843 easuum
2414 4798 2509 4839 sua
2566 4781 2747 4839 stabili
2797 4779 3117 4836 circuitione
3166 4780 3282 4834 sine
3335 4778 3441 4832 ulla
3490 4790 3719 4849 possunt

2136 4876 2452 4933 difﬁcultate
2480 4873 2735 4942 dirigere.
2766 4870 2835 4925 Et
2856 4871 2977 4926 ideo
3006 4877 3129 4941 post
3157 4868 3520 4939 expletionem
3553 4884 3720 4924 nona-

2137 4969 2286 5038 ginta
2313 4967 2550 5037 quinque
2575 4978 2857 5026 annorum,
2908 4976 3029 5016 cum
3060 4961 3249 5015 harum
3279 4974 3459 5014 rerum
3492 4958 3720 5028 diligens

2138 5059 2206 5115 ad
2249 5057 2528 5115 exordium
2576 5054 2757 5109 redire
2791 5053 3042 5116 voluerit,
3090 5066 3196 5104 non
3247 5048 3316 5103 ad
3345 5051 3590 5119 quintum
3621 5067 3719 5122 cy-

450 5151 640 5216 diosis,
685 5159 742 5205 et
785 5154 1150 5221 qumrcntibus
1179 5153 1318 5209 scire
1345 5153 1487 5223 quod
1522 5168 1702 5208 verum
1730 5163 1834 5222 est,
1871 5154 2035 5209 debet
2063 5150 2277 5211 Decium
2306 5147 2477 5202 sancti
2507 5144 2709 5216 Cyrilli,
2743 5156 2903 5214 quem
2927 5141 3081 5195 nobis
3104 5142 3410 5196 necessario
3432 5143 3717 5211 preposui-

450 5240 689 5309 ejusdem
709 5241 892 5295 circuli
908 5245 1091 5311 regula
1116 5243 1271 5300 lixius
1290 5244 1579 5308 inhterere,
1606 5245 1743 5300 hanc
1762 5254 1883 5314 post
1904 5260 2031 5315 pra:-

452 5334 705 5389 fationem
730 5340 966 5387 nostram
987 5336 1314 5391 credidimus
1341 5336 1732 5392 ascribendam.
1766 5337 2028 5406 Nonagin-

451 5438 500 5482 ta
530 5427 769 5496 quinque
798 5432 978 5479 autem
1002 5440 1264 5480 annorum
1296 5429 1440 5483 hunc
1480 5428 1688 5499 cyclum
1714 5428 1892 5482 studio
1920 5443 2029 5496 quo

452 5517 712 5572 valuimus
740 5515 995 5584 expedire
1040 5516 1451 5574 contendimus:
1501 5520 1748 5573 ultimum
1786 5518 2027 5588 ejusdem

448 5607 590 5662 beati
617 5606 821 5678 Cyrilli,
860 5605 911 5658 id
940 5614 1025 5660 est
1050 5605 1295 5674 quintum
1326 5608 1606 5675 circulum,
1636 5610 1762 5679 quia
1789 5620 1884 5665 sex
1926 5614 1994 5663 ad

447 5699 551 5755 lntc
574 5713 646 5754 ex
672 5712 740 5753 eo
769 5696 894 5751 anni
921 5706 1258 5768 supererant,
1290 5699 1344 5753 in
1374 5709 1558 5755 nostro
1579 5702 1681 5757 hoc
1703 5717 1867 5773 opere
1888 5716 2023 5772 prae-

448 5791 719 5847 ferentes:
767 5804 832 5846 ac
870 5788 1065 5847 deinde
1110 5789 1345 5855 quinque
1392 5791 1528 5847 alios
1579 5793 1723 5865 juxta
1776 5808 2020 5849 normam

2136 5256 2274 5304 mus,
2306 5237 2399 5293 sed
2421 5236 2488 5290 ad
2517 5243 2759 5289 nostrum
2782 5223 3015 5303 primum
3038 5231 3324 5299 vigilanter
3343 5242 3592 5288 excurrat
3615 5249 3630 5298 ;
3663 5243 3715 5287 et

2137 5331 2347 5395 ordine,
2375 5345 2482 5401 quo
2511 5327 2761 5393 diximus,
2792 5341 2890 5396 per
2918 5340 3010 5380 eos
3039 5325 3130 5395 qui
3156 5325 3365 5379 firmum
3392 5343 3605 5381 cursum
3629 5343 3717 5381 rc-

2133 5424 2329 5490 tinent,
2376 5437 2563 5476 eorum
2608 5432 2972 5489 progressum,
3025 5417 3117 5486 qui
3165 5416 3415 5472 videntur
3459 5418 3712 5482 titubare,

2132 5522 2414 5570 sustentet.

2204 5606 2334 5660 Illud
2364 5618 2579 5674 quoque
2604 5618 2710 5658 non
2738 5601 2934 5657 minori
2963 5615 3090 5655 cura
3114 5594 3404 5656 notandum
3433 5614 3552 5656 esse
3580 5616 3713 5655 cen-

2133 5699 2356 5760 suimus,
2389 5712 2457 5751 ne
2480 5696 2530 5750 iu
2561 5695 2717 5765 primi
2748 5694 2945 5748 mensis
2973 5692 3245 5761 agnitione
3273 5690 3537 5744 fallamur.
3575 5690 3713 5746 liinc

2132 5790 2274 5847 enim
2302 5802 2439 5853 pene
2467 5794 2687 5842 cunctus
2716 5800 2866 5841 error
2895 5782 3262 5852 discrepantia:
3291 5780 3555 5850 paschalis
3581 5796 3709 5835 exo-
