4034 6206
446 318 514 375 at
1496 315 1835 378 EPlSTOLA
1868 304 1891 376 t
1928 314 2016 376 on
2052 316 2349 377 RATIONES
2384 316 2699 378 rasum.
3658 327 3729 383 se

448 436 612 503 ritur,
657 436 786 493 diua
830 434 1093 508 temporis
1138 430 1349 494 initium
1395 436 1695 508 ignoratur.
1731 436 1868 495 Nam
1915 451 2039 494 cum
2064 437 2119 502 Α
2145 437 2417 496 sententia
2451 438 2877 512 comprobatur:
2908 439 3023 514 qui,
3059 439 3216 514 juxta
3255 441 3399 502 banc
3441 441 3733 519 Egyplio-

452 528 711 584 Dominus
737 529 1085 600 eumipotens
1116 529 1260 587 banc
1289 530 1705 587 suauissimam
1730 530 2042 588 solemnita-

450 633 564 679 tem
590 622 970 680 celebrandam
1000 621 1122 679 iiiiis
1146 623 1330 691 lsi-aet,
1366 625 1456 695 qui
1486 634 1555 681 ex
1586 623 1838 697 Egyptia
1870 626 2041 682 servis

450 725 569 771 tute
611 716 1013 783 liberabantur,
1048 715 1332 781 indiceret,
1383 718 1461 772 ait
1502 718 1559 773 in
1601 718 1739 772 libro
1770 716 1941 774 Exodi
1970 716 2039 773 ad

451 805 674 878 Moysen
703 813 759 862 et
789 806 969 863 Aaron
998 809 1052 863 in
1070 816 1215 862 terra
1245 806 1465 880 Egypti
1489 826 1503 862 :
1535 807 1733 865 Mensis
1768 810 1866 865 iste
1892 810 2040 880 prin-

448 900 643 969 cipium
667 900 938 964 mensium,
968 902 1166 970 primus
1190 902 1289 955 erit
1315 902 1371 955 in
1392 901 1655 957 ntensibus
1680 902 1806 956 anni
1837 899 2034 972 (Exod.

450 1002 548 1052 an,
569 988 649 1059 3).
678 988 919 1060 itemque
947 992 1145 1047 ibidem
1175 1012 1188 1046 :
1217 992 1416 1058 Primo,
1448 993 1641 1063 inquit,
1668 1010 1859 1061 mense,
1898 994 2039 1050 deci-

448 1094 538 1135 ate
557 1089 743 1150 quarto
764 1081 847 1137 die
872 1084 1064 1137 mensis
1093 1082 1165 1136 ad
1199 1099 1465 1147 uesperum
1507 1084 1783 1139 comedetis
1830 1100 2037 1155 azyma,

445 1184 610 1240 usque
648 1170 722 1223 ad
767 1172 1067 1242 vigesimum
1112 1174 1334 1243 primum
1382 1174 1613 1244 ejusdem
1661 1174 1731 1228 ad
1774 1188 2041 1244 uesperum

446 1260 643 1329 (Ibid,
674 1260 785 1329 18).
826 1262 885 1316 in
916 1262 1334 1318 Deuteronomio
1362 1278 1577 1334 quoque
1599 1263 1740 1319 idem
1763 1262 2041 1333 legislator

447 1354 662 1424 Moyses
702 1356 777 1410 ita
808 1356 1060 1426 populum
1098 1356 1167 1412 de
1208 1358 1312 1413 hac
1352 1372 1415 1413 re
1458 1369 1771 1414 commonet
1809 1357 2033 1414 dicens:

448 1444 681 1502 Observa
728 1462 954 1502 mensem
1001 1462 1248 1503 novarum
1289 1450 1518 1520 frugum,
1567 1458 1617 1505 et
1645 1450 1788 1504 verni
1814 1449 2039 1519 primum

448 1539 715 1608 temporis,
743 1547 801 1592 ut
828 1539 999 1610 [ocius
1039 1536 1241 1593 Pascha
1268 1538 1493 1595 Domino
1514 1539 1622 1597 Deo
1652 1551 1759 1608 tuo,
1788 1542 2035 1613 quoniam

444 1629 504 1684 in
524 1629 625 1684 ista
650 1644 829 1685 mense
853 1630 1033 1684 eduxit
1054 1638 1104 1684 te
1125 1629 1379 1686 Dominus
1410 1630 1550 1687 Deus
1578 1642 1693 1687 tuus
1719 1633 1783 1688 de
1803 1632 2037 1704 Aigyptd

442 1726 599 1773 nocte
629 1716 869 1787 (Denter.
902 1734 1018 1783 ιη,
1053 1720 1075 1773 1
1106 1728 1155 1774 et
1190 1722 1348 1790 seq.).
1371 1720 1542 1776 Tanta
1574 1722 1679 1777 bac
1712 1722 2037 1777 auctoritate

2140 546 2262 589 rum
2289 532 2721 608 calculationem,
2750 543 2971 605 quartas
2998 536 3235 591 decimas
3263 536 3417 592 lunas
3457 539 3723 608 paschalis

2139 607 2495 679 Observantia':
2520 622 2869 679 tradiderunt.
2901 623 3009 680 Sed
3052 624 3292 680 nonnulli
3328 607 3490 682 tanta:
3517 628 3725 683 subtili-

2140 712 2287 780 tatis,
2312 714 2426 769 sive
2453 714 2634 784 potius
2660 714 2956 771 sanctionis
2977 714 3165 785 ignari,
3198 717 3325 773 dum
3346 717 3447 773 alia
3472 730 3721 791 supputa-

2140 801 2306 860 tionis
2334 812 2652 872 argumenta
2684 806 3021 876 perquirunt,
3052 821 3083 861 a
3111 807 3353 863 veritatis
3390 812 3608 867 tramite
3637 827 3722 868 re-

2139 891 2359 949 cedunt.
2408 890 2559 950 Unde
2587 893 2907 966 plerumque
2936 896 3217 966 contingit,
3250 904 3310 952 ut
3335 899 3551 968 quando
3580 912 3723 974 smpc

2140 982 2271 1039 dicti
2314 982 2502 1041 Patres
2529 983 2795 1042 decimam
2834 994 3083 1056 quartam
3110 987 3287 1043 lunam
3332 998 3562 1059 ponunt,
3602 1004 3723 1048 eam

2140 1072 2227 1129 isti
2256 1072 2519 1131 decimam
2557 1076 2801 1145 quintam
2832 1078 3206 1148 suspicentur;
3238 1086 3294 1134 et
3321 1096 3439 1150 qua:
3469 1080 3721 1151 vigesima

2139 1167 2314 1238 prima
2354 1175 2458 1235 est,
2505 1169 2820 1237 vigesimam
2861 1171 3150 1226 secundam
3192 1180 3312 1227 esse
3348 1175 3719 1244 pronuntient.

2138 1258 2247 1315 Sed
2277 1259 2454 1328 nobis,
2484 1259 2678 1331 quibus
2707 1254 2861 1317 amor
2889 1270 2945 1316 et
2970 1276 3095 1316 cura
3127 1270 3208 1317 est
3236 1260 3553 1318 Christiana:
3591 1263 3721 1320 relic

2137 1348 2333 1419 gionis,
2363 1344 2508 1404 nulla
2540 1365 2761 1420 prorsus
2787 1359 3005 1421 oportet
3034 1352 3243 1407 ratione
3273 1351 3585 1418 discedere;
3623 1345 3721 1410 sed

2138 1439 2413 1513 praeﬁxum
2460 1440 2530 1496 ab
2574 1440 2661 1497 bis
2707 1442 3020 1513 pascbaiem
3070 1442 3311 1514 regulam
3361 1445 3721 1503 sincerissima

2138 1531 2395 1588 convenit
2424 1531 2804 1588 observatione
2831 1546 3066 1591 scrvare.

2208 1623 2421 1692 Quanta
2448 1638 2578 1681 vero
2606 1625 2660 1680 in
2688 1621 2943 1681 Ecciesiis
2971 1633 3104 1683 toto“
3117 1631 3384 1684 terrarum
3407 1626 3542 1684 orbe
3568 1626 3719 1686 ditiu-

2137 1713 2215 1770 sis
2242 1714 2434 1770 horum
2481 1713 2702 1771 Patrum
2746 1716 2981 1773 nitamur
3021 1718 3365 1786 auctoritate,
3414 1733 3524 1777 non
3571 1720 3723 1776 labor
3816 1716 3827 1725 ’

442 1806 624 1863 divina
651 1807 865 1874 claruit,
878 1808 1054 1879 primo
1073 1822 1277 1875 mense,
1299 1810 1511 1865 decimo
1530 1821 1724 1881 quarto
1746 1810 1834 1866 die
1853 1811 1922 1865 ad
1948 1824 2031 1866 ve
2064 1811 2113 1875 Β
2138 1815 2220 1865 est
2246 1808 2533 1866 ostendere
2562 1826 2578 1864 :
2624 1823 2748 1866 cum
2795 1813 3089 1868 secundum
3138 1811 3425 1871 concilium
3465 1813 3607 1886 apud
3634 1812 3724 1868 Ni-

444 1910 686 1968 ενα-θαι,
731 1912 906 1967 usque
940 1898 1007 1954 ad
1034 1899 1352 1970 vigesimum
1380 1900 1631 1970 primum,
1681 1899 2029 1957 festivitatem

442 1990 758 2062 paschalem
807 1991 1013 2048 debere
1047 1992 1333 2050 celebrari.
1378 1992 1489 2049 Sed
1532 1991 1659 2062 quia
1704 1992 1906 2051 mensis
1944 1991 2034 2050 hic

444 2080 590 2137 unde
614 2089 794 2138 sumat
820 2081 1127 2152 exordium,
1148 2083 1238 2139 vel
1262 2081 1353 2139 ubi
1383 2084 1725 2149 terminctur,
1757 2083 2038 2141 evidenter

446 2171 522 2228 ibi
546 2185 658 2228 non
680 2172 906 2242 legitur,
929 2173 1141 2243 praelati
1163 2173 1393 2230 trecenti
1415 2181 1473 2229 et
1495 2172 1799 2230 octodecim
1827 2169 2039 2244 pontifia

441 2274 559 2328 ces,
591 2263 796 2333 antiqui
820 2264 991 2320 moris
1018 2263 1436 2331 observantiam,
1475 2272 1532 2321 et
1557 2264 1754 2322 exinde
1781 2280 1813 2321 a
1843 2272 2034 2321 sancto

445 2352 632 2426 Moyse
657 2354 930 2421 traditam,
960 2355 1100 2412 sicut
1128 2355 1181 2410 in
1213 2356 1449 2426 septimo
1478 2354 1616 2412 libro
1644 2354 2037 2413 Ecciesiastictn

444 2443 677 2501 refertur
703 2445 971 2511 Historiae,
1001 2446 1258 2503 soiertius
1307 2447 1711 2517 investigantes,
1740 2447 1812 2503 ab
1839 2454 2037 2504 octavo

448 2535 575 2596 idm
599 2536 798 2602 Martii,
854 2550 1026 2608 usque
1065 2538 1120 2594 in
1147 2537 1291 2595 diem
1321 2553 1585 2596 nonarum
1610 2537 1894 2610 Aprilium,
1946 2552 2037 2595 na-

448 2634 559 2680 tam
585 2624 767 2682 lunam
790 2624 971 2683 facere
993 2626 1248 2683 dixerunt
1276 2627 1436 2698 primi
1464 2626 1666 2684 mensis
1706 2626 1989 2685 exordium
2014 2643 2030 2683 :

444 2723 506 2772 et
529 2716 899 2776 aduodccimo
919 2718 1007 2775 die
1027 2719 1372 2777 calendarum
1393 2718 1657 2791 Aprilium
1678 2730 1847 2790 usque
1869 2719 1923 2775 in
1942 2721 2040 2776 de-

444 2808 645 2865 cimum
665 2818 913 2881 quartum
933 2810 1185 2868 calendas
1205 2800 1371 2868 Maias
1394 2811 1573 2867 lunam
1591 2809 1855 2868 decimam
1874 2824 2038 2881 quar-

447 2905 560 2952 tam
579 2898 835 2956 solertiae
860 2898 1252 2971 inquirendam.
1278 2900 1409 2969 Qua:
1436 2900 1561 2972 quia
1583 2916 1706 2958 eum
1727 2899 1856 2959 solis
1874 2913 2037 2958 cursu

448 3003 560 3047 non
580 2989 862 3060 maliter
886 2990 1149 3060 volvitur,
1180 2998 1453 3046 tantorum
1482 2990 1691 3061 dierum
1725 2990 1915 3061 spatiis
1943 3004 2038 3047 oc-

446 3096 663 3139 cursum
692 3082 928 3139 vernalis
955 3083 1267 3153 aequinoctii
1288 3090 1652 3152 consequatur
1677 3100 1690 3136 :
1723 3080 1816 3151 qui
1845 3094 1875 3137 a
1898 3080 2035 3140 duo-

2139 1914 2309 1956 emam
2337 1908 2464 1971 post
2488 1908 2733 1974 tempora
2762 1917 2870 1962 non
2903 1901 3061 1975 longa
3086 1904 3417 1961 conveniens
3446 1914 3494 1972 ⁸,
3537 1916 3722 1961 eorum

2135 1990 2385 2063 primitus
2432 1990 2801 2049 deﬁnitionem
2827 2033 2843 2059 ,
2897 2008 3060 2065 quam
3108 1994 3178 2050 de
3233 1992 3472 2067 paschali
3515 1995 3724 2052 ratione

2141 2080 2495 2153 protulerant,
2534 2078 2686 2139 nullo
2730 2081 2895 2140 modo
2936 2083 3244 2141 violandam
3272 2086 3408 2142 esse
3434 2085 3731 2143 censuerit.

2139 2171 2383 2243 Denique
2412 2174 2467 2229 in
2495 2174 2699 2230 sanctis
2720 2176 3040 2243 canonibus,
3069 2179 3170 2232 sub
3196 2176 3355 2232 titulo
3388 2177 3722 2248 septuagesi-

2137 2279 2229 2320 mo
2274 2279 2439 2332 nono,
2479 2266 2680 2334 quiest
2714 2267 2919 2337 primus
2949 2268 3115 2338 ipsius
3141 2268 3463 2324 Antiocheni
3489 2267 3722 2334 concilii,

2136 2356 2221 2413 bis
2247 2356 2424 2413 verbis
2446 2356 2716 2414 invenitur
2741 2372 3060 2429 expressum
3086 2376 3102 2413 :
3133 2357 3329 2415 Omnes
3354 2358 3445 2432 qui
3470 2358 3587 2414 ausi
3608 2360 3732 2429 (ne-

2136 2448 2246 2503 rint
2290 2447 2568 2505 dissolvere
2610 2447 2967 2519 deﬁnitionem
3008 2449 3176 2506 sancti
3215 2458 3267 2507 et
3307 2448 3485 2519 magni
3524 2442 3743 2503 concilii

2138 2537 2279 2610 quod
2322 2537 2464 2608 apud
2490 2532 2731 2594 Nicaeam
2757 2547 3124 2611 congregatum
3168 2547 3269 2611 est,
3311 2537 3412 2593 sub
3450 2538 3724 2610 prmentia

2138 2629 2362 2703 piissimi
2383 2620 2433 2685 et
2458 2630 2740 2687 uenerandi
2768 2630 3017 2702 principis
3057 2631 3408 2696 Constantini,
3452 2630 3517 2686 de
3542 2630 3723 2687 saluti-

2140 2721 2257 2793 {era
2299 2721 2627 2777 solemnitate
2673 2721 2928 2791 paschali,
2984 2719 3525 2787 excommunicandos,
3575 2720 3626 2775 et
3665 2720 3737 2775 de

2138 2805 2379 2866 Ecclesia
2398 2809 2667 2882 pellendos
2688 2823 2800 2866 esse
2818 2824 3115 2876 censemus;
3140 2811 3184 2865 si
3208 2818 3377 2865 tamen
3398 2809 3739 2874 contentiosi,

2139 2901 2384 2958 adversus
2411 2916 2473 2956 ea
2499 2918 2613 2976 qua:
2647 2900 2782 2957 bene
2832 2910 2952 2957 sunt
2996 2902 3224 2969 decreta,
3269 2900 3606 2972 perstiterint.
3658 2895 3722 2953 Et

2141 2994 2253 3049 hac
2280 2991 2486 3066 quidem
2511 2991 2575 3047 de
2606 2992 2755 3046 laicis
2782 2990 2921 3046 dicta
2949 2992 3073 3047 sint.
3123 2990 3186 3047 Si
3211 2991 3326 3064 quis
3355 2998 3524 3045 autem
3552 3003 3727 3044 eorum

2140 3088 2227 3160 qui
2256 3094 2487 3157 prtesunt
2512 3084 2779 3152 Ecclesiae,
2799 3095 2888 3140 aut
2912 3086 3203 3157 episcopus,
3228 3093 3315 3138 aut
3335 3083 3619 3155 presbyter.
3641 3091 3733 3137 aut

445 3172 663 3230 decimo
686 3173 1031 3229 caiendarum
1059 3172 1321 3244 Aprilium
1352 3174 1460 3238 die,
1494 3181 1811 3230 cunctorum
1840 3170 2031 3229 Oriens
2059 3175 2109 3239 Ο
2140 3176 2414 3243 diaconus,
2440 3185 2558 3247 post
2583 3176 2716 3230 hanc
2744 3173 3097 3247 deﬁnitionem
3125 3174 3393 3229 tentaverit
3421 3174 3493 3226 ad
3518 3173 3723 3227 subver-

448 3265 638 3320 taliutn
656 3267 959 3334 sententiis,
982 3274 1037 3322 et
1059 3267 1293 3321 maxime
1315 3265 1714 3338 IEgyptiorum,
1739 3266 1830 3336 qui
1852 3267 2033 3323 calcu-

445 3356 665 3413 lationis
680 3368 791 3427 prae
812 3358 1060 3413 omnibus
1073 3354 1222 3428 gnari
1239 3364 1383 3424 sunt,
1401 3358 1708 3428 specialiter
1723 3355 2033 3414 adnotatur.

447 3445 507 3501 in
532 3459 645 3517 quo
668 3448 856 3516 etiam,
903 3448 948 3505 si
978 3449 1104 3503 luna
1132 3448 1341 3504 decima
1375 3458 1571 3517 quarta
1595 3448 1819 3504 sabbato
1857 3448 2035 3505 conti-

446 3537 588 3603 gerit
612 3536 784 3607 (quod
821 3537 991 3594 semei
1033 3538 1086 3592 in
1116 3538 1411 3607 nonaginta
1440 3538 1678 3607 quinque
1710 3538 1865 3594 annis
1893 3539 2038 3595 acci-

445 3628 577 3683 dere
601 3628 947 3685 manifestum
979 3629 1085 3701 est)
1103 3672 1118 3697 ,
1148 3632 1397 3700 sequenti
1424 3630 1513 3687 die
1551 3630 1845 3701 dominico,
1874 3630 1925 3688 id
1954 3638 2041 3690 est

447 3717 731 3774 undecimo
749 3718 1002 3777 calendas
1030 3719 1246 3791 Aprilis,
1271 3721 1397 3776 luna
1419 3721 1625 3779 decima
1649 3722 1858 3790 quinta,
1889 3723 2035 3780 celo-

447 3807 713 3863 brandutn
739 3807 972 3877 Pascha,
1002 3810 1191 3867 eadem
1220 3820 1411 3868 sancta
1440 3811 1677 3884 synodus
1710 3811 1828 3869 sine
1857 3813 2031 3870 ambi-

447 3898 657 3967 guitate
700 3898 954 3956 limavit.
1003 3899 1119 3958 Hoc
1146 3903 1321 3959 modis
1347 3902 1598 3959 omnibus
1624 3903 1941 3971 admonens,
1973 3911 2036 3960 ut

449 4001 581 4049 ante
605 3993 982 4052 duodecimum
1014 3996 1267 4054 calendas
1296 3997 1494 4069 Aprilis
1532 3999 1715 4055 lunam
1768 3998 2033 4056 decimam

449 4099 700 4159 quartam
725 4092 993 4163 paschalis
1017 4093 1141 4149 festi
1170 4094 1346 4149 nullus
1362 4094 1669 4164 inquireret
1697 4113 1712 4162 ;
1743 4110 1903 4166 quam
1924 4110 2036 4152 non

456 4180 619 4252 primi
643 4183 858 4248 mensis,
883 4181 979 4240 sed
1007 4181 1181 4238 ultimi
1210 4197 1330 4239 esse
1359 4191 1654 4241 constaret.

430 4282 439 4347 ι
528 4270 637 4328 Sed
660 4286 759 4331 nec
786 4274 891 4330 hoc
917 4272 1353 4344 prmiereundum
1379 4288 1500 4330 esse
1530 4274 1854 4345 putavimus,
1885 4269 2039 4347 quod

452 4362 612 4419 nimis
636 4373 820 4420 errant
846 4365 939 4435 qui
981 4363 1162 4419 lunam
1191 4377 1449 4435 peragere
1486 4379 1701 4421 cursum
1733 4365 1815 4419 sui
1848 4362 2038 4421 circuli

448 4454 667 4525 triginta
690 4456 901 4512 dierum
921 4457 1108 4528 spatiis
1125 4456 1476 4525 aestimantes,
1505 4457 1789 4514 duodecim
1814 4456 2035 4514 lunares

2138 3270 2337 3325 sionem
2376 3268 2720 3339 populorum,
2769 3277 2821 3323 et
2866 3266 3222 3322 Ecclesiarum
3269 3263 3725 3336 perturbationem,

2139 3360 2353 3417 seorsim
2408 3360 2669 3431 colligere,
2713 3366 2907 3414 etcum
2942 3356 3141 3413 Judteis
3189 3354 3396 3413 Pascha
3424 3355 3723 3417 celebrare;

2139 3456 2322 3507 sancta
2350 3450 2577 3521 synodus
2605 3448 2742 3503 hunc
2790 3447 3015 3503 alienum
3047 3449 3162 3520 jam
3214 3446 3336 3501 hinc
3383 3443 3448 3499 ab
3489 3443 3725 3499 Ecclesia

2140 3541 2410 3606 indicauit,
2444 3540 2583 3611 quod
2608 3557 2712 3596 non
2735 3540 2905 3595 solum
2931 3538 3048 3605 sibi,
3072 3537 3164 3594 sed
3183 3537 3421 3609 plurimis
3443 3552 3599 3591 causa
3623 3550 3723 3589 ror-

2139 3632 2396 3703 rttptionis
2426 3647 2487 3685 ac
2520 3629 2923 3702 perturbationis
2952 3629 3227 3687 exstiterit.
3253 3625 3367 3682 Nec
3391 3626 3554 3683 solum
3578 3643 3610 3679 a
3631 3624 3724 3678 mi-

2140 3722 2354 3778 nisterio
2381 3722 2510 3777 tales
2538 3730 2789 3789 remoret,
2820 3720 2912 3776 sed
2933 3722 3091 3775 etiam
3134 3719 3213 3773 illi
3242 3721 3330 3791 qui
3354 3724 3471 3791 post
3500 3717 3723 3773 damna-

2140 3813 2333 3867 tionem
2363 3810 2658 3886 hujusmodi
2686 3812 3065 3867 communicare
3113 3810 3441 3879 tentaverint,
3488 3808 3727 3869 damnati

2139 3910 2280 3971 sunt,
2328 3907 2469 3961 omni
2497 3919 2693 3976 quoque
2729 3905 3053 3958 extrinsecus
3098 3903 3294 3956 honore
3330 3902 3541 3971 privati,
3579 3914 3735 3972 quem

2141 4004 2323 4051 sancta
2352 3995 2553 4065 regula,
2582 4004 2633 4047 et
2657 3993 3003 4048 sacerdotium
3028 3990 3126 4045 Dei
3153 3990 3453 4061 promeruit.
3493 3986 3590 4047 liis
3618 4004 3731 4045 non

2138 4083 2422 4142 dissimilia
2452 4082 2774 4139 venerabilis
2800 4096 2936 4153 papa
2967 4080 3077 4138 Leo
3097 4077 3241 4136 sedis
3264 4079 3575 4151 apostolicae
3599 4094 3733 4152 prius

2140 4175 2226 4234 Sui
2254 4174 2587 4246 pronuntiat,
2625 4174 2811 4231 dicens
2838 4191 2851 4226 :
2894 4168 3090 4227 Contra
3117 4180 3314 4226 statuta
3344 4187 3603 4227 canonum
3632 4187 3725 4242 pa-

2144 4272 2431 4331 ternorum,
2474 4280 2590 4336 quas
2628 4273 2749 4318 ante
2777 4263 3095 4335 longissimae
3121 4264 3293 4317 (etatis
3330 4278 3497 4317 annos
3522 4263 3577 4317 in
3607 4261 3727 4317 urbe

2145 4356 2330 4413 Nicwa
2351 4355 2672 4428 spiritalibus
2693 4363 2813 4409 sunt
2833 4355 3054 4427 fundata
3084 4354 3319 4421 decretis,
3342 4353 3473 4409 nihil
3493 4355 3727 4426 cuiquam

2142 4449 2334 4504 audere
2365 4448 2663 4505 conceditur
2688 4464 2706 4501 :
2753 4448 2828 4500 ita
2858 4454 2914 4500 ut
2951 4447 2995 4501 si
3023 4446 3135 4518 quis
3164 4445 3421 4500 diversum
3460 4444 3584 4516 quid
3611 4442 3731 4501 velit

447 4560 667 4603 menses
713 4546 768 4602 in
808 4548 1068 4604 trecentis
1106 4548 1384 4618 sexaginta
1410 4547 1601 4605 diebus
1629 4552 2030 4616 annumerant;
2064 4542 2431 4611 Ddeceruere,
2482 4554 2538 4595 se
2580 4540 2747 4613 potius
2793 4539 3030 4605 minuat,
3079 4552 3234 4611 quam
3270 4536 3365 4591 illa
3408 4544 3726 4608 corrumpat.

446 4635 644 4705 quibus
666 4636 831 4692 etiam
859 4636 1097 4708 quinque.
1125 4636 1239 4692 dies
1267 4635 1544 4706 adjiciunt,
1578 4650 1715 4706 quos
1743 4636 2031 4693 intercala-

449 4742 540 4786 res
566 4729 862 4801 appellavit
906 4730 1217 4800 antiquitas,
1264 4736 1324 4785 ut
1375 4728 1607 4784 solarem
1634 4743 1834 4784 annum
1864 4728 2035 4783 adim-

450 4817 603 4891 plere
656 4819 964 4877 videantur.
1011 4820 1146 4876 Cum
1183 4818 1411 4891 diligens
1462 4818 1739 4891 inquisitio
1795 4818 2037 4877 veritatis

448 4907 751 4967 ostenderit
797 4911 851 4968 in
898 4911 1109 4968 duobus
1160 4910 1300 4966 iunte
1336 4909 1555 4967 circulis
1595 4924 1705 4965 non
1752 4909 2034 4979 sexaginta

446 5001 590 5069 dies,
617 5003 714 5060 sed
742 5003 1127 5074 quinquaginta
1160 5018 1353 5061 novem
1389 5002 1590 5061 debere
1627 5002 1917 5058 numerari.
1956 5002 2037 5059 Ac

446 5107 545 5165 per
581 5094 687 5149 hoc
728 5095 784 5148 in
820 5093 1106 5151 duodecim
1148 5094 1423 5151 lunaribus
1460 5092 1736 5151 mensibus
1764 5100 2038 5150 trecento-

448 5198 570 5239 rum
592 5183 979 5255 quinquaginta
1009 5192 1244 5255 quatuor
1279 5184 1487 5241 dierum
1521 5190 1784 5240 summam
1814 5183 1994 5254 colligi
2020 5199 2036 5252 ;

447 5273 538 5330 cui
576 5284 797 5346 epactas
840 5274 1082 5349 Egyptii
1130 5290 1369 5343 annuas,
1411 5276 1463 5331 id
1502 5283 1587 5331 est
1626 5275 1874 5331 undecim
1902 5275 2037 5343 dies,

448 5365 902 5421 accommodant:
935 5374 995 5421 ut
1036 5366 1111 5422 ita
1152 5366 1369 5423 demum
1400 5365 1605 5421 lunaris
1649 5365 1888 5420 emensio
1915 5363 2037 5436 (aL,

449 5454 738 5529 ὧιιιοηείο)
767 5459 963 5514 rationi
990 5458 1123 5516 solis
1152 5457 1483 5528 adsequetur.
1517 5455 1671 5524 Quod
1703 5455 2039 5511 verissimum

451 5558 573 5604 esse
628 5558 793 5620 atque
848 5551 1209 5606 certissimum
1268 5549 1759 5622 suprascriptorum
1818 5544 2037 5602 Patrum

2150 4632 2280 4698 Once
2305 4631 2374 4701 si,
2410 4639 2466 4684 ut
2496 4638 2717 4700 oportet,
2764 4645 2796 4682 a
2825 4628 3021 4682 cunctis
3058 4626 3390 4697 pontiﬁcibus
3420 4627 3726 4683 intemerata

2136 4732 2419 4788 serventur,
2459 4736 2551 4792 per
2577 4723 2842 4777 universas
2866 4717 3130 4774 Ecclesias
3170 4734 3277 4789 pax
3312 4719 3438 4784 erit,
3484 4726 3537 4774 et
3573 4718 3727 4789 ﬁrma

2140 4811 2439 4870 concordia.
2471 4808 2539 4865 Et
2565 4811 2797 4866 iterum:
2854 4807 2922 4864 In
2956 4806 3227 4875 omnibus,
3259 4806 3463 4879 inquit,
3492 4807 3727 4862 ecclesia-
3777 4831 3791 4882 ε

2140 4904 2284 4959 sticis
2307 4903 2499 4969 causis,
2521 4901 2600 4957 Itis
2627 4901 2821 4975 legibus
2844 4899 3187 4971 obsequimur,
3211 4912 3341 4971 quas
3363 4898 3433 4953 ad
3452 4898 3725 4969 paciﬁcum
3782 4884 3787 4895 ’

2138 4994 2520 5052 observantiam
2548 4996 2778 5049 omnium
2809 4991 3135 5048 sacerdotum
3173 5004 3265 5062 per
3293 4997 3547 5044 trecentos
3576 4996 3719 5043 octo—

2142 5084 2309 5140 decim
2331 5084 2588 5141 antistites
2612 5084 2841 5155 Spiritus
2863 5091 3075 5139 sanctus
3095 5080 3355 5137 instituit:
3377 5079 3453 5134 ita
3476 5086 3534 5133 ut
3554 5082 3728 5134 etimn-

2140 5178 2188 5235 si
2216 5178 2378 5234 multo
2400 5177 2573 5249 plures
2595 5178 2760 5243 aliud,
2809 5190 2963 5247 quam
3006 5173 3088 5228 illi
3132 5179 3382 5238 statuere,
3426 5170 3726 5238 decernant,

2141 5270 2197 5323 in
2245 5267 2392 5322 nulla
2434 5272 2721 5323 reverentia
2766 5267 2833 5321 sit
2875 5262 3183 5329 habendum,
3232 5259 3482 5338 quidquid
3513 5262 3671 5337 fuerit
3700 5278 3728 5315 a

2143 5360 2511 5433 prtcdictorum
2534 5358 2902 5414 constitutione
2928 5354 3207 5409 diversum.

2212 5451 2572 5519 Snﬂicientcr,
2626 5458 2685 5506 ut
2734 5458 3004 5521 putamus,
3056 5445 3267 5504 cunctis
3320 5446 3608 5519 indicitur,
3664 5458 3726 5504 ne

2141 5542 2397 5615 deinceps
2426 5544 2583 5600 aliter
2610 5557 2771 5615 quam
2794 5554 2825 5596 a
2850 5539 3054 5597 sanctis
3079 5540 3431 5599 constitutum
3452 5545 3536 5598 est
3559 5538 3723 5597 Patri-

550 5759 576 5789 ‘
612 5753 785 5822 Alias,
837 5772 948 5814 cum
980 5767 1217 5816 sanctum
1257 5757 1530 5815 concilium
1569 5754 1712 5825 apud
1752 5752 2083 5810 Antiochiam
2119 5759 2235 5821 post
2274 5759 2534 5822 tempora,
2582 5756 2728 5808 etc.:
2772 5747 3008 5818 reetius,
3051 5753 3111 5802 ut
3148 5760 3219 5803 ex
3257 5743 3606 5817 sequentibus
3645 5740 3722 5798 vi.

444 5820 629 5881 ἁαιιτ.
