4040 6202
326 282 399 340 es
1678 280 1969 341 DlONYSll
1998 276 2245 341 EXIGUI.
3520 264 3596 337 at

327 398 453 468 bus,
476 395 891 461 sacratissimum
916 393 1124 453 Pascha
1152 393 1471 471 celebretur.
1501 392 1655 462 Quod
1683 394 1728 450 si
1753 395 1907 450 testi-
1934 402 1979 469 Α
2012 394 2164 465 dum,
2193 407 2528 463 communes,
2556 392 2608 451 id
2632 399 2717 455 est
2734 393 2970 456 minores
2997 391 3214 464 habeat,
3246 394 3464 463 tertium
3484 402 3597 451 eui-

326 490 508 546 mouia
532 497 804 545 tantorum
834 488 1175 545 sacerdotum
1222 487 1445 541 forsitan
1489 485 1611 555 quis
1640 485 1907 541 obst'nata

327 588 507 637 mente
529 580 851 652 despexerit,
875 581 1038 635 etiam
1059 578 1111 633 in
1136 577 1358 635 historia
1376 575 1738 632 ecclesiastica
1758 576 1908 647 paria

325 672 563 731 breviter
608 671 849 727 intimata
892 668 1153 739 reperiet;
1202 667 1600 737 multorumque
1646 665 1910 723 relatione

326 763 661 835 pontificum,
710 768 765 815 et
792 760 1025 814 maxime
1051 758 1195 813 beati
1224 757 1523 824 Athanasii,
1572 755 1724 826 cujus
1745 770 1907 827 supra

325 855 693 918 meminimus,
739 853 853 907 lucc
876 851 1063 905 eadem
1093 851 1307 919 vulgata
1333 858 1643 921 cognoscet.
1675 850 1909 920 ldipsum

324 959 458 1000 vero
488 942 718 1012 epistola
758 940 931 996 sancti
958 938 1187 994 Protcrii
1213 939 1588 995 Alexandrinae
1618 939 1763 994 urbis
1791 940 1908 1010 epi-

323 1032 476 1102 scopi
521 1030 587 1085 ad
638 1029 887 1085 eumdem
934 1043 1126 1099 papam
1157 1028 1393 1084 Leonem
1434 1043 1533 1099 pro
1578 1029 1681 1084 hac
1721 1027 1909 1084 eadem

323 1122 565 1197 paschali
602 1122 901 1193 quwstione
928 1121 1151 1187 directa,
1182 1128 1447 1175 testatur:
1473 1134 1633 1189 quam
1656 1127 1784 1176 ante
1811 1119 1913 1179 hos

325 1227 497 1269 annos
522 1209 908 1267 transferentes
940 1225 973 1265 e
998 1210 1206 1275 Gmco,
1255 1210 1379 1265 huic
1418 1212 1571 1281 operi
1615 1209 1909 1265 adnecten-

324 1306 447 1361 dam
464 1319 587 1361 esse
603 1302 974 1374 perspeximus
996 1301 1087 1373 (al.
1103 1343 1117 1369 ,
1143 1300 1540 1371 prospeximus)
1566 1318 1580 1353 :
1605 1315 1705 1356 nec
1728 1315 1832 1354 non
1857 1308 1913 1355 et

324 1401 640 1459 argumenta
680 1390 1057 1463 Egyptiorum
1087 1391 1381 1459 sagacitate
1410 1391 1629 1459 quaesita
1670 1390 1910 1445 subdidi-

324 1502 476 1552 mus;
503 1486 715 1557 quibus,
749 1484 795 1540 si
838 1482 1064 1540 forsitan
1094 1482 1427 1551 ignorentur,
1458 1482 1743 1553 paschales
1770 1483 1912 1540 tituli

324 1575 536 1646 possint
579 1573 736 1629 facile
783 1571 1047 1642 reperiri:
1081 1571 1134 1626 id
1161 1578 1264 1635 est,
1310 1578 1507 1640 quotus
1546 1571 1617 1626 sit
1644 1586 1818 1627 annus
1842 1572 1911 1627 ab

324 1665 701 1721 incarnatione
726 1661 958 1728 Domini,
1007 1667 1064 1716 et
1091 1668 1257 1730 quota
1297 1660 1368 1716 sit
1414 1659 1668 1728 indictio;
1715 1670 1912 1731 quotus

2006 488 2317 561 bolismum,
2341 489 2392 544 id
2413 497 2498 546 est
2518 488 2808 559 majorem;
2837 505 3040 547 annum
3064 498 3313 561 quartum
3344 499 3401 547 et
3429 492 3586 561 quino

2011 587 2127 634 tum
2157 580 2287 636 item
2326 595 2662 645 communes,
2709 590 2918 638 sextum
2965 581 3371 650 embolismum;
3421 583 3591 654 septi-

2010 683 2157 725 mum
2186 684 2549 737 communem,
2574 678 2825 726 octavum
2850 672 3246 728 embolismum.
3277 673 3356 729 Ac
3374 689 3471 744 per
3490 675 3600 730 hoc.

2011 759 2271 829 ogdoadis
2298 777 2612 818 communes
2639 764 2766 818 anni
2790 764 3046 835 quinque,
3072 772 3127 820 et
3154 772 3264 822 tres
3291 764 3596 823 embolismi

2006 849 2208 919 jugiter
2232 851 2591 911 ascribuntur.
2625 852 2939 909 Communis
2983 861 3164 909 autem
3194 870 3367 911 annus
3391 850 3621 911 duode?

2010 940 2118 995 eim
2145 940 2359 998 lunares
2385 956 2598 997 menses
2626 943 2847 1011 colligit,
2876 943 2965 1013 qui
2994 942 3111 1001 dies
3139 952 3416 1000 trecentos
3439 944 3597 1015 quin-

2011 1030 2267 1100 quaginta
2285 1038 2517 1102 quatuor
2538 1031 2795 1088 efﬁeiunt.
2824 1032 3181 1089 Embolismus
3208 1042 3388 1089 autem
3401 1049 3597 1103 annus,

2012 1131 2069 1179 et
2088 1123 2243 1179 lunas
2271 1123 2550 1192 tredecim,
2607 1131 2665 1180 et
2701 1125 2818 1181 dies
2846 1132 3124 1181 trecentos
3161 1126 3432 1195 octoginta
3459 1142 3597 1197 qua-

2015 1222 2140 1271 tuor
2180 1216 2379 1271 habere
2426 1223 2775 1272 monstratur.
2834 1215 2968 1272 ltem
3016 1216 3288 1273 hendecas
3332 1217 3435 1273 hac
3480 1218 3599 1287 lego

2015 1305 2290 1363 discurrit.
2320 1306 2514 1378 Incipit
2557 1322 2701 1363 nono
2727 1322 2869 1362 anno
2897 1307 3037 1379 cycli
3066 1308 3596 1378 decenmovennalis,

2014 1400 2107 1470 qui
2151 1407 2236 1455 est
2280 1399 2484 1456 lunaris
2510 1406 2695 1456 sextus
2740 1416 2755 1453 :
2798 1398 2952 1469 cujus
2987 1399 3194 1469 primus
3239 1407 3298 1454 et
3332 1401 3601 1457 secundus

2014 1507 2188 1548 annus
2215 1493 2517 1549 communis
2540 1501 2645 1558 est,
2673 1491 2863 1548 tertius
2890 1491 3273 1558 cmbolismus;
3303 1501 3527 1561 quartus
3545 1500 3602 1549 et

2012 1582 2233 1653 quintus
2273 1582 2597 1649 communis,
2626 1589 2814 1639 sextus
2841 1582 3216 1650 embolismus;
3258 1583 3518 1651 septimus
3545 1591 3603 1638 et

2014 1681 2238 1729 octavus
2250 1674 2586 1741 communis;
2603 1687 2775 1729 nonus
2795 1672 3169 1739 embolismus;
3193 1672 3433 1729 decimus
3450 1687 3606 1728 com-

326 1757 491 1812 etiam
536 1755 740 1811 lunaris
784 1754 1036 1818 circulus,
1093 1754 1208 1808 sive
1236 1751 1742 1810 decemnovennalis
1791 1756 1905 1809 exi-
1945 1765 1984 1822 Β
2012 1762 2227 1831 munis,
2293 1763 2610 1820 undecimus
2651 1763 3001 1820 embolismus
3040 1780 3056 1816 ;
3105 1763 3290 1832 sicque
3336 1762 3604 1819 uenaceas

322 1856 466 1917 stat;
494 1847 783 1918 ceterique
808 1846 968 1902 simili
996 1844 1118 1915 (aL,
1136 1852 1436 1914 ceteraque
1462 1845 1678 1917 similia)
1706 1861 1909 1917 suppu-

324 1940 550 1998 tationis
577 1938 899 2011 compendio
928 1938 1293 2009 requirantur.
1332 1935 1589 1993 Orantem
1626 1952 1727 2008 pro
1755 1938 1913 1995 nobis

322 2031 710 2091 beatitudinem
762 2037 997 2089 vestram
1044 2028 1223 2085 divina
1270 2027 1443 2100 gratia
1496 2027 1771 2086 custodire
1831 2027 1915 2084 di-

324 2131 546 2195 gnetur.

906 2253 1241 2313 EPISTOLA
1277 2253 1343 2311 ll.

576 2382 796 2426 SCRIP'I‘A
833 2380 973 2423 anno
1011 2380 1221 2421 cumsrt
1258 2378 1487 2420 vaccam
1528 2362 1648 2418 526.

403 2478 646 2538 Dominis
672 2496 702 2535 a
732 2495 819 2547 me
843 2478 1130 2550 plurimum
1158 2475 1479 2533 venerandis
1506 2475 1781 2534 Bonifacio
1804 2477 1909 2549 pri-

329 2574 552 2630 micerio
581 2573 936 2638 notariorum,
965 2579 1023 2629 et
1035 2570 1187 2627 Bono
1208 2569 1604 2638 secundicerio,
1628 2569 1917 2643 Dionysius

328 2663 569 2733 Exiguus
597 2662 844 2720 salutem.

402 2757 768 2814 Observantiae
799 2755 919 2829 (aL,
949 2750 1307 2823 Reverentite,
1337 2771 1443 2810 non
1472 2752 1620 2826 bene)
1648 2754 1918 2826 paschalis

329 2848 591 2917 regulam,
623 2846 714 2902 diu
743 2854 931 2903 sancto
960 2860 1025 2903 ac
1056 2845 1349 2902 venerabili
1379 2840 1634 2902 Petronio
1663 2847 1919 2918 episcopo

326 2947 728 3015 commonente,
763 2937 978 2994 tandem
1007 2937 1150 3009 stylo
1177 2937 1559 2993 commendare
1584 2937 1913 3008 compulsus,

328 3043 547 3084 omnem
576 3027 829 3098 deinceps
877 3027 1204 3082 diversitatis
1231 3028 1685 3097 oppugnationem
1731 3028 1915 3085 subla-

2014 1854 2391 1911 communibus
2420 1855 2577 1911 annis
2605 1863 2835 1925 septem,
2870 1853 3201 1910 embolismis
3235 1862 3467 1925 quatuor
3493 1862 3604 1910 ter-

2015 1944 2271 2000 minatur.
2321 1944 2776 2001 Embolismorum
2803 1952 2986 2000 autem
3029 1945 3130 1999 ista
3177 1946 3318 2002 ratio
3346 1944 3605 2014 probatur

2017 2034 2253 2090 existere
2269 2076 2286 2101 ,
2332 2035 2459 2105 quia
2487 2050 2754 2091 annorum
2780 2036 3144 2092 communium
3170 2035 3382 2091 videtur
3408 2036 3603 2091 damna

2015 2125 2268 2195 supplere
2302 2144 2316 2178 :
2346 2133 2613 2194 quatenus
2637 2125 2705 2180 ad
2733 2125 2910 2181 solare
2958 2135 3169 2197 tempus
3214 2125 3419 2189 lunaris
3458 2140 3604 2183 6133-9

2015 2226 2212 2285 quetur
2238 2216 2507 2271 excursio.
2533 2214 2787 2282 Quamvis
2806 2215 2951 2271 enim
2980 2214 3107 2270 anni
3133 2214 3326 2271 solaris
3345 2214 3605 2272 circulum

2015 2320 2115 2375 per
2140 2305 2380 2374 singulos
2401 2320 2615 2361 menses
2644 2305 2770 2359 luna
2798 2306 3117 2374 circumeat,
3140 2313 3320 2361 tamen
3342 2305 3458 2374 ejus
3477 2320 3605 2375 pero

2014 2394 2306 2451 fectionem
2334 2395 2620 2450 duodecim
2645 2396 2758 2450 suis
2782 2396 3058 2451 mensibus
3084 2395 3309 2466 implere
3330 2411 3437 2449 non
3466 2410 3607 2465 prte-

2015 2485 2179 2540 valet.
2222 2484 2463 2556 Denique
2504 2484 2559 2540 in
2600 2485 2755 2540 annis
2799 2484 3177 2541 communibus
3223 2485 3293 2540 ad
3333 2486 3604 2541 rationem

2017 2574 2212 2630 solaris
2239 2575 2367 2629 anni
2420 2574 2670 2631 undecim
2703 2574 2819 2631 dies
2867 2574 3007 2631 lunae
3048 2576 3239 2633 deesse
3286 2584 3603 2634 cernuntur.

2017 2661 2075 2717 In
2096 2662 2427 2720 embolismis
2453 2677 2583 2719 vero
2610 2662 2980 2719 novemdecim
3008 2663 3196 2721 diebus
3230 2664 3477 2720 eumdem
3503 2679 3604 2721 an-

2018 2770 2147 2809 num
2174 2754 2382 2809 videtur
2406 2753 2639 2810 solarem
2668 2754 2795 2809 luna
2836 2755 3233 2812 transcendere.
3266 2754 3608 2828 Quapropter

2017 2845 2276 2915 ogdoadis
2304 2852 2360 2900 et
2385 2843 2714 2900 bendecadis
2757 2858 2951 2912 annos,
2994 2842 3151 2914 juxta
3180 2845 3388 2916 prmfali
3417 2848 3606 2904 circuli

2018 2935 2289 3003 ordinem,
2318 2935 2374 2991 in
2405 2935 2641 2992 medium
2667 2935 3032 3007 proferamus;
3063 2946 3120 2992 et
3140 2937 3343 3007 liquido
3363 2939 3608 3009 probabi-

2020 3042 2160 3095 mus,
2189 3042 2287 3099 per
2314 3035 2440 3084 octo
2463 3042 2637 3083 annos
2673 3033 2727 3082 et
2756 3027 3028 3097 undecim,
3069 3027 3210 3083 lunas
3237 3044 3452 3085 cursum
3481 3046 3606 3087 cum

328 3126 440 3173 tam
468 3117 585 3175 fore
623 3116 990 3182 credideram;
1023 3117 1255 3174 maxime
1282 3117 1429 3188 quod
1466 3126 1780 3174 sanctorum
1810 3127 1917 3175 tre-
1944 3120 1992 3184 C
2020 3118 2136 3174 sole
2164 3116 2491 3173 contendere
2533 3135 2547 3171 :
2580 3116 2796 3189 quando
2826 3124 2911 3174 tot
2936 3118 3052 3174 dies
3092 3117 3184 3174 illa
3213 3119 3432 3192 colligat
3473 3129 3609 3192 quot

328 3217 612 3266 eentorum
661 3207 963 3264 octodecim
1014 3208 1313 3263 antistitum
1358 3208 1449 3278 qui
1494 3208 1635 3279 apud
1682 3209 1916 3265 Nicaeam

328 3304 736 3364 convenerant,
789 3297 1167 3354 auctoritatem
1215 3298 1341 3353 totis
1396 3298 1601 3354 nisibus
1645 3300 1918 3355 insinuare

328 3406 645 3448 curaveram
672 3407 686 3444 :
713 3390 805 3460 qui
852 3389 905 3444 in
950 3389 1067 3460 ipso
1108 3390 1338 3446 concilio
1364 3390 1673 3447 venerando
1702 3391 1919 3448 decem-

330 3481 692 3539 novennalem
723 3479 931 3553 cyclum
983 3479 1300 3550 regulariter
1344 3479 1652 3550 adigentes,
1698 3490 1919 3551 quartas

330 3572 569 3629 decimas
598 3573 751 3628 lunas
778 3572 1045 3642 paschalis
1070 3572 1423 3629 observantia:
1450 3587 1548 3644 per
1575 3573 1754 3630 omnia
1782 3582 1919 3631 tem-

334 3678 471 3733 pora
502 3663 608 3733 legi
646 3679 757 3718 sum
785 3662 1475 3719 revolutionisimmobiles
1504 3663 1915 3722 adnotaverunt.

332 3751 440 3808 Sed
482 3752 734 3822 quoniam
781 3752 1042 3808 sanctitas
1088 3760 1284 3818 vestra,
1328 3761 1446 3808 orta
1476 3753 1555 3809 rei
1583 3753 1740 3822 hujus
1767 3769 1918 3823 qua:-

332 3845 533 3912 stione,
572 3844 641 3900 de
679 3844 899 3900 archivo
928 3844 1186 3900 Romanae
1212 3844 1467 3901 Ecclesia:
1492 3847 1798 3903 Paschasini
1828 3863 1923 3905 ve-

333 3936 590 3993 nerabilis
617 3936 856 4008 episcopi
885 3937 1107 4009 scripta,
1135 3954 1294 4009 quem
1323 3948 1537 3995 constat
1564 3956 1663 4011 pro
1688 3956 1921 4011 persona

332 4029 629 4085 beatissimi
654 4045 808 4101 papm
836 4030 1033 4086 Leonis
1060 4039 1249 4086 sancto
1275 4029 1698 4089 Chalcedonensi
1725 4048 1923 4103 praese-

333 4120 480 4175 disse
509 4118 765 4187 concilio,
812 4117 881 4172 ad
915 4119 1163 4175 eumdem
1193 4135 1389 4190 papam
1418 4136 1516 4190 per
1544 4121 1685 4176 idem
1714 4130 1923 4192 tempus

334 4210 538 4266 directa
570 4224 712 4267 nunc
744 4209 986 4280 protulit,
1034 4224 1155 4279 quae
1180 4210 1380 4265 sanctis
1408 4209 1655 4266 Patribus
1682 4212 1923 4268 evidenti

335 4304 548 4361 ratione
576 4303 941 4369 consentiunt,
974 4303 1100 4359 huic
1129 4301 1380 4375 prtesenti
1409 4302 1699 4359 indidimus
1728 4304 1878 4373 operi
1905 4321 1919 4357 :

339 4403 401 4448 nt
427 4393 584 4463 hujus
609 4394 771 4449 etiam
803 4394 902 4448 viri
931 4393 1243 4449 testimonio
1267 4394 1584 4461 niteremur,
1616 4396 1707 4464 qui
1750 4394 1923 4451 mani-

2021 3207 2113 3264 ille
2141 3209 2461 3264 cucurrerit.

2094 3298 2150 3354 ln
2168 3298 2413 3369 ogdoade
2436 3299 2666 3356 diximus
2684 3301 2921 3373 quinque
2940 3317 3111 3359 annos
3131 3317 3251 3359 esse
3271 3318 3608 3375 communes,

2020 3397 2133 3447 tres
2154 3390 2519 3447 embolismos.
2544 3390 2838 3462 Quinquies
2865 3407 2994 3463 ergo
3023 3396 3320 3450 trecenteni
3344 3396 3609 3468 quinqua-

2019 3480 2142 3550 geni
2171 3481 2440 3551 quaterni,
2489 3481 2624 3537 liunt
2670 3483 2818 3539 mille
2865 3484 3191 3554 septingenti
3234 3487 3607 3557 septuaginta;

2021 3580 2078 3628 et
2114 3580 2197 3629 ter
2240 3573 2540 3630 trecenteni
2580 3576 2831 3647 octogeni
2876 3576 3151 3646 quaterni,
3197 3576 3344 3632 mille
3391 3587 3609 3633 centum

2019 3660 2410 3731 quinquaginta
2456 3663 2583 3728 duo,
2634 3679 2700 3720 ac
2739 3680 2837 3735 per
2864 3666 2970 3722 hoc
3002 3666 3161 3722 simul
3194 3666 3329 3721 fiunt
3354 3667 3435 3723 bis
3465 3670 3611 3724 mille

2022 3755 2280 3823 nongenti
2310 3754 2489 3825 viginti
2534 3755 2665 3810 duo.
2716 3755 2977 3813 Similiter
3004 3764 3131 3812 octo
3156 3759 3285 3813 anni
3308 3758 3535 3825 solares,
3564 3761 3611 3815 si

2022 3843 2366 3901 insummam
2393 3845 2728 3914 redigantur,
2782 3846 2837 3901 id
2867 3856 2952 3902 est
2980 3847 3151 3905 octies
3181 3850 3410 3905 trecenti
3448 3865 3610 3905 sexa-

2023 3935 2147 4005 geni
2168 3935 2340 4006 quini,
2367 3943 2425 3991 et
2452 3937 2746 4007 quadrans,
2776 3936 2980 3993 faciunt
3006 3938 3164 3995 simul
3198 3939 3283 3996 bis
3307 3939 3454 3996 mille
3477 3956 3616 3996 non-

2024 4036 2216 4097 gentos
2235 4027 2423 4095 viginti
2445 4026 2600 4083 duos.
2620 4026 2794 4083 Simili
2816 4029 2977 4085 modo
2998 4037 3054 4085 et
3075 4028 3401 4087 hendecadis
3416 4046 3607 4097 annos,

2025 4118 2117 4186 qui
2144 4126 2271 4171 sunt
2298 4132 2611 4172 communes
2658 4127 2888 4187 septem,
2933 4126 2989 4187 et
3015 4128 3248 4189 quatuor
3286 4118 3616 4188 embolismi,

2025 4208 2070 4261 si
2119 4207 2173 4261 in
2225 4220 2488 4260 summam
2536 4221 2600 4259 ea
2646 4221 2753 4275 qua
2800 4207 3036 4263 diximus
3069 4210 3453 4279 supputatione
3480 4224 3615 4264 cono

2025 4293 2276 4365 gesseris,
2307 4295 2639 4349 tantumdem
2668 4308 2808 4363 pene
2847 4296 3111 4365 reperies,
3153 4303 3412 4365 quantum
3443 4296 3615 4351 unde-

2027 4387 2133 4441 eim
2160 4385 2367 4441 solares
2393 4385 2520 4439 anni
2557 4383 2884 4453 conficiunt;
2931 4385 3035 4441 hoc
3081 4394 3187 4451 est,
3234 4395 3426 4457 quater
3469 4386 3617 4442 mille

339 4483 479 4541 festo
521 4484 781 4540 miraculo
838 4484 1226 4540 venerabilium
1286 4483 1601 4555 pontiﬁcum
1648 4484 1924 4555 paschalia
1953 4475 2456 4554 nqualuordecim-
2513 4474 2641 4531 Hmc
2677 4484 2761 4531 est
2787 4490 2918 4546 emo
2968 4475 3425 4544 embolismorum,
3475 4476 3619 4533 sicut

339 4576 557 4630 decreta
579 4573 882 4630 confirmat.
933 4572 1089 4642 Quod
1134 4589 1266 4629 vero
1292 4575 1346 4630 in
1374 4573 1588 4645 scriptis
1615 4574 1747 4645 ipsis
1775 4588 1927 4629 eom-

341 4667 583 4722 monium
628 4680 893 4721 annorum
938 4674 994 4722 et
1045 4666 1486 4721 embolismorum
1533 4665 1738 4722 mentio
1789 4662 1935 4745 facta,

340 4768 443 4825 est,
494 4766 550 4815 et
576 4773 607 4813 a
642 4758 911 4815 nonnullis
938 4757 1053 4812 haec
1097 4756 1258 4820 ratio,
1309 4771 1431 4827 quae
1459 4771 1526 4811 ex
1555 4753 1929 4823 Hebraeorum,

342 4856 402 4903 ut
431 4845 618 4915 fertur,
671 4846 958 4913 traditione
1004 4844 1306 4913 descendit,
1350 4859 1681 4916 magnopere
1729 4846 1929 4917 quatri-

343 4948 452 5005 tur,
486 4939 627 4996 scire
645 4937 972 5003 volentibus,
990 4945 1167 4992 utrum
1198 4937 1321 4992 huic
1343 4944 1565 5008 paterna
1588 4937 1769 5004 regula
1802 4936 1924 5006 (aL,

344 5039 585 5101 paternae
630 5030 847 5101 regulae)
898 5042 1198 5085 consonare
1241 5027 1512 5091 videatur;
1565 5028 1928 5083 necessarium

345 5120 619 5188 duximus,
663 5129 719 5176 et
748 5121 887 5177 hanc
930 5118 1200 5187 notitiam,
1250 5133 1319 5173 ne
1366 5116 1623 5187 probetur
1667 5116 1721 5170 in
1749 5116 1930 5186 aliquo

348 5207 628 5275 dissidere,
658 5218 847 5265 coacta
874 5208 1140 5265 brevitate
1166 5208 1432 5276 digerere.

420 5297 741 5355 Noverimus
793 5300 1011 5369 itaque,
1067 5300 1194 5370 quia
1242 5300 1382 5354 idem
1427 5296 1932 5355 decemnovennalis

350 5390 533 5463 cyclus
556 5404 653 5460 per
667 5388 965 5459 ogdoadem
984 5400 1035 5446 et
1061 5389 1422 5447 hendecadem
1446 5403 1661 5459 semper
1689 5388 1742 5442 in
1770 5402 1829 5443 se
1845 5402 1930 5442 re-

351 5480 601 5535 volvitur.
628 5476 761 5535 Oeto
789 5493 1017 5548 namque
1047 5486 1102 5535 et
1130 5480 1378 5536 undecim
1410 5480 1525 5550 ipse
1556 5493 1809 5534 numerus
1833 5492 1932 5532 ex-

352 5572 600 5643 plicatur.
631 5568 844 5641 Ogdoas
869 5584 1026 5639 ergo,
1074 5584 1193 5640 qum
1236 5571 1422 5641 incipit
1448 5585 1479 5623 a
1507 5571 1682 5640 primo
1710 5566 1929 5624 decem-

352 5665 635 5720 novennali
676 5663 850 5737 cyclo,
899 5664 992 5734 qui
1020 5672 1103 5720 est
1131 5662 1331 5718 lunaris
1374 5664 1613 5720 decimus
1646 5662 1928 5733 septimus,

352 5756 455 5813 hac
482 5755 691 5814 ratione
732 5755 1034 5830 peragitur,
1083 5761 1142 5811 ut
1184 5768 1354 5811 annos
1392 5754 1622 5825 primum
1653 5761 1708 5812 et
1733 5768 1926 5811 secun-

2032 4565 2392 4635 praediximus,
2434 4566 2594 4632 ratio,
2629 4578 2687 4621 ut
2726 4566 3074 4622 incrementis
3110 4567 3223 4623 suis
3251 4568 3617 4624 communium

2032 4670 2295 4711 annorum
2318 4655 2641 4711 detrimenta
2667 4664 3041 4726 compensent.

2102 4747 2208 4804 Sed
2232 4747 2343 4818 jam
2370 4749 2785 4821 pulcherrimam
2816 4751 2968 4807 vobis
2988 4759 3150 4820 atque
3171 4751 3480 4822 prteclaram
3505 4751 3617 4807 col-

2033 4838 2322 4895 lectionem
2369 4838 2538 4910 ipsius
2582 4839 2723 4911 cycli
2764 4839 3269 4897 decemnovennalis
3312 4842 3615 4909 ostendam,

2032 4944 2130 5000 per
2175 4943 2336 4998 quam
2381 4943 2596 4984 omnem
2646 4928 2901 5001 deinceps
2940 4930 3363 5000 ambiguitatem,
3416 4932 3462 4986 si
3511 4947 3616 5001 qua

2034 5027 2181 5074 mota
2208 5018 2387 5085 fuerit,
2417 5017 2705 5087 auferatis;
2732 5036 2835 5077 nec
2863 5021 2934 5076 sit
2962 5021 3033 5075 ita
3062 5020 3181 5091 quis
3210 5022 3375 5077 nimio
3396 5032 3619 5093 stupore

2033 5111 2329 5184 perculsus,
2377 5112 2467 5181 qui
2513 5112 2884 5168 demonstrata
2914 5112 3013 5167 sibi
3059 5114 3302 5170 veritatis
3344 5113 3462 5168 luce
3508 5127 3619 5167 non

2034 5204 2283 5273 gaudeat,
2316 5212 2371 5259 et
2401 5205 2714 5274 ignorantia:
2738 5204 2939 5260 relictis
2962 5204 3217 5270 tenebris,
3242 5212 3400 5258 tantm
3424 5203 3619 5259 rationi

2036 5297 2282 5367 protinus
2310 5312 2416 5351 non
2446 5295 2772 5363 acquiescat.
2811 5294 2856 5349 A
2882 5296 3089 5351 decima
3136 5296 3325 5364 quinta
3354 5294 3477 5348 luna
3521 5308 3621 5365 pa-

2035 5388 2231 5443 schalis
2275 5386 2416 5453 festi,
2461 5388 2606 5451 anni,
2630 5388 2777 5442 verbi
2806 5389 2994 5457 gratia,
3027 5389 3398 5460 praecedentis,
3450 5401 3620 5457 usque

2036 5476 2103 5533 ad
2132 5477 2395 5554 decimam
2440 5485 2684 5547 quartam
2713 5478 3012 5548 sequentis,
3043 5479 3188 5549 quod
3234 5477 3541 5548 quaerimus,
3571 5477 3621 5532 si

2036 5570 2337 5624 communis
2364 5581 2537 5622 annus
2558 5573 2658 5631 est,
2692 5576 2961 5622 trecentos
2979 5568 3364 5639 quinquaginta
3387 5574 3622 5636 quatuor

2036 5660 2151 5715 dies
2192 5659 2438 5725 habebit;
2488 5658 2534 5712 si
2585 5657 2964 5722 embolismus,
3029 5663 3299 5712 trecentos
3343 5656 3619 5725 octoginta

2038 5758 2285 5823 quatuor.
2317 5747 2471 5820 Quod
2506 5749 2551 5805 si
2582 5747 2696 5805 dics
2724 5762 2860 5805 unus
2886 5746 3006 5820 plus
3035 5746 3282 5805 minusve
3308 5746 3616 5816 contigerit,
