4034 6206
390 370 475 431 95
1442 364 1778 426 EPISTOLA
1814 366 1860 425 ll
1899 365 1987 425 DE
2026 365 2324 425 RA'l'lONE
2351 362 2671 426 PAS'CIIIE.
3611 364 3687 422 26

394 484 630 543 evidens
657 498 813 540 error
831 490 935 542 est.
955 481 1204 555 Excepto
1223 479 1479 539 videlicet
1498 494 1640 537 anno
1662 482 1837 551 primo
1858 495 1999 551 saepe
2032 485 2070 541 Α
2106 478 2189 544 lis,
2210 478 2333 549 quia
2364 477 2665 534 communis
2691 488 2863 535 annus
2889 479 2993 543 est,
3009 479 3138 530 sunt
3156 471 3688 544 dies'treeentiquin-

395 576 537 634 dicti
563 576 1078 632 decemnoveunalis
1105 575 1264 647 cycli,
1300 589 1464 644 quem
1491 590 1523 629 a
1552 572 1763 629 decima
1801 580 1995 642 quarta

399 665 533 722 luna
562 663 784 721 Pascha:
812 665 1009 730 ultimi,
1059 664 1112 719 id
1141 671 1224 719 est
1252 664 1383 719 noni
1426 662 1619 718 decimi
1650 662 1795 727 anni,
1828 676 1997 730 usque

399 757 474 811 ad
494 756 761 811 decimam
786 761 1039 825 quartam
1068 752 1310 822 ejusdem
1340 752 1501 822 primi
1531 765 1817 808 numerare
1843 767 1998 807 curuo

400 863 529 903 rutis
555 848 675 916 (aL,
716 846 1100 907 catisavimus).
1154 844 1383 914 Propter
1422 845 1561 914 quod
1613 844 1754 899 idem
1778 844 1998 899 ultimus

397 946 649 1005 epactas,
690 936 739 991 id
773 944 861 992 est
887 936 1219 1006 adjectiones
1263 936 1496 999 lunares,
1528 934 1823 990 octodenas
1870 942 1998 989 tunc

402 1028 666 1091 retinens,
696 1027 873 1097 primo
899 1041 1062 1086 anno.
1092 1041 1200 1081 non
1229 1024 1496 1085 undecim.
1525 1033 1585 1079 ut
1610 1024 1819 1081 caeteris
1843 1024 1999 1079 annis

402 1114 527 1170 ﬁeri
554 1117 709 1180 solet,
740 1115 839 1171 sed
869 1116 1153 1172 duodecim
1180 1114 1300 1171 dies
1342 1119 1735 1171 accommodat.
1775 1113 1843 1169 Et
1869 1114 1995 1184 quia

404 1206 628 1273 triginta
655 1206 866 1260 dierum
896 1205 1001 1259 liiie
1027 1205 1336 1271 volvuntur,
1366 1204 1510 1258 nulla
1549 1212 1739 1275 cpacta
1770 1204 1821 1257 in
1850 1204 1999 1273 prin-

404 1295 554 1365 cipio
594 1296 763 1365 ipsius
808 1295 950 1366 cycli
992 1294 1245 1364 ponitur;
1288 1291 1557 1349 secundus
1600 1301 1782 1347 autem
1826 1307 2001 1348 annus

405 1392 630 1452 epactas
652 1382 903 1438 undecim
945 1382 1170 1452 suscipit
1195 1400 1210 1436 :
1242 1389 1299 1437 et
1328 1381 1471 1449 ideo,
1521 1381 1661 1436 sicut
1682 1379 1937 1449 diximus,
1966 1395 1998 1436 a

404 1470 616 1527 decima
631 1472 819 1542 quinta
837 1472 963 1527 luna
983 1469 1203 1527 Pascha:
1218 1471 1377 1541 primi
1399 1470 1538 1541 cycli
1561 1484 1731 1540 usque
1754 1472 1821 1525 ad
1839 1470 1998 1527 linem
2027 1497 2030 1500 ~

402 1561 547 1631 ejus,
594 1562 650 1617 in
692 1561 1071 1618 communibus
1115 1569 1172 1616 et
1212 1561 1541 1617 embolismis
1570 1561 1723 1614 annis
1750 1560 2000 1631 praeﬁxos

402 1651 525 1707 dies
563 1666 666 1707 nos
710 1651 975 1717 invenire,
1023 1665 1133 1706 non
1163 1650 1383 1706 dubium
1429 1658 1531 1706 est.
1561 1648 1718 1717 Quod
1768 1651 1812 1704 si
1842 1651 2000 1706 aliter

406 1743 700 1813 aliquando
726 1742 1108 1799 calculautium
1138 1741 1407 1811 imperitia
1442 1740 1603 1796 fuerit
1631 1741 1874 1796 fortassis
1896 1757 1997 1797 ex-

2099 569 2354 638 quaginta
2383 578 2633 637 quatuor.

2171 659 2329 715 Anno
2381 656 2859 715 decemnovennali
2913 656 3189 719 secundo,
3248 655 3423 710 lunari
3477 654 3688 711 decimo

2101 758 2320 817 octavo,
2375 750 2443 805 ab
2490 757 2685 804 octavo
2736 749 2855 804 idus
2899 748 3095 818 Aprilis
3136 763 3305 817 usque
3346 748 3397 801 in
3438 757 3687 804 octavum

2100 842 2354 898 calendas
2382 840 2599 910 Aprilis,
2632 841 2758 907 quia
2788 839 3089 894 communis
3118 848 3226 907 est,
3268 848 3394 893 sunt
3433 838 3549 894 dics
3579 848 3687 896 tre-

2100 936 2245 992 ccnti
2276 934 2662 1005 quinquaginta
2686 941 2938 1001 quatuor.

2173 1048 2333 1101 Anno
2359 1044 2833 1101 decemnovennali
2865 1042 3049 1110 tertio,
3080 1041 3256 1096 lunari
3271 1041 3490 1097 decimo
3520 1056 3689 1106 nono,

2102 1149 2130 1190 a
2156 1137 2384 1206 septimo
2411 1136 2666 1191 calendas
2687 1134 2886 1203 Aprilis
2914 1148 3085 1201 usque
3112 1133 3165 1186 in
3193 1132 3310 1186 idus
3325 1133 3541 1202 Aprilis,
3564 1132 3688 1201 quia

2104 1228 2455 1283 emliolismus
2496 1235 2607 1293 est,
2655 1225 2789 1279 liunt
2828 1224 2943 1279 dies
2986 1223 3217 1279 trecenti
3256 1224 3530 1293 octoginta
3558 1237 3692 1294 quae

2102 1325 2246 1372 tuor.

2175 1410 2331 1466 Anno
2358 1407 2834 1466 decemnovennali
2857 1415 3072 1478 quarto,
3113 1406 3287 1462 lunari
3318 1406 3510 1476 primo,
3538 1422 3569 1462 a
3592 1405 3690 1463 de-

2103 1500 2247 1556 cimo
2274 1508 2467 1556 octavo
2506 1498 2759 1557 calendas
2785 1497 2909 1553 Maii
2938 1512 3109 1568 usque
3152 1497 3206 1551 in
3233 1506 3484 1568 quartum
3521 1510 3694 1554 nonas

2102 1592 2319 1663 Aprilis,
2358 1592 2482 1661 quia
2506 1590 2808 1647 communis
2832 1599 2937 1655 cst,
2972 1589 3108 1645 liunt
3135 1588 3249 1646 dies
3277 1590 3503 1646 trecenti
3529 1589 3693 1661 quin-

2104 1682 2358 1750 quaginta
2392 1690 2643 1750 quatuor.

2178 1769 2334 1826 Anno
2364 1771 2846 1828 decemnovennali
2884 1771 3099 1842 quinto,
3151 1770 3327 1826 lunari
3371 1770 3632 1836 secundo,
3658 1782 3691 1824 a

406 1834 669 1903 positum,
691 1834 795 1889 hac
820 1832 1164 1889 observantia
1184 1831 1609 1889 ratiocinationis
1638 1846 1826 1888 eorum
1845 1831 1995 1887 falsi-

2129 1862 2267 1915 ertio
2306 1877 2475 1916 nonas
2504 1862 2701 1931 Aprilis
2732 1875 2794 1915 us
2818 1877 2903 1930 gue
2951 1862 3004 1916 in
3052 1860 3391 1916 undecimum
3420 1852 3694 1916 calendas

409 1930 497 1978 tas
524 1931 803 1993 arguetur.

481 2033 659 2101 Atque
687 2039 750 2087 ut
768 2031 873 2087 hoc
892 2031 1227 2087 manifestius
1251 2032 1424 2103 possit
1448 2032 1697 2112 intelligi,
1720 2033 2002 2103 praesentis

407 2125 538 2179 anni
565 2131 937 2179 monstremus
979 2124 1249 2195 exemplo.
1300 2123 1530 2180 lndictio
1577 2126 1779 2194 quippe
1804 2134 1998 2196 quarta

409 2225 517 2281 est,
547 2223 605 2271 et
629 2214 833 2269 lunaris
857 2214 1089 2270 circulus
1116 2215 1464 2281 undecimus;
1494 2214 2001 2271 decemnovcnnalis

408 2310 594 2376 cyclus
616 2304 860 2361 decimus
886 2312 1130 2375 quartus.
1156 2302 1221 2357 Et
1243 2306 1498 2374 quoniam
1527 2305 1853 2361 hendecadis
1877 2318 2003 2360 sex-

410 2402 503 2451 tus
538 2408 710 2451 annus
736 2402 843 2460 est,
873 2409 997 2449 eum
1040 2394 1415 2449 embolismum
1456 2408 1577 2449 esse
1624 2408 1848 2449 necesse
1894 2402 1998 2450 est.

410 2486 459 2543 Δ
486 2487 698 2543 decima
728 2487 916 2557 quinta
964 2486 1149 2555 itaque
1193 2485 1321 2540 luna
1352 2484 1609 2554 prmteriti
1638 2483 1782 2549 festi,
1832 2497 2003 2554 usque

411 2578 483 2634 ad
506 2578 771 2633 decimam
796 2583 1047 2646 quartam
1072 2576 1375 2647 prtcseutis,
1422 2584 1555 2646 quot
1579 2584 1705 2631 sunt
1733 2576 1851 2630 dies
1875 2575 2001 2630 dili-

411 2670 628 2739 gentius
670 2667 1051 2738 inquiramus:
1093 2674 1150 2721 et
1196 2666 1530 2721 inveniemus
1576 2665 1765 2736 procul
1814 2666 1997 2731 dubio,

409 2759 633 2830 qundo
658 2758 867 2815 Pascha
895 2757 1172 2814 celebrare
1193 2758 1507 2812 debeamus.
1538 2756 1836 2813 Transacto
1858 2771 2001 2813 anno

411 2864 516 2923 per
540 2849 893 2907 indictiouem
940 2849 1155 2904 tertiam
1184 2834 1242 2903 in
1271 2846 1478 2903 Pascha
1526 2848 1706 2902 lunam
1735 2848 1998 2902 decimam

410 2948 662 3011 quartam
692 2953 839 2995 nono
865 2938 1212 2995 calendarum
1242 2937 1503 3008 Aprilium
1532 2938 1639 3005 die,
1665 2937 1718 2994 id
1746 2946 1831 2994 est
1853 2939 2001 3007 vige—

410 3033 554 3089 simo
579 3039 774 3102 quarto
799 3030 999 3086 mensis
1025 3029 1203 3085 Martii
1247 3028 1430 3095 fuisse,
1472 3028 1594 3098 quis
1637 3028 1865 3093 dubitet,
1907 3028 2000 3098 qui

409 3135 601 3178 curam
630 3122 788 3191 hujus
814 3122 892 3177 rei
924 3121 1127 3176 habere
1153 3118 1683 3189 quantulumcunque
1710 3120 1997 3189 cognosci-

2104 1950 2321 2021 Aprilis,
2350 1952 2475 2020 quia
2504 1953 2808 2008 communis
2834 1959 2936 2019 est,
2971 1949 3106 2006 liunt
3133 1950 3249 2006 dics
3276 1951 3505 2005 trecenti
3532 1950 3695 2020 quin;

2102 2044 2359 2113 quaginta
2389 2052 2641 2112 quatuor.

2177 2132 2333 2186 Anno
2361 2132 2836 2188 decemuovennali
2883 2143 3061 2197 sexto,
3106 2134 3280 2190 lunari
3309 2134 3494 2199 tertio,
3544 2149 3573 2188 a
3601 2134 3697 2188 des

2106 2222 2254 2277 cimo
2281 2222 2535 2277 calendas
2560 2223 2756 2292 Aprilis
2783 2238 2957 2292 usque
2985 2224 3036 2278 in
3062 2234 3314 2295 quartum
3344 2225 3462 2280 idus
3476 2225 3693 2294 Aprilis,

2104 2310 2232 2380 quia
2263 2311 2611 2367 embolismus
2663 2320 2765 2377 est,
2816 2310 2952 2367 (lunt
2996 2313 3111 2369 dies
3158 2314 3386 2370 trecenti
3421 2316 3697 2383 octoginta

2104 2408 2358 2470 quatuor.
3680 2424 3685 2431 ν

2179 2489 2335 2543 Anno
2376 2489 2857 2547 decemnoveunall
2896 2491 3151 2561 septimo,
3196 2491 3373 2547 lunari
3419 2501 3633 2562 quarto,
3664 2508 3696 2548 a

2106 2580 2270 2634 tertio
2300 2580 2418 2634 ldus
2451 2580 2647 2649 Aprilis
2673 2594 2842 2649 usque
2863 2580 2915 2634 in
2948 2580 3163 2636 tertium
3192 2582 3444 2637 calendas
3472 2576 3696 2652 Aprilis,

2104 2669 2230 2739 quia
2263 2671 2566 2726 communis
2594 2680 2696 2737 est,
2745 2668 2879 2725 ﬁunt
2905 2670 3022 2726 dies
3057 2673 3284 2727 trecenti
3306 2673 3697 2743 quinquaginta

2104 2769 2360 2831 quatuor.

2178 2850 2336 2908 Anno
2351 2852 2829 2909 decemuovennali
2856 2859 3073 2922 octavo,
3104 2854 3275 2910 lunari
3304 2856 3514 2926 quinto,
3534 2870 3563 2909 a
3586 2855 3698 2925 pri-

2106 2942 2197 2998 die
2233 2942 2489 2999 calendas
2514 2942 2713 3013 Aprilis
2751 2956 2926 3012 usque
2952 2944 3006 2997 in
3032 2943 3299 2999 decimum
3322 2956 3569 3014 quartum
3600 2962 3694 3001 ca-

2106 3033 2295 3089 lendas
2322 3032 2467 3100 Maii,
2500 3034 2625 3104 quia
2656 3032 3006 3090 embolismus
3034 3041 3135 3101 est,
3163 3034 3296 3090 liunt
3319 3037 3436 3091 dies
3470 3035 3697 3090 trecenti

2106 3124 2381 3191 octoginta
2411 3131 2664 3193 quatuor.

411 3217 539 3271 tur?
564 3214 635 3270 Et
656 3214 780 3271 ideo
807 3214 876 3269 ab
900 3221 1093 3270 octavo
1121 3211 1465 3268 calendarum
1491 3211 1755 3283 Aprilium
1781 3212 1869 3267 die
1891 3227 1993 3267 nuo
2025 3220 2072 3284 ο
2179 3213 2337 3267 Anno
2364 3211 2848 3269 decemnovenuali
2879 3229 3046 3283 nono,
3076 3214 3253 3270 lunari
3279 3224 3460 3284 sexto,
3490 3232 3521 3270 a
3546 3217 3697 3272 deci-

407 3305 658 3363 merandi
702 3320 977 3362 sumamus
1020 3303 1331 3370 exordium;
1379 3303 1642 3359 habemus
1669 3302 1845 3357 Martii
1885 3302 2002 3357 dies

407 3407 644 3469 septem,
675 3397 872 3469 Aprilis
901 3396 1140 3464 triginta,
1166 3392 1291 3449 Maii
1324 3394 1540 3463 triginta
1566 3401 1624 3450 et
1650 3408 1837 3459 unum,
1858 3392 2001 3448 Junii

406 3488 651 3554 triginta,
680 3483 808 3539 Julii
837 3484 1055 3553 triginta
1094 3490 1153 3538 et
1179 3496 1365 3547 unum,
1418 3481 1642 3551 Augusti
1683 3481 1899 3551 triginta
1946 3488 2002 3535 et

410 3590 602 3640 unum,
617 3574 952 3645 Septembris
970 3573 1211 3641 triginta,
1230 3571 1480 3627 Octobris
1502 3572 1719 3641 triginta
1740 3580 1796 3626 et
1812 3585 1997 3638 unum,

408 3663 729 3720 Novembris
756 3664 993 3733 triginta,
1024 3661 1335 3718 Decembris
1363 3660 1583 3732 triginta
1613 3669 1669 3717 ει
1693 3676 1879 3728 unum,
1906 3660 1999 3716 Ja-

410 3754 583 3809 nuarii
612 3755 831 3824 triginta
855 3761 913 3809 et
931 3766 1117 3818 unum,
1140 3751 1418 3807 Februarii
1445 3751 1632 3820 viginti
1651 3760 1796 3820 octo,
1821 3751 1998 3808 Martii

407 3845 629 3915 triginta
670 3853 729 3900 et
760 3858 948 3911 unum,
988 3843 1189 3913 Aprilis
1222 3840 1509 3899 duodecim
1557 3841 1695 3910 dies,
1740 3843 1887 3913 quod
1913 3852 1998 3899 est

405 3936 585 4007 pridie
610 3935 731 3990 idus
769 3934 988 4005 Aprilis.
1038 3932 1201 3989 Fiunt
1244 3933 1403 3989 simul
1448 3934 1673 3989 trecenti
1717 3935 1994 4003 octoginta

405 4033 664 4095 quatuor.
708 4023 865 4091 Quod
892 4024 970 4092 si,
1006 4024 1163 4094 juxta
1208 4038 1395 4079 eorum
1423 4020 1818 4089 dil'llnitionetn,
1852 4034 1878 4061 ι
1906 4022 1997 4091 qui

407 4116 595 4171 lunam
615 4116 771 4171 aliter
788 4131 952 4186 quam
980 4132 1041 4173 se
1069 4116 1271 4172 veritas
1297 4115 1459 4171 habet
1485 4122 1819 4186 computant,
1851 4114 1996 4169 deci-

408 4223 562 4263 mam
587 4217 827 4278 quartam
857 4223 966 4264 non
994 4208 1165 4279 pridie
1191 4207 1371 4262 iduum
1401 4207 1685 4279 Aprilium,
1713 4205 1808 4262 sed
1834 4206 1997 4261 tertio

409 4301 602 4359 iduum
648 4300 835 4360 demus
876 4316 1194 4368 occurrere;
1244 4309 1516 4358 trecentos
1561 4302 1837 4372 octoginta
1883 4308 1995 4358 tres

405 4392 527 4449 dies
553 4393 833 4448 imminuto
860 4407 1087 4449 numero
1115 4392 1461 4462 colligemus;
1508 4391 1654 4461 quod
1699 4393 1847 4447 nullo
1877 4392 1991 4447 lleri

404 4492 570 4554 pacto
593 4483 930 4539 conceditur.
979 4482 1047 4537 Et
1091 4483 1163 4538 ita
1191 4497 1408 4553 semper
1445 4483 1700 4552 quotiens
1725 4482 1991 4537 dubitatio

2109 3319 2200 3359 mo
2224 3304 2384 3359 tertio
2405 3303 2660 3360 calendas
2675 3304 2799 3360 Maii
2825 3320 2995 3375 usque
3023 3307 3078 3360 in
3097 3307 3385 3377 septimum
3408 3308 3525 3361 idus
3536 3308 3697 3378 Apri-

2108 3394 2192 3459 lis,
2224 3394 2348 3465 quia
2379 3395 2684 3451 communis
2708 3404 2815 3466 est,
2857 3395 2991 3453 liunt
3015 3398 3131 3454 dies
3170 3400 3398 3455 trecenti
3426 3401 3697 3472 quinqua-

2104 3491 2252 3559 ginta
2279 3499 2535 3559 quatuor.

2180 3582 2336 3636 Anno
2367 3581 2843 3639 decemnovennali
2890 3583 3124 3651 decimo,
3168 3584 3342 3641 lunari
3383 3586 3634 3657 septimo,
3665 3600 3696 3641 a

2104 3681 2263 3730 sexto
2292 3674 2410 3729 idus
2440 3675 2639 3745 Aprilis
2668 3690 2839 3746 usque
2868 3676 2920 3730 in
2949 3685 3163 3732 sextum
3193 3678 3446 3734 calendas
3475 3680 3698 3750 Aprilis,

2106 3764 2234 3837 quia
2260 3767 2562 3823 communis
2591 3773 2692 3832 est,
2736 3766 2870 3823 llunt
2911 3768 3028 3824 dies
3058 3771 3289 3825 trecenti
3313 3770 3697 3843 quinquaginta

2104 3866 2360 3930 quatuor.

2177 3951 2334 4008 Anno
2365 3951 2844 4009 decemnovennali
2872 3953 3179 4017 undecimo,
3210 3954 3385 4008 lunari
3417 3960 3633 4019 octavo,
3666 3970 3696 4009 a

2101 4044 2294 4113 quinto
2319 4043 2572 4098 calendas
2602 4043 2800 4113 Aprilis
2826 4057 2992 4111 usque
3023 4044 3075 4097 in
3103 4044 3370 4099 decimum
3402 4045 3691 4114 septimum

2101 4132 2357 4190 calendas
2385 4131 2533 4200 Maii,
2582 4133 2708 4203 quia
2738 4131 3089 4189 embolismns
3118 4138 3221 4201 est,
3270 4134 3401 4191 [lunt
3430 4134 3545 4191 dies
3588 4144 3697 4193 tre-

2105 4225 2251 4280 centi
2291 4227 2563 4293 octoginta
2591 4234 2844 4295 quatuor.

2180 4315 2336 4370 Anno
2366 4316 2843 4374 decemnovennali
2873 4317 3215 4383 duodecimo,
3260 4318 3437 4374 lunari
3466 4335 3634 4389 nono,
3664 4335 3699 4376 a

2103 4406 2316 4464 decimo
2360 4417 2516 4464 sexto
2563 4409 2813 4465 calendas
2842 4408 2963 4465 Maii
2996 4426 3163 4481 usque
3210 4411 3262 4465 in
3310 4413 3481 4482 pridie
3526 4428 3698 4469 nonas

2107 4499 2325 4569 Aprilis,
2357 4502 2483 4570 quia
2506 4501 2809 4557 communis
2836 4507 2939 4567 est,
2970 4500 3105 4557 liunt
3139 4500 3254 4558 dies
3282 4503 3508 4560 trecenti
3532 4504 3695 4573 quin-

403 4573 527 4627 tulis
554 4572 875 4640 occurrerit,
898 4588 931 4627 a
950 4571 1155 4629 decima
1177 4573 1364 4644 quinta
1393 4573 1519 4627 luna
1542 4580 1825 4628 transactus
1844 4574 1994 4627 festi-
2022 4586 2072 4647 ι)
2101 4592 2353 4662 ρυηείηω
2376 4600 2627 4661 quatuor,

398 4664 607 4728 vitatis,
649 4677 825 4733 usque
868 4665 923 4718 in
968 4663 1237 4721 decimam
1282 4671 1531 4733 quartam
1562 4662 1800 4730 Pascha),
1846 4663 1991 4733 quod

400 4758 715 4827 quaerimus,
744 4757 862 4812 dies
887 4755 1119 4812 sollicite
1146 4764 1541 4826 computemus.
1570 4753 1639 4809 Et
1676 4757 1721 4812 si
1745 4770 1991 4812 commu-

403 4848 492 4902 nis
515 4862 690 4903 annus
717 4855 820 4913 est,
852 4854 1126 4903 trecentos
1150 4846 1540 4917 quinquaginta
1579 4854 1812 4917 quatuor
1842 4846 1991 4911 dics;

401 4946 454 5003 si
480 4947 831 5003 embolismus
857 4951 962 5014 est,
985 4952 1260 5001 trecentos
1279 4945 1555 5015 octoginta
1582 4953 1817 5014 quatuor
1842 4946 1994 5002 inve-

401 5038 615 5095 niemus
640 5056 654 5092 :
687 5052 791 5094 nec
819 5036 1152 5106 inmqualitas
1180 5035 1365 5109 (alias,
1395 5036 1752 5108 inaequaliter)
1774 5051 1994 5108 prorsus

399 5132 621 5189 eveniet
651 5149 666 5185 :
696 5132 823 5203 quia
845 5129 1032 5201 regula
1059 5130 1198 5202 cycli
1226 5129 1387 5200 hujus
1428 5130 1529 5186 hac
1556 5132 1769 5187 ratione
1811 5131 1991 5187 subsi-

398 5222 518 5288 stit,
540 5221 695 5291 cujus
709 5220 1049 5279 enucleatam
1064 5220 1350 5277 formulam
1368 5218 1612 5291 subjecta
1626 5219 1990 5292 descriptione

400 5312 726 5382 pandemus.

478 5424 634 5482 Anno
655 5423 1134 5481 decernnovennali
1166 5424 1365 5497 primo,
1396 5425 1568 5482 lunari
1594 5424 1802 5482 decimo
1824 5426 1991 5497 septi-

398 5531 517 5584 mo,
534 5530 566 5572 ι
584 5515 793 5575 decimo
811 5514 1005 5586 quinto
1022 5514 1278 5573 calendas
1296 5514 1420 5572 Maii
1445 5529 1615 5588 usque
1640 5531 1810 5573 nonas
1831 5517 1992 5589 Apri-

2176 4684 2331 4738 Auno
2360 4684 2834 4741 dccemnovcnnali
2867 4685 3077 4742 decimo
3124 4687 3306 4756 tertio,
3349 4687 3518 4743 lunari
3547 4690 3696 4747 deci-

2106 4788 2221 4839 mo,
2249 4788 2279 4827 a
2303 4774 2460 4831 nonis
2481 4774 2675 4844 Aprilis
2699 4791 2867 4845 usque
2893 4778 2946 4832 in
2977 4793 3175 4833 nonum
3200 4777 3453 4834 calendas
3473 4781 3694 4850 Aprilis,

2103 4864 2229 4932 quia
2258 4866 2558 4920 communis
2599 4873 2701 4932 cst,
2734 4866 2869 4921 liuut
2895 4867 3011 4923 dies
3050 4869 3277 4924 trecenti
3306 4869 3692 4940 quinquaginta

2102 4962 2357 5023 quatuor.

2174 5041 2330 5099 Anno
2354 5043 2833 5103 decemnovennali
2858 5048 3069 5106 decimo
3090 5057 3306 5121 quarto,
3332 5050 3504 5105 lunari
3530 5051 3696 5108 unde-

2100 5135 2263 5199 citno,
2296 5136 2364 5191 ab
2392 5144 2588 5194 octavo
2612 5139 2862 5194 calendas
2883 5139 3082 5209 Aprilis
3111 5155 3281 5208 usque
3307 5140 3358 5194 in
3389 5142 3689 5199 secundum

2101 5225 2221 5282 idus
2249 5226 2466 5297 Aprilis,
2498 5229 2624 5299 quia
2647 5228 2999 5289 embolismus
3026 5239 3130 5297 est,
3159 5230 3291 5286 llunt
3319 5232 3435 5289 dies
3458 5234 3693 5293 trecenti

2094 5320 2368 5389 octoginta
2399 5330 2652 5393 quatuor.

2168 5428 2326 5483 Anno
2353 5427 2833 5487 decemnovennali
2863 5431 3078 5490 decimo
3106 5435 3320 5506 quinto,
3349 5436 3523 5494 lunari
3553 5435 3692 5493 dno-

2096 5517 2327 5587 decimo,
2355 5520 2424 5577 ab
2468 5520 2644 5579 idibus
2672 5522 2869 5596 Aprilis
2899 5542 3070 5598 usque
3098 5529 3152 5585 in
3183 5530 3435 5587 calendas
3461 5529 3689 5603 Aprilis,

484 5773 510 5804 ι
538 5763 802 5847 Lunarem
839 5763 1325 5847 Fictoriincyclum
1376 5764 1535 5847 v_|i_ic
1572 5771 1755 5847 notat;
1801 5778 1961 5847 quem
1992 5763 2061 5822 ad
2098 5763 2272 5823 Martii
2300 5762 2369 5820 29
2397 5766 2769 5839 apposuimus,
2818 5783 2924 5825 uno
2953 5778 3079 5827 aute
3122 5772 3332 5847 cyclum
3366 5774 3686 5835 Alexandri-

404 5851 598 5895 norum
623 5837 1032 5911 quartodecimo
1058 5834 1165 5903 die,
1198 5842 1343 5893 recte
1370 5834 1437 5891 ad
1466 5834 1704 5907 Dionysii
1730 5845 1983 5892 mentem.
