4034 6206
549 350 618 415 97
1602 349 1606 353 ’
1830 352 2158 415 DIONYSIU!

2251 354 2377 416 ZXiG
2386 353 2540 417 UUS.
3760 357 3833 415 28

546 472 672 539 quia
702 458 1001 528 communis
1031 478 1134 542 est,
1166 468 1300 526 [lunt
1325 466 1438 526 dies
1466 468 1693 527 trecenti
1744 470 2130 541 quinquaginta
2159 477 2207 537 Α
2240 472 2465 527 trecenti
2494 469 2767 541 octoginta
2796 472 3049 542 quatuor.
3075 542 3086 552 _

546 570 807 630 quatuor.

624 653 782 708 Auno
804 653 990 709 decem
1000 653 1284 709 noveunali
1310 653 1520 709 decimo
1540 662 1717 718 sexto,
1736 653 1907 707 lunari
1929 652 2139 707 decimo

550 746 734 808 tertio,
762 758 792 797 a
815 754 1010 812 quarto
1035 758 1205 797 nonas
1232 743 1427 811 Aprilis
1471 758 1640 812 usque
1672 744 1723 797 in
1749 742 2136 798 duodecimum

545 836 799 891 ealcudas
829 835 1051 904 Aprilis,
1100 837 1224 902 quia
1254 836 1556 891 communis
1584 846 1686 898 est,
1724 835 1859 890 ﬂunt
1887 835 2001 890 dies
2031 845 2140 891 tre.

553 926 699 981 conti
721 926 1107 995 quinquaginta
1137 933 1391 993 quatuor.

620 1016 778 1069 Anno
803 1014 1281 1068 decemnoveunali
1321 1015 1533 1070 decimo
1554 1015 1809 1085 septimo,
1839 1014 2013 1071 iuuari
2037 1015 2137 1069 de-

549 1105 693 1159 cimo
724 1112 941 1172 quarto,
969 1104 1039 1159 ab
1066 1104 1350 1159 undecimo
1378 1106 1634 1159 calendas
1662 1106 1860 1174 Aprilis
1891 1119 2060 1173 usque
2085 1104 2138 1161 in

545 1196 795 1265 quintum
826 1194 944 1249 idus
966 1194 1182 1264 Aprilis,
1204 1196 1330 1264 quia
1359 1197 1709 1251 enibolismus
1732 1207 1834 1258 est,
1868 1196 2003 1249 liunt
2021 1195 2137 1251 dies

2313 559 2966 617 Aunovdccemnovennali
2997 559 3217 619 decimo
3254 569 3473 629 octavo,
3523 564 3699 621 lunari
3728 564 3833 619 de-

2240 651 2383 707 cimo
2408 653 2620 723 quinto,
2652 667 2681 706 a
2711 662 2906 721 quarto
2926 654 3044 709 idus
3072 656 3269 724 Aprilis
3296 670 3467 725 usque
3489 656 3543 710 in
3571 668 3832 725 quartum

2241 742 2492 797 calendas
2517 742 2734 812 Aprilis,
2783 744 2907 814 quia
2933 747 3233 801 communis
3261 754 3365 815 est,
3409 747 3543 803 ﬁunt
3569 747 3687 805 dies
3718 756 3834 805 tre-

2240 833 2382 888 centi
2411 834 2799 904 quinquaginta
2824 844 3075 904 quatuor.

2313 921 2472 978 Auno
2498 924 2974 979 decemnovenuoli
3017 926 3229 983 decimo
3257 940 3424 995 nono,
3455 930 3630 986 lunari
3674 931 3832 987 deci-

2241 1026 2330 1069 mo
2356 1022 2533 1078 sexto,
2567 1029 2596 1069 a
2628 1016 2791 1070 tertio
2811 1017 3062 1072 calendas
3078 1019 3274 1088 Aprilis
3304 1036 3470 1089 usque
3490 1023 3542 1076 in
3558 1023 3832 1078 decimum

2240 1107 2490 1175 quintum
2534 1106 2787 1162 calendas
2824 1107 2970 1173 Maii,
3002 1110 3126 1178 quia
3170 1112 3517 1167 embolismus
3559 1122 3662 1180 est,
3697 1113 3836 1169 (lunt

2241 1197 2357 1252 dies
2384 1198 2612 1252 trecenti
2638 1200 2915 1269 octoginta
2940 1208 3192 1270 quatuor.

558 1304 3825 1364 Μ

1125 1438 1808 1548 PRZEFATIO
1884 1438 2643 1549 CHRISTOPH.
2728 1448 3333 1555 JUSTELLI

1354 1620 1359 1624 ‘
1393 1607 1463 1664 IN
1500 1607 1795 1665 CODICESI
1836 1603 2165 1665 CANONUM
2214 1605 2566 1665 ECCLESLE
2600 1611 2987 1671 UNVERSAS.

2020 1742 2369 1765 *ιη-ς

624 1822 860 1886 Ecclesia
888 1825 1194 1894 Christiana
1225 1825 1496 1898 primitiva
1525 1824 1721 1897 duplici
1747 1824 1867 1894 jure
1894 1824 2022 1879 olim
2054 1837 2137 1879 re-
2166 1828 2213 1891 Β
2239 1838 2360 1879 nem
2382 1825 2775 1897 interpositam,
2805 1828 3115 1885 necessario
3140 1828 3407 1900 postulari
3432 1844 3702 1887 canonum
3737 1829 3833 1887 Ni-

546 1922 797 1989 gehatur.
828 1920 1011 1975 divino
1033 1929 1088 1975 et
1108 1919 1393 1975 canonico.
1427 1919 1494 1973 At
1520 1919 1756 1973 divinum
1780 1917 1995 1986 quidem
2021 1916 2131 1984 jus,

546 2012 738 2066 codice
775 2026 941 2065 sacrae
982 2009 1314 2080 Scriptum;
1365 2010 1680 2065 canonicum
1727 2024 1856 2063 vero
1880 2050 1895 2073 ,
1937 2006 2136 2065 Codice

545 2102 827 2157 Canonum
875 2102 1200 2157 continetur.
1254 2096 1437 2168 Itaque
1480 2099 1533 2152 in
1573 2098 1853 2164 conciliis,
1903 2096 1979 2152 illi
2026 2096 2134 2151 duo

544 2190 763 2246 codices
792 2191 846 2243 in
877 2189 1054 2245 medio
1079 2203 1365 2245 consessus
1393 2189 1520 2258 poni
1550 2187 1819 2249 solebant,
1853 2195 1913 2241 ut
1940 2200 2010 2242 es
2036 2201 2134 2243 eo-

546 2296 666 2336 rum
689 2280 811 2349 jure
837 2280 1078 2351 episcopi
1106 2281 1248 2337 inter
1272 2296 1330 2336 se
1357 2278 1605 2348 dogmata
1636 2279 1850 2349 pietatis
1879 2278 2134 2348 explen-

546 2381 688 2437 rent,
719 2372 938 2426 obortas
957 2372 1193 2425 haereses
1218 2370 1538 2434 refutarent,
1570 2378 1626 2424 et
1652 2370 2051 2425 controversias
2069 2368 2139 2425 ad

543 2462 882 2529 disciplinam
912 2460 1353 2525 ecclesiasticam,
1385 2475 1703 2530 sacramque
1727 2462 1982 2516 πολιτείην
2010 2476 2135 2530 per-

547 2552 783 2606 tinentes
808 2552 1144 2607 dirimerent.
1170 2549 1323 2606 Hunc
1352 2565 1558 2605 morem
1588 2550 1828 2605 indicant
1854 2558 1976 2605 acta
2006 2566 2137 2606 con-

549 2642 662 2697 cilii
689 2640 1168 2708 Chalcedonensis,
1191 2642 1277 2695 ubi
1302 2643 1497 2711 passim
1530 2642 1643 2697 haec
1667 2643 1829 2697 verba
1858 2643 2137 2712 reperiuno

549 2741 659 2801 tur,
676 2735 1001 2808 προκειμένου
1024 2735 1074 2786 ἓν
1096 2740 1169 2805 τῷ
1188 2735 1328 2802 μέσῳ
1350 2740 1440 2787 τοῦ
1464 2733 1749 2805 ἀγιωτάτου
1768 2738 1850 2786 καὶ
1873 2736 2138 2806 διχθὰ-υτον

549 2824 880 2896 naniam,
912 2824 1200 2893 anteposito
1224 2824 1279 2877 in
1309 2824 1477 2878 medio
1500 2834 1832 2880 sacrosancto
1851 2835 1900 2880 et
1928 2843 2141 2882 venera-

550 2914 640 2968 bili
664 2912 966 2983 Evangelia.
993 2911 1059 2966 Et
1085 2910 1317 2984 Cyrillus
1337 2913 1753 2981 Alexandrinus,
1782 2913 1833 2968 in
1868 2914 2139 2984 Apologe—

552 3005 664 3061 tico
707 3004 775 3059 ad
820 3002 1182 3061 Theodosium
1227 3003 1357 3073 imp.
1390 3002 1457 3060 de
1494 3003 1728 3060 concilio
1757 3003 2026 3075 Ephesiae
2055 3005 2140 3061 lo-

552 3108 725 3161 quens
766 3111 778 3146 :
827 3092 881 3148 'H
904 3093 1025 3166 ἁγία
1054 3093 1265 3155 σύνοδος
1297 3092 1568 3168 σῦνεδρον,
1596 3096 1771 3172 ὥσπερ
1798 3100 1883 3151 καὶ
1908 3097 2137 3169 κεφαλήν,

2239 1929 2512 1971 crcuorum
2542 1916 2762 1973 decreta
2795 1927 3144 1984 testarentur,
3192 1936 3420 1990 qumque
3455 1921 3841 1978 mbterannebra

2243 2014 2448 2061 erant:
2481 2007 2571 2062 ubi
2618 2007 3120 2065 subterminexorsun
3172 2025 3306 2066 roce
3348 2011 3570 2080 intelligi
3617 2026 3718 2082 par
3754 2021 3843 2067 est

2240 2110 2479 2153 canones
2506 2098 2864 2154 concilion
2908 2100 3002 2167 qui
3031 2114 3062 2154 a
3105 2099 3324 2157 Niceno
3360 2102 3429 2156 ad
3454 2100 3841 2158 Constantiano-

2242 2186 2574 2256 politanum,
2624 2202 2974 2245 numerorum
3019 2192 3161 2247 serie
3210 2192 3265 2247 in
3292 2208 3463 2248 unum
3503 2194 3753 2262 collecti,
3784 2193 3842 2248 ia

2240 2277 2410 2331 veteri
2439 2274 2640 2333 Codice
2661 2277 2943 2335 Canonum
2977 2280 3338 2349 reperiuntur.
3366 2281 3435 2338 Et
3464 2282 3694 2351 Vigilius
3721 2282 3842 2351 epi-

2241 2370 2383 2425 stola
2411 2369 2479 2424 ad
2500 2368 2786 2427 Rusticum
2810 2380 2868 2426 et
2891 2370 3271 2427 Sebastianum
3294 2374 3553 2429 diaconos
3579 2372 3841 2430 Ecclesia:

2244 2458 2541 2526 Romanae,
2584 2476 2657 2516 ex
2681 2476 2749 2516 eo
2782 2459 2982 2516 Codice
3031 2477 3295 2518 canonem
3337 2465 3469 2519 citat
3498 2465 3555 2518 in
3597 2463 3837 2520 concilio

2242 2550 2672 2608 Chalcedoneusi
2700 2551 2984 2622 probatum
3008 2561 3170 2622 atque
3200 2554 3417 2621 lectum,
3435 2554 3529 2623 qui
3553 2555 3607 2609 in
3635 2554 3833 2609 Antio-

2245 2639 2419 2696 chena
2441 2639 2648 2711 synodo
2667 2639 2890 2709 quintus
2910 2656 3137 2695 numero
3165 2642 3514 2709 consignatus
3541 2642 3832 2712 reperitur.

2252 2727 2407 2786 Unde
2426 2737 2653 2798 apparet
2673 2728 2954 2799 primitivis
2970 2727 3222 2785 Ecclesiae
3244 2728 3449 2795 Patres,
3473 2731 3528 2787 ia
3548 2730 3643 2787 illo
3663 2730 3837 2787 veteri

2245 2816 2445 2875 Codice
2468 2817 2753 2874 Canonum
2782 2818 3183 2888 componendo.
3209 2819 3363 2888 juxta
3385 2834 3545 2891 quem
3573 2819 3645 2876 de
3672 2820 3838 2876 rebus

2244 2908 2417 2963 sacris
2432 2907 2634 2977 judicia
2661 2906 3019 2973 habebantur,
3050 2908 3259 2979 singula
3287 2909 3677 2979 consequentia
3701 2924 3837 2967 con-

2245 3000 2371 3058 cilia
2398 3007 2550 3056 certo
2582 2998 2770 3055 ordine
2798 2998 3149 3070 disposuisse,
3194 3007 3451 3070 certaque
3480 3016 3545 3057 ac
3572 3000 3835 3059 continua

2248 3096 2412 3158 serie.
2431 3109 2531 3150 nec
2553 3094 2852 3164 interrupta
2875 3109 3221 3149 numerorum
3241 3095 3581 3151 conuexione
3596 3110 3837 3151 canones

554 3187 786 3239 ἐποιοῦτο
828 3188 1063 3258 Χριστὸνο
1096 3181 1255 3238 ἔκειτο
1281 3186 1382 3259 γὰρ
1424 3186 1473 3238 ἐν
1499 3184 1627 3256 ἁγίῳ
1652 3186 1810 3260 θρόνῳ
1848 3188 1908 3238 τὸ
1951 3189 2138 3241 σεπτὸν

2252 3187 2463 3241 illorum
2492 3198 2823 3247 numerasse,
2868 3200 2937 3239 ne
2966 3185 3094 3253 quid
3136 3184 3262 3240 huic
3288 3183 3475 3241 Codici
3502 3186 3714 3241 detrahi
3744 3195 3839 3241 aut

548 3276 864 3348 Εὐαγγέλιον,
889 3276 1167 3345 impr-notia
1186 3282 1291 3333 τοῖς
1333 3275 1496 3346 ἁγίοις
1525 3278 1838 3350 ἱερονργοῐς,
1872 3284 2037 3349 Κρῖμα
2063 3275 2143 3331 δί.-⁵

555 3385 700 3419 καιον
726 3366 951 3437 κρίνατε.
967 3364 1165 3417 Sanrta
1179 3362 1405 3434 synodus
1420 3362 1676 3418 Christum
1699 3380 2071 3427 consessorem,
2094 3374 2145 3420 et

549 3457 683 3511 velut
707 3466 878 3525 caput,
894 3456 1155 3510 constituit
1176 3472 1193 3509 :
1210 3456 1551 3509 venerandum
1568 3458 1703 3509 enim,
1715 3455 2071 3527 Evangelinm,
2089 3459 2143 3513 in

555 3556 736 3602 sancto
767 3548 949 3601 tltrono
980 3548 1285 3600 collocatum
1304 3558 1438 3613 erat,
1470 3548 1821 3602 sacerdotibus
1846 3551 2098 3607 insonans
2122 3566 2141 3602 :

550 3641 757 3693 Jnstnm
777 3638 1032 3708 judicium
1055 3638 1305 3709 judicate.
1358 3637 1425 3691 Et
1468 3639 1695 3707 epistola
1725 3640 1982 3710 synodica
2010 3656 2144 3695 cou-

556 3730 673 3782 cilii
698 3729 1072 3796 Aquileiensis,
1090 3730 1365 3798 proposita:
1384 3730 1436 3783 in
1461 3730 1627 3785 medio
1652 3731 1838 3787 divinae
1859 3731 2146 3801 Scriptum

551 3821 730 3887 ('I‘om.
762 3820 782 3873 ι
813 3820 1059 3892 Concil.).

623 3912 839 3968 Codicis
867 3928 998 3968 vero
1024 3912 1304 3968 Canonum
1337 3913 1455 3983 ipsa
1472 3928 1689 3983 quoque
1721 3898 1957 3985 synodus
1982 3914 2142 3970 Chal-

552 4004 881 4060 cedonensis
904 4004 1165 4065 meminit.
1201 4013 1361 4073 atque
1391 4020 1457 4060 es
1487 4020 1552 4061 eo
1582 4005 1712 4059 citat
1741 4006 1878 4076 (Act.
1908 4006 1942 4058 4
1973 4016 2022 4062 et
2056 4007 2144 4076 ll)

477 4160 483 4165 θ
552 4111 795 4151 canones
816 4095 906 4160 83,
938 4094 1027 4159 ει,
1058 4094 1127 4147 95
1156 4104 1211 4150 et
1232 4095 1299 4147 96
1332 4095 1444 4163 (qni
1474 4094 1527 4159 3,
1560 4093 1612 4160 4,
1642 4096 1709 4149 15
1736 4106 1792 4152 et
1824 4098 1909 4166 l6,
1942 4098 1993 4153 in
2015 4114 2142 4154 cou-

554 4190 686 4243 cilio
704 4187 1043 4241 Antiocheuo
1066 4186 1449 4255 reperiuntur),
1466 4202 1761 4255 eorumque
1775 4188 1898 4257 jure
1925 4189 1993 4243 de
2012 4205 2145 4245 con-

557 4278 840 4333 troversiis
868 4275 1245 4331 ecclesiasticis
1270 4275 1598 4343 pronuntiat.
1632 4275 1698 4330 Et
1725 4276 1953 4345 epistola
1982 4292 2148 4349 syno—

554 4375 679 4429 dica
723 4373 1097 4442 episc0porum
1135 4369 1422 4440 provincia:
1454 4365 1660 4423 Pisidia:
1691 4369 1899 4423 Asianac
1938 4369 2145 4425 dimce-

554 4480 693 4520 sctis
722 4462 786 4516 ad
828 4461 1061 4517 Leonem
1104 4463 1232 4530 imp.
1269 4459 1455 4532 (Tom.
1488 4460 1533 4513 ll
1562 4459 1761 4514 Concil.
1794 4460 1917 4514 edit.
1954 4458 2144 4533 Rom.)

2252 3275 2375 3331 addi
2412 3282 2594 3346 posset
2625 3292 2638 3329 :
2670 3289 2831 3344 quem
2860 3283 2917 3329 et
2943 3274 3065 3330 ideo
3096 3272 3285 3330 Patres
3314 3273 3569 3345 Ephesini
3595 3284 3651 3330 et
3678 3275 3843 3331 Chal-

2253 3367 2591 3423 cedonenses
2614 3400 2631 3430 .
2692 3366 2891 3435 aliique
2944 3365 3297 3423 ecclesiastici
3349 3367 3643 3438 scriptores
3697 3370 3840 3433 τάξιν

2251 3466 2309 3513 et
2322 3459 2613 3512 ἀκολουθίαν
2639 3465 2736 3512 τῶν
2760 3458 3001 3519 κανόνων,
3024 3458 3313 3513 ἀκολουθίαν
3338 3459 3765 3523 inligamenta)»,
3788 3466 3846 3513 et

2253 3550 2476 3623 ἀριθμῶν
2504 3549 2812 3612 ἀκολουθίαν,
2842 3548 3024 3601 seriem
3047 3556 3103 3602 et
3121 3550 3541 3620 consequentiam
3563 3564 3839 3614 canonum,

2252 3640 2667 3708 consequentiam
2692 3639 3113 3705 ecclesiasticam,
3143 3649 3201 3695 et
3224 3642 3641 3710 consequentiam
3665 3650 3844 3694 nente-

2248 3746 2456 3794 rorum,
2488 3730 2684 3799 passim
2712 3736 2929 3785 vocant.
2973 3728 3123 3785 Unde
3148 3739 3207 3784 et
3241 3730 3298 3783 in
3327 3730 3459 3784 actis
3486 3731 3841 3785 conciliorum

2250 3835 2359 3875 vox
2375 3822 2642 3881 ἀκολούθως
2666 3828 2723 3873 ct
2741 3829 3009 3882 κανονικῶς
3030 3834 3130 3888 pro
3151 3818 3341 3875 eadem
3353 3819 3603 3875 sumitur.
3628 3818 3841 3889 Prmpo-

2250 3912 2517 3967 nebantur
2545 3920 2725 3967 autem
2753 3911 2939 3979 viginti
2968 3926 3205 3966 canones
3231 3911 3445 3967 concilii
3477 3910 3713 3979 Nicmni,
3749 3910 3837 3968 διὰ

2250 4008 2343 4061 τήν
2371 4011 2464 4062 τῆς
2491 4005 2835 4072 circumlato;
2857 4002 3070 4056 συνόδου
3095 4003 3379 4068 «datariam,
3411 4010 3635 4072 propter
3655 4009 3838 4056 aucto-

2254 4093 2472 4147 ritatem
2503 4101 2562 4148 et
2586 4090 2864 4159 dignitatis
2892 4092 3299 4162 prmrogativam
3328 4093 3505 4162 magni
3540 4092 3684 4147 illius
3709 4108 3837 4147 con-

2252 4186 2363 4240 cilii
2382 4227 2397 4251 ,
2429 4185 2573 4256 quod
2604 4186 2834 4256 prihnun
2861 4187 3250 4242 meumenicum
3276 4184 3517 4242 Ecclesia
3538 4185 3837 4241 Christiana

2252 4276 2544 4331 celebravit
2570 4293 2584 4341 ;
2634 4277 2856 4346 przeliso
2885 4277 3051 4331 etiam
3080 4276 3223 4332 illius
3250 4277 3491 4343 nomine,
3538 4286 3595 4332 ut
3624 4276 3837 4345 quidam

2252 4369 2594 4435 existimant,
2622 4368 2765 4437 quod
2799 4369 2850 4422 in
2880 4368 3091 4423 czeteris
3119 4368 3210 4436 qui
3251 4367 3480 4434 subjecti
3508 4382 3605 4421 seu
3631 4369 3835 4423 subter-

2254 4458 2453 4514 annexi
2474 4467 2629 4514 erant
2650 4460 2994 4515 observatum
3024 4474 3129 4513 non
3160 4456 3258 4512 fuit
3281 4474 3293 4508 :
3317 4466 3481 4525 atque
3501 4457 3622 4510 inde
3645 4457 3836 4513 factum

555 4558 695 4607 citat
737 4567 996 4608 canonem
1028 4551 1125 4616 83,
1157 4554 1247 4620 qui
1278 4561 1499 4621 quartus
1540 4558 1623 4605 est
1651 4549 1969 4604 Autiocheui
2012 4564 2146 4603 con-
2180 4565 2229 4625 υ
2254 4548 2487 4611 videtur,
2534 4548 2689 4618 lapsu
2719 4547 3014 4618 temporis,
3046 4555 3104 4601 ut
3128 4546 3229 4602 sub
3257 4546 3475 4601 nomine
3503 4546 3712 4600 concilii
3740 4546 3833 4601 Ni-

553 4646 690 4700 (-ilii.
744 4643 811 4699 Et
852 4643 1130 4716 Dionysius
1167 4642 1400 4714 Exiguus
1448 4642 1676 4713 cpistola
1726 4642 1962 4712 paschali
2004 4640 2029 4693 t
2078 4640 2146 4695 ad

555 4736 871 4790 Petronium
899 4735 1229 4805 episcOpum,
1262 4750 1524 4790 canonem
1548 4734 1678 4787 citat
1695 4731 1761 4785 79
1785 4732 2009 4803 (Grmcis
2029 4731 2143 4803 80),

551 4828 648 4895 ,ιιιιί
682 4827 885 4895 primus
922 4834 1005 4882 est
1046 4826 1283 4896 ejusdem
1314 4825 1505 4896 synodi
1536 4824 1905 4880 Antiochum.
1942 4826 2005 4878 Et
2030 4825 2145 4893 epi-

552 4919 698 4975 stola
738 4918 805 4971 ad
849 4917 1180 4987 Stephanum
1211 4914 1583 4970 Salonitanum
1613 4914 1958 4983 episcopum,
1984 4929 2146 4983 quam

552 5024 671 5067 sua:
701 5008 901 5064 veteris
930 5008 1069 5063 illius
1095 5006 1308 5063 Codicis
1334 5005 1615 5061 Cauonum
1646 5004 1847 5059 Latinae
1877 5004 2144 5075 interpre-

558 5099 751 5153 tationi
779 5100 1025 5167 praeﬁxit,
1053 5112 1290 5155 canones
1318 5113 1349 5152 a
1379 5096 1593 5153 Nicmno
1614 5095 1844 5151 concilio
1866 5110 1883 5150 ι
1905 5095 1973 5150 ad
2001 5095 2145 5153 Con-

558 5189 1098 5257 Stantiuopolitanum
1131 5207 1181 5255 ι,
1229 5188 1334 5243 hoc
1359 5197 1460 5251 est,
1494 5202 1525 5241 a
1555 5187 1728 5257 primo
1758 5186 1936 5255 capite
1977 5200 2145 5256 usque

562 5276 628 5330 ad
641 5277 990 5330 centesimum
1008 5277 1398 5346 sexagesimum
1412 5275 1657 5345 quintum
1675 5283 1972 5340 enumerat,
1988 5275 2143 5343 sicut,

565 5372 622 5419 ut
653 5365 768 5433 ipse
797 5362 897 5429 ait,
924 5366 978 5418 in
1011 5363 1190 5419 Cra-ca
1218 5367 1545 5430 mictoritate,
1576 5364 1927 5418 conciliorum
1957 5364 2145 5419 ordine

562 5464 619 5509 et
644 5469 987 5509 numerorum
1010 5454 1149 5509 serie
1179 5454 1369 5524 digesti
1401 5463 1575 5512 erant.
1605 5454 1681 5509 Ad
1711 5455 1825 5508 hate
1847 5454 2145 5524 respexisse

561 5544 778 5597 videtur
809 5542 919 5598 Leo
950 5542 968 5596 Ι
1000 5544 1240 5613 pontifex
1261 5586 1276 5613 ,
1304 5555 1361 5601 et
1387 5546 1625 5617 synodus
1651 5542 1889 5600 Romana
1918 5545 2145 5613 cpistola

566 5637 632 5713 ad
682 5635 1045 5691 Theodosium
1076 5637 1203 5706 imp.
1257 5652 1353 5707 pro
1397 5638 1652 5692 Flaviano
1702 5637 2007 5708 patriarcha
2038 5636 2143 5692 ΟΡ.

567 5725 768 5794 scripta
800 5724 1011 5794 (Ibid.),
1035 5740 1140 5795 qua
1168 5726 1305 5796 petit
1332 5734 1391 5781 ut
1412 5728 1627 5795 juberet
1647 5727 1956 5795 generalem
1981 5743 2146 5799 syno-

568 5823 696 5874 dum
724 5819 862 5874 intra
892 5818 1097 5877 italiam
1129 5819 1391 5877 celebrari
1420 5837 1431 5874 :
1467 5819 1640 5891 quod,
1673 5826 1796 5893 post
1826 5818 2143 5894 appellatio-

2252 4639 2386 4694 czeni
2414 4637 2761 4692 laudarentur
2786 4651 2997 4693 omnes.
3028 4635 3185 4703 Quod
3212 4634 3351 4705 apud
3381 4632 3697 4701 Gregorium
3728 4634 3835 4688 Tu-

2252 4741 2541 4783 ronensem
2563 4726 2877 4797 episcopum
2903 4725 3195 4781 observare
3223 4725 3351 4781 licet
3382 4721 3520 4795 (Lib.
3554 4739 3630 4790 is,
3651 4740 3699 4776 c.
3721 4722 3832 4793 53),

2253 4819 2342 4873 ubi
2372 4833 2441 4873 es
2468 4832 2738 4873 cauonum
2766 4816 3102 4873 Nicaeuorum
3127 4815 3362 4873 decretis
3390 4830 3652 4872 canonem
3680 4817 3829 4881 citat,

2250 4909 2341 4979 qui
2375 4907 2443 4961 i4
2482 4916 2565 4964 est
2600 4905 2927 4976 Gangreusis
2972 4906 3186 4962 concilii
3232 4923 3247 4960 :
3301 4904 3604 4973 Cononem,
3646 4905 3829 4975 inquit,

2252 5001 2593 5058 Nicanorem
2617 5001 2821 5056 decreta
2845 5000 3027 5071 relegi,
3048 5001 3104 5054 in
3121 4998 3302 5070 quibus
3321 4999 3643 5054 continetur:
3673 4997 3831 5063 tQuia

2248 5094 2295 5149 si
2323 5109 2425 5165 qua
2444 5091 2708 5163 reliquerit
2731 5092 2912 5156 virum,
2943 5100 2992 5146 et
3014 5100 3181 5146 torum
3200 5106 3299 5160 quo
3328 5089 3453 5145 bene
3472 5090 3618 5156 vixit,
3647 5107 3833 5162 spreve-

2252 5186 2356 5251 rit;
2392 5204 2411 5237 ι
2463 5194 2521 5241 et
2544 5185 2907 5254 sequebantur
2934 5197 3171 5238 canones
3197 5179 3268 5235 25
3297 5182 3513 5239 concilii
3544 5180 3826 5251 Aucyraui,

2254 5283 2310 5329 et
2339 5273 2785 5330 Neocarsaricnsis
2809 5273 2874 5325 14
2899 5273 3041 5343 (quae
3070 5273 3284 5342 quidem
3312 5273 3419 5327 duo
3449 5273 3673 5328 concilia
3706 5280 3824 5326 ante

2262 5363 2539 5419 Nicacuum
2568 5362 2839 5419 celebrata
2861 5370 3021 5428 sunt,
3053 5372 3111 5416 et
3131 5363 3200 5417 ab
3221 5378 3287 5419 eo
3312 5362 3565 5433 deinceps
3592 5376 3827 5431 compro-

2254 5454 2379 5509 bata
2404 5494 2419 5519 ,
2471 5462 2529 5509 ut
2559 5462 2677 5509 acta
2718 5451 2935 5508 concilii
2966 5451 3259 5509 Florentini
3312 5453 3613 5523 testantur)
3664 5460 3714 5506 et
3740 5453 3825 5521 qui

2256 5542 2602 5615 postmodum
2620 5543 2894 5599 constituti
2914 5552 3061 5608 sunt,
3077 5542 3402 5613 Caugrensis
3415 5540 3474 5595 2|
3487 5584 3503 5606 ,
3519 5540 3821 5597 Autiocheui

2254 5634 2325 5687 25
2373 5636 2560 5707 (cujus
2588 5644 2824 5704 quatuor
2851 5650 3089 5689 canones
3116 5635 3214 5690 sub
3245 5635 3399 5687 titulo
3428 5631 3526 5701 95,
3558 5631 3649 5698 94,
3680 5632 3745 5686 95
3770 5645 3819 5686 et

2256 5730 2345 5795 96,
2379 5746 2444 5784 ex
2475 5744 2541 5785 eo
2570 5728 2756 5784 codice
2780 5728 3017 5783 citantur
3038 5728 3091 5784 in
3113 5727 3341 5783 concilio
3361 5725 3816 5792 Clialcedouensil.

2257 5820 2603 5878 Laodicensis
2652 5818 2762 5891 59,
2813 5826 2870 5877 et
2917 5818 3497 5890 Coustantinopolitaui
3544 5836 3561 5877 ι
3602 5827 3814 5887 quatuor
