4034 6206
323 376 404 434 29
967 382 1040 442 ῙΝ
1074 379 1372 442 CODICEM
1409 380 1740 438 CANONUM
1775 375 1956 438 UNIV.
1999 377 2233 440 ECLES.
2273 377 2594 439 JUSTELLI
2633 378 3021 440 PRASFATIO.
3573 383 3648 444 ω

345 496 585 570 (ϐαθεῖς
611 498 643 553 7
651 517 702 569 ),
745 481 840 568 qui
867 484 1091 570 quidem
1119 488 1372 560 collecti,
1403 494 1703 551 secundum
1754 495 1955 568 Diony-
1983 496 2034 556 Α
2059 494 2376 563 constabat,
2406 496 2512 551 hoc
2557 507 2638 552 cst
2679 504 2915 568 quatuor
2940 497 3128 568 primis
3153 499 3539 570 meumenicis,
3587 510 3647 558 et

343 589 495 646 siam
542 586 845 657 Exiguum,
893 583 1001 640 154
1038 599 1277 642 canones
1323 570 1614 676 ciliciuy
1631 584 1712 638 Ex
1759 585 1957 655 quibus

343 681 658 738 eanonibus
706 680 775 736 ab
817 678 977 735 initio
1023 678 1386 748 compositum
1417 685 1535 730 erat
1578 691 1777 746 corpus
1813 676 1968 730 illius

346 772 572 828 Codicis
598 772 804 841 antiqui
833 784 995 841 quem
1025 769 1080 825 In
1108 768 1246 823 actis
1270 765 1467 838 synodi
1495 764 1955 820 Chalcedonensis

345 865 511 921 citari
536 906 552 931 ,
599 872 765 934 atque
806 871 935 918 ante
963 877 1085 918 eam
1114 861 1224 916 vim
1260 874 1531 916 canonum
1585 858 1950 913 universaiem

346 956 468 1024 iam
489 954 744 1010 habuisse
765 961 1105 1024 compertum
1127 960 1209 1008 est
1237 969 1252 1006 :
1285 951 1372 1007 cui
1402 958 1588 1020 postea
1615 949 1811 1019 adjecti
1829 957 1954 1004 sunt

345 1045 574 1102 concilii
602 1045 862 1117 Ephesini
889 1057 945 1099 tu
973 1044 1298 1100 certumenici
1327 1050 1454 1098 octo
1479 1057 1719 1098 canones
1750 1040 1889 1096 forte
1919 1055 1950 1095 a

343 1137 635 1208 Stephano
664 1137 920 1206 episcopo
954 1135 1258 1205 Ephesino,
1298 1135 1450 1203 cujus
1477 1143 1658 1190 exstat
1684 1148 1952 1188 canonum

347 1230 613 1285 collectio
655 1229 892 1282 nondum
935 1228 1100 1292 edita,
1147 1243 1268 1296 qua:
1295 1227 1516 1282 omnino
1544 1226 1800 1280 convenit
1827 1240 1952 1281 cum

350 1323 528 1376 veteri
558 1321 760 1376 Codice
791 1320 1043 1375 Ecclesia:
1069 1321 1352 1385 universe,
1397 1335 1742 1388 canonesque
1771 1319 1956 1374 conci-

346 1413 552 1467 liorum
569 1411 788 1476 Niacni,
806 1411 1093 1483 Ancyrani,
1114 1410 1584 1477 Neocaisariensis,
1601 1409 1948 1480 Gangrensis,

347 1502 705 1570 Antiocheni,
735 1501 1082 1557 Laodicensis
1131 1509 1188 1556 et
1219 1500 1826 1572 Constantinopolitani,
1857 1516 1952 1556 ea-

345 1595 478 1649 dem
508 1592 656 1649 serie
681 1599 737 1650 et
764 1592 955 1647 ordine
999 1593 1242 1658 exhibet,
1275 1593 1470 1662 quibus
1497 1595 1612 1663 ipse
1655 1593 1954 1664 Ephesinos

346 1683 582 1741 addidit.
616 1683 742 1740 Haec
769 1700 902 1740 vero
925 1685 976 1738 in
1008 1683 1340 1740 Bibliotheca
1367 1684 1634 1750 Palatina,
1667 1686 1808 1756 apud
1836 1685 1950 1741 has-

348 1779 513 1836 redes
545 1777 790 1834 Gelharti
814 1775 1205 1832 Ermenhorstii
1237 1776 1528 1846 ilamburgi
1556 1786 1885 1844 asservatur,
1917 1793 1948 1832 a

2058 584 2296 655 quinque
2323 585 2751 655 particularibus,
2779 595 2996 642 servato
3023 588 3188 642 etiam
3215 589 3406 646 ordine
3435 597 3648 662 tempo-

2058 675 2134 728 ris
2163 690 2193 728 ιι
2234 675 2445 729 Niczena
2493 677 2704 748 synodo
2750 676 2816 731 ad
2861 677 3402 746 Chalcedoneusem,
3450 681 3647 736 additis
3727 674 3748 702 "

2059 766 2358 821 cauonibus
2385 768 2699 837 apostolicis
2721 763 2816 832 85,
2849 767 3256 825 Saniicensibus
3281 780 3338 826 et
3363 771 3649 838 Carthagi-

2058 857 2332 920 nensibus,
2365 855 2736 912 Truliensibus
2760 860 2945 924 etiam,
2977 857 3394 932 Gnecorumque
3421 861 3646 917 Patrum

2055 948 2301 1018 epistolis
2328 949 2607 1004 canonicis
2637 958 2794 1003 antea
2823 965 2933 1004 non
2966 951 3228 1020 receptis,
3263 967 3364 1008 nec
3388 967 3419 1006 a
3462 953 3648 1007 conci-

2055 1039 2139 1096 liis
2167 1041 2540 1102 meumcnicis,
2565 1055 2664 1096 nec
2693 1041 2760 1094 ab
2790 1041 2954 1111 impp.
2989 1041 3318 1096 conﬁrmatis
3350 1059 3363 1094 :
3398 1043 3486 1096 ubi
3519 1043 3645 1097 Bal-

2055 1148 2208 1189 samo
2237 1149 2334 1203 per
2359 1133 2502 1188 hunc
2531 1149 2796 1188 canonem
2817 1175 2834 1202 ,
2881 1135 3131 1190 localium
3161 1149 3378 1205 quoque
3407 1136 3646 1206 synodo-

2054 1241 2172 1280 rum
2204 1224 2669 1281 conﬁrmationem
2701 1226 2895 1282 lacuna
2935 1236 3024 1285 τήν
3049 1231 3314 1302 γινομένην
3343 1227 3428 1283 διὰ
3457 1230 3643 1282 ταύτην

2055 1318 2360 1391 ἓπικύρωσιν
2387 1324 2486 1371 τῶν
2521 1325 2741 1372 τοπικῶν
2782 1317 3042 1383 συνόδων,
3093 1317 3392 1374 adnotavit.
3438 1319 3648 1384 Quibus

2052 1419 2242 1480 postea
2265 1408 2461 1478 adiecti
2478 1417 2603 1464 sunt
2629 1425 2868 1465 canones
2889 1410 3104 1466 concilii
3128 1410 3328 1466 Nicteni
3351 1427 3405 1476 n,
3433 1426 3499 1466 ac
3523 1419 3648 1465 tan-

2053 1496 2176 1556 dem
2205 1513 2273 1554 ex
2316 1501 2383 1555 iis
2411 1500 2664 1555 omnibus
2711 1509 2819 1556 tam
2867 1502 3166 1557 canunibus
3210 1518 3374 1571 quam
3423 1501 3643 1557 Patrum

2051 1589 2284 1646 decretis
2304 1607 2334 1646 a
2360 1592 2569 1648 Nicena
2595 1593 2768 1662 prima
2797 1593 3009 1665 synodo
3038 1594 3106 1648 ad
3136 1594 3407 1649 Nicaenam
3427 1611 3465 1649 ιι
3493 1610 3648 1650 com-

2051 1682 2261 1751 positus
2284 1691 2368 1738 est
2397 1682 2581 1739 Codex
2617 1682 2898 1738 Canonum
2928 1682 3184 1740 Ecclesia:
3212 1685 3502 1741 Orientalis
3534 1685 3644 1756 (cui

2050 1772 2238 1825 titulus
2261 1774 2460 1834 κανόνες
2474 1783 2576 1829 τῶν
2602 1776 2923 1837 ἀποστόλων,
2951 1781 3035 1830 sui
3062 1785 3166 1832 τῶν
3185 1777 3341 1850 ἁγίων
3366 1777 3640 1847 συνόδων),

347 1872 551 1941 quibus
604 1871 884 1938 hucusque
932 1868 1167 1922 nancisci
1220 1882 1325 1922 non
1379 1868 1670 1937 potuimus.
1731 1866 1946 1933 Postea,
1983 1880 2028 1940 Β
2054 1879 2086 1919 e
2110 1862 2251 1918 Bibl.
2276 1865 2660 1920 ranonicorum
2689 1865 2751 1919 ἰ).
2783 1866 2970 1921 Hilarii
2993 1865 3343 1923 Pictaviensis
3369 1883 3398 1922 a
3423 1869 3540 1922 viro
3566 1869 3638 1924 cl.

348 1957 815 2019 Chalcedonensis
863 1957 1077 2015 concilii
1125 1959 1304 2028 quarti
1352 1958 1671 2014 meumenici
1712 1973 1950 2015 canones

349 2053 426 2108 29
452 2053 523 2108 ab
544 2052 652 2106 alio
675 2051 970 2106 coiiectore
996 2049 1161 2103 additi
1191 2055 1336 2104 sunt.
1366 2047 1488 2103 llaec
1509 2056 1689 2102 autem
1710 2049 1951 2118 quinque

350 2142 606 2208 concilia,
640 2141 766 2197 licet
795 2140 1140 2212 partieuiaria
1188 2140 1326 2203 sint,
1358 2137 1736 2193 auctoritatem
1767 2146 1948 2192 tamen

350 2231 815 2290 ceumenicorum
858 2229 1053 2300 adepta
1089 2237 1245 2296 sunt,
1293 2229 1730 2298 quandoquidem
1762 2227 1950 2283 Patres

351 2335 592 2396 quatuor
619 2327 859 2395 priorum
891 2324 1247 2378 conciliorum
1270 2323 1360 2375 illa
1383 2323 1710 2391 probarunt,
1741 2336 1950 2390 suaque

354 2422 599 2476 feceram
627 2436 641 2472 :
670 2426 833 2487 atque
853 2418 922 2470 ab
946 2415 1194 2470 universa
1221 2429 1344 2468 cum
1371 2412 1626 2476 Orientis,
1658 2420 1768 2466 tum
1792 2409 1952 2467 Occia-

351 2511 535 2567 dentis
561 2507 802 2565 Ecclesia
841 2506 1170 2562 unanimiter
1197 2505 1494 2574 approbata
1542 2513 1598 2559 et
1629 2497 1946 2559 confirmata

350 2615 513 2670 sunt,
550 2611 607 2660 et
635 2604 690 2658 in
727 2600 928 2658 Codice
953 2599 1237 2656 Canonum
1267 2595 1522 2654 Ecclesia
1566 2597 1830 2652 universa:
1856 2611 1938 2653 re-

351 2703 517 2767 cepta
543 2693 787 2760 fuerunt,
836 2700 892 2748 et
929 2691 1131 2746 inserta
1171 2689 1264 2744 tali
1294 2688 1484 2744 ordine
1515 2695 1571 2742 et
1599 2702 1946 2742 numerorum

351 2788 518 2855 serie,
549 2793 608 2841 ut
638 2801 800 2840 unum
827 2793 882 2838 et
901 2782 1040 2838 idem
1064 2795 1265 2852 corpus
1287 2780 1704 2847 constituerent,
1731 2778 1817 2833 cui
1839 2778 1946 2833 vim

351 2890 410 2934 et
431 2875 810 2932 auctoritatem
861 2872 1108 2930 canonici
1134 2871 1271 2942 juris
1312 2864 1631 2925 universalis
1658 2867 1946 2925 concilium

351 2965 791 3023 Cbalcedouense
812 2963 960 3020 dedit
987 2978 1199 3019 canone
1221 2962 1271 3028 i,
1297 2962 1380 3016 his
1401 2961 1580 3016 verbis
1605 2977 1619 3013 :
1643 2961 1776 3023 τοὺς
1800 2964 1946 3037 παρὰ

352 3069 456 3118 τῦν
679 3061 912 3135 nations
952 3058 1062 3113 καθ’
1086 3058 1300 3115 εκάστην
1330 3055 1539 3111 σύνοδον
1579 3053 1714 3132 ἄχρι
1740 3061 1829 3111 τοῦ
1857 3063 1947 3112 νῦν

353 3149 648 3212 iuraiura:
667 3151 876 3210 κανόνας
905 3163 1111 3220 κρατεῖν
1143 3148 1511 3218 ἐδικαιὼσαμεν
1542 3163 1556 3200 :
1591 3143 1828 3201 Canones
1857 3148 1946 3217 qui

2051 1953 2261 2010 Joanne
2276 1955 2436 2011 Tillio
2460 1955 2680 2012 Parisiis
2699 1955 2887 2013 Grzece
2910 1959 3142 2028 primum
3169 1959 3364 2024 editus,
3381 1969 3437 2014 et
3453 1969 3644 2030 postea

2052 2047 2121 2102 ab
2149 2045 2262 2101 Elia
2290 2045 2556 2116 Ehingcro
2587 2065 2653 2103 ex
2685 2050 2937 2105 Biblioth.
2973 2051 3279 2120 Augustana
3321 2053 3644 2124 Witebcrgtn

2052 2151 2196 2218 anni.)
2227 2137 2392 2220 (ξιι,
2443 2140 2530 2192 cui
2562 2139 2801 2220 Zonaras
2829 2151 2892 2201 et,
2909 2141 3163 2220 Balsamo
3207 2160 3332 2197 suas
3372 2145 3645 2214 interpre-

2054 2207 2291 2312 ισίίᾇηῇεξ
2317 2210 2848 2312 Hddiileriuiténqine
2873 2214 3108 2312 indiciine
3138 2221 3394 2301 irrlueem
3423 2207 3644 2303 prodic-

2051 2298 2181 2372 ru‘u
2227 2301 2232 2311 ι
2276 2298 2426 2319 ου..-
2513 2303 2528 2321 ο
2560 2302 2607 2322 0.-
2671 2305 2891 2326 ’συναοιυο
2969 2312 2982 2326 ut
3033 2312 3130 2330 σοι
3169 2298 3178 2301 -
3210 2317 3227 2332 ι

2121 2326 2196 2372 tt.

2127 2409 2302 2497 Prima
2327 2412 2492 2490 igitur
2513 2414 2836 2497 secundum
2867 2415 3236 2497 vetustissima.
3257 2425 3340 2497 est
3366 2432 3638 2474 mirionum

2049 2482 2856 2582 cegegiiastidofumﬁoiléctjéa,
3031 2482 3506 2586 ςείὸέξίῖυγοκωι
3536 2505 3640 2562 Ec-

2051 2574 2558 2649 cnizstaﬁumvensg"
2583 2604 2734 2651 recte
2766 2574 3130 2666 nuncupatur,
3173 2574 3429 2666 quirino,
3474 2599 3639 2654 veluti

2045 2682 2168 2750 iure
2193 2684 2465 2738 communi
2493 2691 2548 2739 et
2574 2685 2898 2750 universali,
2931 2685 3176 2742 Ecclesia
3205 2689 3479 2758 primitiva
3527 2698 3638 2746 tam

2050 2773 2103 2827 in
2131 2770 2352 2828 Oriente
2373 2789 2536 2843 quam
2567 2775 2618 2829 in
2646 2774 2934 2833 Occidente
2960 2777 3090 2832 olim
3123 2791 3219 2836 usa
3246 2788 3330 2834 est
3357 2781 3408 2834 in
3439 2779 3639 2849 dijudi-

2048 2863 2235 2919 eandis
2261 2865 2428 2920 sacris
2454 2869 2866 2934 controversiis;
2915 2877 3102 2939 postea
3131 2883 3260 2924 vero
3305 2871 3374 2925 ab
3412 2873 3637 2942 antiquo

2049 2953 2142 3007 illo
2165 2952 2386 3020 Codice,
2405 2955 2572 3010 veluti
2595 2965 2746 3012 certo
2767 2964 2928 3027 atque
2945 2960 3220 3014 communi
3242 2959 3495 3016 Ecclesia:
3516 2963 3639 3016 uiii-

2048 3060 2219 3102 verse
2263 3048 2588 3104 auctoritate
2634 3049 2865 3120 probato
2889 3093 2904 3120 ,
2959 3053 3160 3108 veteris
3196 3053 3640 3124 jurisprudentia:

2048 3138 2428 3194 ecclesiastica:
2451 3154 2686 3210 corpore
2711 3184 2726 3209 ,
2770 3141 2860 3211 jus
2905 3157 3069 3198 omne
3115 3145 3436 3200 canonicum
3460 3187 3476 3212 ,
3527 3157 3638 3202 tam

353 3258 388 3297 ο
435 3241 634 3298 uncti;
679 3238 921 3297 Pluribus
980 3239 1035 3293 in
1086 3255 1392 3311 unaquaque
1429 3239 1626 3310 synodo
1686 3239 1946 3312 hucusque
1971 3256 2018 3320 ε
2048 3229 2360 3320 Crtecorum
2387 3246 2549 3301 quam
2581 3232 2893 3288 Latinorum
2912 3274 2926 3297 ,
2954 3249 3053 3305 per
3079 3250 3270 3290 omnes
3297 3237 3462 3292 totius
3490 3239 3640 3296 orbis

354 3331 620 3391 constituti
638 3339 788 3396 sunt,
820 3329 1079 3384 obseruari
1101 3343 1301 3394 a'qnum
1331 3329 1641 3382 censuimus.
1660 3325 1727 3381 Et
1752 3338 1942 3398 postea

354 3419 688 3478 Justinianus
710 3421 841 3492 imp.
874 3417 1054 3474 novel.
1089 3418 1213 3484 ibi,
1245 3417 1313 3472 de
1340 3417 1654 3473 Canonibus
1681 3418 1946 3474 ecclesia-

354 3513 526 3580 uicis,
538 3515 857 3586 Θισπίζομεν
873 3515 1038 3565 τοίνυν
1053 3512 1190 3574 τάξιν
1209 3510 1418 3582 νόμιμον
1434 3510 1643 3579 ἐπέχειν
1673 3510 1945 3568 ἐκκλησια-

355 3603 568 3664 στικοῦς
589 3603 800 3662 κανόνας
815 3643 830 3662 .
864 3604 986 3661 τούς
1006 3601 1106 3654 ὑπὸ
1125 3608 1225 3655 τῶν
1254 3600 1409 3672 ἁγίων
1429 3601 1697 3673 τεσσάρων
1719 3598 1946 3656 συνόδων

353 3693 656 3755 inﬁrme,
681 3689 712 3751 ἦ
742 3692 1140 3763 βεξαιωθὲντας,
1174 3690 1314 3744 τοῦτ’
1353 3693 1468 3744 ἐστι
1507 3697 1598 3750 τῆς
1649 3690 1700 3744 ἕν
1744 3695 1942 3767 Ninnio},

353 3787 437 3838 ut
457 3790 545 3844 τῆς
571 3785 618 3836 ἓν
638 3781 1175 3846 κωνσταντιέουπόλυ,
1204 3784 1398 3841 καὶτῆς
1418 3783 1469 3834 ἐν
1493 3783 1689 3852 Ἐρέσῳ
1712 3785 1941 3855 πρώτης,

353 3877 440 3930 καὶ
465 3883 554 3935 τῆς
587 3877 637 3930 ἓν
672 3872 959 3944 Καλχηδόνι
989 3889 1004 3925 :
1038 3871 1321 3927 Sancimns
1359 3873 1462 3926 vim
1504 3871 1672 3944 legum
1712 3871 1944 3929 oblinere

351 3965 728 4040 ecclesiasticos
751 3981 977 4021 canones
996 4006 1011 4032 ,
1061 3965 1147 4036 qui
1172 3982 1204 4018 a
1234 3965 1430 4020 sanctis
1460 3975 1682 4035 quatuor
1709 3965 1944 4021 conciliis

348 4057 620 4114 constituti
647 4068 786 4124 sunt,
832 4066 882 4112 et
909 4058 1207 4128 conﬁrmati
1227 4098 1242 4124 ,
1283 4057 1380 4113 hoc
1417 4068 1496 4112 est
1526 4055 1770 4127 Niceno,
1801 4058 1941 4114 Con-

349 4147 838 4220 stantinopolitano,
858 4146 1144 4218 Ephesino,
1166 4157 1216 4202 et
1239 4145 1670 4203 Chalcedonensi.
1703 4148 1801 4205 Ubi
1825 4166 1945 4204 cono

349 4240 684 4311 ﬁrmaturum
697 4251 829 4295 voce
857 4238 1082 4310 intelligi
1105 4253 1203 4308 par
1227 4246 1310 4293 est
1330 4252 1566 4294 canones
1589 4239 1940 4294 conciliorum

347 4329 668 4385 dimceseun
701 4329 1080 4401 pradictorum
1108 4327 1377 4400 Ancyrani
1397 4371 1412 4395 ,
1465 4328 1938 4398 Neoaesai-iensis,

347 4419 699 4493 Gangrensis,
726 4421 1068 4489 Antiocheni,
1095 4431 1148 4476 et
1165 4421 1530 4488 Laodicensis,
1553 4421 1646 4491 qui
1670 4429 1787 4477 toto
1809 4424 1943 4477 orbe

344 4514 588 4585 recepti,
619 4522 674 4570 et
701 4515 770 4569 ab
801 4514 930 4584 ipsis
957 4520 1190 4583 quatuor
1216 4513 1486 4582 prioribus
1514 4514 1760 4569 conciliis
1787 4527 1939 4569 uacu-

346 4605 574 4661 menicis
613 4603 825 4676 probati
868 4611 924 4658 et
951 4602 1253 4658 conﬁrmati
1279 4641 1294 4666 ,
1337 4601 1392 4657 in
1426 4601 1628 4658 Codice
1655 4601 1936 4657 Canonum

345 4694 601 4752 Ecclesia:
623 4695 891 4750 universa:
911 4691 1348 4758 continebantur,
1374 4701 1434 4748 ut
1459 4692 1660 4749 diserte
1687 4693 1939 4748 Theodo-

347 4806 439 4845 rus
466 4787 716 4842 Balsama
754 4785 822 4841 ad
849 4785 1287 4842 Nomoeanonem
1321 4784 1498 4841 Photii
1530 4783 1609 4841 tit.
1647 4785 1698 4851 i,
1727 4802 1847 4858 cap.
1879 4785 1937 4856 2,

346 4879 624 4936 adnotavit
651 4878 740 4934 his
766 4877 946 4934 verbis
975 4894 988 4932 :
1023 4883 1310 4950 Σημείωσαι
1331 4884 1422 4938 τήν
1452 4883 1725 4956 παροῦσαν
1753 4881 1939 4956 νεαρὰν

346 4972 524 5048 (ρλοί)
571 4975 642 5033 ὡς
669 4973 855 5043 νόμους
889 4978 1134 5048 κρατεῖν,
1183 4974 1253 5040 μὴ
1293 4969 1442 5040 μόνον
1485 4973 1604 5033 τοὺς
1643 4973 1789 5046 πα,ιᾶ
1840 4977 1939 5025 τῶν

347 5063 665 5136 (accedupt-iv)
689 5061 846 5134 ἁγίων
873 5059 1098 5118 συνόδων
1123 5061 1409 5121 ἔκτιθὲντας
1437 5063 1670 5126 κανόνας,
1700 5061 1824 5116 ἀλλὰ
1854 5064 1940 5116 ναὶ

347 5156 466 5215 ne;
488 5153 630 5232 παρὰ
658 5153 853 5209 τούτων
876 5153 1269 5226 βεϐαιωθὲντας,
1293 5153 1448 5225 ἤγουν
1471 5155 1588 5214 τοὺς
1609 5153 1816 5213 κανόνας
1839 5160 1940 5208 τῶν

342 5251 564 5301 scamnis
581 5241 807 5301 συνόδων
841 5261 853 5297 :
887 5241 1030 5299 Noto
1051 5252 1359 5316 prasentem
1389 5243 1665 5310 novellam,
1696 5260 1811 5316 qua:
1853 5245 1938 5299 die

340 5336 433 5400 cit,
463 5344 711 5405 tanquam
751 5335 883 5406 leges
911 5335 1106 5390 servari
1134 5346 1372 5406 oportere
1395 5381 1409 5402 ,
1457 5353 1560 5391 non
1587 5338 1756 5391 solum
1783 5337 1870 5409 qui
1901 5353 1936 5392 a

343 5425 538 5479 sanctis
562 5426 827 5495 (quatuor)
857 5425 1070 5495 synodis
1108 5425 1235 5480 editi
1260 5436 1382 5480 sunt
1409 5443 1670 5493 canones,
1720 5427 1816 5482 sed
1842 5443 1931 5482 eos

338 5519 500 5568 etiam
527 5517 611 5587 qui
638 5515 702 5570 ab
727 5515 806 5570 Itis
827 5516 1119 5585 conﬁrmati
1142 5527 1263 5570 sunt
1279 5559 1295 5583 ,
1326 5533 1415 5571 seu
1453 5533 1674 5573 canones
1699 5518 1926 5589 synodo-

338 5623 458 5661 nun
490 5607 754 5662 (aeoliam.
812 5605 1117 5663 Concilium
1161 5611 1325 5664 etiam
1369 5609 1932 5682 Constantinopolim.

339 5712 471 5750 num
501 5712 586 5761 ιιι,
629 5697 683 5751 in
720 5696 906 5753 Trullo
950 5698 1188 5754 habitum
1237 5714 1380 5756 anno
1424 5699 1526 5755 707
1551 5743 1568 5769 ,
1624 5701 1724 5755 sub
1770 5700 1938 5757 Justi-

336 5787 505 5842 niano
533 5785 594 5852 ll,
623 5789 904 5860 antiquum
936 5789 1082 5846 illum
1112 5787 1368 5847 Codicem
1395 5787 1645 5848 Ecclesia:
1668 5794 1933 5848 universae

336 5875 681 5938 uolutauit
717 5897 928 5940 canone
961 5884 1017 5940 il
1037 5926 1051 5953 ,
1103 5886 1434 5943 enumeratis
1463 5887 1704 5944 conciliis
1735 5887 1932 5960 quibus

2047 3319 2337 3377 Christiani
2367 3322 2627 3378 diteceses
2653 3340 2717 3379 ac
2743 3327 3049 3395 provincias
3078 3327 3378 3382 derivatum
3405 3337 3506 3383 est.

2117 3413 2255 3468 Sunt
2274 3421 2328 3469 et
2344 3415 2461 3468 alim
2481 3416 2713 3485 antiqua:
2735 3425 2791 3470 et
2820 3418 3151 3473 recentiores
3174 3419 3522 3476 collectiones
3543 3436 3640 3476 seu

2045 3504 2412 3561 breviationes
2438 3521 2726 3574 canonum,
2763 3523 3168 3566 nomoeanoncs
3195 3511 3387 3574 etiam,
3419 3528 3515 3566 seu
3543 3528 3637 3567 ca-

2047 3606 2250 3650 nonum
2295 3603 2352 3650 et
2391 3596 2566 3665 legum
2615 3599 3060 3653 concordantium
3108 3601 3466 3668 cenationes,
3517 3618 3639 3673 qua:

2046 3701 2236 3746 omnes
2282 3703 2549 3746 canonum
2602 3692 2902 3746 sententias
2949 3693 3049 3746 sub
3105 3693 3267 3748 certis
3313 3695 3638 3764 quibusdam

2049 3779 2215 3835 titulis
2233 3779 2780 3849 comprehenderunt,
2809 3779 3034 3835 Joannis
3054 3783 3262 3838 scilicet
3291 3783 3636 3852 Scholastici,

2049 3868 2223 3924 Phot‘ii
2251 3877 2306 3924 et
2327 3869 2536 3924 Arsenii
2565 3870 2990 3940 patriarcharum
3017 3870 3149 3938 CP.,
3184 3874 3354 3928 Alexii
3389 3874 3635 3940 Aristini,

2045 3958 2315 4014 Simeonls
2343 3957 2688 4025 Logothctte,
2732 3968 2788 4013 et
2831 3960 3178 4014 Constantini
3228 3961 3636 4035 llarmenopuli,

2044 4051 2382 4118 aliorumque
2409 4049 2759 4104 collectorum
2788 4049 3132 4118 Grmcorum,
3181 4061 3305 4123 post
3331 4053 3634 4114 Chalcedo-

2045 4157 2212 4198 nense
2239 4142 2550 4210 concilium,
2578 4141 2936 4198 etJustiniani
2964 4145 3091 4216 imp.
3127 4154 3391 4218 tempora,
3426 4151 3638 4220 privato

2047 4243 2252 4290 tantum
2283 4235 2512 4291 consilio
2540 4236 2880 4307 conscripto,
2924 4239 3178 4309 nullaque
3207 4241 3418 4311 publica
3448 4252 3637 4299 aucto-

2043 4327 2206 4382 ritate
2246 4327 2520 4398 probatio,
2570 4343 2670 4384 nec
2699 4344 2728 4382 a
2759 4329 3002 4385 conciliis
3031 4335 3404 4400 memnenieis,
3439 4353 3534 4392 nec
3565 4339 3636 4393 ab

2045 4416 2210 4486 impp.
2243 4417 2612 4480 conﬁrmatas;
2667 4433 2787 4489 quze
2823 4428 2878 4474 et
2912 4420 3032 4475 ideo
3063 4423 3262 4476 nullam
3294 4423 3400 4479 vim
3432 4427 3639 4484 habent

2041 4505 2176 4577 juris
2200 4509 2447 4563 canonici
2479 4509 2822 4576 universalis,
2867 4512 2961 4568 sed
2988 4520 3168 4570 tamen
3209 4516 3276 4570 ad
3307 4518 3635 4590 interpreta-

2047 4600 2247 4656 tionem
2297 4610 2351 4656 et
2393 4601 2685 4657 faciliorem
2735 4604 3145 4660 instructionem
3191 4621 3461 4666 canonum
3507 4621 3636 4671 sunt

2043 4691 2200 4747 valde
2229 4692 2388 4747 utiles
2417 4700 2470 4748 et
2501 4695 2838 4750 necessarim.

2115 4783 2269 4852 Quod
2297 4794 2476 4842 autem
2522 4785 2587 4840 ad
2635 4785 2932 4844 Eeclesiam
2973 4788 3368 4850 Occidentalem
3416 4795 3632 4863 attinet,

2042 4886 2250 4932 eertum
2281 4886 2392 4944 est,
2423 4878 2476 4933 in
2505 4887 2622 4934 toto
2652 4880 2784 4936 orbe
2815 4879 3178 4953 Occidentali,
3212 4894 3266 4941 et
3292 4885 3494 4942 Latina:
3522 4888 3630 4945 lin-

2040 4976 2157 5038 gum
2186 4968 2506 5026 dimcesibus
2534 4977 2590 5026 et
2635 4972 2958 5043 provinciis,
3008 4969 3128 5030 cani
3171 4992 3388 5048 quoque
3438 4977 3538 5048 (ut
3576 4989 3634 5042 et

2040 5059 2350 5131 Orientalis)
2375 5061 2425 5116 in
2449 5061 2666 5132 judieiis
2687 5063 3084 5134 ecclesiasticis,
3121 5067 3308 5137 priscis
3333 5069 3634 5131 canonibus

2045 5153 2217 5208 veteri
2246 5149 2446 5209 Codice
2477 5153 2729 5210 Ecclesia:
2752 5157 3013 5211 universa:
3043 5159 3448 5227 eoulprchcnsis
3480 5179 3630 5222 usam

2044 5245 2227 5306 fuisse.
2260 5249 2314 5305 id
2345 5259 2612 5306 testantur
2646 5259 2764 5306 acta
2792 5251 3142 5306 conciliorum
3163 5261 3220 5306 et
3243 5251 3459 5310 decreta
3491 5273 3630 5328 pon.

2045 5338 2268 5409 tilicum,
2300 5342 2390 5397 ubi
2415 5342 2611 5413 passim
2642 5341 2844 5396 codicis
2881 5348 2937 5395 et
2959 5343 3203 5412 corporis
3241 5362 3532 5413 canonum,
3577 5358 3633 5404 et

2043 5434 2389 5505 antiquorum
2420 5450 2708 5495 canonum,
2733 5443 2788 5489 et
2815 5448 3079 5488 canonum
3101 5436 3453 5493 Orientalium
3478 5457 3632 5496 men-

2043 5523 2142 5590 tio,
2173 5539 2282 5595 quo
2312 5525 2527 5580 nomine
2557 5523 2743 5579 Codex
2765 5522 3017 5580 Ecclesia:
3040 5527 3303 5583 universae
3325 5530 3441 5585 sine
3464 5531 3630 5586 dubio

2042 5614 2374 5684 intelligitur.
2405 5614 2606 5669 [lorum
2639 5625 2818 5670 autem
2841 5631 3106 5672 canonum
3125 5615 3434 5675 Cmoorum
3467 5625 3629 5680 varim

2039 5703 2372 5775 diversmque
2393 5715 2681 5760 occurrunt
2703 5705 2905 5761 Latina:
2937 5707 3427 5779 interpretationes.
3453 5714 3628 5782 Atque

2043 5795 2267 5865 antiqua
2301 5795 2387 5849 illa
2411 5804 2490 5849 est
2519 5812 2624 5868 qua
2651 5799 2730 5853 usi
2760 5810 2884 5852 sunt
2916 5796 3090 5854 Latini
3130 5801 3485 5856 conciliorqu
3510 5804 3628 5858 col-

2043 5886 2315 5958 lcctorcs,
2362 5886 2460 5943 sub
2511 5891 2730 5948 nomine
2777 5886 2962 5946 lsidori
3003 5889 3353 5958 Riereatoris.
3409 5901 3462 5950 et
3503 5911 3627 5956 cum

3731 567 3860 624 ,μβ

3863 530 3901 564 ί.
