4034 6206
515 376 580 435 3i
730 320 735 325 ν
1804 353 2161 416 DlONYSlUS
2200 353 2281 411 EX
2293 350 2518 414 lCUUS.

3716 334 3793 394 59.

522 491 846 564 Dionysiana
892 482 1339 560 interpretatione
1393 479 1818 551 conjimxcrunt,
1875 477 2101 547 ejusque
2127 479 2176 539 Α
2206 472 2364 528 ticum
2423 472 2583 528 Rom.
2636 467 2834 537 Sirieii,
2874 463 3214 530 Innocentii,
3265 459 3489 530 Zosimi,
3519 455 3791 515 Bonifac'i

521 584 755 652 antiqua:
776 580 1039 636 versionis
1066 578 1219 648 plura
1249 572 1574 643 exemplaria
1602 577 1817 626 exstant
1839 568 1895 623 in
1915 566 2100 622 biblio-

522 674 711 728 thecis.
760 671 865 727 Sed
893 670 1168 740 antiquior
1196 668 1385 728 altera,
1437 661 1672 719 nondum
1719 661 1902 724 edita,
1948 656 2101 726 cujus

520 769 887 834 pervetustnm
917 758 1196 827 exemplar
1222 772 1321 810 ms.
1351 766 1519 825 penes
1556 768 1656 809 nos
1695 750 1983 817 habemus,
2014 747 2104 802 lit-

525 854 654 907 teris
682 852 989 920 majuseulis
1016 857 1325 911 exaratum,
1372 844 1519 917 quod
1546 845 1645 898 aevi
1673 843 1754 897 sui
1786 847 1969 896 notam
2015 840 2103 894 in-

520 946 686 1001 dicat.
705 943 942 1014 Dionysii
963 956 1091 995 vero
1107 939 1292 1007 Exigui
1310 938 1498 992 Latina
1522 933 1898 1006 interpretatio
1920 932 2105 1005 (quam

524 1045 652 1088 ante
683 1048 852 1087 annos
880 1031 1064 1100 viginti
1093 1046 1158 1085 ex
1188 1037 1401 1083 vetusto
1427 1027 1549 1082 eod.
1583 1041 1685 1080 ms.
1728 1024 1865 1079 Bibl.
1907 1028 2108 1077 nostra:

519 1123 812 1193 edidimus)
838 1133 893 1178 ut
912 1123 1102 1193 purior
1120 1129 1173 1176 et
1195 1120 1495 1189 elegantior
1514 1117 1724 1173 ceteris
1743 1115 1963 1185 prtulata
1988 1121 2103 1179 est;

519 1215 880 1285 quac-quidem
920 1214 1114 1268 seriem
1158 1220 1214 1266 et
1258 1210 1498 1266 ordinem
1540 1206 1915 1274 conciliorum,
1939 1218 2107 1261 cano-

520 1324 758 1378 numque
779 1306 1219 1376 consequentiam
1249 1320 1315 1358 ac
1337 1317 1686 1358 numerorum
1713 1299 2110 1355 eonnexionem

520 1400 762 1462 retinuit,
794 1413 913 1469 qua!
936 1405 1053 1452 erat
1082 1397 1134 1450 in
1164 1395 1356 1450 Graeco
1383 1391 1677 1459 exemplari
1702 1405 1813 1460 quo
1840 1389 1956 1459 ipse
1983 1401 2112 1443 usus

520 1499 624 1555 est,
649 1506 678 1544 a
708 1488 925 1545 Niczeno
952 1488 1160 1543 scilicet
1182 1486 1412 1543 concilio
1442 1485 1619 1555 primo
1643 1482 1980 1539 meumenieo
1997 1520 2014 1546 ,
2043 1479 2112 1536 ad

519 1578 1177 1649 ConstantinOpolitanum
1204 1592 1252 1641 t,
1302 1576 1406 1631 hoc
1445 1583 1530 1630 est
1568 1589 1597 1628 a
1638 1574 1813 1644 primo
1840 1572 2020 1643 capite
2043 1570 2114 1627 ad

524 1668 883 1724 centesimum
923 1666 1319 1736 sexagesimum
1363 1666 1609 1736 quintum
1633 1703 1650 1729 ,
1694 1654 1753 1719 ui
1786 1662 1901 1732 ipse
1941 1662 2018 1716 ait
2057 1660 2115 1717 in

526 1758 757 1827 cpistola
802 1772 912 1813 sunt
949 1757 1255 1813 collectioni
1283 1753 1504 1827 praeﬁxa
1527 1794 1543 1820 ,
1584 1754 1668 1809 cui
1696 1752 1935 1825 (omissis
1961 1751 2112 1807 Con-

2199 564 2506 631 leestini,
2538 562 2768 627 Leonis,
2798 559 3028 625 Cclasii,
3061 555 3351 625 Anastasii,
3378 553 3448 608 ab
3474 565 3621 606 anno
3643 546 3795 603 scili-

2200 665 2287 712 cet
2316 655 2423 711 385
2451 655 2519 710 ad
2540 668 2740 709 annum
2769 650 2895 716 496,
2928 650 2981 704 in
3007 664 3172 704 unum
3210 646 3451 713 collegit,
3478 651 3535 699 et
3562 642 3617 697 in
3649 639 3799 696 ordi-

2201 762 2325 805 nem
2352 747 2520 803 titulis
2540 744 2856 816 compositis
2879 741 3146 806 distinxit,
3176 741 3277 795 sub
3306 754 3411 793 una
3435 736 3576 793 serie
3605 747 3800 790 nume-

2203 854 2388 896 rorum
2437 853 2506 893 eo
2553 835 2715 892 modo
2753 849 2864 904 quo
2912 832 3133 887 Patrum
3175 843 3417 886 canones
3459 824 3799 882 transferens

2206 930 2591 996 ordinaverat,
2642 936 2702 982 ut
2756 927 2872 997 ipse
2925 924 3212 995 profitetur
3265 922 3320 977 in
3371 920 3597 989 epistola
3649 932 3799 988 pra:-

2208 1020 2425 1077 fationis
2461 1020 2582 1074 loco
2612 1016 2827 1089 prmlixa
2856 1015 2923 1069 ad
2953 1013 3221 1069 lulianum
3252 1010 3623 1081 presbyterum
3655 1006 3804 1061 tituli

2208 1112 2423 1170 Sancta:
2446 1110 2938 1182 Anastasizclquam
2965 1121 3089 1162 eum
3113 1104 3287 1160 indice
3312 1103 3653 1158 decretorum
3683 1098 3804 1154 edi-

2210 1206 2387 1262 dimus
2410 1204 2499 1277 (In
2530 1202 2658 1258 Cod.
2703 1200 2837 1257 Cun.
2882 1199 3026 1253 Eccl.
3078 1195 3256 1267 Rom.)
3305 1210 3447 1249 anno
3476 1191 3804 1263 l645],qui

2211 1296 2432 1369 synodis
2475 1295 2662 1349 Romae
2701 1290 2988 1347 celebratis
3014 1285 3114 1343 sub
3135 1284 3456 1357 Symmacho
3484 1296 3647 1352 papa,
3678 1287 3806 1351 post

2213 1386 2557 1444 consulatum
2596 1382 2841 1445 Paulini,
2875 1381 2979 1434 hoc
3005 1386 3089 1433 est
3132 1390 3274 1432 anno
3302 1372 3440 1438 499,
3468 1372 3556 1429 die
3581 1369 3801 1427 calend.

2214 1476 2548 1539 Martiarum,
2579 1482 2636 1529 et
2662 1470 2851 1528 Flavio
2877 1469 3084 1525 Avieno
3108 1466 3324 1536 iuniore
3341 1506 3357 1531 ,
3384 1463 3485 1520 sub
3502 1462 3591 1519 die
3617 1461 3652 1515 8
3682 1460 3807 1516 idus

2215 1568 2504 1634 Novemh.,
2528 1567 2633 1621 hoc
2655 1572 2740 1622 est
2763 1576 2906 1618 anno
2936 1559 3059 1625 502,
3090 1556 3413 1627 subscripsis
3441 1569 3475 1610 e
3509 1553 3803 1623 reperitur.

2220 1659 2372 1717 Unde
2400 1659 2572 1730 liquet
2607 1671 2715 1727 quo
2754 1662 3002 1722 tempore
3028 1646 3367 1720 Dionysiana:
3395 1643 3500 1701 illa:
3527 1642 3810 1699 collectio-

2221 1765 2320 1808 nes
2341 1791 2356 1816 ,
2390 1757 2498 1803 tam
2550 1758 2817 1800 canonum
2847 1740 3218 1807 conciliorum
3262 1750 3424 1807 quam
3462 1735 3809 1790 decretorum

520 1823 1015 1921 stantinopolitanls
1069 1823 1302 1919 quatuor
1363 1823 1758 1919 posterioribus
1811 1843 2109 1901 canonibus
2140 1860 2188 1922 Β
2224 1842 2537 1917 pontiﬁcum
2583 1838 2742 1893 Rom.
2772 1835 2987 1904 scriptae
3014 1832 3142 1887 sint.
3186 1829 3363 1899 Atque
3386 1827 3505 1883 hate
3523 1832 3606 1882 est
3627 1823 3811 1895 prima

522 1948 581 1994 et
615 1947 740 1996 octo
769 1938 1087 2010 Ephesinis,
1118 1940 1210 2008 qui
1253 1939 1305 1994 in
1339 1936 1675 1993 Collectione
1702 1936 2015 1999 Canonum,
2058 1944 2119 1991 et

523 2028 916 2087 Nomoeanone
977 2027 1200 2084 Joannis
1253 2027 1573 2083 Scholastici
1628 2025 1949 2095 patriarcha:
2001 2022 2113 2080 CP.

524 2131 585 2175 et
631 2121 845 2176 emteris
869 2118 1792 2193 omnibtisjirtpporumxanorutm
1835 2113 2117 2193 collectio?

523 2210 687 2265 nibus
744 2186 1145 2287 reperiutil'ubi);
1159 2186 1407 2281 ciddiditf
1434 2186 2121 2287 etinptiestqui

523 2278 904 2370 Apostolorum
934 2278 1444 2371 diuit—itftiaéinta'féi
1457 2278 2120 2355 Sardieenses'ét'A'friea:

523 2408 625 2449 nos
652 2392 743 2461 qui
772 2392 825 2447 in
854 2390 1144 2477 chiilegue
1169 2391 1359 2477 Latine
1385 2399 1512 2466 sapt
1533 2390 1670 2477 editi
1686 2390 2038 2477 apsque-uide?
2060 2390 2115 2467 ip

525 2574 684 2627 πολλὰ
708 2571 829 2645 περῖ
842 2561 1007 2629 ἀξινδῦ
1041 2561 1355 2649 ἕξίχῶρῖωἷ
1574 2561 1679 2627 riis
1707 2561 1921 2628 Sunia;
1953 2579 2121 2648 μερῶν

526 2664 863 2742 διορίζεσθαι,
914 2662 1201 2734 Propterea
1237 2664 1373 2735 quod
1413 2663 1580 2717 multa
1617 2662 1680 2717 de
1712 2661 2021 2734 quibusdam
2049 2663 2120 2718 ad

527 2757 641 2809 loca
671 2764 721 2808 et
748 2755 979 2825 regiones
1006 2751 1405 2824 pertinentibus,
1428 2754 1533 2808 sive
1554 2750 1975 2807 Occidentalibus
2004 2756 2129 2824 pari

530 2846 686 2912 tibus,
710 2846 1028 2917 deﬁnierint,
1050 2844 1201 2900 utait
1224 2844 1473 2900 Balsamo
1489 2845 1543 2899 in
1566 2845 1960 2915 prolegomcnis
1987 2861 2118 2901 mss.

529 2935 600 2990 ad
642 2950 800 2991 suum
846 2935 1309 2992 Nomoeanonem.
1358 2935 1642 3006 Dionysius
1671 2944 1850 2991 autem
1888 2933 2123 3004 Exiguus

529 3039 643 3081 ante
669 3024 1005 3081 collectionis
1031 3040 1300 3081 canonum
1331 3025 1595 3081 rationem
1621 3024 1844 3095 exponit
1886 3024 1971 3081 his
1997 3041 2123 3081 ver-

531 3112 616 3170 bis
646 3132 659 3166 :
694 3113 934 3170 Canones
976 3116 1063 3186 qui
1102 3114 1345 3168 dicuntur
1390 3113 1792 3185 Apostolorum,
1843 3113 1909 3168 de
1941 3111 2125 3172 σηιεεο

533 3205 913 3267 transtulimus,
949 3202 1131 3277 quibus
1167 3205 1375 3276 plurimi
1396 3220 1703 3260 consensum
1726 3219 1832 3259 non
1861 3203 2124 3276 praebuere

534 3302 763 3373 facilem,
794 3300 1024 3372 quamvis
1046 3306 1224 3370 postea
1247 3299 1484 3371 quaedam
1507 3299 1789 3354 constituta
1814 3298 2119 3367 pontiﬁcum

533 3409 602 3447 ea:
630 3392 759 3461 ipsis
800 3388 1096 3445 Canonibus
1137 3399 1405 3461 assumpta
1431 3406 1545 3445 esse
1586 3389 1857 3443 videantur
1887 3404 1908 3444 :
1937 3388 2125 3444 deinde

534 3482 743 3554 regulas
790 3479 1030 3537 Nicaeum
1077 3482 1303 3552 synodi,
1351 3491 1402 3537 et
1446 3480 1687 3552 deinceps
1724 3482 1955 3536 omnium
1998 3496 2126 3535 con-

538 3573 776 3629 ciliorum
799 3613 816 3639 ,
865 3574 971 3628 sive
1014 3589 1129 3646 qua
1167 3581 1291 3627 ante
1323 3588 1459 3640 eam,
1500 3573 1608 3627 sive
1642 3587 1759 3644 qua
1799 3569 2125 3642 postmodum

538 3666 682 3735 facta
709 3673 869 3730 sunt,
918 3680 1080 3735 usque
1106 3665 1177 3717 ad
1211 3663 1466 3735 synodum
1506 3663 1810 3734 pontiﬁcum
1859 3660 1989 3725 150,
2038 3659 2127 3731 qui

536 3757 678 3821 apud
721 3754 1225 3825 Constantinopolim
1271 3761 1615 3809 convenerunt
1645 3769 1665 3807 :
1709 3762 1762 3807 et
1802 3751 1896 3807 sub
1944 3750 2129 3806 ordine

536 3861 867 3900 numerorum
892 3885 907 3909 ,
957 3845 1011 3901 id
1046 3853 1123 3898 est
1150 3861 1184 3897 α
1221 3844 1388 3913 primo
1434 3843 1603 3913 capite
1641 3857 1799 3913 usque
1842 3840 1913 3894 ad
1958 3849 2130 3895 cente-

535 3938 723 3990 simum
743 3937 1120 4007 sexagesimum
1152 3936 1414 4006 quintum,
1452 3935 1587 3988 sicut
1614 3932 1831 3988 habetur
1857 3933 1914 3986 in
1944 3928 2130 3986 Crceca

537 4027 847 4079 auctoritate
864 4026 1196 4097 digessimus.
1214 4023 1342 4079 Tum
1365 4025 1529 4077 sancti
1551 4022 1985 4077 Chalcedonensis
2007 4036 2132 4075 con-

538 4114 647 4167 cilii
675 4115 880 4167 decreta
902 4114 1195 4181 subdentes,
1212 4116 1266 4167 in
1281 4114 1360 4167 his
1383 4112 1682 4177 Crwcornm
1698 4126 1953 4166 canonum
1975 4111 2133 4181 ﬁnem

541 4221 655 4260 csse
681 4206 1028 4259 declaramus.
1080 4205 1291 4260 Statuta
1320 4221 1516 4275 quoque
1545 4204 1877 4259 Sardicensis
1906 4203 2131 4269 concilii,

542 4306 695 4366 atque
720 4296 981 4368 Africani,
1027 4312 1140 4368 qua:
1183 4294 1367 4350 Latine
1413 4304 1534 4349 sunt
1580 4293 1739 4360 edita,
1788 4294 1896 4348 suis
1926 4310 1959 4346 a
1988 4293 2135 4349 nobis

542 4391 770 4443 numeris
795 4398 1076 4443 cernuntur
1100 4403 1211 4442 esse
1236 4387 1498 4441 distincta.
1520 4383 1650 4441 llaec
1664 4399 1795 4440 vero
1811 4383 2136 4456 Dionysiana

548 4480 799 4536 collectio
826 4480 893 4534 ab
924 4478 1160 4535 Ecclesia
1192 4477 1433 4533 Romana
1463 4477 1645 4531 statim
1674 4483 1893 4546 recepta
1942 4484 2046 4541 est,
2076 4483 2138 4531 ut

546 4576 774 4624 testatur
788 4566 1143 4625 Cassiodorus
1173 4566 1312 4638 (Lib.
1346 4567 1409 4621 de
1438 4565 1641 4630 Instit.,
1673 4582 1719 4619 c.
1751 4565 1865 4636 25),
1899 4564 2135 4637 Dionysii

544 4655 736 4727 Exigui
766 4672 978 4712 comvus
1003 4672 1017 4711 :
1045 4654 1169 4710 Fuit
1212 4658 1402 4711 nostris
1431 4653 1742 4726 temporibus
1780 4654 1971 4723 inquit,
2001 4654 2134 4710 Dio-

548 4750 727 4818 nysius
756 4747 1058 4812 monachus,
1091 4744 1287 4818 Scytha
1311 4744 1542 4809 natione,
1565 4744 1655 4798 sed
1679 4743 1907 4798 moribus
1923 4744 2134 4799 omnino

553 4841 835 4903 Romanus,
868 4840 924 4893 in
949 4848 1165 4908 utraque
1186 4838 1365 4908 lingua
1390 4835 1737 4899 doctissimus,
1768 4835 1855 4905 qui
1882 4835 2070 4905 petitus
2101 4849 2135 4887 a

551 4932 815 5003 Stephano
845 4930 1082 5000 episcopo
1114 4928 1458 4993 Salonitano,
1508 4943 1574 4982 ea:
1602 4924 1798 4981 Crazcis
1826 4925 2139 4996 exemplari-

550 5021 641 5077 bus
662 5038 886 5077 canones
907 5019 1301 5081 ecclesiasticos,
1318 5034 1525 5088 magna:
1544 5015 1845 5089 eloquentiae
1866 5016 1977 5070 luce
1996 5031 2140 5071 com-

552 5119 741 5187 posuit.
785 5132 910 5187 quos
940 5114 1091 5170 hodie
1113 5128 1208 5167 usu
1248 5110 1575 5165 celeberrimo
1610 5108 1849 5164 Ecclesia
1895 5107 2138 5163 Romana

553 5206 925 5275 complectitur.
959 5205 1026 5260 Et
1050 5216 1286 5261 canones
1312 5198 1565 5256 aJoanne
1588 5197 1631 5253 ll
1661 5214 1797 5269 papa
1829 5198 1975 5255 missi
1995 5213 2141 5256 anno

557 5295 663 5349 555
690 5311 788 5365 pro
816 5310 977 5349 causa
1006 5289 1392 5351 Coutumeliosi
1423 5290 1683 5362 episcopi,
1731 5291 1823 5360 qui
1871 5304 1937 5345 ex
1969 5298 2143 5345 trans-

557 5386 760 5441 latione
784 5383 1023 5455 Dionysii
1048 5383 1239 5454 Exigui
1272 5379 1514 5454 expressi
1545 5379 1884 5451 reperiuntur
1916 5376 2143 5449 (TomJ

559 5479 757 5534 Concil.
792 5476 1024 5547 Gallice).

632 5570 704 5627 Ut
726 5580 907 5627 autem
935 5567 1119 5626 Codici
1160 5566 1442 5625 Canonum
1471 5565 1723 5625 Ecclesire
1746 5564 2035 5623 Orientalis
2054 5565 2150 5623 de-

557 5671 711 5721 creta
731 5678 827 5717 seu
856 5660 1098 5731 epistola:
1126 5658 1400 5715 canonica:
1429 5654 1974 5712 PatruuiGrteeorum
2000 5672 2032 5710 a
2059 5671 2149 5729 sy-

564 5753 707 5811 nodo
736 5750 989 5807 Trullana
1016 5764 1226 5806 annexa
1254 5756 1400 5813 sunt,
1449 5746 1737 5816 Dionysius
1781 5760 1998 5816 quoque
2024 5744 2149 5802 Exi-

561 5865 699 5927 guus
724 5846 888 5925 paulo
913 5854 1037 5921 post
1063 5844 1355 5904 editionem
1380 5853 1645 5899 canonum
1671 5879 1687 5912 ,
1720 5837 1937 5898 decreta
1963 5840 2143 5913 ponti-

2163 4612 2212 4674 D

2220 1913 2279 1994 et
2320 1929 2692 2001 antiquissima
2746 1922 3097 1982 decretaliutn
3143 1917 3462 1991 pontiﬁcum
3506 1913 3763 1971 collectio
3786 1955 3807 1982 ,

2219 2040 2340 2096 qua:
2366 2022 2503 2077 liber
2551 2018 2903 2075 Deeretorum
2944 2013 3087 2068 dicta
3135 2017 3221 2067 est
3262 2024 3294 2065 a
3337 2006 3594 2063 Zacharia
3645 2018 3811 2075 papa,

2220 2118 2450 2190 epistola
2493 2114 2563 2170 ad
2605 2113 2852 2184 Pipinum
2888 2118 2945 2166 et
2971 2109 3256 2181 episcopos
3281 2104 3520 2161 Francia:
3541 2145 3558 2170 ,
3602 2118 3675 2158 ex
3700 2116 3813 2172 quo

2221 2211 2356 2266 citat
2380 2208 2625 2278 qundam
2655 2204 2890 2276 capitula
2913 2201 3209 2258 Innocentii
3232 2238 3248 2265 ,
3281 2197 3479 2257 Leonis
3505 2206 3563 2252 et
3587 2193 3812 2252 Gelasii.

2221 2298 2319 2357 Cui
2341 2306 2528 2371 postea
2557 2298 2626 2353 ah
2654 2295 2762 2351 alio
2802 2293 3096 2350 collectore
3122 2290 3303 2346 addita
3325 2295 3453 2345 sunt
3478 2286 3699 2343 decreta
3726 2298 3815 2340 se.

2205 2391 2499 2464 quentium
2529 2385 2866 2459 pontiﬁcum,
2896 2382 3093 2448 Hilari,
3116 2381 3332 2448 Felicis,
3360 2378 3642 2449 Simplicii,
3669 2376 3816 2432 Hor-

2172 2474 2444 2553 ἒ,ᾢὶεᾱω,
2476 2477 2783 2551 Symmachi
2809 2516 2825 2542 ,
2855 2483 2913 2531 et
2957 2472 3202 2542 Gregorii
3222 2470 3474 2542 iunioris.
3506 2467 3588 2525 Ex
3615 2468 3816 2537 quibus

2224 2579 2334 2626 tam
2357 2569 2711 2626 conciliorum
2734 2564 3060 2631 canonibus,
3089 2576 3248 2633 quam
3272 2558 3588 2631 pontiﬁcum
3617 2559 3813 2614 decre-

2223 2661 2313 2726 tis,
2343 2659 2559 2717 tandem
2588 2655 2920 2726 compositus
2967 2662 3053 2709 est
3077 2652 3265 2707 Codex
3299 2648 3581 2705 Canonum
3624 2647 3814 2704 Eccle-

2224 2753 2319 2809 sia:
2366 2750 2623 2807 Romana:
2648 2788 2664 2814 ,
2694 2747 2787 2817 qui
2833 2760 2865 2800 a
2912 2743 3072 2799 Joan.
3104 2740 3479 2798 Wendelstino
3502 2780 3520 2806 ,
3548 2753 3616 2795 ex
3642 2739 3817 2794 tribus

2225 2841 2383 2899 codd.
2417 2855 2546 2896 mss.
2576 2835 2865 2907 Moguntina
2887 2835 3119 2905 primum
3147 2832 3323 2889 editus
3350 2837 3455 2897 est,
3482 2844 3626 2885 anno
3652 2826 3814 2894 1525,

2224 2940 2284 2991 et
2305 2931 2561 2989 Matthazo
2590 2930 2730 2986 tituli
2758 2927 2819 2984 S.
2869 2926 3059 2996 Angeli
3097 2924 3417 2996 presbytero
3443 2920 3704 2978 cardinali
3728 2920 3816 2977 di-

2228 3031 2414 3089 catus,
2441 3023 2541 3078 sub
2580 3021 2686 3078 hoc
2712 3018 2871 3075 titulo
2902 3034 2918 3071 :
2948 3017 3186 3071 Canones
3223 3012 3625 3085 Apostolorum,
3661 3008 3817 3065 Vete-

2228 3131 2346 3170 rum
2382 3112 2730 3168 Conciliorum
2777 3107 3200 3169 Constitutiones,
3248 3111 3299 3159 et
3345 3102 3568 3157 Decreta
3603 3100 3817 3172 pontifi-

2229 3220 2345 3258 cum
2390 3201 2706 3273 antiquiora.
2765 3195 2960 3254 Postea
3009 3194 3237 3250 Lutetiae
3293 3191 3623 3248 Parisiorum
3673 3203 3817 3245 anno

2233 3296 2385 3362 1609,
2409 3296 2509 3352 sub
2539 3293 2694 3349 titulo
2715 3290 2928 3347 Codicis
2950 3286 3231 3343 Canonum
3249 3282 3501 3340 Ecclesia:
3529 3282 3811 3337 Romanae.

2228 3390 2403 3460 Atque
2453 3389 2570 3459 ipse
2617 3393 2701 3442 est
2726 3383 2913 3440 Codex
2950 3380 3232 3436 Canonum
3276 3377 3371 3447 qui
3400 3376 3469 3432 ab
3496 3370 3818 3431 Hadriano!

2227 3496 2367 3553 papa
2411 3478 2608 3536 Carolo
2644 3475 2838 3546 Magno
2883 3472 3000 3543 regi
3049 3470 3235 3525 Romae
3272 3468 3488 3524 oblatus
3537 3473 3623 3522 est
3670 3478 3814 3520 anno

2229 3569 2368 3636 805,
2418 3568 2487 3624 ad
2525 3580 2682 3623 usum
2709 3563 3073 3637 Eeelesiarum
3100 3557 3524 3615 Occidentalium
3544 3595 3562 3623 ,
3590 3556 3678 3611 cui
3706 3554 3821 3624 epi-

2230 3661 2374 3718 stola
2416 3675 2514 3716 seu
2545 3640 2799 3715 versuum
2849 3653 3193 3725 politicorum
3219 3647 3573 3705 achrostiehis
3599 3644 3820 3715 praeﬁxa

2230 3760 2315 3809 est
2336 3766 2459 3808 cum
2485 3749 2588 3804 hac
2622 3744 3005 3815 inscriptione,
3038 3740 3247 3796 Damno
3272 3737 3543 3794 excellenti
3562 3737 3675 3806 ﬁlio
3704 3734 3821 3789 Ka-

2230 3841 2347 3896 rulo
2380 3838 2504 3910 Regi
2549 3835 2855 3891 Hadrianus
2893 3846 3060 3902 papa,
3087 3842 3251 3898 quata
3274 3824 3591 3880 doctissime
3612 3821 3818 3879 Iacobo

2231 3927 2521 3987 Sirmondo
2566 3924 2711 3981 edita
2737 3930 2821 3978 est
2848 3938 2862 3974 :
2895 3920 3143 3989 illiusque
3177 3914 3394 3972 Codicis
3420 3911 3575 3983 plura
3605 3918 3822 3967 exstant

2233 4017 2451 4090 antiqua
2472 4012 2805 4086 exemplaria
2832 4025 2963 4067 mss.
3011 4010 3067 4064 in
3113 4004 3457 4063 bibliothecis
3480 4044 3497 4070 ,
3527 4011 3585 4057 et
3610 4002 3824 4058 brevia-

2234 4112 2372 4167 rium
2419 4107 2660 4179 ejusdem
2690 4120 2723 4160 a
2773 4100 3068 4159 Cresconio
3104 4097 3362 4169 episcopo
3410 4092 3699 4157 Africano,
3726 4091 3823 4167 qui

2235 4203 2381 4257 circa
2422 4190 2629 4255 annum
2656 4195 2762 4251 690
2790 4195 2954 4260 vixit,
3009 4190 3224 4247 omissis
3273 4186 3496 4257 integris
3530 4184 3823 4240 eanonibus

2237 4293 2591 4351 conciliorum
2618 4298 2677 4345 et
2701 4287 2935 4344 decretis
2961 4282 3297 4355 pontiﬁcum,
3328 4294 3449 4349 qua:
3473 4277 3629 4334 facile
3656 4284 3735 4331 est
3756 4290 3823 4331 ex

2238 4387 2354 4456 ipsa
2384 4380 2708 4440 collectione
2747 4384 3022 4448 repetere.
3070 4374 3248 4443 Atque
3288 4371 3342 4426 hi
3368 4376 3494 4425 sunt
3518 4372 3823 4422 canoneset

2237 4477 2455 4534 decreta
2483 4473 2678 4546 quibus
2719 4470 2773 4526 in
2799 4467 3016 4540 judiciis
3043 4462 3428 4521 ecclesiasticis
3460 4459 3698 4514 Romana
3728 4472 3822 4512 usa

2238 4576 2323 4623 est
2347 4565 2588 4622 Ecclesia
2614 4601 2630 4626 ,
2659 4570 2720 4618 ut
2764 4567 2995 4616 testatur
3034 4555 3145 4611 Leo
3174 4553 3240 4609 IV
3271 4567 3407 4623 papa
3432 4589 3449 4617 ,
3478 4550 3570 4619 qui
3600 4546 3821 4603 concilia

2238 4658 2354 4728 ipsa
2382 4664 2439 4712 et
2478 4651 2795 4726 pontiﬁcum
2837 4649 3054 4704 decreta
3099 4659 3220 4715 quae
3246 4644 3353 4699 hoc
3372 4640 3557 4697 codice
3584 4639 3824 4694 Romano

2238 4747 2658 4804 continebantur
2681 4783 2696 4810 ,
2727 4747 2976 4797 recenset
3002 4738 3085 4792 his
3104 4734 3285 4790 verbis
3314 4751 3327 4786 :
3360 4729 3555 4796 Quibus
3576 4737 3743 4782 autem
3770 4729 3823 4781 in

2238 4836 2473 4894 omnibus
2516 4832 2879 4890 ecclesiasticis
2920 4828 3114 4883 utimur
3153 4823 3408 4897 judiciis,
3443 4830 3563 4876 sunt
3607 4834 3822 4873 canones

2238 4929 2326 4999 qui
2347 4928 2592 4981 dicuntur
2611 4921 2997 4993 Apostolorum,
3022 4914 3382 4978 Nictettorum,
3412 4911 3819 4982 Ancyranorum,

2242 5015 2744 5074 Neocwsariensinm
2766 5051 2782 5076 ,
2802 5008 3182 5080 Gangrensium
3203 5045 3218 5071 ,
3244 5002 3642 5071 Laodicensium
3656 5040 3669 5063 ,
3692 4999 3823 5055 Con-

2239 5106 2845 5179 stantiuopolitanorum,
2875 5098 3278 5169 Epltesinorum,
3309 5091 3817 5157 Chalcedonensinm,

2244 5198 2671 5269 Sardicensium,
2709 5191 3170 5266 Africanensium,
3215 5183 3732 5257 Carthaginensium,
3775 5192 3821 5235 et

2244 5310 2360 5348 cum
2388 5291 2494 5346 illis
2521 5288 2713 5361 regula:
2738 5282 3019 5357 praesulatus
3049 5278 3407 5337 Romanorum
3433 5273 3632 5335 Siricii,
3667 5272 3821 5327 Inno-

2247 5384 2425 5450 centii,
2467 5380 2686 5441 Zosimi,
2727 5374 3025 5441 Calestini,
3077 5370 3291 5436 Leonis,
3334 5365 3566 5430 Gelasii,
3612 5362 3777 5419 Hilari
3800 5406 3818 5434 ,

2252 5471 2585 5546 Symmachi,
2614 5466 2939 5531 llormisdaz,
2966 5462 3223 5531 Simplicii
3250 5468 3299 5514 et
3326 5455 3563 5528 Gregorii
3576 5454 3813 5526 junioris.

2255 5566 2354 5622 Isti
2383 5563 2594 5619 omnino
2618 5570 2768 5625 sunt,
2790 5567 2839 5613 et
2865 5572 2956 5629 per
2978 5570 3104 5626 quos
3126 5551 3368 5625 judicent
3395 5546 3641 5617 episcopi,
3662 5555 3708 5600 et
3733 5559 3817 5616 per

2252 5672 2378 5729 quos
2402 5651 2556 5708 simul
2568 5650 2877 5721 jndicantur
2906 5654 2955 5700 et
2982 5644 3177 5699 clerici.

2322 5746 2611 5804 Videamus
2638 5757 2783 5798 nunc
2820 5754 2929 5811 quo
2950 5737 3073 5808 jure
3100 5730 3469 5793 ecclesiastico
3494 5746 3588 5786 usa
3619 5738 3691 5785 est
3722 5728 3818 5784 Ee-

2252 5836 2419 5900 clesia
2474 5833 2722 5894 Africana
2778 5840 3090 5897 caulemque
3133 5824 3387 5882 Ecclesiae
3438 5820 3812 5880 Occidentales.
