2017 3103
193 176 238 205 53

503 173 543 203 ΙΝ.
555 172 704 204 CODICE!
723 171 888 204 CANONUM
911 172 1000 204 UNIV.
1019 172 1160 208 ηοω.
1178 173 1340 205 JUSTELLI
1359 172 1555 206 PREFATIO.
1810 178 1847 207 35

200 233 245 260 Ac
257 239 376 267 putarim
388 230 498 267 quidem
509 250 518 264 ,
534 235 638 260 certum
660 234 703 260 est
720 230 877 264 Africanos,
898 230 1001 259 Nicmni
1014 232 1040 263 Α
1051 235 1151 260 cuntur
1168 232 1374 268 Apostolorum,
1390 234 1505 261 antehac
1515 242 1531 261 ιι
1542 233 1628 263 Gallis
1642 241 1696 262 non
1706 238 1848 272 receptos,

201 278 312 307 concilii
326 277 407 313 primi
426 277 589 306 (ecumenici
612 283 733 305 canones
755 276 897 310 habuisse,
915 283 931 303 a
945 274 1004 304 Cac-

200 324 303 353 ciliaso
322 323 531 358 Carthaginensi
556 323 703 359 episcopo,
728 323 775 358 qui
794 323 819 352 ei
835 322 955 351 interluit
975 326 1005 351 et

201 370 382 405 suiseripsit,
415 370 533 402 allatus,
567 373 598 397 ut
635 369 688 404 ipsi
721 372 854 397 testantur
884 368 1004 398 Africani

202 414 299 443 Patres
321 415 349 443 in
372 415 491 443 concilio
512 413 721 449 Cartliaginensi
747 422 819 442 anno
845 414 917 448 H9,
942 418 1004 450 post

200 461 373 490 cotisulatum
398 460 511 489 Honorii
543 467 581 487 xu
610 463 641 487 et
674 459 821 488 Theodosii
851 467 899 489 VIII
930 461 1003 489 cele-

202 507 292 540 brato,
304 507 402 542 quibus
415 507 498 534 etiam
511 514 527 533 a
541 505 643 542 Cyrillo
667 506 850 534 Alexandrino
862 507 1002 543 episcopo,

202 555 231 580 et
243 552 280 580 ab
300 551 390 579 Attico
404 551 706 586 Constantinopolitano
718 571 725 583 ,
742 551 801 586 ipsa
821 550 928 578 Nicena
947 555 1004 578 sta-

202 602 261 625 tuta
275 598 432 626 transmissa
444 602 508 625 sunt
521 605 557 625 ex
579 597 804 632 interpretatione
828 596 949 625 Teilonis
973 599 1002 624 et

202 642 300 671 Taristi
313 664 322 677 ,
333 650 394 678 qua:
407 643 435 670 in
455 643 575 671 editione
589 641 774 671 Conciliorum
785 640 940 670 Coloniensi
954 649 1003 670 ex-

201 692 266 717 stat.
279 688 333 717 Sed
347 693 378 717 et
391 688 453 717 aliis
465 688 568 717 Crteu's
577 688 731 717 cauonibus
746 688 831 716 veteri
841 687 940 716 Codice
950 687 1004 716 Ca-

202 742 303 762 nonum
313 733 440 763 Ecclesia:
452 734 586 762 universae
596 734 812 768 comprehensis,
825 734 877 760 hoc
891 736 932 761 est
947 733 1003 761 Ao-

201 783 321 817 cyranis,
333 782 606 815 Neoczcsariensibus,
624 782 838 816 Gangrensibus.
854 781 1003 810 Antioche-

203 828 264 860 uis,
293 827 515 859 Laodicensibus,
543 832 573 855 et
599 827 910 862 Conslanlinopolitanis
938 835 1002 856 usos

203 871 302 906 fuisse;
318 881 352 901 ex
365 873 464 908 quibus
476 894 483 907 ,
500 881 569 908 pace
587 874 685 902 Africa:
697 874 831 906 restituta,
845 873 1001 908 Fulgentius

1053 277 1104 306 sed
1118 278 1225 312 ignotos
1238 279 1328 307 fuisse.
1336 279 1492 313 Sigcbertus
1503 288 1549 307 rex
1562 280 1725 309 Francorum
1739 282 1766 308 in
1788 283 1848 317 epi-

1054 322 1124 350 stola
1133 323 1167 350 ad
1180 323 1346 352 Desidet-ium
1358 324 1551 353 Caturcensem
1561 326 1717 360 episcopum
1733 326 1818 361 (Tom.
1835 325 1846 353 I

1054 367 1152 404 Script.
1176 368 1247 395 Hist.
1269 368 1398 405 lii-ana),
1421 369 1562 405 prolitetur
1575 375 1671 406 optare
1685 379 1847 400 conservare

1055 411 1162 440 Statuta
1176 421 1320 447 canonum,
1331 418 1360 441 et
1376 415 1564 442 ecclesiasticas
1575 416 1678 451 regulas
1687 435 1694 447 ,
1717 417 1787 444 sicut
1799 424 1847 452 pa-

1054 462 1146 486 rentes
1159 458 1219 493 ejus
1242 459 1462 487 observaverant.
1488 459 1522 488 Et
1543 461 1664 497 episcopi
1681 461 1774 490 Callia:
1796 462 1847 490 sub

1054 502 1226 531 Childeberto
1241 503 1441 533 Austrasiorum
1465 512 1530 539 rege
1554 507 1581 534 in
1602 507 1707 542 synodo
1722 507 1845 540 lle-tonsi,

1053 547 1174 583 Εἰώθει)
1191 549 1369 578 Rhemensem
1385 551 1540 586 episcopum
1563 551 1651 587 (Greg.
1669 552 1732 579 Tur.
1752 552 1797 579 lib.
1813 561 1847 585 x,

1053 603 1078 621 c.
1094 594 1137 630 19)
1147 615 1154 628 ,
1171 596 1243 623 lectis
1256 604 1385 623 canonum
1400 597 1587 631 sanctionibus,
1602 598 1636 625 ab
1649 598 1743 626 ordine
1756 606 1848 627 sacer-

1053 639 1137 668 dotali
1162 644 1345 668 removeruut.
1368 640 1402 668 Et
1424 642 1475 669 sub
1495 642 1592 670 eodem
1615 642 1805 676 Childcberto,
1819 643 1847 672 in

1054 695 1134 716 causa
1150 687 1311 723 lngeltrudis
1325 710 1333 722 ,
1349 689 1407 724 ipse
1421 690 1568 724 Gregorius
1592 690 1662 726 (Lib.
1683 700 1710 719 ix
1721 710 1730 724 ,
1754 700 1778 719 ε.
1801 692 1846 728 55)

1053 740 1186 761 canonum
1203 733 1372 763 Nic-amorum
1395 735 1506 764 nomine
1531 736 1587 772 (qui
1601 736 1847 766 CodiciCauonum

1053 776 1180 807 Ecclesiae
1193 779 1336 815 univers’c,
1351 788 1406 816 quo
1419 782 1546 810 utebatur
1559 782 1696 811 Gallicana
1712 782 1847 817 Ecclesia,

1052 825 1208 858 pmtitulati
1233 826 1321 862 erant)
1341 827 1407 854 eitat
1428 835 1560 856 canonem
1590 828 1625 855 Η
1647 830 1752 857 concilii
1774 830 1848 858 Cati-

1054 870 1158 904 grensis
1172 880 1179 897 :
1196 870 1331 899 Canonum
1347 871 1374 898 Ν
1377 872 1516 900 iacuerunt
1531 873 1635 901 decreta
1647 873 1740 910 relegi,
1754 875 1781 901 in
1792 876 1849 911 qui-

203 918 366 952 Fermtldus,
376 918 503 946 Ecclesia:
515 918 735 954 Carthaginensis
742 919 884 953 diaconus,
895 919 1001 948 Collet'r
1017 924 1040 953 Β
1053 916 1099 943 θαι
1116 916 1273 951 Mummi".
1285 917 1353 949 Quid
1369 919 1392 946 εἰ
1407 927 1457 954 qua
1470 919 1604 955 reliquerit
1616 920 1708 953 uirum,
1723 924 1749 947 et
1765 925 1848 947 lorum

203 965 303 992 tionem
318 972 366 992 seu
388 965 554 993 Breviarium
574 973 710 993 canonum
723 969 788 994 ante
806 974 854 994 sua
875 969 999 1000 tempora

203 1010 230 1037 in
246 1010 332 1037 Africa
348 1015 530 1045 recepturum.
546 1010 580 1037 ad
596 1011 790 1038 restituendam
803 1010 935 1038 Africana!
949 1009 999 1039 Ec-

203 1056 291 1084 clesia:
313 1056 481 1091 disciplinam
505 1057 658 1091 composuit
681 1056 789 1092 (eodem
805 1055 862 1084 fere
877 1059 1000 1091 tempore

203 1110 260 1137 quo
272 1102 417 1138 Dionysius
431 1102 550 1137 Exiguus
561 1111 638 1131 suam
660 1102 855 1132 Collectlonem
870 1103 953 1132 edidit
966 1104 1000 1132 ad

204 1156 280 1176 uswn
295 1148 424 1177 Ecclesia:
447 1148 597 1183 Romanae),
613 1150 720 1177 omissis
733 1150 880 1177 canonibus
892 1153 1001 1184 aposto-

205 1193 273 1227 licis,
287 1193 437 1229 Ephesinis,
453 1198 481 1223 et
494 1194 769 1226 Chalcedonensibus,
784 1199 813 1222 et
828 1194 926 1222 additis
935 1194 1000 1222 Sar-

204 1239 365 1272 dieensibus,
383 1244 413 1267 et
429 1239 589 1275 quibusdam
612 1240 728 1267 decretis
754 1239 844 1267 Siricii
871 1246 948 1274 papa:
966 1246 1000 1266 cx

204 1285 275 1312 illius
287 1285 405 1320 cpistola
420 1285 454 1313 ad
468 1285 611 1320 episcopos
625 1284 767 1313 Africanos
780 1285 879 1320 scripta
890 1305 899 1318 ,
914 1284 962 1313 sed
974 1289 1002 1312 et

205 1329 360 1363 Africanis,
388 1330 699 1365 Carthagineusibusque
733 1330 865 1358 conciliis.
903 1330 1002 1358 Habuit

205 1375 275 1401 enim
291 1374 410 1403 Ecclesia
431 1375 556 1403 Africana
570 1380 672 1403 certam
693 1379 720 1403 et
734 1379 871 1410 receptam
892 1383 1001 1402 suarum

204 1421 369 1455 synodorum
384 1422 582 1453 collectionem,
599 1422 787 1449 Africanorum
802 1429 936 1448 canonum
952 1430 1002 1449 uo-

204 1466 278 1493 mine
290 1474 306 1493 a
325 1467 442 1495 concilio
456 1467 662 1501 Cartliagiuensi
679 1467 826 1495 universali
840 1467 924 1494 totius
934 1466 1003 1494 ditc-

203 1519 303 1540 cesems
315 1512 413 1540 Africae
427 1513 566 1548 probatam
576 1534 585 1546 ,
601 1513 729 1548 illiusque
743 1513 813 1541 actis
834 1513 963 1541 insertam
974 1512 1001 1546 (a

203 1559 284 1586 nobis
305 1558 402 1586 Latine
424 1564 452 1586 et
465 1559 575 1592 Craice,
589 1559 640 1587 sub
654 1558 733 1586 titulo
743 1557 851 1586 Codicis
860 1558 1002 1586 Canonum

204 1602 333 1631 Ecclesia:
347 1603 479 1632 Africana:
501 1611 573 1632 anno
588 1603 658 1631 l6l5
677 1603 777 1632 editam
788 1623 798 1636 ,
813 1603 892 1637 cujus
905 1610 1002 1631 novam
1018 1612 1040 1643 ο

204 1657 278 1677 nunc
291 1649 440 1678 editionem
451 1649 559 1685 damus)
573 1657 655 1685 quam
674 1649 820 1685 Dionysius
833 1648 953 1684 Exiguus
975 1649 1003 1676 in

204 1703 255 1724 sua
267 1695 436 1724 Collectioue
449 1696 540 1731 posuit
550 1715 558 1729 ,
581 1700 609 1723 et
623 1695 742 1731 synodus
761 1694 889 1723 Trnllana
902 1694 1004 1723 contir-

208 1742 303 1769 mavit.
319 1742 417 1770 Postea
437 1749 505 1770 vero
516 1762 524 1774 ,
539 1740 735 1769 Collectionem
756 1747 890 1768 canonum
914 1744 943 1768 et
955 1740 1005 1768 de-

207 1791 344 1815 cretorum
354 1787 510 1822 pontiﬁcum
520 1794 534 1814 a
548 1786 676 1822 Dionysio
688 1785 792 1821 Exiguo
805 1785 1003 1817 concinnatam,

207 1832 314 1868 abipsa
340 1832 466 1860 Africana
487 1831 606 1860 Ecclesia
633 1834 771 1866 receptam
796 1829 879 1858 fuisse
903 1829 1006 1858 indicat

207 1876 375 1905 Breviarium
387 1897 397 1911 ,
411 1884 459 1905 seu
469 1875 621 1905 Concordia
636 1883 769 1904 canonum
783 1874 921 1903 Creswnii
935 1874 1007 1903 Alri-

207 1922 270 1950 eani
296 1922 428 1958 episcopi,
454 1929 515 1957 quin
540 1922 649 1950 circiter
668 1928 769 1949 annum
784 1919 837 1947 698
850 1920 961 1955 scripta,
978 1925 1006 1947 et

209 1972 266 1995 tota
280 1975 314 1995 ex
326 1968 488 2004 Dionysium
501 1967 670 1995 Collectione
684 1973 813 2001 expressa
827 1970 879 1993 est.
895 1965 950 1993 Sed
971 1965 1005 1993 de

209 2014 252 2041 bis
267 2015 389 2050 pluribus
399 2015 426 2042 in
442 2014 599 2050 praefatione
613 2014 648 2041 ad
656 2013 784 2042 Codicem
799 2012 940 2041 Cannnum
953 2011 1007 2040 Ec-

210 2059 301 2086 clesiae
312 2058 456 2086 Alricautc.

251 2102 384 2131 Gallicana
398 2104 481 2131 etiam
501 2102 622 2131 Ecclesia
637 2102 722 2130 veteri
732 2101 793 2137 jure
810 2100 943 2129 canonico
958 2107 1006 2129 usa

212 2152 269 2180 ut,
282 2154 395 2184 quatuor
409 2149 537 2177 videlicet
551 2149 671 2184 priorum
685 2148 862 2176 conciliorum
888 2153 1008 2175 cucume-

212 2195 345 2229 nioorum,
359 2195 503 2223 etczcteris
513 2195 547 2222 ab
562 2195 594 2223 iis
606 2193 788 2227 conﬁrmatis,
802 2197 831 2221 et
840 2193 874 2221 ab
885 2192 1006 2221 Ecclesia

212 2240 337 2268 universa
358 2240 494 2275 receptis;
510 2248 564 2267 non
576 2244 666 2268 tamen
686 2247 721 2267 ex
743 2239 907 2275 Dionysiana
922 2239 1007 2266 inter-

1051 961 1080 987 in
1100 969 1150 996 quo
1170 961 1233 989 bene
1255 963 1335 996 vixit,
1361 964 1484 999 spreuerit
1503 984 1512 998 ,
1531 964 1620 992 dicens
1632 985 1641 999 ,
1662 965 1724 1001 quia
1742 974 1795 993 non
1811 966 1849 993 ait

1050 1005 1136 1038 portio
1154 1005 1182 1033 in
1196 1005 1243 1033 illa
1258 1007 1369 1034 cretati;
1384 1009 1457 1044 regni
1469 1009 1569 1044 gloria,
1580 1010 1625 1046 qui
1640 1010 1718 1045 fuerit
1728 1011 1848 1046 confugio

1052 1050 1201 1083 copulatus,
1216 1051 1358 1079 anathema
1371 1053 1415 1081 sit.
1436 1053 1490 1081 Sed
1501 1059 1528 1081 et
1542 1055 1638 1090 synodi
1649 1055 1771 1089 qumdam
1784 1054 1849 1083 Cal-

1052 1094 1169 1129 licautc,
1196 1100 1226 1123 ut
1254 1096 1407 1131 Valcntiua,
1432 1097 1592 1133 Rbegeusis,
1626 1099 1791 1129 Arelatensis
1815 1108 1845 1133 ll,

1052 1139 1224 1175 Agatltensis,
1240 1145 1268 1169 et
1282 1141 1447 1176 Epaoneusis
1459 1164 1467 1177 ,
1481 1144 1567 1171 citant
1580 1151 1699 1172 canones
1711 1144 1846 1176 Niczcnos,

1054 1184 1214 1221 Ancyranos
1226 1207 1233 1219 ,
1251 1190 1279 1214 ct
1301 1186 1501 1220 Laodicenses,
1521 1195 1554 1216 ex
1570 1188 1657 1216 veteri
1671 1188 1849 1217 translatione

1053 1228 1126 1265 apud
1140 1229 1232 1258 Gallos
1247 1234 1312 1259 tunc
1321 1236 1431 1266 recepta
1444 1252 1453 1265 ,
1475 1240 1535 1268 qua:
1548 1233 1619 1268 apud
1633 1233 1764 1262 Isidorum
1778 1233 1850 1262 Mer-

1052 1278 1174 1303 catorem
1200 1276 1353 1310 reperitur,
1373 1283 1427 1311 qua
1452 1285 1561 1312 semper
1585 1278 1697 1307 liberius
1720 1279 1762 1307 usi
1787 1286 1850 1307 sunt

1052 1327 1134 1355 quam
1155 1320 1335 1356 Dlonysiana,
1349 1328 1434 1357 usque
1449 1322 1485 1350 ad
1498 1322 1588 1351 Caroli
1602 1323 1691 1358 Magni
1708 1327 1847 1359 tempora,

1053 1366 1096 1395 cui
1110 1365 1169 1401 ejus
1192 1367 1330 1402 exemplar
1342 1367 1462 1396 oblatum
1476 1372 1519 1396 est
1531 1369 1566 1397 ab
1580 1368 1717 1398 Hadriano
1732 1378 1802 1406 papa
1815 1370 1826 1401 I
1838 1390 1847 1404 ,

1053 1415 1081 1439 ct
1095 1411 1220 1446 deinceps
1233 1411 1394 1447 Dionysiana
1409 1413 1454 1442 illa
1464 1413 1492 1442 in
1505 1421 1606 1450 corpus
1617 1422 1753 1444 canonum
1766 1416 1850 1444 intor-

1053 1457 1216 1492 pretatione,
1234 1457 1419 1493 Africanisque
1433 1460 1591 1493 canonibus,
1607 1464 1635 1488 et
1645 1461 1762 1491 decretis
1775 1462 1849 1497 prio-

1053 1509 1113 1529 rum
1126 1502 1283 1537 pontilicum
1298 1502 1479 1532 Romanorum
1491 1512 1516 1532 'a
1530 1505 1658 1541 Dionysio
1669 1505 1774 1541 Exiguo
1787 1507 1848 1535 col-

1054 1546 1130 1576 lectis
1141 1552 1274 1584 pcrpetuo
1290 1549 1331 1577 usi
1342 1554 1405 1577 sunt
1419 1558 1426 1577 :
1442 1550 1514 1585 quod
1529 1550 1556 1578 in
1571 1551 1694 1580 conciliis
1706 1551 1851 1581 Gallicanis

1054 1594 1105 1622 sub
1115 1593 1253 1623 Ludovico
1264 1595 1311 1623 l’io
1325 1596 1499 1631 imperatore,
1512 1597 1672 1633 ceterisque
1684 1598 1851 1634 subsequen-

1056 1639 1126 1667 tibus
1136 1643 1282 1669 otiservare
1296 1641 1368 1669 licet.

1090 1685 1175 1721 quue
1200 1691 1295 1722 aperte
1319 1686 1420 1716 iudicat
1444 1687 1606 1717 Hincmarus
1626 1688 1786 1718 libemensis
1806 1698 1851 1718 ar-

1054 1731 1242 1767 chiepiscopus
1254 1753 1262 1766 ,
1287 1733 1333 1767 qui
1348 1734 1399 1761 sub
1412 1733 1512 1762 Carolo
1524 1735 1609 1763 Calvo
1634 1736 1701 1771 imp.
1716 1736 1804 1769 vixit,
1821 1737 1850 1765 in

1055 1779 1187 1814 opusculo
1202 1779 1331 1808 adversus
1352 1780 1526 1809 llincmarum
1547 1781 1752 1811 Laudunensem
1773 1783 1850 1819 (Cap.

1055 1825 1114 1860 ιδ),
1129 1825 1170 1853 liis
1184 1826 1275 1854 verbis
1289 1835 1296 1853 :
1313 1826 1364 1859 Qui
1377 1832 1437 1854 sunt
1452 1828 1492 1855 illi
1505 1836 1568 1864 quos
1578 1833 1604 1855 et
1617 1830 1760 1863 apostolica
1767 1830 1850 1863 teda,

1055 1875 1081 1897 et
1102 1878 1190 1897 omnes
1213 1871 1327 1907 episcopi
1351 1880 1397 1907 per
1423 1873 1570 1900 universum
1592 1873 1697 1908 orbem,
1718 1878 1743 1901 et
1765 1875 1851 1902 omnis

1055 1914 1175 1943 Ecclesia
1189 1916 1317 1944 catholica
1330 1925 1444 1945 canones
1450 1918 1701 1954 appellant?quique
1713 1929 1730 1947 ιι
1740 1919 1767 1947 Ν
1769 1921 1850 1948 italu

1056 1961 1180 1992 comitio,
1196 1961 1264 1996 quod
1282 1961 1394 1997 primum
1410 1963 1437 1989 in
1463 1964 1559 1990 nostris
1579 1964 1711 1991 codicibus
1730 1972 1794 1998 quos
1818 1964 1851 1991 ab

1057 2006 1201 2041 apostolica
1218 2007 1279 2034 sede
1298 2008 1409 2042 majores
1424 2008 1507 2034 nostri
1523 2013 1678 2042 acceperunt
1688 2009 1831 2046 sequendos
1841 2028 1851 2043 ,

1056 2059 1104 2087 per
1127 2051 1245 2079 ordinent
1265 2060 1345 2088 usque
1360 2052 1395 2079 ad
1409 2053 1561 2089 Africanum
1579 2054 1728 2088 concilium,
1746 2063 1793 2091 pro
1807 2063 1851 2082 ca-

1057 2098 1168 2126 nonibus
1193 2099 1365 2135 recipiendis,
1383 2101 1536 2128 reiterandis
1562 2105 1587 2128 et
1605 2101 1772 2129 observandis
1790 2103 1849 2130 reti-

1057 2148 1130 2172 nent.
1145 2142 1179 2171 Et
1192 2145 1273 2179 paulo
1284 2149 1346 2179 post
1359 2144 1394 2173 de
1407 2144 1524 2174 decretis
1542 2145 1701 2181 pontiﬁcum
1713 2146 1827 2181 loquens
1842 2154 1851 2174 :

1060 2188 1153 2216 Pande
1167 2190 1258 2222 nobis,
1274 2198 1439 2226 qtllﬂlnﬂll,
1460 2191 1523 2226 quid
1537 2199 1642 2219 unum
1662 2191 1695 2219 de
1708 2200 1796 2220 eorum
1807 2193 1853 2221 tle-

1058 2235 1135 2262 cretis
1153 2236 1197 2270 qui
1217 2240 1275 2270 post
1290 2235 1432 2264 Nictenum
1450 2237 1600 2271 concilium,
1618 2242 1644 2266 et
1657 2238 1711 2266 alia
1724 2239 1853 2268 catholica

212 2284 379 2319 pretatione,
394 2284 443 2312 sed
456 2291 491 2312 ex
504 2284 590 2312 altera
601 2284 759 2316 vetustiore,
774 2284 819 2311 illa
832 2283 935 2311 scilicet
947 2290 1008 2318 qua:
1023 2293 1049 2323 ι)
1059 2281 1187 2314 concilia,
1205 2282 1365 2309 obseruanda
1380 2283 1522 2311 decretalia
1541 2289 1682 2312 commata
1709 2285 1741 2313 de
1757 2287 1854 2315 eisdem

214 2330 329 2359 habetur
342 2331 370 2358 in
382 2330 545 2358 collectione
563 2338 623 2366 qua:
633 2329 729 2358 lsidori
741 2330 899 2358 Mercetoris
909 2336 1008 2358 nomen

214 2376 333 2412 prafert,
349 2377 376 2404 in
390 2376 509 2405 editione
522 2375 705 2404 Couciliorum
719 2376 884 2404 Coloniensi.

250 2423 355 2451 Codieis
376 2427 466 2451 autem
480 2422 621 2450 Canonum
641 2422 770 2450 Ecclesia:
787 2421 936 2450 Gallicam
950 2428 1009 2448 me-

216 2468 293 2497 minit
311 2468 432 2505 synodus
452 2468 622 2499 Parisiensis.
648 2468 676 2496 in
695 2475 775 2496 causa
790 2466 940 2495 Pretettali
956 2466 1011 2494 llo-

216 2513 399 2548 thomasensis
412 2513 546 2549 episcopi,
568 2513 640 2548 apud
655 2513 814 2548 Gregorium
825 2512 1010 2540 Turonensem

217 2558 288 2591 (Lib.
303 2567 339 2591 ν,
354 2568 378 2587 c.
395 2558 441 2595 18)
453 2581 461 2593 ,
476 2560 522 2595 qui
534 2559 641 2587 Librum
655 2559 792 2587 Canouum
804 2562 902 2591 vocat,
915 2559 941 2585 in
955 2565 1010 2592 quo

218 2611 317 2631 novum
337 2611 481 2637 canonem,
507 2605 582 2639 quasi
611 2605 790 2640 apostolicum
816 2611 831 2631 a
859 2602 1011 2638 Chilperico

218 2656 282 2682 rege
304 2656 440 2676 annexum
464 2649 512 2682 ait,
525 2649 570 2685 qui
593 2649 621 2677 in
647 2649 731 2676 veteri
753 2648 853 2688 Codice
870 2647 1010 2675 Culloullll‘l

219 2694 343 2723 Ecclesia:
363 2696 495 2723 universae
508 2703 561 2722 non
574 2699 651 2723 erat:
668 2694 729 2730 Ipse
742 2703 800 2722 vero
812 2694 1008 2730 (Cliilpcricus)

219 2739 345 2771 discessit,
357 2741 535 2767 transmittat:
554 2740 663 2767 Librum
676 2739 828 2771 Can0uu:n,
848 2740 876 2766 in
888 2748 938 2776 quo
953 2743 1010 2767 erat

220 2786 354 2819 quaternio
372 2793 452 2812 noras
466 2793 594 2818 annexus,
613 2785 708 2812 Ιιαὺριιε
724 2793 836 2813 canones
853 2786 926 2821 quasi
945 2793 1010 2820 upo-

221 2830 334 2861 etolt'toe,
350 2832 511 2858 continentes
525 2831 579 2858 luet:
598 2839 607 2858 :
626 2840 636 2856 ε
652 2830 795 2867 Episcopus
815 2831 841 2857 in
857 2831 1010 2864 homicidio,

219 2875 348 2903 adulterio
361 2880 385 2903 et
395 2876 509 2912 perjurio
523 2877 705 2912 deprehensus,
723 2885 738 2903 α
750 2876 894 2905 sacerdotio
906 2877 1014 2905 divella-

221 2929 264 2950 tur
275 2921 350 2956 (Con.
371 2923 462 2959 Apost.
478 2922 535 2960 9.5).
552 2932 562 2950 ι
585 2922 662 2951 Unde
682 2923 766 2959 liquet
781 2930 899 2952 canones
913 2923 959 2959 qui
970 2923 1011 2951 Ili-

1059 2327 1142 2354 sacrie
1156 2327 1297 2355 canonibtu
1308 2328 1473 2363 promulgata
1484 2335 1638 2363 sanxerunt,
1650 2331 1716 2359 sicut
1730 2330 1852 2364 Sirioiua,

1060 2371 1228 2401 Innocentius
1240 2394 1249 2407 ,
1262 2373 1397 2408 Zosimus,
1419 2374 1585 2410 Bonifacius,
1601 2375 1769 2409 Calatinus,
1783 2377 1853 2411 Leo,

1061 2416 1182 2450 Hilarus,
1196 2419 1378 2453 Symmachus.
1395 2419 1525 2454 Celaeius,
1541 2420 1694 2455 llormiuln,
1704 2422 1854 2459 Gregorius,

1060 2468 1085 2490 et
1097 2464 1189 2499 quique
1203 2464 1248 2492 alii
1268 2464 1438 2499 (Anastasius
1458 2466 1563 2494 scilicet
1575 2471 1604 2494 et
1618 2466 1772 2502 Simplicius
1783 2487 1792 2501 ,
1806 2469 1854 2503 qui

1062 2510 1090 2538 in
1105 2509 1266 2546 Dionysiana
1281 2511 1442 2539 collectione
1462 2514 1647 2548 recensentur)
1658 2533 1666 2545 ,
1680 2522 1787 2548 quorum
1808 2515 1855 2542 tle-

1061 2560 1134 2584 creta
1149 2554 1265 2583 Ecclesia
1281 2557 1427 2591 oatlrolica,
1443 2562 1468 2585 et
1489 2558 1580 2584 l'atres
1590 2578 1599 2590 ,
1613 2567 1644 2586 ac
1654 2558 1855 2593 predecessor“

1063 2604 1145 2631 nostri
1158 2604 1286 2631 seruanda
1301 2609 1446 2638 tenuerunt,
1462 2610 1487 2632 et
1497 2606 1609 2633 i-eneruti
1623 2610 1693 2634 sunt.
1706 2605 1744 2634 Ex
1757 2608 1855 2642 quibus

1064 2653 1191 2684 apparet,
1207 2653 1236 2676 ut
1255 2649 1292 2676 ait
1309 2648 1456 2683 Barouius,
1471 2651 1595 2677 hactenus
1608 2660 1659 2679 non
1673 2661 1721 2679 usu
1739 2658 1854 2688 receptae

1063 2694 1186 2727 epistolas
1210 2694 1269 2721 illas
1293 2702 1349 2729 quae
1363 2699 1424 2722 ante
1436 2694 1589 2723 Silvestrum
1608 2696 1761 2731 (legendum
1785 2699 1855 2726 Siri-

1063 2740 1143 2774 eiam)
1158 2740 1318 2767 diuersorum
1327 2740 1481 2775 ponti/lcum
1501 2740 1680 2770 Romanorum
1694 2744 1813 2779 feruntur
1821 2744 1854 2772 ab

1065 2785 1170 2814 Isidoro
1192 2786 1316 2813 collectae.
1346 2786 1433 2821 Atque
1449 2787 1484 2816 de
1511 2787 1544 2816 iis
1572 2789 1771 2825 intelligemlum
1795 2795 1853 2823 est,

1064 2831 1138 2867 quod
1149 2831 1213 2858 olim
1226 2832 1259 2859 ab
1279 2831 1414 2868 episcopis
1427 2831 1521 2861 Callia!
1535 2833 1646 2862 Nicolao
1666 2834 1674 2861 Ι
1691 2843 1766 2870 papm
1788 2837 1856 2863 scri-

1066 2881 1141 2914 ptum
1156 2877 1213 2911 ipse
1227 2881 1349 2909 testatur,
1365 2877 1503 2905 det-relatio
1513 2879 1655 2913 priscorum
1666 2880 1816 2914 pontiﬁcum
1827 2881 1855 2906 in

1067 2927 1119 2951 toto
1133 2930 1238 2960 corpore
1253 2921 1354 2952 (Iudicia
1376 2923 1509 2953 (Iunonum
1524 2932 1575 2952 non
1590 2925 1699 2953 lacerari
1712 2925 1852 2955 descripta.
