4034 6206
482 270 556 328 89
1018 322 1027 329 .
1737 264 2094 326 DlONY’SlUS

2176 265 2455 328 mnus.

3707 255 3787 312 40

479 382 749 441 Iteratur
764 383 979 442 concilii
1004 381 1251 441 Toletani
1272 399 1325 439 si
1342 379 1781 453 (675)meminit,
1812 382 2064 452 illiusque
2091 394 2138 451 Α
2160 391 2216 438 et
2251 399 2318 437 ea:
2343 382 2522 437 eodem
2546 378 2681 436 libro
2706 378 2882 435 dum
2908 375 3159 450 capitula,
3181 392 3296 450 qua
3320 393 3414 448 per
3452 375 3575 434 loco
3604 383 3785 432 nota-

481 475 734 530 collcctio
756 490 787 530 a
804 475 1102 531 canonibus
1130 473 1501 544 apostolorum
1527 472 1868 543 protenditur
1897 488 2070 543 usque

478 566 548 621 ad
571 567 856 624 concilium
884 567 1204 624 Toletanum
1232 582 1325 623 xu.
1368 565 1504 622 Huic
1524 567 1690 623 etiam
1721 567 1909 624 inserti
1938 576 2068 625 sunt

479 670 719 711 canones
770 657 836 710 ab
890 656 1160 711 Hadriano
1185 654 1205 709 l
1232 655 1489 725 pontifice
1535 655 1772 724 collecti,
1807 666 1863 713 et
1890 656 2064 726 lngel-

478 763 671 803 ramno
702 747 1118 803 Mediomatric'e
1137 748 1284 804 urbis
1305 747 1561 819 episcopo
1591 748 1795 803 traditi.
1832 746 1981 804 Unde
2002 748 2069 803 li-

479 845 609 905 quet
636 838 775 895 hanc
800 837 1175 893 collectionem
1219 854 1328 893 non
1372 853 1493 895 esse
1520 838 1705 894 Isidori
1738 839 2070 909 llispalensis

480 927 747 997 episcopi,
778 936 834 981 ut
855 927 1004 983 inulti
1033 929 1250 984 nomine
1267 930 1477 999 decepti
1496 944 1777 999 perperam
1798 938 1926 988 sunt
1952 931 2071 1000 opi-

483 1019 620 1081 nati,
671 1019 765 1074 sed
798 1020 940 1074 illius
966 1018 1154 1076 lsidori
1192 1028 1552 1089 cognomento
1594 1020 1928 1080 Merratoris.
1971 1020 2103 1078 lsi-.

482 1109 816 1165 doruslenim
857 1108 1205 1180 llispalensis,
1236 1119 1293 1165 ut
1323 1117 1593 1168 testantur
1623 1111 1895 1182 llispanici
1937 1112 2071 1168 scri-

482 1206 686 1265 plores,
720 1206 964 1254 mortuus
990 1207 1076 1253 est
1101 1214 1243 1255 anno
1268 1198 1391 1254 655.
1435 1199 1513 1255 Ex
1541 1201 1911 1271 superioribus
1940 1216 2069 1257 vero

483 1295 697 1342 constat
750 1288 1009 1345 Isidorum
1057 1289 1413 1346 Mercatorcm
1452 1291 1647 1348 vixisse
1690 1292 1834 1347 circa
1886 1291 2068 1347 Caroli

483 1380 659 1450 Magni
681 1392 734 1439 et
764 1383 1013 1441 Hadriani
1042 1384 1060 1439 Ι
1087 1386 1350 1454 pontificis
1375 1395 1635 1454 tempora,
1660 1399 1887 1453 quorum
1908 1392 2069 1449 :ctate

484 1472 628 1528 illius
655 1474 906 1531 collectio
963 1476 1013 1530 in
1042 1476 1214 1532 Gallia
1244 1476 1474 1547 primum
1520 1476 1860 1537 innotescere
1883 1476 2064 1545 cmpit,

482 1579 602 1634 quae
629 1573 784 1625 aucta
831 1566 1121 1635 multorum
1159 1582 1426 1624 canonum
1456 1568 1766 1637 accessione
1788 1568 1840 1621 in
1869 1582 2066 1622 nomen

484 1656 615 1711 illud
644 1658 889 1726 transiit.
941 1666 999 1714 ut
1024 1659 1187 1714 etiam
1226 1658 1390 1715 Linea
1431 1675 1530 1716 seu
1575 1658 1785 1715 Consus
1806 1657 2066 1716 Csuouuu

482 1748 790 1813 diceretur;
821 1750 899 1804 sic
927 1749 1070 1804 enim
1117 1750 1279 1806 habet
1331 1749 1473 1806 illius
1516 1749 1797 1819 inscriptio
1844 1749 1899 1804 in
1946 1765 2069 1809 meo

2138 520 2139 523 η
2170 489 2363 536 urant,
2377 473 2497 543 quia
2521 471 2667 526 nobis
2694 472 2921 526 maxime
2945 470 3240 525 necessaria
3260 468 3507 535 sciebam,
3535 467 3659 522 illis
3680 482 3785 525 co-

2169 580 2284 618 ram
2306 564 2528 620 ostendi.
2550 563 2680 630 Quae
2704 563 2920 632 quidem
2945 561 3179 631 capitula
3206 561 3322 630 ipse
3346 560 3489 615 Beda
3515 558 3781 627 sulijicil.

2169 655 2274 711 Sed
2297 663 2351 710 ct
2370 655 2696 723 vetustiores
2716 662 2772 709 et
2791 654 3123 711 recentiores
3142 651 3471 722 synodornni
3495 650 3783 706 Ecdeshe

2174 746 2494 801 Britannica:
2521 759 2761 801 canones
2787 753 3008 800 exstant
3048 745 3103 799 in
3126 743 3371 799 editione
3391 742 3783 799 Conciliorum

2172 837 2373 907 Anglia:
2399 836 2463 891 ll.
2495 835 2808 907 Spelmanni
2838 836 2933 890 viri
2966 834 3276 899 clarissimi,
3307 849 3377 889 ex
3412 836 3618 904 quibus
3648 834 3779 904 pla-

2171 945 2300 985 num
2337 939 2421 986 est
2447 928 2649 985 Graecis
2687 928 3003 995 canonibus,
3037 926 3333 995 Africanis,
3385 934 3441 982 et
3468 926 3783 983 Gallicanis

2172 1019 2372 1095 Anglos
2398 1035 2524 1076 usos
2552 1018 2735 1075 fuisse.

2240 1111 2381 1165 Sunt
2419 1120 2475 1166 et
2516 1111 2639 1167 alite
2682 1110 2889 1166 Latina:
2917 1111 3269 1167 collectiones
3295 1108 3594 1179 canonum,
3630 1112 3782 1168 Bur—

2171 1200 2357 1257 chardi
2408 1202 2611 1258 scilicet
2663 1202 3075 1258 Wormatiensis
3121 1202 3402 1272 episcopi,
3480 1212 3538 1259 et
3586 1201 3782 1259 lvonis

2172 1290 2543 1360 Carnotensis,
2569 1310 2689 1364 qua:
2721 1296 2821 1350 sub
2850 1295 3005 1350 titulo
3034 1294 3385 1350 Decretorum
3430 1294 3594 1350 edita:
3618 1303 3777 1351 sunt.

2173 1382 2416 1453 Denique
2434 1382 2727 1440 Gratianus
2770 1384 3126 1441 Bononiensis
3168 1385 3485 1452 monachus,
3519 1386 3778 1441 omnium

2170 1472 2536 1528 Collectorum
2563 1489 2831 1530 canonum
2860 1475 3203 1540 novissimus,
3234 1475 3335 1531 sub
3374 1474 3706 1531 Innocentio
3732 1476 3778 1530 ll

2138 1580 2310 1637 .papa
2352 1565 2630 1622 decretum
2682 1569 2993 1638 composuit
3024 1582 3091 1622 ex
3138 1568 3340 1624 Gmcis
3387 1576 3444 1624 et
3471 1569 3773 1635 Africanis,

2173 1656 2397 1726 aliisque
2420 1658 2737 1725 eanonibus,
2766 1666 2824 1713 et
2857 1657 3090 1714 decretis
3137 1656 3444 1728 pontiﬁcum
3473 1658 3639 1715 Rom.
3672 1674 3780 1715 ve-

2175 1753 2459 1816 terumque
2475 1744 2694 1802 Patrum
2718 1747 3004 1803 sententiis
3020 1748 3304 1804 collectum
3326 1747 3492 1820 (quod
3512 1744 3777 1805 absolute

483 1836 673 1893 codice
708 1854 845 1895 ms.:
894 1837 1089 1912 Incipit
1123 1840 1252 1896 liber
1285 1842 1375 1912 qui
1413 1840 1710 1913 appellatur
1735 1840 1948 1899 Cosrus
1972 1856 2068 1899 ω·
2099 1832 2147 1848 "
2167 1832 2256 1903 ius
2279 1837 2601 1892 canonicum
2626 1837 2743 1893 sive
2763 1836 3099 1908 pontiﬁcium
3144 1838 3536 1908 nuncupatur).
3566 1838 3641 1894 ab
3662 1836 3774 1893 Ec-

483 1942 684 1984 HONUI.

2171 1927 2337 1983 clesia
2391 1925 2634 1983 Romana
2680 1929 2965 1999 probatum
3011 1935 3070 1981 et
3111 1926 3490 1983 confirmatum
3514 1968 3531 1993 ,
3606 1927 3774 1997 cujus

562 2018 636 2097 De
665 2017 862 2077 Codice
889 2019 1168 2078 Canonum
1197 2020 1450 2079 Ecclesia:
1487 2022 1803 2081 Britannica:
1828 2038 1927 2081 seu
1954 2022 2070 2080 An-

2176 2014 2291 2083 jure
2329 2032 2520 2074 omnes
2568 2017 2952 2074 controversiis
2993 2016 3373 2074 ecclesiastica
3409 2017 3573 2073 hodie
3616 2017 3772 2087 judi-

482 2108 705 2177 glicanm
729 2112 1029 2168 testimonia
1061 2113 1302 2181 quaedam
1325 2120 1539 2168 exstant
1576 2113 1717 2185 apud
1755 2128 1934 2170 rerum
1955 2113 2075 2170 Bri-

484 2201 820 2256 tannicarum
871 2203 1182 2271 scriptores.
1238 2203 1486 2274 Legimus
1532 2205 1677 2260 enim
1725 2202 2070 2261 Theodorum

482 2290 954 2361 archiepiscopum
1003 2292 1448 2349 Cantuarieinem
1517 2294 1710 2350 librum
1758 2294 2069 2364 scripsisse,

482 2380 574 2447 qui
603 2378 825 2434 Pnnuu
853 2380 1099 2436 Caxoxcs
1128 2381 1443 2450 vocabatur,
1475 2382 1528 2437 in
1557 2383 1788 2439 concilio
1814 2382 2071 2439 Ilerefor-

483 2468 653 2523 diensi
687 2468 836 2538 (675)
869 2470 1177 2539 probatum,
1210 2478 1270 2523 ut
1308 2470 1451 2527 illius
1482 2477 1602 2527 acta
1635 2479 1902 2529 testantur
1929 2472 2071 2543 apud

484 2558 708 2627 Bedam,
737 2559 887 2615 Anno
911 2560 1082 2626 tertio,
1113 2560 1306 2630 inquit,
1337 2559 1575 2633 Ecgfridi
1595 2564 1749 2634 regis,
1776 2562 2073 2618 Theodorus

483 2651 619 2721 cogit
642 2651 917 2706 concilium
944 2652 1318 2722 episcoporum,
1342 2668 1446 2706 una
1473 2669 1587 2707 cum
1609 2654 1683 2707 eis
1711 2654 1797 2722 qui
1820 2653 2073 2708 canonica

484 2738 704 2802 Patrum
753 2752 951 2797 statuta
1003 2743 1283 2814 deligerent
1321 2753 1372 2797 et
1398 2754 1630 2799 nossent.
1666 2742 1731 2799 Et
1760 2745 1922 2817 paulo
1950 2754 2074 2816 post

484 2832 651 2904 ipsius
673 2831 941 2888 Theodori
965 2834 1125 2889 verba
1149 2832 1406 2902 referens,
1425 2836 1516 2904 qui
1545 2833 1670 2890 huic
1684 2836 1915 2893 concilio
1934 2850 2073 2907 pra:-

485 2919 586 2977 fuit
616 2939 630 2976 :
678 2920 846 2993 Rogo,
878 2922 1197 2978 dilectissimi
1214 2927 1435 2995 fratres,
1460 2935 1514 2978 ut
1542 2941 1753 2996 qumque
1776 2925 1979 2980 decreta
2009 2942 2073 2980 ac

484 3010 701 3082 deﬁnita
721 3021 840 3066 sunt
860 3030 893 3066 a
912 3015 1105 3068 sanctis
1130 3014 1392 3083 Patribns,
1418 3016 1715 3087 incorrupta
1745 3017 1808 3069 ab
1837 3016 2071 3071 omnibus

484 3102 631 3158 nobis
659 3113 939 3158 serventur.
963 3101 1153 3160 Omnes
1181 3107 1572 3161 consacerdotes
1600 3108 1762 3161 nostri
1793 3108 2068 3163 dixerunt:

487 3192 693 3264 Optime
720 3194 955 3247 omnibus
983 3197 1169 3264 placet,
1194 3211 1405 3267 q1que
1434 3195 1743 3267 deﬁnierunt
1776 3206 2071 3252 sanctorum

485 3299 708 3337 canones
730 3282 967 3346 Patrum,
993 3302 1085 3338 nos
1112 3302 1308 3356 quoque
1335 3302 1512 3340 omnes
1532 3286 1695 3340 alacri
1726 3289 1900 3341 animo
1922 3288 2078 3342 liben-

487 3375 680 3428 tissime
698 3391 920 3428 servare.
940 3372 1134 3440 Quibus
1157 3360 1332 3429 statim
1360 3376 1554 3447 protuli
1575 3375 1762 3431 librum
1785 3374 2075 3442 Canonum,

2172 2112 2384 2161 cantur.

2245 2197 2423 2266 Atque
2471 2197 2588 2253 btec
2613 2196 2757 2253 dicta
2784 2196 2894 2252 sint
2918 2194 2989 2252 de
3030 2196 3201 2252 veteri
3247 2194 3452 2252 Codice
3478 2193 3773 2253 Canonum

2174 2285 2429 2341 Ecclesia:
2458 2287 2741 2351 universm,
2771 2286 2996 2355 ejusque
3023 2284 3435 2342 confirmatione
3476 2294 3534 2340 et
3570 2295 3771 2342 aucto-

2146 2376 2354 2441 ritate,
2382 2375 2627 2447 jurisque
2678 2375 2923 2433 canonici
2964 2377 3173 2445 origine
3215 2386 3272 2432 et
3308 2390 3618 2447 progressu,
3652 2386 3767 2433 tam

2174 2464 2228 2518 in
2251 2463 2471 2520 Oriente
2512 2479 2679 2533 quam
2704 2464 2758 2518 in
2787 2462 3096 2531 Occidente,
3122 2463 3429 2535 Gmcisque
3464 2481 3530 2522 ac
3555 2464 3769 2523 Latinis

2176 2556 2402 2612 vetustis
2431 2563 2486 2612 et
2542 2557 2935 2614 recentioribus
2974 2573 3243 2615 canonum
3294 2559 3681 2615 collectorihus
3708 2567 3770 2616 et

2173 2648 2731 2719 interpretationibus.
2780 2648 2922 2717 Quid
2952 2658 3132 2706 autem
3163 2651 3216 2705 in
3244 2649 3405 2719 hujus
3431 2651 3616 2721 aperis
3642 2651 3768 2708 edi-

2175 2738 2324 2797 tione
2353 2738 2779 2808 praestiterimus,
2802 2753 2891 2795 res
2915 2739 3033 2809 ipsa
3061 2740 3368 2809 patefaciet.
3388 2739 3529 2796 Sane
3550 2748 3767 2797 textum

2172 2828 2415 2889 Graecum
2439 2846 2733 2901 canonum,
2748 2846 2824 2888 ex
2848 2829 2997 2889 edito
3023 2831 3210 2887 codice
3235 2829 3393 2888 Joan.
3442 2829 3588 2898 Titii,
3614 2832 3765 2888 bona

2176 2923 2279 2979 fide
2305 2923 2731 2993 exscripsimus;
2759 2931 2819 2979 et
2855 2923 2981 2992 quia
3012 2923 3197 2979 multis
3218 2923 3274 2979 in
3312 2923 3445 2981 locis
3466 2922 3765 2980 mendosus

2171 3021 2312 3082 erat,
2343 3013 2553 3069 collatis
2581 3013 2825 3083 plurimis
2846 3012 3156 3069 (Succorum
3184 3027 3455 3073 canonum
3480 3013 3764 3082 exempla-

2174 3103 2326 3160 ribus
2344 3103 2501 3160 editis
2524 3112 2581 3160 et
2600 3120 2763 3159 manu
2785 3104 3035 3170 exaratis,
3059 3111 3314 3161 accurate
3333 3105 3757 3170 mandavimus,

2176 3195 2551 3264 variantesque
2564 3195 2824 3252 lectiones
2843 3195 3206 3265 ascripsimus,
3227 3212 3293 3251 ac
3306 3195 3495 3250 Latina
3520 3196 3759 3268 Dionysii

2152 3336 2155 3337 ν
2179 3285 2371 3356 Exigui
2398 3274 2846 3357 interpretatione
2868 3288 3088 3343 omnino
3116 3286 3231 3343 fere
3257 3288 3334 3342 usi
3362 3303 3579 3355 sumus;
3604 3297 3761 3345 notas

2178 3377 2411 3448 denique
2432 3386 2488 3434 et
2512 3378 2917 3437 observationes
2945 3378 3204 3449 quasdam
3233 3370 3550 3449 adiecimus.

520 3514 3723 3563 Μ

698 3596 1811 3812 CODEX
2004 3644 3572 3817 CANONUM

1326 3913 2050 4032 ECCLESIZE
2132 3915 2928 4034 UNIVERSE.

1082 4193 1637 4303 CONCILII
1713 4194 2199 4302 NIC/ENI
2279 4196 3027 4304 (ECUMENICI
3105 4201 3149 4303 Ι

1566 4381 1931 4446 CANONES
1983 4382 2108 4444 XX
2151 4383 2172 4462 (
2215 4399 2325 4446 an.
2367 4385 2519 4450 Chr.
2562 4385 2731 4466 325).

1926 4530 2309 4549 Ἃ

570 4613 632 4673 ὁ.
657 4613 720 4670 Εἴ
737 4638 818 4678 τις
862 4617 911 4669 ἄν
948 4616 1081 4688 νόσῳ
1108 4616 1212 4672 ὑπὸ
1252 4616 1439 4693 ἰατρῶν
1486 4617 1881 4692 ἕχιιρουργὴθη,
1912 4615 1944 4676 ἦ
1972 4616 2074 4672 ὑπὸ

2250 4616 2289 4672 l.
2305 4614 2364 4673 Si
2388 4617 2577 4688 quisin
2605 4617 2798 4674 mOrbo
2819 4633 2849 4672 a
2873 4616 3097 4674 medicis
3124 4617 3355 4685 excisus,
3380 4616 3745 4674 velabarbaris

493 4707 768 4781 βαρϐάρων
811 4707 1070 4777 ἐξετμήθη.
1098 4702 1251 4767 οὗτος
1295 4710 1485 4777 μενέτω
1530 4708 1578 4759 ἐν
1618 4714 1690 4778 τῷ
1735 4707 1913 4780 κλήρῳ.
1943 4708 1998 4759 Ei
2027 4706 2081 4763 δέ

492 4815 570 4855 τις
614 4795 852 4866 ὑγιαίνων
899 4795 1081 4852 ἑαυτὸν
1117 4798 1361 4867 ἐξέτεμεν,
1396 4803 1574 4853 τοῦτον
1611 4800 1692 4850 καὶ
1735 4796 1786 4851 ἐν
1813 4801 1886 4869 τῷ
1917 4796 2080 4867 κλήρῳ

492 4888 843 4962 ἐξεταζόμενον
892 4891 1187 4944 πεπαῦσθαι
1228 4894 1508 4959 προσήκει,
1555 4894 1640 4945 καὶ
1687 4891 1741 4944 ἐκ
1799 4895 1888 4946 τοῦ
1933 4888 2084 4966 δεῦρο

495 4979 679 5049 μηδένα
699 4990 800 5036 τῶν
822 4984 1061 5037 τοιούτων
1080 5004 1121 5052 χ
1126 4990 1270 5057 piam
1297 4983 1635 5057 προάγεσθαυ
1653 4984 1827 5057 ὥσπερ
1849 4979 1902 5036 δὲ
1927 4988 2082 5038 τοῦτο

494 5064 760 5143 πρῖδηλον,
794 5070 870 5126 ὅτι
916 5077 1036 5144 περὶ
1078 5080 1178 5127 τῶν
1220 5072 1610 5130 ἐπιτηδευόντων
1652 5074 1712 5127 τὸ
1750 5078 1969 5147 πρᾶγμα
1996 5076 2083 5128 καὶ

493 5163 790 5232 τολμώντων
814 5165 1027 5226 invto};
1056 5167 1315 5236 ὶιτέμνειν,
1344 5163 1562 5241 εζοηται,
1579 5164 1740 5226 οὕτως
1766 5164 1815 5219 εἴ
1835 5186 1965 5226 τινες
1984 5164 2084 5219 ὑπό

420 5264 431 5279 ⁵
498 5252 691 5324 βαρϐἁιν
706 5274 773 5304 ων
800 5252 830 5311 ἢ
857 5251 1116 5308 δεσποτῶν
1166 5257 1571 5327 εὐνουχίσθησαν
1601 5252 2083 5326 [εὐνουχισθέντις],

498 5344 806 5415 εὑρίσκοιντο
826 5340 985 5403 ἄλλως
1011 5340 1293 5411 diioui-od;
1324 5349 1584 5407 τοιούτους
1609 5348 1680 5405 εἰς
1704 5344 1879 5422 κ).ἧρον
1908 5364 2084 5421 apsc-

501 5438 630 5488 ἐσται
658 5434 683 5488 ὁ
712 5437 891 5489 κανών.

569 5526 636 5592 β’.
664 5525 862 5585 Ἐπιιδή
909 5528 1064 5581 πολλὰ
1099 5528 1209 5587 ἤτοι
1247 5530 1348 5584 ὑπὸ
1386 5532 1606 5605 ἀνάγκης
1630 5529 1661 5590 ἦ
1686 5527 1845 5593 ἄλλως
1882 5532 2085 5602 inse/o-

500 5618 658 5685 μξνων
682 5622 780 5670 τῶν
807 5618 1081 5692 ἀνθρώπων
1112 5621 1302 5689 ἐγένετο
1344 5622 1485 5697 ποιρᾶ
1530 5624 1616 5677 τὸν
1651 5623 1833 5677 κανόνα
1874 5625 1960 5677 τὸν
2004 5624 2081 5676 ἕκ-

501 5705 878 5777 ιλολσωιστικὸν,
906 5710 1036 5766 ὥστε
1086 5712 1375 5787 ἀύρώπους
1423 5713 1527 5769 ἀπὸ
1565 5712 1754 5768 ἕθνικοῦ
1796 5714 1913 5786 βίον
1962 5710 2081 5791 ἄρτι

2184 4714 2431 4763 exsectus
2458 4715 2561 4774 est,
2593 4708 2637 4763 is
2668 4714 2879 4761 maneat
2908 4707 2962 4761 in
2992 4707 3155 4761 clero.
3180 4706 3235 4761 Si
3257 4708 3374 4775 quis
3397 4717 3571 4761 autem
3594 4722 3745 4764 sanus

2183 4796 2418 4865 seipsum
2448 4796 2693 4862 abscidit,
2724 4796 2901 4863 hunc,
2933 4798 3095 4852 etiam
3125 4797 3177 4852 in
3205 4798 3349 4851 clero
3388 4800 3740 4867 constitutum,

2183 4887 2455 4941 abstinere
2481 4888 2751 4954 convenit,
2782 4894 2837 4942 et
2856 4889 3108 4957 deinceps
3128 4888 3332 4942 nullum
3361 4888 3518 4943 tnlcin
3547 4906 3744 4959 promo-

2185 4980 2300 5036 veri
2328 4989 2563 5051 Oportet.
2611 4981 2761 5037 Sicut
2790 4989 2969 5035 autem
2997 4982 3100 5037 hoc
3130 4979 3468 5037 manifestum
3494 4994 3586 5050 est,
3612 4983 3743 5053 quod

2186 5072 2253 5128 de
2280 5073 2345 5127 iis
2372 5072 2461 5142 qui
2482 5071 2553 5125 de
2591 5072 2849 5127 industria
2881 5073 2984 5127 hoc
3022 5080 3203 5143 agunt,
3234 5073 3535 5143 audentque
3557 5078 3742 5145 scipsos

2186 5162 2522 5230 abscindere,
2549 5162 2747 5217 dictum
2778 5169 2859 5216 est
2883 5181 2894 5216 :
2933 5163 3005 5217 ita
3036 5163 3081 5218 si
3100 5164 3192 5233 qui
3221 5165 3305 5219 vel
3332 5184 3358 5218 a
3393 5166 3639 5235 barbaris,
3665 5168 3740 5222 vel

2187 5266 2218 5305 a
2260 5250 2489 5306 dominis
2518 5251 2749 5307 eunuchi
2779 5250 2904 5306 facti
2942 5260 3085 5317 sunt,
3119 5261 3175 5307 et
3203 5254 3238 5308 ii
3278 5254 3475 5326 alioqui
3514 5257 3643 5327 digni
3666 5256 3741 5313 iu-

2190 5342 2494 5411 veniantur,
2522 5342 2658 5399 tales
2680 5343 2731 5397 in
2754 5341 2956 5399 clerum
2982 5343 3216 5400 admittit
3244 5359 3440 5402 eanon.

2253 5527 2317 5583 ll.
2348 5525 2612 5597 Quoniam
2660 5530 2826 5586 multa
2856 5532 2942 5588 vel
2971 5533 3324 5598 necessitate,
3358 5544 3450 5591 aut
3492 5537 3632 5593 aliter
3656 5552 3739 5593 co-

2183 5621 2432 5688 gentibus
2462 5622 2789 5685 bominibus,
2824 5622 2963 5679 facta
2989 5633 3114 5682 sunt
3155 5634 3353 5697 praztcr
3380 5643 3627 5683 canoncin
3653 5645 3736 5685 cc-

2180 5712 2563 5781 clesiasticum,
2597 5713 2669 5768 ita
2702 5720 2759 5769 ut
2789 5713 3037 5773 homines
3058 5732 3091 5773 e
3114 5716 3301 5787 gentili
3332 5716 3440 5771 vita
3470 5733 3622 5789 nuper
3650 5732 3733 5775 ac-
