4034 6206
232 442 241 451 ’
282 438 346 494 ει
1038 485 1042 488 .
1210 433 1434 491 CODEX
1471 432 1801 490 (IANONUM
1846 434 1879 490 υ

1986 419 2211 492 (snsi:
2253 433 2627 494 ucccesus.
3487 424 3554 480 ιη

279 560 646 637 κροσιλθοντας
674 560 737 627 τῇ
763 554 956 614 πίστει,
981 554 1065 603 καί
1093 549 1142 601 ἐν
1170 547 1320 618 ὀλίγῳ
1353 543 1528 620 χρόνῳ
1557 548 1866 616 κατηχηθίν·

1986 547 2223 627 :edentes
2252 549 2321 602 ad
2349 545 2526 612 fidem,
2551 556 2606 601 et
2646 548 2839 615 exiguo
2867 557 3111 619 tempore
3136 551 3350 618 eruditi,
3372 552 3552 607 statim

276 633 395 713 τας,
417 650 562 708 εὐθὺς
606 647 691 701 ίπί
717 645 779 700 τὸ
816 641 1153 713 πνευματικόν
1194 638 1403 712 λουτρὸν
1450 633 1610 708 ἄγειν,
1641 641 1722 711 καί
1761 637 1865 709 ἅμα

281 752 351 817 τῷ
381 740 714 796 ϐαπτισθῆναι
743 735 1025 811 προσάγειν
1055 735 1125 793 εἰς
1153 733 1457 795 ἐπισκοπὴν,
1485 728 1515 788 ἦ
1544 731 1614 791 εἷς
1640 729 1869 803 πρεσϐυ-

274 838 495 907 τιρεῖον⁶
520 829 684 889 καλῶς
730 824 899 890 ἔδοξεν
938 824 966 878 ἔ
970 844 1086 895 χειν
1124 827 1214 878 τοῦ
1252 821 1426 876 λοιποῦ
1465 817 1617 891 μηδὲν
1644 824 1867 874 τοιοῦτον

274 923 523 995 γίνεσθαι.
567 923 672 975 Καί
696 920 795 993 γὰρ
825 921 911 972 καί
936 917 1133 991 χρόνου
1164 912 1245 969 δεῖ
1265 921 1338 987 τῷ
1361 914 1753 985 κατηχουμνῳ,
1784 913 1869 965 καί

276 1018 409 1087 μετά
440 1014 496 1070 τὸ
534 1015 809 1085 βάπτισμα
841 1008 1142 1082 δοκιμασίας
1190 1006 1437 1064 πλείονος·
1490 1007 1650 1076 σαφές
1678 1004 1775 1077 γὰρ
1809 1005 1868 1057 τὸ

278 1105 613 1164 ἄπυστολικόν
640 1104 859 1178 γράμμα
898 1102 958 1155 τό
982 1099 1142 1170 λέγον,
1173 1114 1190 1144 ι
1221 1102 1299 1153 Μὴ
1326 1093 1379 1149 δὲ
1406 1094 1664 1164 νεόφυτον,
1685 1094 1769 1146 ἶνα
1798 1097 1868 1163 μὴ

275 1200 523 1271 τυφωθεὶς
550 1199 622 1255 εἰς
644 1202 808 1268 κρῖμα
838 1192 1036 1262 ἐμπέσῃ
1081 1191 1165 1241 καί
1202 1184 1405 1267 παγίδα
1424 1191 1513 1238 τοῦ
1540 1182 1772 1238 διαϐόλου
1798 1200 1811 1233 :
1845 1202 1862 1233 ι

280 1290 332 1344 εἰ
361 1288 413 1345 δὲ
440 1287 702 1365 προιόντος
730 1290 825 1339 τοῦ
858 1281 1048 1353 χρόνου
1077 1278 1307 1349 ψυχικόν
1335 1298 1384 1330 τι
1416 1275 1697 1349 ἁμάρτημα
1726 1275 1868 1349 εὐρε-

277 1385 383 1439 σείη
412 1384 527 1458 περί
552 1382 611 1434 τὸ
640 1378 941 1452 πρόσωπον,
968 1377 1055 1428 καί
1101 1373 1367 1443 ἐλέγχοιτο
1403 1370 1505 1423 ὑπὸ
1545 1366 1636 1422 δύο
1661 1366 1691 1426 ἦ
1717 1375 1871 1441 τριῶν

282 1456 577 1550 μαρτύρων,
606 1468 889 1523 πεπαύσθω
922 1464 948 1519 ὁ
976 1469 1206 1523 τοιοῦτος
1236 1460 1558 1536 τοῦ.κλήρου·
1593 1458 1619 1513 ό
1648 1456 1702 1512 δέ
1730 1460 1871 1531 παρὰ

282 1548 447 1619 ταυτα
469 1568 648 1624 ποιῶν,
677 1561 747 1618 ὡς
774 1556 1054 1613 ὑπεναντία
1081 1561 1142 1625 τῇ
1169 1552 1361 1625 μεγάλη
1396 1548 1595 1618 συνόδῳ
1629 1548 1875 1623 θρασυνόο

283 1676 465 1727 μενος,
504 1654 653 1712 αὐτὸς
706 1648 1021 1705 κινδυνεύσει
1066 1648 1187 1718 περὶ
1236 1646 1319 1701 τόν
1368 1644 1546 1718 κλῆρον
1592 1640 1717 1712 [τοῦ
1759 1642 1873 1698 κλήσ-

484 1832 844 1907 Δπηγόρευσεν
883 1829 1097 1884 καθόλου
1145 1829 1176 1885 ἡ
1221 1827 1414 1899 μεγάλη
1465 1824 1713 1890 σύνοδος,
1750 1826 1873 1894 μήτε

1968 637 2035 692 ad
2064 638 2342 708 spirituale
2369 638 2641 692 lavacrum
2664 639 2949 707 ducantur,
2974 650 3028 695 et
3049 641 3208 696 simul
3236 651 3397 712 atque
3422 642 3555 713 bap-

1969 728 2115 782 tizati
2144 726 2358 795 fuerint,
2391 728 2457 783 ad
2484 729 2857 799 episcopatum
2884 730 2971 785 vel
3000 732 3396 804 presbyterium
3426 749 3555 803 pro-

1969 828 2323 885 moveantur;
2347 829 2494 878 recte
2514 820 2717 879 habere
2740 823 2912 878 visum
2935 832 3037 889 est,
3063 832 3123 879 ut
3136 824 3271 879 nihil
3298 825 3557 895 deinceps

1970 915 2078 969 tale
2107 913 2220 970 ﬁat.
2245 916 2377 969 Nam
2407 924 2461 971 et
2490 924 2733 987 tempore
2761 933 2897 988 opus
2938 927 3022 975 est
3053 921 3464 990 catechumeno,
3497 931 3557 978 et

1969 1013 2093 1075 post
2136 1006 2459 1075 baptismum
2487 1008 2805 1077 probatione
2834 1010 3075 1080 majore:
3111 1020 3357 1083 apertum
3407 1014 3550 1069 enim

1969 1101 2054 1147 est
2083 1095 2438 1163 apostolicum
2468 1095 2745 1166 scriptum,
2788 1096 2971 1153 dicens
3000 1117 3012 1153 :
3048 1098 3174 1155 Non
3215 1102 3548 1172 neaplzytum,

1972 1201 2036 1239 ne
2056 1187 2189 1257 forte
2217 1187 2427 1256 inﬂatus
2456 1173 2513 1241 ίὶι
2557 1187 2812 1258 judicium
2837 1191 3057 1255 incidat,
3100 1200 3147 1244 et
3177 1193 3417 1264 laqueum
3445 1194 3560 1246 dia-

1972 1276 2092 1333 boli.
2126 1278 2183 1335 Si
2211 1295 2341 1335 vero
2364 1281 2692 1351 procedente
2720 1289 2966 1351 tempore
2998 1283 3217 1352 aliquod
3246 1285 3407 1338 animi
3431 1300 3563 1355 prc-

1973 1380 2149 1427 catum
2180 1372 2485 1429 inveniatur
2511 1374 2566 1429 in
2587 1390 2651 1430 ea
2676 1390 2929 1444 persona,
2955 1382 3011 1431 et
3037 1376 3248 1432 duobus
3276 1377 3361 1431 vel
3394 1377 3563 1431 tribus

1973 1460 2201 1517 testibus
2220 1462 2590 1528 convincatur,
2622 1465 2893 1519 abstineat
2918 1465 3039 1521 talis
3070 1480 3100 1518 a
3124 1466 3272 1519 clero
3298 1483 3311 1518 :
3345 1466 3433 1533 qui
3465 1481 3562 1518 au-

1977 1558 2084 1605 tem
2100 1561 2305 1627 prmter
2334 1553 2449 1609 haec
2476 1554 2619 1618 facit,
2652 1562 2712 1607 ut
2741 1556 2833 1625 qui
2854 1569 3059 1625 magum
3088 1556 3279 1627 synodi
3306 1556 3563 1609 adversa-

1975 1639 2087 1694 rius
2107 1655 2227 1694 esse
2256 1640 2466 1707 audeat,
2502 1641 2617 1711 ipse
2646 1642 2712 1697 de
2740 1642 2995 1698 clericatu
3036 1644 3453 1713 periclitabitur.

2046 1819 2134 1874 lll.
2177 1820 2358 1875 Vetuit
2377 1823 2812 1891 omninomagna
2841 1824 3096 1895 synodus,
3128 1834 3198 1880 ne
3227 1825 3386 1881 liceat
3439 1826 3558 1895 epi-

286 1927 571 1996 ἓπισκόπῳ,
600 1928 724 1996 μήτι
755 1921 1117 1994 πρεσϐυτέρῳ,
1145 1921 1271 1989 μήτε
1319 1914 1552 1986 διακόνῳ,
1580 1920 1703 1985 μήτε
1751 1912 1875 1971 ὅλως

1986 1925 2165 1980 scopo,
2197 1928 2298 1968 nec
2325 1914 2658 1985 presbytero,
2691 1930 2793 1971 nec
2820 1914 3072 1981 diacono,
3106 1931 3206 1972 nec
3233 1916 3327 1971 ulli
3349 1918 3564 1986 penitus

290 2020 389 2072 τινί
425 2023 520 2071 τῶν
556 2015 604 2067 ἐν
644 2014 831 2086 κλήρῳ,
861 2012 1044 2074 ἐξεῖναι
1092 2009 1418 2063 συνείσακτον
1444 2014 1661 2079 γυναῖκα
1702 2003 1868 2075 ἔχειν·

288 2109 417 2167 πλὴν
446 2104 491 2161 τί
526 2111 595 2179 μή
642 2102 749 2177 ἆρα
789 2104 1006 2177 μητέρα,
1048 2100 1078 2159 ἦ
1120 2091 1360 2171 ἆδελφὴν.
1392 2099 1422 2156 ἦ
1452 2101 1602 2162 θείαν,
1633 2098 1663 2156 ἧ
1687 2096 1721 2150 ἃ
1746 2098 1874 2167 μόνα

283 2196 547 2273 πρόσωπα
568 2200 741 2251 πᾶσαν
767 2192 991 2264 ὑποψίαν
1014 2190 1357 2263 διαπέφευγεν.

356 2370 420 2427 δ’.
450 2370 753 2424 Ἐπίσκοπον
780 2368 1031 2439 προσήκει
1055 2363 1279 2434 μάλιστα
1303 2363 1394 2432 μὲν
1424 2361 1527 2414 ὑπὸ
1558 2361 1878 2413 πάντωντῶν

286 2465 336 2518 ἐν
455 2463 687 2537 ἐπαρχίᾳ
713 2456 1077 2512 καθίστασθαα
1099 2457 1143 2508 εί
1162 2451 1217 2508 δὲ
1247 2451 1507 2524 δυσχερὲς
1530 2447 1608 2510 εἴη
1635 2448 1693 2502 τό
1719 2454 1881 2503 τοιοῦ-

288 2572 392 2615 τον,
416 2552 446 2610 ἧ
477 2549 562 2605 διὰ
587 2550 994 2618 κατιπείγουσαν
1034 2542 1274 2615 ἀνάγκην,
1302 2540 1332 2600 ἦ
1357 2539 1443 2596 διὰ
1466 2549 1623 2611 μῆκος
1657 2538 1797 2603 ὁδοῦ,
1829 2538 1880 2601 ἐξ

291 2643 518 2701 ἅπαντος
560 2648 694 2714 τρεῖς
742 2640 828 2692 ἐπὶ
871 2635 930 2690 τό
982 2636 1109 2688 αὐτὸ
1155 2632 1531 2701 συναγομένους
1551 2670 1565 2695 ,
1595 2627 1881 2700 συμψήφων

289 2738 565 2810 γινομένων
590 2736 673 2787 καί
712 2738 812 2786 τῶν
841 2728 1073 2783 ἀπόντων
1099 2728 1187 2780 καί
1220 2722 1585 2792 συντιθεμένων
1609 2718 1692 2775 διὰ
1716 2739 1881 2791 γραμυ

291 2827 488 2889 μάτων,
508 2823 619 2877 τότε
647 2826 738 2879 την
762 2820 1087 2895 χειροτονίαν
1112 2816 1396 2870 ποιεῖσθαι.
1426 2812 1493 2867 Τό
1519 2810 1574 2867 δέ
1601 2812 1754 2886 κύρος
1782 2816 1881 2865 τῶν

288 2916 563 2987 γινομένων
607 2910 839 2967 δίδοσθαι
878 2910 987 2963 καθ’
1004 2908 1223 2965 ἑκάστην
1270 2905 1527 2979 ἐπαρχίαν
1568 2909 1641 2976 τῷ
1689 2921 1881 2976 μητρο-

288 3008 472 3079 πολὶτῃ
480 3046 492 3059 ,

362 3100 419 3153 ε’.
451 3101 570 3171 Περὶ
590 3104 690 3153 τῶν
711 3097 1046 3154 ἁκοινωνήτων
1066 3093 1365 3167 γινομένων,
1384 3090 1482 3147 εἴτε
1503 3096 1603 3147 τῶν
1622 3090 1674 3144 ἓν
1690 3088 1881 3164 κλήρῳ,

289 3188 391 3245 εἴτε
426 3197 528 3243 τῶν
562 3190 611 3241 ἐν
655 3188 811 3270 λαζκῷ
852 3188 1075 3259 τάγματι
1119 3190 1453 3259 τεταγμένων,
1487 3184 1589 3238 ὑπὸ
1629 3189 1729 3237 τῶν
1771 3178 1882 3236 καθ’

1978 2017 2164 2058 eorum
2192 2005 2287 2074 qui
2334 2012 2461 2060 sunt
2502 2006 2554 2059 in
2585 2006 2764 2074 clero,
2796 2015 3110 2063 extraneam
3150 2008 3566 2080 [subintroduc-

1979 2090 2122 2163 tam]
2144 2092 2344 2148 habere
2382 2094 2695 2160 mulierem;
2726 2096 2829 2150 nisi
2871 2094 3013 2151 forte
3054 2105 3147 2152 aut
3176 2106 3403 2153 matrem
3423 2139 3438 2165 ,
3472 2108 3565 2153 aut

1979 2199 2243 2252 sororem,
2275 2194 2367 2241 aut
2412 2187 2654 2251 amitam,
2682 2188 2767 2243 vel
2793 2202 2885 2244 eas
2917 2196 3124 2244 tantum
3151 2203 3413 2260 personas
3442 2207 3564 2262 quae

1979 2291 2192 2331 omnem
2211 2277 2571 2346 suspicionem
2595 2276 2872 2345 effugiunt.

2050 2366 2137 2420 lV.
2182 2367 2505 2439 Episcopum
2532 2376 2751 2438 oportet
2779 2371 3014 2426 maxime
3039 2371 3257 2440 quidem
3284 2372 3351 2426 ab
3393 2373 3566 2427 omni-

1980 2458 2081 2513 bus
2101 2458 2193 2528 qui
2220 2466 2346 2513 sunt
2369 2459 2422 2513 in
2439 2459 2716 2529 provincia
2742 2460 3009 2531 episcopis
3030 2462 3284 2517 constitui
3317 2481 3330 2515 :
3361 2463 3406 2517 si
3436 2479 3567 2517 vero

1981 2548 2087 2603 hoc
2110 2547 2323 2603 difficile
2350 2546 2531 2615 fuerit,
2563 2557 2656 2605 aut
2684 2559 2907 2621 propter
2942 2560 3224 2621 urgentem
3270 2554 3568 2609 necessita-

1984 2645 2110 2701 tem,
2143 2646 2236 2692 aut
2274 2648 2495 2708 propter
2540 2640 2746 2695 itineris
2773 2640 3181 2709 longitudinem,
3214 2650 3324 2698 tres
3352 2644 3571 2698 omnino

1984 2728 2037 2782 in
2069 2728 2298 2799 idipsnm
2322 2732 2726 2799 convenientes,
2754 2733 3047 2789 dummodo
3076 2735 3453 2791 consenserint
3475 2736 3569 2804 qui

1984 2816 2197 2884 absunt,
2230 2825 2285 2872 et
2311 2834 2409 2888 per
2447 2819 2653 2876 litteras
2692 2824 3134 2892 approbaverint,
3176 2824 3569 2880 ordinationem

1984 2906 2199 2963 faciant.
2258 2909 2608 2968 Conﬁrmatio
2661 2921 2843 2969 autem
2899 2930 3089 2971 eorum
3144 2930 3264 2987 qua:
3318 2917 3372 2972 in
3434 2933 3569 2987 quas

1984 3012 2090 3068 que
2119 3002 2395 3070 provincia
2422 3012 2703 3071 geruntur,
2737 3006 3003 3062 tribuatur
3023 3009 3464 3079 metropolitano.

2056 3090 2123 3144 ν.
2164 3091 2240 3147 De
2261 3092 2327 3148 iis
2355 3095 2444 3162 qui
2472 3098 2848 3153 communione
2871 3098 3167 3169 privantur,
3192 3114 3290 3157 seu
3312 3116 3379 3156 ex
3400 3103 3571 3170 clero,

1985 3197 2081 3240 seu
2107 3200 2176 3240 ex
2205 3185 2344 3242 laico
2366 3174 2572 3254 ordine,
2599 3188 2666 3245 ab
2694 3190 2963 3261 episcopis
2999 3192 3417 3262 uniuscujusque
3445 3209 3574 3263 pro-

290 3284 507 3341 ianuam
534 3285 795 3356 ἑπαρχίαν
823 3279 1106 3335 ἐπισκόπων
1132 3280 1379 3356 κρατείτω
1400 3278 1431 3336 ἦ
1452 3279 1622 3349 γνώμη
1643 3276 1776 3345 κατά
1793 3275 1879 3330 τὸν

1986 3280 2174 3336 vincia:
2223 3290 2469 3337 servetur
2516 3283 2629 3339 hmo
2676 3285 2943 3340 sententia
2982 3285 3276 3341 secundum
3306 3301 3570 3341 canonem

292 3377 473 3431 κανόνα
500 3377 586 3430 τὸν
611 3370 990 3444 διαγορεύοντα,
1013 3373 1135 3431 τοὺς
1175 3370 1451 3442 ὑφ’έτέρων
1482 3367 1874 3433 ἀποϐληθέντας,

293 3467 370 3540 ὑφ’
390 3468 576 3542 ίτέρων
605 3469 675 3535 μή
702 3465 1026 3540 προσίεσθαι.
1060 3461 1400 3526 Ἐξιταζέσθω
1430 3457 1506 3525 δέ,
1531 3464 1600 3532 μή
1624 3457 1880 3530 μικροψυ-

295 3561 394 3633 χίᾳ
424 3558 455 3617 ἦ
485 3558 751 3630 φιλονεικίᾳ
786 3556 820 3614 ἦ
858 3576 955 3610 τινι
998 3550 1212 3626 τοιαύτῃ
1260 3549 1414 3625 ἀηδίᾳ
1456 3556 1547 3606 τοῦ
1600 3549 1882 3605 ἐπισκόπου

294 3651 685 3721 ἀποσυνάγωγοι
708 3649 1018 3722 γεγένηνται.
1040 3643 1147 3699 ἰνα
1175 3640 1262 3698 οὖν
1287 3650 1439 3699 τοῦτο
1467 3648 1554 3702 τὸν
1582 3643 1885 3718 πρέπουσαν

297 3743 517 3807 ἐξέτασιν
540 3740 796 3812 λαμϐάνῃ,
820 3738 980 3798 καλῶς
1009 3735 1152 3807 ἔχειν
1195 3733 1365 3799 ἔδοξεν
1403 3735 1620 3789 ἑκάστου
1650 3735 1882 3788 ἐνιαυτοῦ

295 3838 635 3894 παιδ’ὶκὰστην
664 3836 929 3911 ἐπαρχίαν
956 3830 1031 3894 δίς
1057 3837 1147 3885 τοῦ
1192 3829 1221 3884 ἔ
1222 3850 1343 3890 τους
1371 3827 1618 3888 συνόδους
1641 3830 1881 3900 γίνεσθαι,

296 3928 376 3983 ἵνα
419 3935 553 4003 κοινῇ
595 3928 797 3981 πάντων
838 3931 938 3979 τῶν
984 3923 1270 3978 ἐπισκόπων
1296 3929 1389 3980 τῆς
1432 3922 1689 3993 ἐπαρχίας
1718 3920 1884 3975 ὶπίτό

297 4021 417 4075 αὐτὸ
470 4020 861 4092 συναγομένων,
897 4017 962 4071 τὰ
1003 4021 1216 4072 τοιαῦτα
1264 4019 1527 4085 ζητήματα
1577 4015 1884 4077 ἐξετάξοιντο

299 4108 692 4182 [Errata-ivra],
722 4110 807 4162 καί
834 4107 994 4167 οὕτως
1023 4106 1070 4162 oi
1096 4105 1501 4177 ὁμολογουμένως
1530 4122 1884 4177 προσκεκρου-

302 4202 450 4261 κότες
481 4210 553 4273 τῷ
578 4202 838 4271 ἐπισκόπῳ
857 4199 1003 4254 ’κατά
1045 4199 1191 4270 λόγον
1220 4200 1535 4255 ὰκοινώνητοι
1561 4198 1702 4271 παρὰ
1729 4202 1886 4250 πᾶσιν

298 4290 424 4349 εἶναι
472 4293 665 4359 δόξωσι,
706 4296 907 4369 μέχρις.
932 4289 990 4346 ἂν
1026 4298 1098 4361 τῷ
1134 4297 1281 4361 κοινῷ
1308 4296 1406 4343 τῶν
1445 4288 1738 4343 ἐπισκόπων
1764 4285 1884 4358 δόξῃ

296 4391 387 4446 τόν
415 4386 875 4460 φιλανθρωποτέραν
912 4384 1046 4455 ὑπὲρ
1084 4383 1246 4436 αὐτῶν
1283 4379 1513 4433 ἐκθέσθαι
1540 4378 1716 4451 ψῆφον.
1743 4378 1798 4432 Δί
1829 4375 1883 4431 δέ

295 4478 499 4535 σύνοδοι
538 4478 870 4551 γινέσθωσαν’
902 4476 995 4545 μία
1036 4474 1126 4543 μέν
1172 4473 1273 4544 πρό
1311 4479 1402 4530 τῆς
1437 4478 1881 4542 τεσσαρακοστῆς,

294 4570 373 4622 ἵνα
403 4569 575 4628 πάσης
608 4565 968 4639 μικροψυχίας
1000 4563 1379 4639 ἀναιρουμένης,
1407 4561 1463 4616 τό
1489 4558 1647 4634 δῶρον
1670 4561 1883 4634 καθαρίν

294 4660 641 4734 προσφέρηται
678 4664 749 4725 τῷ
774 4662 904 4726 Θεῷ·
928 4652 1141 4727 δευτέρα
1164 4649 1239 4714 δέ,
1279 4652 1398 4726 περὶ
1422 4649 1506 4703 τόν
1533 4654 1623 4703 τοῦ
1652 4650 1878 4718 μετοπὼ-
1906 4673 1959 4732 D

365 4775 388 4805 υ
416 4773 609 4805 καιρόν.

296 4772 388 4825 pou
416 4771 609 4825 καιρόν.

365 4842 429 4903 ς’.
455 4844 528 4895 Τὰ
553 4843 755 4918 ἀρχαῖα
776 4838 861 4897 ἔθη
885 4838 1132 4914 κρατείτω
1152 4836 1216 4891 τὰ
1236 4834 1286 4890 ἐν
1306 4833 1565 4906 Αἰγύπτῳ.
1590 4832 1671 4885 καί
1692 4830 1877 4902 Λιϐύῃ,

298 4934 381 4986 καί
402 4916 728 4993 umnam,
761 4931 893 4984 ὥστε
917 4929 1003 4983 τὸν
1028 4926 1077 4979 ἐν
1102 4920 1441 4999 ’Δλεξανδρείᾳ
1465 4916 1738 4978 ἐπίσκοπον
1763 4920 1882 4973 πάν-

297 5047 395 5081 των
415 5028 604 5082 τούτων
626 5021 776 5094 ἔχειν
796 5025 886 5079 τὴν
901 5015 1154 5085 ἐξουσίαν’
1180 5014 1353 5075 ἐπειδή
1377 5016 1548 5085 καὶτῷ
1571 5016 1619 5068 ἄν
1644 5022 1705 5086 τῇ
1722 5012 1882 5084 Ῥώμη

297 5117 557 5187 ἱπισκόπῳ
584 5122 737 5169 τοῦτο
768 5108 1014 5183 [τοιοῦτο]
1045 5108 1252 5168 σύνηθές
1281 5106 1437 5160 ἔστιν.
1466 5107 1678 5176 Ὁμοίως
1715 5100 1767 5157 δέ
1797 5105 1881 5157 καί

296 5210 427 5263 κατᾶ
459 5213 547 5266 τήν
576 5201 893 5274 ’Δντιόχειαν
924 5203 1010 5256 καί
1048 5200 1096 5253 iv
1134 5205 1247 5258 ταῖς
1274 5194 1445 5258 ἄλλαις
1479 5196 1785 5269 ἐπαρχίαις,
1814 5193 1881 5247 τοὶ

296 5298 543 5369 πρεσϐεῖα
573 5295 829 5359 σώζεσθαι
848 5300 958 5353 ταῖς
985 5290 1290 5349 ἐκκλησίαις.
1316 5286 1529 5341 Καθόλου
1556 5282 1607 5339 δέ
1632 5282 1838 5356 πρόδηλ
1855 5305 1880 5336 ν

294 5393 468 5451 ἐκεῖνο,
493 5385 569 5443 ὅτι
601 5384 649 5439 εἴ
669 5406 749 5446 τις
771 5386 935 5459 χωρίς
953 5382 1156 5454 γνώμης
1179 5383 1268 5433 τοῦ
1294 5375 1664 5450 μητροπολίτου
1685 5375 1880 5444 γίνοιτο

295 5476 594 5539 ἐπίσκοπος,
621 5476 709 5529 τόν
738 5478 965 5529 τοιοῦτον
992 5472 1021 5528 ἡ
1047 5469 1240 5541 μεγάλη
1266 5465 1474 5526 σύνοδος
1504 5467 1657 5539 ὥρισε
1686 5469 1753 5534 μή
1774 5462 1880 5519 δεῖν

294 5561 420 5621 εἶναι
440 5567 735 5620 ἐπίσκοπον.
768 5564 878 5618 Ἐὰν
909 5561 998 5631 μέν
1020 5580 1096 5614 τοι
1124 5567 1185 5632 τῇ
1210 5564 1347 5630 κοινῇ
1387 5559 1588 5612 πάντων
1616 5554 1763 5627 ψήφῳ
1793 5557 1878 5609 εὐ-

292 5654 423 5726 λόγῳ
453 5652 601 5726 οὔσῃ,
624 5656 709 5708 καί
738 5652 863 5706 κατά
901 5646 1083 5705 κανόνα
1113 5647 1540 5711 ἐκκλησιαστικὸν,
1567 5644 1656 5701 δύο
1684 5645 1714 5705 ἦ
1743 5654 1878 5721 τρεῖς

292 5740 359 5795 δι’
377 5744 558 5797 clauim
583 5741 875 5813 φιλονεικίαν
903 5738 1215 5810 ἁντιλίγωσι,
1247 5732 1497 5811 κρατείτω
1526 5738 1556 5793 ἦ
1581 5741 1677 5789 τῶν
1707 5736 1877 5791 πλειό-

290 5855 387 5887 νων
411 5835 594 5904 ψῆφος.

581 6008 854 6069 Panos.
897 6007 1140 6073 LXVII.

1986 3373 2079 3445 qui
2103 3377 2433 3445 pronuntiat,
2464 3385 2522 3431 ut
2546 3377 2599 3431 hi
2621 3378 2713 3447 qui
2742 3378 2808 3433 ab
2832 3378 2951 3436 aliis
2977 3379 3319 3449 abjicmntur,
3351 3380 3420 3435 ab
3450 3380 3571 3437 aliis

1980 3480 2094 3522 non
2124 3464 2474 3536 recipiantur.
2507 3466 2812 3538 lnquir'atur
2840 3468 3021 3525 autem
3055 3485 3124 3527 ne
3149 3470 3441 3535 simultate,
3472 3481 3569 3526 aut

1986 3558 2356 3626 contentione,
2386 3568 2479 3615 aut
2527 3560 2706 3630 aliqua
2750 3562 2855 3617 alia
2897 3563 3145 3619 molestia
3193 3564 3431 3635 episcopi
3461 3565 3574 3620 sint

1986 3650 2458 3706 excommunicati.
2488 3649 2559 3706 Ut
2580 3651 2685 3708 hoc
2726 3666 2856 3723 ergo
2884 3652 3165 3709 decentius
3213 3654 3575 3721 examinetur,

1987 3749 2135 3796 recte
2161 3741 2360 3797 habere
2406 3742 2579 3798 visum
2609 3751 2691 3798 est
2733 3750 2792 3798 ut
2821 3744 3045 3813 singulis
3073 3745 3228 3800 annis
3267 3759 3364 3815 per
3387 3760 3577 3799 unam-

1987 3844 2257 3901 quamque
2284 3832 2616 3902 provinciam
2645 3832 2729 3889 bis
2750 3834 2802 3888 in
2826 3848 2968 3889 anno
2990 3833 3179 3905 synodi
3206 3831 3359 3901 ﬁant,
3382 3844 3441 3889 ut
3460 3850 3575 3888 om-

1986 3935 2083 3976 nes
2111 3922 2164 3976 in
2194 3937 2361 3977 unum
2383 3923 2771 3978 convenientes
2816 3922 3055 3992 episcopi
3081 3923 3401 3991 provinciae,
3430 3923 3575 3990 ejus-

1986 4011 2133 4068 modi
2153 4012 2477 4080 quaestiones
2506 4012 2839 4079 examinent,
2867 4020 2924 4066 et
2954 4012 3032 4067 sic
3054 4012 3146 4081 qni
3176 4010 3463 4067 manifeste
3493 4013 3575 4068 of-

1987 4102 2256 4158 fenderint
2284 4102 2624 4173 episcopum,
2674 4104 2821 4173 juste
2860 4103 3311 4159 excommunicati
3355 4103 3422 4159 ab
3452 4121 3571 4158 om-

1987 4192 2144 4248 nibus
2164 4208 2285 4248 esse
2299 4193 2602 4261 videantur,
2623 4193 2797 4250 donec
2816 4194 3190 4264 episcoporum
3214 4194 3375 4249 ctetui
3398 4195 3569 4250 visum

1987 4283 2149 4340 fuerit
2177 4300 2276 4354 pro
2306 4284 2371 4339 iis
2401 4285 2775 4339 humaniorem
2817 4281 2957 4339 ferre
2985 4283 3331 4337 sententiam.
3367 4283 3572 4355 Synodi

1986 4385 2167 4432 autem
2198 4376 2349 4439 fiant,
2400 4392 2505 4430 una
2553 4375 2771 4445 quidem
2816 4383 2942 4431 ante
2986 4374 3482 4443 Quadragesimam,
3515 4383 3575 4430 ut

1987 4468 2132 4522 omni
2161 4466 2432 4523 simultate
2455 4466 2682 4531 sublata,
2718 4481 2911 4521 munus
2935 4480 3128 4535 purum
3151 4465 3267 4522 Deo
3284 4466 3570 4522 oti'cratur:

1987 4557 2222 4615 secunda
2246 4566 2424 4613 autem
2450 4557 2591 4613 circa
2615 4565 2825 4628 tempus
2855 4557 3118 4614 autumni.

2055 4818 2141 4873 Vl.
2170 4819 2386 4890 Antiqui
2418 4835 2595 4876 mores
2625 4819 2926 4884 obtineant,
2951 4823 3042 4892 qui
3073 4832 3200 4877 sunt
3230 4823 3281 4878 in
3314 4823 3570 4897 Egypto,

1984 4911 2149 4982 Libya
2177 4910 2543 4981 etPentapoli,
2570 4910 3039 4968 utAlexandrinus
3067 4914 3355 4984 episcopus
3383 4916 3572 4970 horum

1985 5004 2223 5059 omnium
2247 5003 2443 5058 habeat
2466 5011 2813 5073 potestatem,
2832 5006 3087 5075 quoniam
3112 5005 3199 5059 illa
3223 5014 3304 5059 est
3331 5006 3576 5061 Romano

1987 5094 2149 5151 etiam
2194 5096 2450 5165 episcopo
2505 5096 2862 5152 consuetudo.
2912 5095 3172 5151 Similiter
3226 5102 3404 5149 autem
3436 5105 3491 5150 et
3520 5096 3575 5152 in

1988 5184 2295 5251 Antiochia,
2327 5192 2381 5241 et
2422 5187 2475 5241 in
2506 5186 2625 5241 aliis
2660 5186 2952 5256 provinciis
2980 5184 3258 5255 privilegia
3290 5198 3576 5241 serventur

1987 5273 2261 5330 Ecclesiis.
2289 5274 2421 5329 Illud
2462 5284 2642 5330 autem
2671 5275 2892 5329 omnino
2915 5273 3259 5330 manifestum
3290 5286 3392 5340 est,
3428 5277 3571 5346 quod

1986 5367 2029 5421 si
2058 5366 2178 5437 quis
2223 5374 2417 5435 prmter
2470 5365 2796 5420 sententiam
2845 5365 3246 5435 metropolitani
3286 5366 3459 5422 factus
3507 5369 3578 5424 sit

1986 5458 2294 5529 episcopus,
2325 5457 2469 5513 hunc
2490 5471 2681 5526 magna
2712 5456 2948 5529 synodus
2976 5459 3166 5513 statuit
3189 5475 3293 5516 non
3318 5469 3573 5530 oportere

1986 5565 2104 5606 esse
2133 5551 2468 5622 episcopum.
2499 5549 2556 5605 Si
2585 5565 2714 5607 vero
2744 5551 3017 5607 communi
3048 5552 3289 5608 omnium
3318 5551 3573 5621 sulfragio

1986 5640 2179 5695 rationi
2200 5648 2589 5711 consentanea,
2612 5651 2665 5698 et
2693 5643 2984 5699 secundum
3015 5643 3442 5701 ecclesiasticum
3486 5660 3578 5699 ca-

1988 5746 2207 5800 nnnem,
2233 5732 2339 5787 duo
2364 5740 2456 5787 aut
2499 5741 2608 5790 tres
2647 5736 3005 5801 contentiosa,
3037 5753 3132 5792 seu
3165 5734 3381 5804 propria
3411 5736 3577 5803 perti-

1989 5822 2141 5875 nacia
2182 5822 2381 5879 inducti
2426 5826 2871 5890 contradixcrint,
2918 5825 3168 5884 obtineat
3221 5823 3575 5892 plurimorum

1990 5914 2275 5969 sententia.

3103 6009 3144 6068 2
