4034 6206
604 415 674 471 45
1894 408 2244 466 DIONYSIUS
2282 408 2604 472 EXIGUUS.
3823 444 3864 497 li.

675 523 736 590 ζ.
768 521 970 581 Ἐπειδή
993 527 1226 582 συνήθεια
1252 525 1524 597 κεκράτηκε
1549 525 1633 576 κιί
1658 522 1940 597 παράδοσις
1963 526 2184 599 ἀρχαῖα,
2219 529 2266 585 Α

2372 526 2484 582 Vll.
2523 528 2786 596 Quoniam
2838 529 3171 590 Consuetudo
3230 535 3503 607 obtinuit,
3556 548 3608 596 et
3663 554 3863 604 annona

607 617 736 669 ὥστε
782 617 867 669 τόν
898 617 946 668 ἐν
975 615 1114 688 Allia;
1145 617 1418 669 ἐπίσκοπον
1455 617 1727 685 τιμᾶσθαι,
1757 618 1926 688 ἐχέτω
1956 623 2046 677 τήν
2071 619 2191 672 ἀκο-

2299 621 2536 684 traditio,
2570 631 2627 674 ut
2659 621 2815 691 [Elite
2843 627 3127 698 episcopus
3159 629 3472 695 honoretur.
3505 633 3699 690 habent
3726 640 3863 693 ordi«

605 704 804 761 λουθίαν
849 714 940 766 τῆς
982 714 1150 776 τιμῆς,
1182 715 1244 781 τῇ
1285 707 1592 778 μητροπόλει
1635 705 1756 780 [τῆς
1801 704 2189 782 μητροπόλεως]

2295 725 2416 764 nem
2476 713 2735 781 honoris,
2805 719 3089 788 metropoli
3157 724 3375 793 propria
3445 725 3703 795 dignitate
3767 746 3863 784 scr.

607 802 898 870 σωζομένου
922 805 1011 854 τοῦ
1041 802 1224 853 οἰκείου
1251 801 1553 872 ἀξιώματος.
2294 809 2434 854 vata.

674 914 735 968 η’.
764 915 882 986 Περί
905 918 1004 967 τῶν
1033 912 1386 984 ὀνομαζόντων
1414 919 1503 986 μέν
1538 917 1744 980 ἑαυτοὺς
1771 919 2013 993 καθαρούς
2044 943 2185 989 ποτε,

2367 911 2498 966 Vill.
2533 912 2606 970 De
2633 915 2715 970 his
2755 918 2845 986 qui
2876 934 2935 974 se
2968 921 3241 991 catharos,
3286 924 3338 979 id
3383 936 3464 980 est
3489 943 3672 997 puros,
3710 937 3854 988 nomi

602 1004 1039 1078 προσερχομένων
1070 1002 1123 1058 δέ
1151 1004 1176 1033 ⁸
1197 1013 1258 1079 τῇ
1288 1007 1515 1081 καθολικῇ
1543 1013 1624 1063 καί
1669 1013 1975 1086 ἀποστολικῇ
2017 1015 2190 1074 ἐκκλη-

2292 1013 2441 1067 nant,
2472 1006 2516 1060 si
2541 1006 2830 1076 aliquando
2859 1011 2927 1066 ad
2952 1013 3277 1070 catholicam
3307 1025 3360 1071 et
3388 1021 3741 1088 apostolicam
3783 1024 3856 1080 Ec

605 1093 714 1164 σίᾳ,
735 1089 876 1154 ἔδοξε
905 1101 967 1166 τῇ
992 1091 1112 1166 ἁγίᾳ
1129 1098 1223 1164 ,καὶ
1241 1096 1430 1168 μεγάλη
1455 1096 1673 1170 συνόδῳ,
1699 1101 1833 1155 ὥστε
1870 1109 2189 1174 χειροθετου-

2291 1094 2506 1150 clcsiam
2534 1098 2812 1166 redierint,
2832 1101 3003 1158 visunt
3029 1117 3111 1158 est
3126 1115 3324 1161 sancta:
3344 1117 3398 1162 et
3423 1125 3630 1179 magna:
3647 1116 3856 1185 synodo

601 1185 778 1252 μένους
813 1185 1026 1249 αὑτούς,
1054 1188 1215 1256 μένειν
1255 1188 1417 1249 οὕτως
1452 1191 1503 1244 ἐν
1531 1197 1603 1263 τῷ
1635 1191 1817 1266 κλήρῳ.
1851 1196 1948 1265 Πρὸ
1987 1196 2189 1248 πάντων

2291 1198 2349 1242 ut
2394 1199 2615 1260 accepta
2663 1207 2920 1248 manuum
2976 1195 3342 1267 impositione,
3373 1200 3450 1255 sic
3493 1202 3546 1258 in
3575 1204 3724 1260 clero
3777 1222 3859 1259 ma

600 1272 652 1327 δὲ
699 1281 853 1330 τοῦτο
896 1277 1202 1348 ομολογῆσαι
1249 1282 1437 1340 αύτούς
1491 1282 1750 1356 ἐγγράφως
1799 1290 2077 1359 προσήκει,
2111 1285 2188 1342 ὅτι

2289 1289 2470 1336 neant.
2498 1280 2614 1337 Prae
2638 1285 2886 1340 omnibus
2913 1295 3094 1342 autem
3115 1304 3210 1345 eos
3230 1292 3432 1362 scripto
3461 1294 3701 1364 proﬁteri
3725 1313 3863 1367 opor

600 1370 936 1426 συνθήσονται
979 1374 1062 1424 καὶ
1097 1371 1496 1431 ἀκολουθήσουσι
1537 1382 1642 1437 τοῖς
1686 1383 1776 1437 τῆς
1816 1377 2070 1438 καθολικῆς
2102 1384 2188 1434 καί

2289 1379 2386 1438 tet,
2403 1375 2548 1442 quod
2569 1379 2929 1446 consentient,
2954 1389 3009 1435 et
3033 1392 3330 1452 sequentur
3349 1386 3599 1455 dogmata
3624 1389 3863 1446 Ecclesia

603 1459 940 1520 ἀποστολικῆς
965 1461 1228 1522 ἐκκλησίας
1257 1460 1500 1535 δόγμασι,
1522 1467 1810 1530 τοῦτ’ἐστὶ,
1844 1471 1925 1521 καὶ
1956 1466 2187 1540 διγάμοὶς

2287 1465 2570 1522 catholicae
2599 1477 2655 1523 et
2682 1472 3016 1539 apostolicae,
3042 1472 3097 1527 id
3117 1484 3220 1540 est,
3245 1485 3301 1532 et
3325 1493 3446 1534 cum
3472 1479 3698 1549 digamis
3726 1499 3863 1538 comi

598 1557 864 1615 κοινωνεῖν,
897 1553 982 1604 καί
1021 1559 1128 1611 τοῖς
1154 1553 1202 1606 έν
1228 1561 1302 1626 τῷ
1345 1553 1552 1631 διωγμῷ
1597 1560 2085 1630 παραπεπτωκόσιν,
2112 1562 2185 1631 ἐφ’

2285 1555 2580 1625 municare,
2619 1570 2676 1614 et
2703 1560 2786 1615 bis
2811 1563 2902 1632 qui
2928 1563 2980 1617 in
3012 1568 3387 1634 persecutione
3405 1577 3408 1582 '
3428 1561 3563 1640 lapsi
3586 1583 3732 1639 sunt,
3753 1577 3863 1643 qui-

598 1636 666 1693 ὦν
693 1642 778 1692 καὶ
799 1641 985 1715 χρόνος
1007 1642 1268 1708 τέτακται,
1293 1649 1375 1699 καί
1397 1649 1565 1718 καιρὸς
1592 1648 1826 1722 ὥρισται,
1842 1651 1973 1704 ὥστε
1997 1651 2183 1709 αύτούς

2285 1646 2384 1701 bus
2429 1649 2593 1703 etiam
2621 1661 2832 1721 tempus
2881 1657 3236 1712 constitutum
3279 1669 3382 1724 est,
3411 1636 3863 1733 et-opportunitas

595 1731 877 1785 ἀκολουθεῖν
907 1734 956 1785 ἐν
981 1737 1114 1789 πᾶσι
1139 1741 1243 1793 τοῖς
1274 1731 1492 1805 δόγμασι
1511 1743 1603 1795 τῆς
1621 1737 1880 1797 καθολικῆς
1901 1739 2174 1800 ἐκκλησίας.

2283 1733 2522 1805 detinita,
2555 1746 2613 1792 ut
2633 1741 2687 1794 in
2719 1743 2967 1799 omnibus
2992 1755 3287 1815 sequantur
3313 1731 3863 1818 dogmatavcatbolicm

595 1819 742 1876 Ἐνθα
771 1825 861 1894 μέν
881 1819 967 1877 οὑν
987 1825 1172 1885 πάντες
1192 1823 1290 1880 εἴτε
1313 1825 1360 1877 ἐν
1385 1829 1599 1896 κώμαις,
1619 1825 1716 1882 εἴτε
1742 1828 1790 1880 ἐν
1809 1829 2018 1882 πόλεσιν
2037 1832 2180 1885 αὑτοὶ

2285 1827 2554 1886 Ecclesiae.
2590 1831 2906 1904 Ubicunque
2933 1845 3134 1903 autem,
3165 1840 3280 1895 sive
3310 1841 3363 1895 in
3391 1842 3544 1908 vicis,
3569 1843 3684 1899 sive
3714 1846 3767 1899 in
3797 1847 3863 1900 ei.

594 1913 731 1986 μόνοι
759 1917 1073 1992 εὑρίσκοιντο
1105 1920 1560 1991 χειροτονηθέντες,
1593 1920 1638 1974 οἱ
1669 1921 2008 1992 εὑρισκόμενοι
2035 1925 2084 1977 έν
2107 1932 2178 1994 τῷ

2286 1919 2539 1976 vitalibus
2567 1922 2668 1992 ipsi
2708 1890 2832 1980 soli.
2855 1925 3057 1982 inventi
3087 1926 3286 1985 fuerint
3312 1931 3564 2000 ordinati,
3598 1934 3686 2004 qui
3717 1936 3863 1990 inve-

593 2005 754 2077 κληρῳ
779 2005 981 2063 ἔσονται
1011 2010 1061 2062 έν
1089 2016 1163 2081 τῷ
1195 2011 1336 2081 αύτῷ
1363 2015 1601 2083 σχήματι
1630 2011 1918 2086 [τάγματι].
1939 2019 1991 2068 Εἰ
2017 2014 2070 2070 δέ
2091 2025 2178 2071 τοῦ

2283 2009 2503 2066 niuntur
2545 2011 2598 2067 in
2645 2014 2793 2070 clero
2823 2015 2875 2069 in
2925 2017 3117 2073 eodem
3166 2020 3362 2076 ordine
3391 2034 3764 2092 permaneant.
3814 2026 3863 2080 Si

592 2103 679 2156 τῆς
705 2097 974 2158 καθολικῆς
1006 2098 1272 2162 ἐκκλησίας
1294 2099 1575 2156 ἐπισκόπου
1610 2099 1640 2161 ἦ
1671 2101 2016 2180 πρεσϐυτέρου
2040 2101 2179 2167 ὄντος

2285 2106 2795 2162 autemcatholicaa
2841 2106 3094 2164 Ecclesiae
3134 2113 3390 2183 episcopo
3431 2124 3523 2168 aut
3551 2117 3863 2187 presbytero

592 2191 980 2262 προσέρχονταί
1013 2211 1163 2253 τινες,
1198 2189 1476 2265 πρόδηλον,
1509 2195 1576 2254 ὠς
1603 2191 1628 2248 ὅ
1656 2195 1746 2265 μὲν
1777 2194 2061 2258 ἐπίσκοπος
2090 2208 2179 2270 τῆς

2281 2199 2548 2254 existente
2590 2199 2807 2268 quidam
2848 2201 3146 2270 accedunt,
3195 2204 3536 2260 manifestum
3589 2215 3694 2274 est,
3724 2211 3863 2278 quod

593 2283 854 2342 ἐκκλησίας
894 2285 993 2348 ἕξει
1029 2287 1085 2338 τὸ
1116 2285 1316 2354 ἀξίωμα
1342 2292 1431 2342 τοῦ
1461 2286 1754 2352 ἐπισκόπου,
1786 2288 1812 2342 ό
1856 2288 1910 2343 δέ
1939 2292 2178 2360 ὀνομαζό·

2281 2292 2566 2360 episcopus
2598 2290 2854 2347 Ecclesia;
2894 2291 3211 2362 dignitatem
3255 2296 3492 2366 episcopi
3517 2297 3733 2353 habeat.
3767 2301 3863 2366 Qui

588 2393 734 2441 μενος
763 2375 908 2448 παρά
936 2381 1045 2433 τοῖς
1080 2374 1356 2446 λεγομένοις
1380 2379 1619 2448 καθαροῖς
1643 2378 1941 2443 ἐπίσκοπος,
1973 2385 2062 2437 τήν
2084 2389 2174 2435 τοῦ

2279 2390 2459 2434 autem
2488 2382 2627 2451 apud
2675 2398 2793 2452 eos,
2837 2385 2929 2455 qui
2979 2386 3233 2442 dicuntur
3279 2391 3509 2458 eathari,
3558 2394 3863 2472 nominatur

588 2463 943 2538 πρεσϐυτέρου
973 2469 1122 2534 τιμήν
1141 2465 1267 2529 ἕξει,
1298 2466 1425 2525 πλην
1458 2466 1597 2525 εἶ’μή
1626 2465 1729 2540 ἄρα
1758 2467 1922 2527 δοκοίη
1959 2478 2030 2540 τῷ
2061 2473 2174 2526 ἔπι-

2277 2470 2594 2540 episcopus,
2629 2471 2829 2527 habeat
2877 2474 3140 2532 honorem
3184 2479 3518 2551 presbyteri,
3575 2480 3676 2537 nisi
3720 2466 3863 2540 forte

591 2556 765 2626 m3er
807 2564 898 2616 τῆς
941 2565 1093 2627 τιμῆς
1129 2565 1220 2612 τοῦ
1265 2559 1502 2629 ὀνόματος
1543 2563 1692 2616 αὑτὸν
1732 2565 1993 2642 μετέχειν.
2030 2568 2086 2619 Εἰ
2118 2565 2172 2621 δὲ

2277 2559 2541 2628 placuerit
2586 2562 2842 2634 episcopo
2870 2567 3103 2622 nominis
3146 2568 3407 2625 honorem
3434 2572 3509 2626 illi
3539 2575 3859 2630 concedere.

587 2652 738 2702 τοετο
759 2649 895 2720 αύτῷ
916 2653 987 2718 μὴ
1008 2649 1233 2720 ἀρέσκει,
1257 2655 1512 2710 ἐπινοήσει
1541 2652 1695 2709 τόπον
1715 2652 1745 2712 ἣ
1768 2657 2169 2730 χωρεπισκόπου

2273 2650 2331 2706 Si
2354 2651 2456 2706 hoc
2483 2661 2662 2707 autem
2693 2655 2744 2710 ei
2775 2657 2995 2713 minime
3025 2660 3307 2728 placuerit,
3342 2664 3580 2720 inveniat
3606 2668 3654 2721 ei
3689 2669 3860 2723 locum

587 2735 618 2795 iri
647 2738 1028 2810 πρεσϐυτέρου,
1047 2740 1179 2815 ὑπὲρ
1208 2747 1299 2796 τοῦ
1321 2743 1372 2796 ἐν
1392 2749 1464 2813 τῷ
1491 2743 1654 2817 κλήρῳ
1683 2740 1808 2802 ὅλως
1837 2744 1995 2800 δοκεῖν
2021 2743 2168 2813 εἶναι,

2274 2743 2668 2815 ehorepiscopi,
2695 2754 2789 2802 aut
2809 2749 3127 2818 presbyteri,
3155 2760 3213 2805 ut
3241 2753 3292 2807 in
3323 2755 3466 2810 clero
3492 2759 3713 2813 omnino
3744 2775 3862 2814 esse

584 2827 666 2881 ἵνα
687 2831 758 2897 μή
783 2829 833 2881 έν
858 2836 922 2902 τῇ
942 2829 1085 2893 πόλει
1115 2828 1205 2885 δύο
1225 2831 1493 2886 ἐπίσκοποι
1521 2828 1661 2888 ὦσιν.
1751 2873 1754 2876 λ

2277 2829 2537 2900 videatur,
2561 2851 2630 2891 ne
2652 2837 2704 2891 in
2727 2837 2948 2894 civitate
2969 2840 3076 2896 duo
3106 2843 3214 2898 sint
3242 2846 3500 2916 episcopi.

655 2917 712 2971 θ’.
745 2917 813 2973 Εἴ
842 2941 972 2980 τινες
1001 2921 1345 2985 ἀνεξετάστως
1387 2926 1768 2998 προσήχθησαν
1801 2928 2162 3006 πρεσϐύτεροι,

2342 2927 2432 2982 IX.
2475 2929 2532 2985 Si
2562 2931 2652 3001 qui
2677 2933 2794 2989 sine
2845 2936 3248 2994 examinatione
3288 2943 3585 3014 presbyteri
3626 2949 3857 3016 promoti

583 3010 612 3070 ἢ
629 3011 1000 3083 ἀνακρινόμενοι
1013 3013 1340 3084 ὡμολόγησαν
1357 3018 1422 3071 τὰ
1437 3016 1778 3090 ἁμαρτήματα
1792 3015 2164 3094 ἷήμαρτημένα]

2271 3018 2400 3088 sint,
2429 3023 2514 3077 vel
2561 3038 2681 3078 cum
2722 3025 3146 3094 discuterentur,
3197 3043 3428 3104 peccata
3471 3051 3567 3090 sua
3624 3040 3854 3096 confessi

582 3103 774 3167 αὐτοῖς,
804 3105 890 3156 καί
933 3102 1346 3175 ὁμολογησάντων
1374 3108 1560 3172 αύτὼν,
1589 3110 1734 3182 παρά
1773 3108 1949 3164 κανόνα
1995 3114 2164 3167 κινού-

2269 3112 2395 3178 sint,
2420 3113 2605 3183 eisque
2627 3115 2910 3186 confessis,
2934 3119 3179 3176 homines
3203 3129 3390 3180 contra
3417 3102 3678 3181 canonem
3701 3131 3853 3196 moti,

582 3214 714 3262 μενοι
734 3195 780 3249 οἱ
801 3191 1053 3271 ἄνθρωποι
1077 3204 1188 3257 τοῖς
1207 3199 1456 3259 τοιούτοις
1482 3186 1638 3271 χεῖρα
1662 3200 2028 3269 ἐπιτεθήκασιν,
2047 3201 2161 3257 τοὺ-

2269 3216 2456 3259 manus
2485 3204 2857 3276 imposuerint,
2891 3209 3022 3264 tales
3051 3225 3225 3266 canon
3258 3229 3364 3269 non
3397 3216 3631 3272 arhnittit
3665 3236 3678 3272 :
3711 3186 3855 3288 quod

582 3306 701 3346 τους
730 3285 755 3340 ὁ
781 3291 938 3342 κανὼν
973 3290 1030 3343 οὑ
1068 3292 1358 3361 προσίεται.
1393 3292 1461 3348 Τό
1487 3293 1581 3370 γὰρ
1607 3294 1945 3353 ἀνεπίληπτον
1974 3295 2158 3352 ἐκδικεί

2273 3294 2420 3350 enim
2447 3297 2867 3367 reprehensibile
2895 3309 3010 3364 est,
3056 3304 3323 3360 catholica
3363 3305 3599 3363 Ecclesia
3629 3285 3743 3365 non
3760 3311 3853 3365 de—

581 3379 610 3434 ἡ
631 3379 856 3438 καθολική
885 3380 1145 3440 ἐκκλησία.

885 3380 1145 3440 ἐκκλησία.
2269 3383 2455 3442 fendit.

651 3472 698 3526 ι’.
730 3470 878 3530 Ὀσοι
901 3477 1374 3550 προεχειρίσθησαν
1401 3487 1501 3534 τῶν
1525 3484 2014 3556 παραπεπτωκότων
2032 3487 2164 3541 κατά
2219 3493 2226 3500 ”

2300 3492 2305 3498 ·
2341 3478 2408 3534 Χ.
2432 3479 2767 3552 Quicunque
2795 3500 2860 3539 ex
2883 3485 3045 3556 lapsis
3065 3488 3295 3545 ordinati
3321 3498 3445 3545 sunt
3475 3507 3570 3561 per
3599 3493 3852 3560 ignoran-

579 3563 800 3637 ἄγνοιαν,
828 3568 858 3627 ἧ
888 3572 969 3624 καί
1001 3568 1308 3645 προειδότων
1345 3579 1444 3628 τῶν
1481 3577 1979 3650 προχειρισαμένων,
2008 3584 2160 3634 τοῦτο

2265 3574 2417 3642 tiam,
2445 3575 3030 3634 autdissimulationem
3058 3596 3246 3637 eorum
3272 3583 3362 3652 qui
3390 3597 3485 3640 eos
3511 3583 3849 3653 ordinarunt,

580 3660 636 3711 οὑ
664 3662 914 3736 προκρίνει
939 3658 1102 3731 [οὗτοι
1127 3665 1188 3717 οὑ
1215 3663 1569 3739 προκρίνουσι]
1599 3667 1759 3722 κανόνι
1781 3673 1855 3740 τῷ
1892 3669 2162 3728 έκκλησια-

2264 3665 2487 3722 bocnon
2501 3667 3020 3738 pmjudicatcanoni
3047 3671 3454 3740 Ecclesiastico;
3482 3669 3682 3744 cogniti
3706 3679 3847 3730 enim

579 3755 756 3820 στικῷ·
785 3753 1090 3821 γνωσθέντες
1115 3756 1217 3828 γὰρ
1242 3757 1623 3831 καθαιροῦνται.

1167 3756 1217 3828 ip
1242 3757 1623 3831 καθαιροῦνται.
2261 3755 2622 3828 deponuntur.
2751 3829 2760 3840 Ι

647 3842 731 3894 ια’.
777 3846 894 3912 Περὶ
930 3850 1030 3898 τῶν
1053 3843 1423 3920 ξπαραϐἀντων
1463 3852 1631 3924 χωρὶς
1657 3851 1896 3924 ἀνάγκης,
1929 3852 1960 3912 ἦ
1992 3857 2160 3930 χωρὶς

2334 3848 2424 3904 XI.
2471 3851 2544 3906 De
2574 3853 2655 3907 his
2683 3855 2774 3921 qui
2821 3855 3154 3924 prmvaricati
3195 3864 3321 3910 sunt
3357 3858 3474 3912 sine
3503 3860 3850 3927 necessitate,

577 3931 890 4005 ἀφαιρέσεως
933 3936 1305 4009 ὑπερχόντων,
1353 3937 1385 3998 ἦ
1434 3942 1602 4014 χωρίς
1651 3940 1905 4008 κινδύνου,
1957 3945 1990 4004 ἤ
2026 3930 2159 4007 τινος

2263 3948 2355 3997 aut
2381 3940 2689 3997 facultatum
2717 3943 3020 4012 ablatione,
3038 3952 3131 3999 aut
3158 3945 3276 4001 sine
3307 3947 3572 4017 periculo,
3623 3957 3716 4002 aut
3746 3949 3850 4002 ali-

576 4024 807 4078 τοιούτου
825 4066 839 4087 ,
871 4022 897 4078 ὁ
923 4027 1121 4098 γέγονεν
1150 4028 1235 4082 έπί
1268 4038 1362 4090 τῆς
1392 4030 1690 4108 τυραννίδος
1728 4037 1972 4090 Λικινίου·
2015 4035 2157 4100 ἔδοξε

2262 4049 2369 4104 quo
2399 4035 2683 4105 ejusmodi,
2708 4038 2850 4108 quod
2874 4038 3074 4095 factum
3099 4049 3181 4096 est
3201 4042 3300 4096 sub
3329 4041 3610 4112 tyrannide
3635 4041 3847 4107 Licinii,

574 4121 636 4186 τῇ
685 4114 914 4185 συνόδῳ,
948 4119 990 4170 εί
1037 4121 1123 4172 καί
1171 4121 1363 4184 ἀνάξιοι
1415 4121 1546 4181 ἦσαν
1586 4126 1977 4198 φιλανθρωπίας,
2023 4125 2159 4196 ὅμως

2263 4127 2430 4182 visum
2460 4135 2541 4182 est
2567 4127 2796 4198 synodo,
2828 4129 2957 4184 licet
2984 4130 3352 4186 misericordia
3381 4132 3581 4202 indigni
3602 4134 3733 4201 sint,
3763 4133 3852 4187 be-

577 4208 1012 4279 χρηστεύσασθαι
1038 4213 1108 4270 είς
1132 4214 1338 4273 αὑτούς.
1370 4213 1518 4269 Ὀσοι
1563 4212 1650 4269 οὖν
1678 4220 1896 4287 γνησίως
1933 4236 2158 4289 μεταμε-

2263 4217 2522 4284 nignitate
2553 4224 2732 4274 tamen
2764 4219 2819 4274 in
2848 4235 2942 4276 eos
2964 4221 3064 4276 uti.
3089 4222 3406 4294 Quicunque
3433 4240 3563 4295 ergo
3587 4242 3716 4282 vere
3746 4241 3851 4296 po.~

574 4295 776 4359 λῶνται,
807 4300 925 4371 τρία
953 4298 1038 4358 ἔτη
1085 4301 1135 4354 ἐν
1177 4304 1510 4376 ἀκροωμένοις
1545 4308 1847 4365 ποιήσουσιν
1877 4310 1921 4362 oi
1959 4315 2155 4376 πιστοὶ,

2263 4307 2452 4371 nitent,
2480 4309 2651 4363 tribus
2672 4309 2832 4366 annis
2856 4310 3040 4367 fideles
3061 4312 3202 4367 inter
3221 4314 3505 4370 audientes
3527 4316 3846 4378 habeantur,

575 4388 652 4440 καί
689 4387 820 4442 έπτά
851 4387 940 4448 ἔτη
966 4392 1369 4449 ὑποπεσοῦνται“
1404 4393 1497 4450 δύο
1523 4394 1577 4451 δὲ
1619 4395 1705 4454 ἔτη
1737 4401 1904 4473 χωρὶς
1933 4419 2159 4473 προσφο-

2261 4405 2315 4452 et
2343 4407 2549 4468 septem
2581 4400 2736 4455 annis
2773 4400 2992 4470 jaceant
3024 4420 3036 4455 :
3083 4401 3292 4459 duobus
3321 4412 3502 4459 autem
3549 4406 3706 4460 annis
3734 4406 3850 4460 sine

573 4482 690 4548 ρᾶς,
719 4485 1079 4539 κοινωνήσουσι
1106 4491 1178 4554 τῷ
1205 4485 1311 4559 λαῷ
1337 4493 1434 4541 τῶν
1461 4497 1793 4563 προσευχῶν.
1901 4526 1907 4531 -

2264 4489 2563 4558 oblatione,
2588 4491 2788 4561 populo
2815 4493 3216 4550 communicent
3245 4493 3297 4549 in
3328 4493 3680 4549 orationibus.

644 4590 728 4643 ιϐ’.
777 4594 838 4646 Οἱ
876 4593 928 4648 δὲ
977 4598 1367 4673 προσκληθέντες
1413 4605 1501 4673 μέν
1539 4604 1640 4658 ἀπὸ
1684 4613 1775 4665 τῆς
1820 4605 2042 4681 χάριτος
2077 4610 2157 4662 καί
2186 4616 2237 4676 D

2336 4601 2448 4657 XII.
2489 4596 2805 4674 Quicunque
2836 4607 3013 4662 vocati
3058 4622 3155 4678 per
3181 4608 3439 4676 gratiam,
3470 4608 3699 4677 primum
3725 4609 3847 4675 qui-

572 4687 661 4739 τήν
691 4686 896 4758 πρώτην
927 4685 1086 4762 ὁρμὴν
1128 4688 1476 4762 ἐνδειξάμενοι,
1507 4697 1591 4749 καί
1616 4695 1912 4767 ἀποθέμενοι
1939 4699 2034 4758 τὰς
2062 4701 2158 4763 ζὼ-

2263 4692 2384 4749 dem
2412 4693 2660 4750 ardorem
2684 4694 2912 4752 [idemve
2933 4711 3084 4752 suam
3111 4697 3484 4764 ostenderunt,
3499 4706 3554 4751 et
3573 4697 3845 4764 cingulum

570 4797 690 4838 νας,
719 4781 848 4847 μετά
877 4779 930 4834 δὲ
955 4788 1118 4837 ταῦτα
1146 4784 1230 4838 ἐπὶ
1259 4787 1341 4839 τόν
1378 4791 1560 4843 οἰκεῖον
1584 4787 1758 4860 ἔμετον
1779 4789 2159 4865 ἀναδραμόντες

2261 4784 2463 4839 militia:
2489 4784 2877 4855 deposuerunt,
2910 4794 3098 4857 postea
3131 4802 3258 4841 vero
3305 4794 3363 4841 ut
3405 4800 3571 4840 canes
3601 4784 3668 4839 ad
3689 4800 3844 4840 suum

571 4870 640 4927 ὡς
665 4865 830 4934 κύνες,
860 4873 928 4931 ὥς
955 4894 1096 4935 τινας
1118 4877 1202 4929 καί
1224 4875 1444 4952 ἀργύρια
1463 4881 1728 4954 πρόεσθαι,
1755 4883 1838 4937 καί
1864 4882 2157 4952 ϐενεῳικίοις

2261 4879 2522 4933 vomitum
2563 4878 2764 4934 reversi
2794 4885 2941 4941 sunt,
2976 4879 3048 4932 ita
3071 4886 3130 4932 ut
3157 4877 3321 4947 aliqui
3350 4884 3404 4931 et
3431 4876 3718 4946 pecuniam
3745 4877 3843 4930 da-

569 4963 879 5035 κατορθῶσαι
903 4960 1138 5041 [δωρεαῖς
1166 4969 1250 5020 καὶ
1280 4966 1634 5041 ὑποσχέσεσι]
1661 4972 1719 5025 τὸ
1741 4971 2155 5046 (Evasit-paradox-

2253 4982 2406 5039 .rent,
2429 4979 2483 5027 et
2512 4971 2788 5028 beneﬁciis
2817 4971 3063 5035 militiam
3092 4977 3423 5040 repeterent,
3441 4969 3506 5062 ‘hi
3535 4969 3722 5025 decem
3744 4983 3841 5023 an-

559 5053 708 5118 κσθαι,
760 5053 900 5111 οὗτοι
941 5055 1060 5112 δέκα
1101 5056 1190 5117 ἕτη
1237 5061 1702 5129 ὑποπιπτέτωσαν,
1750 5069 1882 5137 μετά
1930 5068 2017 5122 τόν
2063 5077 2152 5129 τῆς

2262 5063 2344 5118 nis
2380 5063 2622 5133 jaceaut,
2665 5070 2786 5134 post
2812 5061 3028 5118 triennii
3067 5059 3358 5116 auditionis
3406 5053 3636 5130 tempus.
3665 5058 3723 5113 In
3762 5059 3843 5114 his

568 5152 799 5218 τριετοῦς
828 5149 1118 5219 ἀκροάσεως
1149 5151 1354 5226 χρόνον·
1376 5153 1446 5226 ἐφ’
1464 5151 1629 5209 ἅπασι
1657 5153 1710 5210 δέ
1736 5157 1957 5221 τούτοις,
1987 5178 2154 5233 προσ-

2258 5164 2438 5211 autem
2461 5156 2710 5211 omnibus
2731 5155 3022 5210 observare
3049 5160 3265 5225 oportet
3293 5152 3632 5224 propositum
3654 5160 3708 5207 et
3733 5166 3843 5207 nio-

567 5237 672 5290 ήκει
695 5232 938 5300 ἐξετάζειν
963 5244 1050 5298 τὴν
1079 5244 1370 5320 προαίρεσιν
1392 5248 1476 5299 καί
1501 5248 1559 5300 τό
1587 5241 1716 5307 εἶδος
1739 5255 1829 5309 τῆς
1860 5251 2150 5315 μετανοίας.

2255 5246 2380 5300 dum
2413 5245 2759 5316 pmnitentite.
2807 5244 3123 5313 Quicunque
3152 5243 3295 5298 enim
3340 5251 3396 5298 et
3425 5243 3636 5308 timore,
3677 5250 3736 5297 et
3765 5241 3843 5295 la-

559 5321 713 5381 ὀσοι
755 5329 844 5397 μὲν
887 5331 984 5404 γὰρ
1028 5336 1113 5386 καί
1159 5336 1293 5407 φόϐῳ
1325 5340 1405 5391 καί
1433 5335 1651 5413 δάκρυσι
1679 5344 1761 5394 καί
1799 5341 2026 5416 ὑπομονῇ
2067 5348 2152 5398 καὶ

2256 5339 2473 5410 crymis,
2499 5347 2553 5392 et
2574 5337 2856 5407 patientia,
2886 5345 2941 5390 et
2969 5335 3126 5389 bonis
3153 5334 3406 5404 operibus
3431 5332 3839 5388 conversionem

563 5417 932 5492 ἀγαθοεργίαις.
958 5426 1046 5478 τήν
1076 5425 1377 5502 ἐπιστροφὴν
1404 5426 1529 5503 ἔςογῳ
1573 5434 1655 5485 καί
1681 5434 1738 5485 ού
1767 5437 2006 5502 σχήματι
2036 5436 2147 5488 ἐπι-

2255 5432 2456 5500 absque
2478 5431 2820 5485 simulatione
2841 5430 3235 5493 demonstrant,
3255 5429 3308 5483 hi
3331 5425 3607 5482 deﬁnitum
3632 5432 3839 5494 tempus

565 5506 864 5575 δείκνυνται,
895 5506 1034 5566 οὗτοι
1060 5514 1417 5589 πληρώσαντες
1447 5523 1531 5574 τόν
1558 5521 1742 5596 χρόνόν
1767 5524 1850 5578 τὸν
1879 5527 2147 5600 ὡρισμένον

2257 5522 2548 5578 auditibnis
2578 5521 2890 5591 implentes,
2922 5529 3032 5575 tum
3062 5519 3278 5575 demum
3325 5517 3658 5576 orationibus
3685 5530 3837 5571 com~

565 5607 656 5656 τῆς
695 5603 1014 5674 ἀκροάσεως,
1043 5609 1247 5670 εἰκότως
1273 5618 1371 5665 τῶν
1399 5617 1571 5685 εὑχῶν
1597 5622 1986 5681 κοινωνήσουσι,
2016 5624 2145 5690 μετὰ

2254 5615 2622 5679 municabunt,
2655 5621 2710 5670 et
2751 5622 2940 5684 postea
2971 5611 3154 5667 licebit
3183 5611 3463 5682 episcopo,
3514 5609 3582 5662 de
3610 5607 3695 5662 his
3739 5606 3837 5659 ali-

561 5699 650 5745 τοῦ
695 5690 867 5756 ἐξεῖναι
908 5705 980 5764 τῷ
1028 5702 1289 5772 ὲπισκόπῳ
1339 5709 1420 5758 καὶ
1460 5708 1916 5784 φιλρννθρωπότερόν
1951 5733 1999 5767 τι
2029 5716 2147 5788 περὶ

2251 5707 2379 5777 qutd
2408 5705 2692 5762 humanius
2713 5705 2976 5774 cogitare.
3005 5703 3324 5772 Quicunque
3355 5717 3481 5756 vero
3527 5697 3832 5754 indifferen-

562 5783 724 5837 κύτιῗνν
778 5788 1181 5846 Εουλεύσασθαι”
1214 5791 1324 5848 ὅσοι
1367 5794 1419 5850 δέ
1462 5795 1745 5868 ἁδιαςμόοως
1785 5800 1996 5872 ἤνεγκαν
2020 5841 2032 5864 ,
2066 5809 2144 5857 καί

2249 5812 2333 5859 ter
2362 5801 2626 5866 tulerunt,
2674 5807 2730 5854 et
2777 5799 3018 5854 habitum
3059 5795 3354 5853 Ecclesiam
3393 5792 3698 5849 introeundi
3735 5791 3831 5846 sibi

629 5924 659 5956 "
704 5923 988 5992 tegeretur
1019 5931 1210 5985 melius
1233 5955 1243 5987 :
1265 5937 1382 6004 Περὶ
1412 5940 1574 5987 τῶν...
1607 5931 1878 6008 καθαροὺς,
1909 5941 2032 5992 ποτέ
2066 5938 2222 6008 δένθ¹⁴

1944 5941 2032 5992 'ori
2066 5938 2291 6008 aé,etc.,
2320 5946 2379 5994 ut
2405 5928 2684 6006 postulare
2705 5933 2914 5992 videtur
2950 5931 3110 5990 lectio
3139 5928 3346 5986 Latina.
3384 5928 3537 5985 EDIT.
