4034 6206
387 444 469 498 43

1344 423 1568 480 consx
1609 423 1933 480 CANONUM
1975 422 2340 479 UNIVERSAE
2382 422 2760 481 ECCLESIAS.
3624 381 3693 477 te

402 549 469 600 τό
496 554 686 618 σχῆμα
712 542 1040 598 τοῦ-εἰσιέναι
1085 544 1156 603 είς
1200 546 1288 600 τόν
1328 543 1594 600 ἐκκλησίαν
1622 545 1792 619 ἀρκεῖν
1831 545 1998 601 αὐτοῖς

2117 541 2346 598 irbitrati
2375 552 2498 597 sunt
2529 543 2592 596 ad
2615 544 3022 598 conversionem
3049 542 3312 604 sufﬁcere.
3337 543 3391 598 hi
3413 542 3572 598 deﬂui
3585 552 3696 596 tum

405 645 669 712 ἡγήσαντο
695 639 823 714 πρὸς
852 643 942 697 τήν
975 639 1327 714 ἐπιστρέφειαν
1356 633 1728 711 [ἐπιστροφῆνᾏ
1757 638 1804 699 ἐξ
1836 636 1996 690 ἄπαν-

409 754 494 792 το;
524 733 900 806 πληρούτωσαν
927 732 1010 785 τόν
1039 731 1245 806 χρόνον.

485 823 571 894 ιγ’.
603 826 720 897 Περὶ
745 821 799 878 δέ
822 828 924 878 τῶν
954 819 1281 887 ἐξοδευόντων
1300 861 1316 883 ,
1345 818 1371 873 ὁ
1396 819 1609 880 παλαιός
1640 825 1721 874 καί
1750 842 1993 880 κανονικος

406 916 564 985 νόμος
590 914 978 985 φυλαχθήσεται
1005 916 1088 968 καί
1113 919 1223 974 νῦν,
1252 913 1406 977 ὥστε,
1437 909 1490 965 εἴ
1521 931 1600 972 τις
1641 910 1876 977 ἐξοδεόοι,
1908 919 1998 968 τοῦ

409 1010 708 1063 τελευταίου
733 1009 818 1060 καί
839 1007 1238 1078 ἀναγκαιοτάτου
1266 1003 1463 1076 ἐφοδίου
1491 1010 1560 1076 μή
1587 1007 2000 1079 ἀποστερεῖσθαι.

413 1102 470 1152 Εἰ
497 1096 553 1154 δέ
591 1101 931 1170 ἀπογνωσθείς
957 1101 1038 1152 καί
1076 1099 1329 1156 κοινωνίας
1364 1095 1514 1151 πάλιν
1553 1100 1754 1168 τυχών,
1781 1097 1929 1151 πάλιν
1953 1097 2002 1148 ἐν

412 1197 520 1249 τοῖς
571 1194 724 1252 ζῶσιν
748 1191 1008 1262 ἐξετασθᾷ,
1031 1189 1162 1258 μετὰ
1187 1193 1288 1242 τῶν
1316 1188 1678 1242 κοινωνούντων
1718 1193 1809 1247 τῆς
1842 1188 2003 1257 εὐχῆς

415 1283 567 1351 μόνης
595 1280 754 1336 ἔστω.
803 1281 1014 1335 Καθόλου
1041 1278 1096 1334 δὲ
1118 1281 1200 1334 καί
1233 1282 1353 1354 περί
1381 1280 1572 1338 πάντος
1598 1280 1898 1335 οὑτινοσοῦν
1927 1281 2002 1344 ἐξ·

413 1373 475 1428 οδ
503 1376 675 1433 ὕοντος
692 1375 954 1433 αἰτοῦντος
969 1379 1058 1428 τοῦ
1079 1379 1367 1443 μετασχεῖν
1388 1373 1751 1447 εὐχαριστίας,
1767 1370 1791 1425 ό
1806 1371 2005 1426 ἐπίσκο-

411 1487 514 1525 πος
528 1468 659 1536 μετά
673 1463 974 1536 δοκιμασίας
987 1460 1300 1537 μεταδιδότω
1315 1459 1571 1532 [ἐπιδότω]
1583 1469 1674 1523 τῆς
1687 1467 1981 1537 προσφορᾶς
1991 1502 2003 1513 .

486 1555 568 1610 ιδ’.
585 1558 698 1632 Περὶ
719 1563 818 1610 τῶν
841 1555 1240 1627 κατηχουμένων
1262 1555 1350 1608 καί
1370 1573 1607 1628 παραπεσ
1617 1553 1768 1608 όντων
1788 1551 1924 1617 ἔδοξε

413 1647 540 1719 ἀνίᾳ
554 1649 636 1698 καί
654 1645 844 1719 μεγάλῃ
857 1641 1078 1715 συνόδῳ,
1093 1645 1222 1719 ὥστε
1243 1649 1398 1717 τριῶν
1414 1643 1534 1696 ἐτῶν
1552 1644 1732 1704 αὐτοὺς
1745 1643 2005 1714 ἀκροωμέ-

411 1753 532 1792 νους
547 1733 714 1803 μόνον,
729 1734 859 1802 μετά
876 1739 1043 1786 ταῦτα
1057 1729 1308 1802 εὔχεσθαι
1321 1733 1452 1801 μετά
1475 1739 1574 1786 τῶν
1586 1735 2001 1802 κατηχουμένων.

483 1826 560 1878 ιε’.
590 1827 682 1878 Διὰ
707 1825 790 1878 τὸν
826 1823 980 1878 πολὺν
1004 1822 1244 1897 τάραχον
1274 1824 1354 1876 καί
1383 1824 1475 1882 τὰς
1519 1822 1731 1881 στάσεις
1755 1825 1850 1882 τὰς
1872 1841 2007 1893 ’γινο-

2105 645 2314 706 tempus
2346 635 2566 691 omnino
2597 635 2870 706 impleant.

2176 832 2308 889 XIII.
2353 835 2427 890 De
2457 836 2537 890 his
2565 836 2654 907 qui
2703 836 2808 890 vita
2839 835 3126 904 excedunt,
3158 844 3314 890 vetns
3344 842 3401 891 et
3427 837 3690 892 canonica

2104 926 2188 981 lex
2220 942 2360 982 nunc
2388 941 2603 996 quoque
2630 926 2950 990 servabitur,
2985 933 3044 982 ut
3072 927 3117 982 si
3147 927 3269 996 quis
3297 925 3407 980 vita
3439 925 3690 997 excedat,

2107 1020 2294 1074 ultimo
2324 1029 2376 1075 et
2407 1020 2711 1076 necessario
2733 1020 2930 1076 viatico
2952 1019 3170 1074 minime
3189 1019 3450 1090 privetur.
3475 1018 3532 1073 Si
3564 1033 3694 1073 vero

2106 1109 2441 1180 desperatus,
2473 1119 2527 1165 et
2549 1112 2982 1166 communionem
3014 1119 3290 1166 assecutus
3313 1110 3693 1180 supervixerit,

2107 1203 2174 1257 sit
2226 1203 2367 1257 inter
2410 1218 2504 1258 eos
2553 1203 2644 1273 qui
2676 1203 3114 1259 communionem
3154 1202 3418 1257 orationis
3457 1210 3676 1255 tantum-

2108 1292 2270 1348 modo
2293 1301 2712 1362 consequuntur.
2730 1291 3070 1349 Generaliter
3098 1300 3278 1348 autem
3300 1292 3446 1348 omni
3474 1291 3695 1348 cuilibet

2107 1382 2159 1436 in
2182 1383 2327 1438 exitu
2350 1383 2548 1454 posito,
2563 1393 2619 1440 et
2633 1383 2968 1439 eucharistia:
2992 1384 3453 1454 participationem
3468 1383 3692 1454 petenti,

2109 1477 2393 1546 episcopus
2421 1492 2544 1532 cum
2571 1475 2971 1530 examinatione
2999 1474 3326 1541 oblationem
3353 1473 3644 1544 impertiat.

2182 1569 2318 1623 XIV.
2364 1570 2439 1626 De
2486 1569 2894 1625 catechumenis
2939 1567 3104 1640 lapsis
3149 1567 3352 1638 placuit
3398 1574 3593 1621 sancire
3641 1575 3693 1620 et

2108 1672 2314 1727 magum
2342 1659 2572 1730 synodo,
2604 1669 2663 1714 ut
2701 1659 2736 1713 ii
2775 1659 2945 1714 tribus
2975 1657 3130 1713 annis
3168 1657 3448 1713 audientes
3485 1665 3691 1712 tantum

2108 1749 2234 1814 sint,
2268 1757 2457 1820 postea
2489 1757 2646 1804 orent
2665 1764 2787 1805 cum
2808 1750 3226 1806 catechumenis.

2182 1838 2295 1893 XV.
2339 1838 2568 1910 Propter
2591 1841 2846 1896 tumultus
2866 1848 2921 1896 et
2943 1841 3235 1896 seditiones
3255 1856 3373 1910 quae
3397 1841 3547 1905 Iiunt,
3575 1840 3692 1910 pla-

409 1916 583 1984 μέθας,
615 1913 754 1978 ἔδοξε
779 1912 1084 1970 παντάπασι
1104 1915 1484 1987 περιαιρεθῆναι
1511 1919 1600 1971 τήν
1621 1914 1885 1972 συνήθειαν
1916 1918 2005 1971 τήν

2117 1931 2219 1985 cuit
2247 1932 2468 1987 omnino
2497 1933 2943 1988 consuetudinem
2989 1933 3123 1999 tolli,
3155 1946 3273 2004 quae
3305 1941 3500 2004 pncte‘r
3524 1949 3692 1990 cano-

409 2011 559 2084 παρὰ
581 2009 670 2065 τὸν
697 2009 879 2064 κανόνα
918 2008 1210 2082 εὑρεθεῖσαν
1253 2005 1303 2063 ἴν
1340 2029 1446 2063 τισι
1483 2008 1707 2083 μέρεσιν,
1741 2009 1874 2064 ὥστε
1905 2011 2004 2063 ἀπὸ

411 2103 610 2162 πόλεως
635 2103 706 2162 είς
733 2102 876 2154 πόλιν
915 2105 984 2170 μὴ
1012 2099 1366 2170 μεταϐαίνειν,
1395 2103 1519 2170 μήτε
1551 2099 1850 2160 ἐπίσκοπον,
1877 2103 2003 2166 μήτε

409 2192 786 2266 πρεσϐύτερον,
815 2194 938 2262 μήτε
959 2189 1211 2246 διάκονον.
1231 2192 1291 2242 Εἰ
1311 2189 1362 2242 δέ
1386 2210 1464 2249 τις
1486 2190 1618 2259 μετά
1640 2189 1724 2244 τόν
1744 2195 1835 2248 τῆς
1856 2188 2004 2259 ἁγίας

408 2287 492 2336 καί
515 2282 733 2354 μεγάλης
766 2279 977 2335 συνόδου
1015 2279 1149 2354 ὅρον,
1176 2281 1387 2350 τοιούτῳ
1419 2281 1514 2334 τινί
1545 2281 1946 2352 ἐπιχειρήσειεν,
1974 2278 2004 2335 ἧ

407 2372 609 2430 ἐπιδοίη
635 2372 806 2426 ἑαυτὸν
826 2371 1093 2444 πράγματι
1114 2372 1352 2439 τοιούτῳ,
1379 2370 1762 2446 ἀκυρωθιόσεται
1784 2367 2005 2432 ἓξάπαν-

405 2484 499 2522 τος
525 2463 947 2530 κατασκεύασμα,
972 2463 1056 2516 καί
1079 2461 1618 2519 ἁποκατασταθήσεται
1767 2461 2004 2534 ἐκκλησίᾳ

401 2552 428 2608 ἑ
467 2555 498 2608 ό
525 2557 802 2614 ἐπίσκοπος
827 2553 857 2613 ἦ
887 2553 913 2608 ό
937 2553 1287 2627 πρεσϐύτερος
1316 2555 1691 2626 ἐχειροτονήθη.

487 2644 575 2705 ις’.
603 2643 753 2698 Ὀσοι
795 2642 1160 2716 ῥιψοκινδύνως
1189 2649 1315 2713 μήτε
1342 2645 1426 2699 τὸν
1460 2644 1607 2715 φόϐον
1633 2649 1719 2699 τοῦ
1762 2646 1874 2698 θεοῦ
1904 2645 2006 2718 πρὸ

407 2735 672 2804 ὀφθαλμῶν
701 2732 936 2804 ἔχοντες,
964 2736 1093 2803 μήτε
1120 2735 1203 2787 τόν
1231 2733 1640 2791 ἐκνλήσιαστικὸν
1664 2733 1845 2788 κανόνα
1874 2732 2003 2788 £936-

404 2843 498 2882 τις
536 2826 948 2897 ἀναχωρήσωσι
991 2833 1087 2884 τῆς
1128 2821 1416 2890 ἐκκλησίας,
1450 2826 1813 2900 πρεσϐύτεροι,
1841 2825 1871 2884 ἦ
1900 2824 2006 2881 διὰ-

404 2935 570 2975 κονοι.
600 2917 632 2973 ἦ
655 2917 779 2975 όλως
803 2917 854 2970 ἐν
879 2924 951 2986 τῷ
979 2917 1136 2970 ’ωειδόνι
1177 2918 1520 2988 ἐξεταζόμενοι
1537 2958 1552 2983 ,
1586 2915 1732 2974 οὗτοι
1775 2917 2007 2990 οὐδαμῶς

404 3007 577 3064 δεδι-τοί
621 3010 895 3081 όῖμείλσυσιν
939 3006 1065 3065 εἶναι
1108 3013 1158 3066 ὲν
1205 3011 1353 3086 ἑτέρᾳ
1397 3011 1656 3086 ἐκκλησίᾳ,
1678 3011 1800 3068 ἀλλὰ
1834 3018 2008 3068 πᾶσαν

405 3102 564 3162 τοῖς*
582 3104 801 3174 ἀνάγκην
822 3102 1100 3176 ἐπάγεσθαι
1123 3109 1251 3178 χρὴ,
1270 3103 1598 3176 ἀναστρέφειν
1622 3107 1691 3166 εἷς
1711 3105 1800 3164 τὰς
1819 3105 2008 3160 ἑαυτῶν

404 3195 703 3266 παροικίας
733 3193 761 3252 ἧ
791 3195 1140 3264 ἐπιμένοντας,
1172 3197 1536 3256 ἀκοινωνήτους
1567 3191 1690 3250 εἶναι
1730 3203 2002 3270 ττροσίζκει.

2111 2036 2232 2075 nem
2259 2022 2312 2075 in
2340 2022 2660 2091 quibusdam
2683 2024 2925 2092 partibus
2951 2024 3240 2088 invenitur,
3266 2032 3325 2078 ut
3348 2039 3377 2078 a
3400 2024 3616 2079 civitate
3642 2027 3694 2077 in

2105 2111 2379 2167 civitatem
2410 2111 2511 2167 nec
2538 2113 2844 2182 episcopus,
2889 2127 2989 2169 nec
3034 2107 3334 2186 presbyter,
3367 2129 3466 2169 nec
3511 2113 3696 2169 diaco-

2107 2217 2208 2257 nus
2237 2202 2608 2256 transferatur.
2659 2201 2716 2258 Si
2761 2203 2884 2271 quis
2931 2212 3109 2259 autem
3158 2212 3281 2274 post
3325 2205 3694 2259 definitionem

2109 2301 2308 2348 sancta:
2337 2301 2391 2348 et
2419 2307 2629 2362 magnae
2657 2293 2870 2364 synodi,
2903 2293 3008 2350 tale
3038 2293 3169 2366 quid
3199 2295 3691 2364 aggressus'fuerit,

2109 2382 2193 2438 vel
2215 2397 2278 2437 se
2300 2381 2378 2437 rei
2409 2382 2680 2451 ejusmodi
2706 2382 2936 2450 dederit,
2959 2384 3103 2453 quod
3127 2383 3325 2439 factum
3347 2386 3450 2440 erit
3474 2385 3694 2440 omnino

2109 2474 2488 2539 inlirmabitur,
2520 2484 2578 2529 et
2607 2473 2861 2530 Ecclesiae
2908 2476 3222 2530 restituetur
3247 2478 3333 2531 cui
3365 2476 3539 2531 fuerat
3577 2479 3695 2546 epi-

2109 2579 2327 2633 scopus,
2358 2572 2453 2618 aut
2481 2563 2785 2636 presbyter,
2816 2565 2903 2620 vel
2931 2564 3190 2620 diaconus
3218 2565 3514 2620 ordinatus.

2187 2652 2326 2708 XVI.
2370 2652 2688 2723 Quicunque
2720 2663 2927 2710 temere
2959 2664 3015 2710 et
3042 2655 3436 2711 inconsiderate
3465 2671 3566 2712 nec
3604 2655 3698 2711 Dei

2112 2745 2360 2799 timorem
2390 2759 2500 2815 pne
2531 2745 2700 2800 oculis
2730 2746 3012 2814 habentes,
3044 2762 3143 2802 nec
3165 2746 3584 2804 ecclesiasticum
3607 2765 3698 2804 ca-

2114 2849 2308 2889 nonem
2338 2843 2719 2902 agnoscentes,
2746 2835 2814 2891 ab
2842 2833 3079 2892 Ecclesia
3106 2836 3450 2892 discesserint
3471 2837 3696 2909 presby-

2113 2924 2215 2980 teri
2255 2923 2340 2978 vel
2382 2924 2618 2989 diaconi,
2655 2923 2738 2979 vel
2783 2925 3090 2994 quicunque
3136 2927 3357 2982 omnino
3400 2928 3699 2983 invcanone

2114 3023 2480 3078 recensentur,
2497 3014 2559 3069 'hi
2581 3029 2918 3085 nequaquam
2939 3014 3136 3071 debent
3159 3017 3211 3071 in
3234 3017 3390 3070 aliam
3415 3017 3698 3073 ecclesiam

2113 3107 2301 3176 recipi,
2333 3107 2431 3162 sed
2458 3108 2681 3164 omnino
2709 3092 2935 3177 cogendi
2966 3116 3090 3163 sunt
3111 3110 3162 3163 in
3187 3124 3311 3165 suas
3339 3110 3577 3180 ipsorum
3607 3125 3699 3180 pa-

2114 3199 2306 3254 rmcias
2331 3197 2508 3253 redire
2532 3215 2545 3251 :
2575 3198 2658 3253 vel
2681 3197 2725 3255 si
2757 3206 3124 3268 perseverent,
3150 3215 3245 3255 eos
3270 3215 3300 3255 a
3321 3201 3702 3257 communione

407 3286 467 3333 εἰ
489 3285 572 3335 καί
595 3283 884 3352 τολμήσειέν
903 3306 979 3345 τις
994 3286 1299 3360 ὐφαρπᾶσαι
1320 3287 1405 3340 τὸν
1422 3294 1492 3354 τῷ
1512 3284 1666 3360 ἐτέρῳ
1689 3284 2005 3360 διαφέροντα,

2117 3289 2312 3360 privari
2357 3297 2594 3360 oportet.
2627 3288 2684 3345 Si
2713 3291 2835 3360 quis
2873 3290 3037 3345 etiam
3067 3305 3231 3346 ausus
3268 3289 3429 3345 fuerit
3457 3305 3579 3346 eum
3609 3293 3701 3362 qui

406 3377 498 3426 καί
523 3381 890 3448 χειροτονῆσαι
916 3375 966 3428 ἐν
989 3383 1052 3448 τῇ
1082 3377 1243 3429 αὐτοῦ
1267 3373 1534 3450 ἐκκλησία,
1560 3381 1630 3447 μή
1659 3399 1916 3449 συνκατατ
1938 3383 2012 3433 θε-

407 3469 566 3533 μένου
589 3473 682 3520 τοῦ
705 3466 830 3522 ἰδίου
856 3465 1161 3536 ἐπισκόπου,
1184 3465 1242 3522 οὗ
1266 3470 1600 3543 ἀνεχώρησεν
1624 3469 1648 3524 ό
1676 3471 1723 3522 ἐν
1751 3479 1821 3536 τῷ
1847 3472 2010 3525 κανόνι

409 3558 788 3626 ἐξεταζόμενος,
819 3555 1004 3634 ἄκυρος
1036 3552 1173 3613 ἴστω
1199 3560 1229 3617 ἡ
1265 3562 1577 3634 χειροτονία.

490 3715 569 3780 εξ.
601 3713 802 3775 Ἐπειδή
827 3715 1000 3771 πολλοί
1021 3716 1068 3769 ἐν
1090 3725 1163 3787 τῷ
1189 3719 1352 3771 κανόνι
1380 3718 1723 3790 ἐξεταζόμενοι
1753 3724 1838 3775 τήν
1861 3719 2010 3771 πλεο-

408 3810 582 3872 νεξίαν
622 3810 708 3862 καί
749 3813 838 3867 τὴν
881 3807 1312 3884 αἰσχροκερδείαν
1337 3808 1426 3880 [τὸ
1453 3808 1834 3886 αἱσχροκερδές
1860 3810 1871 3878 ἰ
1901 3809 2013 3866 διώ-

408 3919 612 3960 ιον-τες,
630 3899 925 3954 ἐπελάθοντο
962 3906 1055 3954 τοῦ
1097 3901 1229 3954 θείου
1270 3903 1572 3974 γράμματος
1613 3901 1865 3971 λέγοντος.
1898 3920 1916 3951 ι
1947 3904 2013 3956 Τό

410 3993 664 4066 ἄρτὺριον
700 3992 856 4046 αὐτοῦ
903 3992 991 4044 οὐκ
1028 3987 1214 4046 ἔδωκεν
1242 3993 1326 4044 ἐπί
1367 3991 1519 4060 τόκῳ,
1555 4009 1572 4040 ι
1595 3994 1677 4044 καί
1706 3989 2012 4054 δινείζοντες

413 4082 700 4142 intecta};
742 4085 1074 4137 ἀπαιτῶσιν·
1127 4079 1421 4136 ἐδικαίωσεν
1455 4083 1485 4138 ἡ
1524 4081 1645 4154 ἁγία
1695 4085 1780 4134 καί
1824 4083 2012 4153 μεγύλη

419 4173 653 4236 σύνοδος.
693 4177 760 4234 ὡς
783 4172 924 4235 εἴτις
954 4175 1174 4249 εὑρεθείη
1216 4175 1345 4240 μετὰ
1373 4174 1459 4228 τὸν
1487 4171 1602 4246 ὅρον
1626 4180 1808 4226 τοῦτον
1833 4177 2012 4232 τόκους

422 4265 694 4333 λαμϐάνειν
717 4268 769 4319 ἐκ
802 4270 1252 4336 μεταχειρήσεως.
1287 4262 1318 4322 ἦ
1345 4261 1504 4323 ἄλλως
1547 4265 1927 4335 μετερχόμενος
1957 4268 2014 4318 τὸ

418 4362 666 4432 πρᾶγμ-α,
689 4357 719 4414 ἦ
745 4357 971 4426 ἡμιολίας
999 4357 1226 4409 ἀπαιτῶν
1244 4395 1260 4420 ,
1289 4352 1318 4412 ἢ
1359 4352 1484 4413 ὅλως
1514 4355 1686 4428 ἕτερόν
1714 4375 1764 4408 τι
1803 4355 2012 4410 ἐπινοῶν

415 4451 658 4518 αἰσχροῦ
685 4443 889 4520 κέρδους
927 4445 1105 4512 ἕνεκα,
1134 4445 1549 4518 καθαιρεθήσεται
1578 4450 1666 4512 τοῦ
1694 4443 1899 4516 κλήρου,
1932 4449 2012 4497 καὶ

417 4539 687 4608 ἀλλότριος
710 4542 802 4591 τοῦ
832 4535 1034 4595 κανόνος
1055 4532 1238 4594 ἔσται.

2114 3381 2182 3436 ad
2213 3381 2374 3435 alium
2406 3382 2661 3451 pertinet,
2693 3382 2984 3452 surripere,
3009 3391 3065 3438 et
3095 3382 3146 3437 in
3179 3397 3272 3438 sua
3303 3382 3529 3438 ecclesia
3555 3383 3701 3438 ordi-

2109 3487 2263 3550 nare,
2296 3488 2403 3527 non
2441 3473 2816 3530 consentiente
2854 3473 3075 3544 proprio
3104 3473 3380 3544 episcopo,
3414 3489 3442 3527 a
3471 3488 3580 3543 quo
3615 3487 3703 3528 re-

2115 3557 2275 3620 cessit
2302 3565 2394 3636 qui
2432 3565 2484 3619 in
2522 3556 2732 3621 canone
2770 3573 3042 3631 censetur,
3081 3565 3352 3620 ordinatio
3395 3563 3700 3634 hujusmodi

2117 3656 2266 3710 irrita
2299 3657 2422 3710 erit.

2189 3741 2349 3800 XVII.
2390 3744 2656 3811 Quoniam
2686 3746 2931 3816 plerique
2959 3745 3050 3814 qui
3081 3745 3133 3799 in
3163 3760 3372 3801 canone
3414 3759 3702 3801 recensen-

2115 3845 2202 3890 tur
2227 3837 2506 3891 avaritiam
2536 3845 2592 3891 et
2622 3844 2832 3905 turpem
2872 3844 3138 3904 quzestum
3179 3844 3472 3902 sectantes,
3510 3835 3704 3890 oblivi-

2111 3937 2334 3984 scuntur
2374 3928 2568 3982 divinae
2607 3927 2899 3997 Scriptura:
2929 3927 3156 3981 dicentis
3188 3944 3199 3978 :
3229 3923 3521 3980 Pecuniam
3543 3941 3700 3982 suam

2116 4035 2223 4073 non
2252 4019 2402 4073 dedit
2435 4017 2502 4072 ad
2529 4033 2744 4072 usuram
2789 4017 2962 4088 (Paul.
3005 4033 3115 4080 xiv,
3147 4017 3201 4087 5)
3240 4035 3252 4068 :
3288 4025 3342 4071 et
3379 4018 3704 4073 {tenerantes

2115 4107 2436 4162 centesimas
2461 4107 2705 4174 exigunt,
2735 4118 2945 4175 atquum
2974 4106 3186 4161 censuit
3214 4113 3400 4161 sancta
3429 4114 3484 4160 et
3510 4120 3702 4174 magna

2118 4198 2378 4270 synodus,
2410 4207 2469 4252 ut
2498 4199 2541 4253 si
2573 4197 2692 4268 quis
2723 4199 2972 4253 inventus
3002 4196 3163 4254 fuerit
3192 4209 3314 4268 post
3341 4199 3482 4254 hanc
3508 4199 3701 4254 deﬁni-

2118 4290 2320 4344 tionem
2352 4305 2544 4344 nsuras
2570 4305 2784 4345 sumere
2809 4305 2874 4344 ex
2906 4299 3115 4356 mutuo,
3147 4290 3233 4345 vel
3262 4287 3418 4345 aliter
3439 4305 3558 4344 eam
3589 4306 3702 4344 rem

2117 4372 2414 4435 consectari
2445 4389 2537 4433 aut
2565 4381 2814 4450 sescnpla
2855 4380 3095 4450 exigere,
3127 4381 3212 4435 vel
3247 4382 3467 4435 omnino
3505 4382 3702 4450 aliquid

2118 4468 2264 4523 aliud
2297 4471 2608 4538 excogitare
2638 4471 2808 4540 turpis
2839 4471 2971 4526 lucri
2998 4472 3189 4539 gratia,
3222 4487 3253 4527 e
3290 4473 3436 4527 clero
3466 4472 3704 4542 depona-

2120 4569 2223 4622 tur,
2257 4568 2311 4613 et
2339 4559 2546 4614 alienus
2574 4575 2603 4614 a
2635 4575 2846 4617 canone
2877 4563 3092 4617 existat.

497 4628 582 4687 ιη’.
628 4626 800 4682 Ἦλθεν
828 4631 900 4687 εἱς
927 4631 1016 4687 τήν
1045 4625 1192 4697 ἁγίαν
1233 4645 1318 4680 και
1347 4624 1565 4697 μεγάλην
1597 4621 1824 4688 σύνοδον,
1859 4622 1934 4678 ὅτι
1961 4623 2008 4678 ἵν

2193 4649 2376 4704 XVIII.
2420 4651 2670 4706 Pervenit
2717 4651 2783 4706 ad
2830 4662 3075 4708 sanctum
3119 4668 3478 4727 magnumque
3523 4661 3708 4713 conci—

419 4744 536 4778 τισι
582 4723 757 4782 τόποις
801 4723 887 4774 καί
923 4719 1149 4780 πόλεσιν,
1181 4725 1288 4778 τοῖς
1336 4717 1707 4791 πρεσϐυτέροις
1735 4722 1825 4773 τήν
1854 4718 2016 4786 εὐχα-

419 4819 629 4889 ριστίαν
677 4815 722 4868 οί
769 4812 990 4868 διάκονοι
1028 4809 1284 4876 διδόασιν,
1312 4807 1436 4886 ὅπερ
1483 4806 1866 4873 οὗτεόκανών,
1893 4805 2013 4862 οἵτε

424 4910 456 4964 ὁ
485 4910 726 4964 συνήθεια
754 4903 1064 4979 παρέδωκεν,
1095 4905 1214 4962 τοὺς
1243 4903 1476 4965 ἐξουσίαν
1501 4906 1569 4970 μὴ
1589 4898 1812 4970 ἔχοντας
1845 4921 2013 4973 προσ-

423 5000 610 5074 φέρειν,
635 5006 742 5059 σοῖς
771 4999 1121 5074 προσφέρουσι
1167 4991 1362 5049 διδόναι
1387 4993 1446 5048 τὸ
1474 4997 1624 5062 σῶμα
1650 4996 1743 5045 τοῦ
1771 4997 2012 5062 Χριστοῦ.

425 5094 630 5162 (dativo
673 5087 727 5144 δέ
774 5087 1076 5164 ἐγνωρίσθη.
1107 5083 1185 5140 ὅτι
1214 5082 1310 5143 ἤδη
1355 5085 1489 5143 τινές
1525 5089 1630 5136 τῶν
1663 5079 1905 5136 διακόνων
1935 5083 2016 5134 καί

427 5181 530 5253 πρὸ
555 5187 653 5235 τῶν
684 5177 973 5234 ἐπισκόπων
1008 5185 1098 5236 τῆς
1142 5173 1481 5248 εὐχαριστίας
1524 5170 1793 5226 ἅπτονται.
1838 5175 2014 5224 ταῦτα

423 5269 516 5325 οὖν
566 5274 728 5324 πάντα
774 5270 1116 5342 περιῃρῆσθαι,
1162 5270 1247 5320 καί
1305 5263 1660 5336 ἐμμενέτωσαν
1703 5263 1749 5316 οί
1799 5259 2013 5317 διάκονοι

425 5369 537 5421 τοῖς
589 5359 733 5419 ἰδίοις
786 5360 1021 5434 μίτραις,
1068 5353 1256 5417 εἰδότες
1303 5352 1382 5410 ὅτι
1431 5359 1517 5408 τοῦ
1572 5355 1662 5420 μὶν
1730 5351 2012 5405 ἐπισκόπου

426 5453 682 5525 ὑπηρέται
724 5451 871 5513 εἰσίν,
902 5454 1000 5501 τῶν
1047 5445 1100 5500 δέ
1130 5444 1493 5519 πρεσϐυτέρων
1521 5441 1759 5500 ἐλάττους
1804 5441 2012 5514 τυγχὰ-

426 5560 591 5601 νουσι’
611 5545 1006 5618 λαμϐανέτωσαν
1030 5539 1083 5596 δέ
1113 5540 1243 5594 κατά
1270 5543 1360 5595 τὴν
1387 5537 1527 5599 τάξιν
1559 5539 1646 5596 τὴν
1674 5534 2014 5608 εὐχαριστίαν

425 5639 563 5711 μετά
609 5639 728 5697 τοὺς
771 5633 1188 5710 πρεσϐυτέρους,
1235 5629 1264 5688 ἦ
1313 5634 1402 5682 τοῦ
1459 5626 1734 5682 ἐπισκόπου
1789 5623 2013 5684 διδόντος

425 5724 853 5805 [μεταδιδόντος]
902 5725 1076 5785 αὐτοῖς
1120 5723 1150 5782 ἣ
1198 5730 1291 5778 τοῦ
1336 5721 1721 5796 πρεσϐυτέρουο
1773 5719 1896 5774 ἀλλὰ
1944 5727 2012 5792 μή

426 5821 675 5877 καθῆσθαι
704 5825 751 5871 ἐν
782 5820 924 5873 ιιέσω
952 5821 1054 5870 τῶν
1080 5813 1443 5886 πρεσϐυτέρων
1468 5813 1653 5875 ἐξίστω
1694 5818 1806 5871 τοῖς
1837 5809 2010 5866 διακό-

499 5934 534 5969 σ
563 5930 866 6004 Legendum
905 5929 1115 5986 videtur
1143 5930 1335 5988 αὐτοῖς.
1372 5923 1519 5980 Eutr.

2124 4743 2275 4802 lium.
2298 4741 2441 4811 quod
2475 4743 2526 4797 in
2556 4743 2878 4812 quibusdam
2905 4745 3038 4800 locis
3059 4754 3114 4801 et
3140 4747 3470 4815 civitatibus,
3493 4748 3702 4804 diaconi

2122 4833 2452 4903 presbyteris
2476 4834 2857 4889 eucharistiam
2897 4836 3198 4904 praebeant;
3229 4838 3373 4905 quod
3405 4852 3579 4906 neque
3613 4855 3706 4891 ca-

2125 4943 2254 4992 non,
2293 4941 2465 4996 neque
2506 4926 2845 4983 consuetudo
2886 4929 3122 4995 tradidit,
3156 4938 3213 4984 ut
3252 4930 3341 4999 qni
3383 4937 3702 4999 potestatem

2124 5019 2382 5075 offerendi
2413 5035 2519 5074 non
2551 5019 2772 5088 habent,
2795 5021 2884 5076 his
2909 5023 3000 5089 qui
3027 5019 3258 5076 offerunt
3283 5035 3478 5088 corpus
3507 5020 3704 5075 Christi

2124 5111 2419 5182 porrigant.
2452 5110 2585 5165 Illud
2611 5112 2774 5166 etiam
2811 5111 3043 5166 innotuit
3071 5111 3214 5180 quod
3244 5109 3354 5176 jam
3395 5110 3611 5179 quidam
3637 5127 3703 5166 ex

2124 5203 2364 5258 diaeonis
2382 5204 2545 5258 etiam
2568 5211 2694 5258 ante
2716 5204 2998 5273 episcopos
3020 5200 3395 5256 eucharistiam
3419 5202 3701 5270 attingant.

2122 5292 2312 5351 Omnia
2345 5296 2504 5364 igitur
2552 5295 2652 5348 ista
2697 5293 3029 5359 auferantur,
3067 5299 3118 5343 et
3157 5290 3370 5345 diaconi
3404 5292 3540 5346 intra
3573 5308 3701 5362 pm-

2125 5389 2294 5460 priam
2341 5403 2648 5443 mensuram
2693 5395 2971 5452 maneant,
3011 5385 3244 5441 scientes
3285 5387 3427 5455 quod
3473 5387 3704 5442 ministri

2123 5480 2658 5551 suntepiscoporuiu,
2687 5488 2738 5533 et
2767 5478 3097 5551 presbyteris
3126 5478 3406 5533 inferiores
3434 5478 3698 5535 existant:

2123 5570 2388 5639 accipiant
2406 5578 2584 5623 autem
2605 5583 2706 5623 suo
2733 5568 2920 5624 ordine
2941 5569 3318 5625 eucharistiam
3342 5577 3463 5639 post
3485 5571 3704 5643 presby-

2123 5669 2286 5725 teros,
2320 5660 2404 5715 vel
2442 5660 2700 5730 episcopo
2745 5660 2909 5716 dante
2957 5660 3040 5714 vel
3087 5660 3430 5731 presbytero;
3463 5661 3557 5716 sed
3605 5675 3708 5716 nec

2122 5752 2308 5806 sedere
2355 5752 2404 5805 in
2445 5751 2624 5806 medio
2674 5753 3105 5823 presbyterorum
3150 5753 3389 5805 diaeonis
3437 5752 3614 5813 liceat,
3648 5752 3701 5804 id

2122 5846 2262 5899 enim
2295 5845 2351 5898 lit
2389 5852 2582 5913 [muter
2611 5859 2872 5897 canonem
2908 5851 2962 5897 et
2995 5841 3255 5895 ordinem.
3289 5841 3344 5894 Si
3374 5841 3492 5908 quis
3521 5848 3698 5893 autem
