4034 6206
532 403 615 457 m
1668 430 1673 434 »
1829 408 2195 466 'DIONYSIUS
2237 409 2563 467 manus.
3781 409 3851 463 48

558 539 677 583 νοις,
711 541 850 595 παρα
878 522 1055 577 κανόνα
1083 522 1181 596 γὰρ
1212 524 1293 576 καί
1322 527 1464 593 παρὰ
1487 526 1621 589 τάξιν
1647 526 1755 578 ἐστί
1779 526 1835 577 τὸ
1861 525 2134 596 γινόμενον.

2243 523 2463 577 obedire
2512 522 2742 577 noluerit
2784 531 2906 593 post
2944 524 3042 579 has
3081 524 3439 594 deﬁnitiones,
3472 526 3693 585 desinat
3722 545 3848 586 esse

555 610 613 661 Εὶ
651 607 703 663 δέ
742 631 820 669 τις
861 616 931 682 μὴ
969 612 1097 665 θέλοι
1135 612 1440 685 πειθαρχεῖν
1470 615 1553 666 καί
1590 614 1721 683 μετὰ
1762 613 1977 673 τούτους
2020 616 2141 673 τούς

554 697 725 775 ὅρους,
756 703 1043 758 πεπαύσθω
1072 710 1164 761 τῆς
1194 700 1463 761 διακονίας.

522 781 527 787 ’
623 790 701 845 ιθ’.
748 795 865 865 Περὶ
903 797 999 845 τῶν
1046 791 1487 846 Παυλιανισάντων
1532 790 2002 862 [παυλιανιστῶν],
2037 788 2142 845 εἶτα

554 884 949 954 ποοσφυγόντων
997 890 1059 953 τῇ
1108 881 1341 957 καθολικῇ
1389 883 1664 957 ἐκκλησία,
1711 881 1827 956 ὅρος
1871 885 2142 938 ἐκτέθειται

552 973 987 1036 ἅναϐοιπτίζεσθαι
1023 975 1206 1032 αύτούς
1237 974 1534 1037 ἓξάπαντος.
1579 977 1635 1027 ΕΞ
1662 973 1713 1027 δέ
1742 996 1873 1035 τινες
1903 982 1972 1044 τῷ
2003 994 2142 1044 παρ-

552 1065 807 1123 εληλυθότι
843 1064 1014 1140 χρόνῳ
1048 1067 1098 1119 ἐν
1132 1074 1204 1135 τῷ
1239 1065 1401 1138 κλήρῳ
1437 1068 1813 1129 ἐξηπατήθησαν
1849 1065 2141 1136 [ἐξητάσθη-

552 1154 690 1225 conv],
708 1160 752 1209 εἰ
773 1157 861 1224 μὲν
882 1151 1141 1226 ἄμεμπτοι
1164 1159 1248 1210 καί
1274 1157 1601 1215 ἀνεπῦηπτοι
1627 1165 1845 1226 φανεῖεν,
1866 1157 2145 1219 ἀναϐαπτι-

552 1250 752 1308 σθέντες
768 1248 1256 1320 χειροτονείσθωσαν
1272 1247 1374 1304 ύπὸ
1390 1255 1476 1302 τοῦ
1496 1257 1587 1308 τῆς
1607 1248 1829 1307 meatui,
1839 1270 1862 1308 ς
1877 1248 2143 1307 ἒκκλησίας

552 1341 855 1395 ἕπισκόπου.
886 1343 939 1393 Εἰ
967 1337 1019 1393 δὲ
1058 1341 1087 1396 ἡ
1124 1342 1390 1413 ἀνάκρισις
1434 1338 1814 1398 ἀνεπιτηδείους
1846 1339 2027 1400 αύτούς
2058 1337 2145 1391 εύ-

553 1436 743 1496 ρίσκοι,
772 1432 1111 1506 καθαιρεῖσθαι
1160 1434 1342 1491 αύτούς
1387 1436 1635 1509 προσήκει
1657 1446 1670 1461 ⁸
1705 1433 1955 1490 ὡσαύτως
1978 1428 2031 1483 δὲ
2060 1432 2144 1482 καί

554 1524 672 1594 »περὶ
715 1529 813 1575 τῶν
849 1520 1194 1585 διακονισσῶν,
1224 1525 1308 1577 καί
1341 1521 1465 1583 όλως
1512 1524 1633 1598 περὶ
1668 1529 1768 1577 τῶν
1798 1524 1844 1575 ἐν
1873 1528 1947 1594 τῷ
1977 1520 2144 1573 κανόνι

552 1610 754 1687 ίκλήρῳ]
782 1613 1134 1685 ἐξεταζομένων
1158 1611 1181 1666 ὁ
1209 1613 1361 1672 αὐτὸς
1390 1616 1554 1674 τύπος
1580 1612 2140 1688 παραουλαχθήσεται.

560 1705 790 1773 Εμνήσθη
806 1703 895 1772 μὲν
909 1700 959 1755 δὲ
974 1698 1065 1771 [Γ.
1085 1697 1169 1769 δὴ]
1183 1708 1281 1755 τῶν
1302 1698 1629 1755 διακονισσὼν
1642 1708 1740 1756 τῶν
1756 1703 1803 1753 ἐν
1819 1708 1889 1772 τῷ
1903 1703 2143 1770 σχήματι

556 1794 936 1857 ἐξιτασθεισῶν,
966 1792 1074 1845 ἐπεὶ
1102 1790 1226 1863 μηδέ
1254 1793 1575 1864 χειροθεσίαν
1606 1793 1719 1847 τινά
1748 1790 1987 1862 ἔχουσιν,
2008 1791 2140 1844 ὥστε

556 1885 827 1949 ἐξάπαντος
856 1886 904 1938 ἐν
934 1891 1040 1943 τοῖς
1065 1885 1249 1943 λαζκοῖς
1281 1885 1443 1943 αὐτάς
1472 1885 1813 1947 ἐξετάζεσθαι.

623 1974 679 2028 κ’.
723 1973 922 2034 Ἐπειδή
969 1976 1096 2036 τινές
1135 1979 1265 2030 εἰσιν
1294 1974 1340 2026 ἐν
1369 1982 1430 2050 τῇ
1461 1982 1675 2048 κυριακῇ
1713 1974 1831 2046 γόνυ
1872 1973 2139 2036 κλίνοντες,

552 2066 635 2121 καί
659 2064 707 2117 ἐν
735 2072 848 2125 ταῖς
891 2072 982 2125 τῆς
1008 2073 1355 2125 πεντηκοστῆς
1397 2066 1633 2138 ἡμέραις,
1666 2066 1797 2138 ὑπὲρ
1845 2069 1937 2118 τοῦ
1975 2062 2140 2117 πάντα

555 2160 603 2208 ἐν
641 2156 781 2231 πάσῃ
819 2158 1059 2231 παροικίᾳ
1088 2156 1291 2226 ξόμοίως
1341 2155 1700 2228 φυλάττεσθαι,
1734 2156 1966 2213 ἑστῶτας
1998 2151 2138 2216 ἔδοξε

556 2254 615 2320 τῇ
644 2246 764 2321 ἁγία
792 2244 990 2316 συνόδῳ
1028 2248 1118 2308 τὰς
1144 2248 1306 2319 εὐχάς
1337 2243 1630 2301 ἀποδιδόναι
1656 2253 1727 2318 τῷ
1759 2254 1884 2313 Θεῷ.

2170 1912 2219 1973 Β

2244 616 2523 673 diaconus.

2316 790 2450 844 XIX.
2491 790 2566 846 De
2605 790 2965 859 Paulianistis,
2999 795 3044 851 si
3076 795 3144 850 ad
3176 795 3471 853 Ecclesiam
3510 802 3849 859 catholicam

2242 882 2601 952 confugerint,
2649 884 2929 939 definitum
2972 895 3055 941 est
3097 903 3192 943 eos
3224 891 3445 946 omnino
3488 893 3847 963 rebaptizari.

2244 973 2302 1029 Si
2332 975 2427 1047 qui
2468 991 2597 1031 vero
2641 978 2913 1046 praeterito
2963 985 3208 1049 tempore
3250 983 3303 1036 in
3353 983 3498 1039 clero
3540 984 3765 1053 fuerint,
3806 988 3851 1042 si

2244 1067 2465 1137 quidem
2492 1068 2753 1138 inculpati
2785 1077 2841 1124 et
2864 1070 3379 1142 irreprehensibiles,
3406 1077 3725 1147 rebaptizati
3757 1096 3848 1134 or-

2245 1159 2501 1213 dinentur
2542 1158 2608 1212 ab
2662 1159 2921 1229 episcopo
2970 1161 3248 1216 catholica:
3290 1162 3563 1220 Ecclesiae.
3608 1169 3666 1223 Si
3711 1185 3848 1225 vero

2247 1247 2560 1313 examinati,
2585 1248 2762 1302 minus
2792 1249 2901 1317 apti
2930 1248 3249 1319 deprehensi
3280 1252 3495 1321 fuerint,
3521 1256 3724 1327 deponi
3751 1274 3849 1313 eos

2246 1340 2499 1393 convenit
2526 1356 2537 1391 :
2568 1340 2817 1394 similiter
2861 1349 3039 1395 autem
3068 1350 3123 1397 et
3151 1343 3219 1398 de
3266 1344 3600 1413 diaconissis,
3636 1359 3693 1402 et
3726 1366 3846 1402 orn~

2246 1428 2375 1482 nino
2404 1427 2471 1483 de
2498 1429 2581 1484 his
2610 1430 2703 1498 qui
2732 1431 2831 1486 sub
2872 1446 3081 1487 canone
3114 1443 3419 1502 versantur,
3445 1438 3633 1509 eadem
3665 1439 3843 1492 forma

2247 1517 2568 1572 servabitur.
2618 1518 3047 1576 Diaconissarum
3086 1532 3263 1577 autem
3311 1526 3675 1595 meminimus,
3724 1545 3846 1599 quae

2249 1605 2302 1660 in
2337 1606 2523 1661 habitu
2551 1608 2769 1677 quidem
2809 1625 2929 1665 esse
2964 1620 3269 1679 censentur,
3305 1616 3432 1683 quia
3468 1632 3597 1671 vero
3637 1619 3843 1673 nullam

2248 1716 2440 1757 manus
2470 1702 2870 1772 impositionem
2901 1704 3120 1774 habent,
3154 1715 3212 1761 ut
3239 1708 3462 1764 omnino
3492 1710 3633 1766 inter
3667 1712 3843 1768 laicos

2250 1792 2377 1861 ipsa:
2407 1792 2753 1863 deputentur.

2318 1971 2432 2025 XX.
2477 1971 2744 2039 Quoniam
2780 1983 2905 2030 sunt
2935 1976 3172 2045 quidam,
3204 1979 3294 2048 qui
3324 1979 3410 2035 die
3438 1980 3710 2037 dominico
3742 2000 3837 2054 ge-

2251 2075 2354 2114 nua
2385 2061 2628 2127 flectunt,
2659 2070 2715 2115 et
2746 2062 2801 2117 in
2841 2063 3030 2119 diebus
3060 2064 3422 2133 Pentecostes,
3458 2078 3516 2124 ut
3546 2073 3729 2126 omnia
3766 2074 3839 2126 si-

2249 2152 2448 2207 militer
2476 2153 2531 2205 in
2562 2154 2709 2207 omni
2740 2157 2975 2223 parmcia
3004 2166 3305 2224 serventur,
3327 2161 3500 2216 visum
3528 2172 3611 2217 est
3638 2175 3839 2219 sancta:

2250 2244 2482 2317 synodo,
2513 2254 2719 2301 stantes
2745 2247 2855 2303 Deo
2884 2250 3157 2305 orationes
3186 2255 3510 2321 persolvere.

2008 2345 3819 2375 ._______,_____________________

1526 2422 2078 2528 CONCILII
2155 2424 2833 2532 ANCYRANI

1605 2588 1967 2652 CANONES
2015 2588 2194 2648 xxv
2250 2586 2381 2668 (an.
2417 2589 2568 2651 Chr.
2608 2591 2777 2671 aut).

676 2693 800 2771 Qui
829 2690 1071 2773 quidem
1097 2695 1344 2771 priores
1373 2699 1518 2752 sunt
1546 2689 1845 2763 Nicamis,
1876 2689 1980 2750 sed
2013 2688 2149 2749 ideo
2176 2689 2524 2778 postpositi
2558 2700 2706 2752 sunt
2749 2702 3013 2774 propter
3046 2701 3479 2763 auctoritatem
3509 2705 3735 2782 synodi

1984 2785 2381 2829 mcumemcce.
3635 2821 3638 2823 .

618 2974 714 3006 κα.
748 2952 1134 3029 Πρεσϐυτέρους
1160 2952 1279 3009 τούς
1310 2949 1672 3014 ἑπιθύσαντας,
1704 2943 1814 3019 εἶτα
1858 2948 2123 3001 ἐπαναπαο

548 3042 852 3109 λαίσαντας,
874 3049 998 3115 μήτε
1031 3045 1083 3095 ἐκ
1108 3040 1321 3113 μεθόδου
1351 3042 1481 3101 τινός
1509 3040 1610 3094 ἀλλ’
1633 3042 1683 3104 ἐξ
1707 3040 1962 3104 ἀληθείας,
1997 3043 2123 3108 μήτε

2305 2943 2444 2999 XXI.
2468 2978 2522 2989 -ρ
2564 2945 2616 3002 1.
2658 2947 3011 3023 Presbyteros
3039 2953 3131 3023 qui
3165 2955 3598 3028 immolaverunt,
3629 2960 3827 3016 deinde

2235 3046 2424 3092 contra
2454 3038 2701 3095 reluctati
2736 3049 2880 3110 sunt,
2925 3060 3033 3099 non
3071 3044 3413 3103 simulatione
3440 3050 3691 3118 quadam,
3723 3054 3818 3107 sed

548 3142 1134 3213 προκατασκευάσαντας
1154 3140 1237 3191 καί
1258 3135 1692 3196 ἐπιτηδεύσαντας
1710 3138 1793 3189 καί
1816 3136 2123 3199 πείσαντας,

2241 3141 2303 3183 ex
2337 3128 2588 3197 veritate,
2624 3146 2723 3185 nec
2751 3133 2855 3189 hoc
2886 3136 3034 3205 prius
3067 3138 3356 3192 machinati
3385 3148 3531 3206 sunt,
3563 3157 3663 3196 nec
3694 3158 3825 3198 con-

546 3233 623 3287 ἴνα
670 3231 853 3296 δόξωσι
895 3232 983 3303 μὲν
1028 3230 1274 3300 βασάνοις
1317 3227 1705 3284 ύποϐάλλεσθαι.
1735 3223 1926 3285 ταύτας
1963 3222 2019 3278 δὲ
2059 3231 2131 3296 τῷ

547 3322 709 3377 δοκεῖν
734 3327 815 3375 καί
835 3329 907 3395 τῷ
929 3325 1167 3392 σχήματι
1192 3321 1560 3393 προσαχθῆναι
1583 3314 1996 3396 [προσαχθῶσι]⁶
2019 3316 2132 3370 τού-

546 3434 666 3473 τους
697 3410 830 3476 ἔδοξε
861 3420 950 3472 τῆς
981 3414 1069 3482 μὲν
1100 3420 1251 3482 τιμῆς
1289 3418 1381 3470 τῆς
1420 3413 1551 3465 κατὰ
1598 3414 1686 3467 τὴν
1718 3408 1956 3483 καθέδραν
1986 3411 2130 3479 μετέ·

546 3526 678 3576 χειν,
708 3506 1011 3580 προσφέρειν
1045 3503 1094 3560 δέ
1128 3508 1332 3571 αὐτούς,
1364 3504 1393 3563 ἦ
1424 3504 1630 3574 ὁμιλεῖν,
1661 3509 1690 3562 ἧ
1721 3503 1848 3563 ὅλως
1888 3505 2126 3578 λειτουρ-

546 3604 645 3666 γεῖν
668 3620 717 3653 τι
751 3604 850 3652 τῶν
879 3599 1138 3671 ίερατικῶν
1184 3598 1502 3672 λειτουργιῶν
1532 3601 1602 3668 μὴ
1638 3598 1833 3659 ἐξεῖναι.

612 3771 704 3825 κδ’.
738 3776 998 3830 Διακόνους
1030 3771 1208 3836 ὁμοίως
1246 3773 1533 3833 θύσαντας,
1562 3773 1691 3840 μετὰ
1721 3770 1773 3825 δέ
1810 3778 1976 3825 ταῦτα
2014 3772 2131 3824 άνα·

544 3863 907 3924 παλαίσαντας,
926 3867 1014 3920 τήν
1030 3863 1116 3931 μὲν
1136 3863 1293 3919 αὐτὴν
1316 3859 1346 3914 ἕ
1347 3883 1466 3932 χειν
1499 3860 1848 3928 ’,πεπαῦσθαι
1872 3858 1925 3914 δὲ
1948 3862 2132 3919 αύτούς

542 3954 711 4013 πάσης
738 3961 827 4014 τῆς
851 3954 993 4028 ἱερᾶς
1021 3951 1317 4027 [ἱερατικῆς]
1343 3952 1661 4024 λειτουργίας
1680 3991 1693 4016 ,
1718 3958 1808 4011 τῆς
1830 3972 1884 4006 τε
1916 3958 2007 4005 τοῦ
2040 3949 2131 4024 ἆρ-

541 4066 624 4099 τον
647 4044 676 4104 ἦ
712 4049 949 4116 ποτήριον
979 4046 1265 4117 ἀναφέρειν,
1305 4043 1334 4101 ἦ
1366 4045 1660 4116 κηρύσσειν.
1700 4045 1755 4096 Εἰ
1781 4044 1871 4113 μέν
1901 4044 1976 4097 τοί
2004 4062 2133 4103 τινες

539 4146 638 4192 τῶν
661 4137 945 4193 ἐπισκόπων
968 4127 1181 4193 τούτους
1206 4132 1451 4188 συνίδοιεν
1479 4133 1700 4202 [τούτοις
1727 4130 2014 4201 συνειδεῖεν]
2041 4140 2131 4185 κά-

541 4228 699 4297 ματόν
721 4249 831 4282 τινα
850 4225 879 4285 ἦ
908 4227 1213 4280 ταπείνωσιν
1234 4222 1545 4297 πρᾳότητος,
1568 4226 1650 4275 καί
1671 4223 1872 4274 ἐθέλοιεν
1888 4218 2060 4275 πλεῖόν
2086 4244 2133 4276 τι

541 4320 723 4376 διδόναι
744 4321 773 4378 ἦ
804 4322 1047 4392 ἀφαιρεῖν,
1073 4315 1151 4370 ἐπ’
1170 4316 1342 4375 αὐτοῖς
1369 4310 1493 4367 εἶναι
1521 4318 1609 4372 τήν
1634 4314 1883 4377 ἐξουσίαν.

2239 3220 2382 3275 sulto
2406 3235 2469 3275 ac
2493 3220 2560 3277 de
2588 3222 2850 3279 industria
2881 3227 2933 3280 id
2962 3228 3224 3293 fecerunt,
3248 3238 3303 3284 et
3333 3244 3732 3301 persuaserunt,
3770 3244 3825 3290 ut

2237 3312 2518 3366 tormentis
2560 3314 2747 3383 subjici
2782 3316 3110 3384 viderentur,
3144 3334 3267 3373 cum
3298 3335 3360 3375 ea
3392 3323 3571 3391 specie
3609 3332 3664 3379 et
3707 3328 3825 3396 opi-

2237 3404 2398 3459 nione
2442 3412 2649 3459 tantum
2690 3405 3055 3464 inferrentur:
3092 3410 3265 3466 visum
3308 3420 3392 3469 est
3430 3428 3523 3470 eos
3564 3415 3823 3471 honorem

2235 3494 2449 3564 quidem
2489 3497 2632 3552 sedis
2673 3499 2907 3555 retinere
2938 3518 2949 3553 :
2983 3500 3181 3558 oﬂ'erre
3222 3512 3402 3559 autem
3433 3505 3562 3574 illis,
3591 3517 3682 3562 aut
3712 3525 3824 3563 ser-

2236 3599 2451 3639 monem
2482 3587 2751 3656 conferre,
2779 3591 2866 3645 vel
2887 3593 3109 3648 omnino
3134 3609 3291 3651 sacro
3316 3595 3496 3667 aliquo
3525 3599 3822 3655 minisrcrio

2235 3672 2381 3740 fungi
2412 3690 2520 3729 non
2548 3676 2730 3731 licere.

2306 3761 2466 3817 XXII.
2506 3796 2527 3807 -
2598 3765 2651 3819 2.
2680 3765 2943 3823 Diaconos
2971 3771 3216 3827 similiter
3243 3775 3335 3842 qui
3380 3776 3819 3843 immolaverunt,

2235 3862 2424 3923 postea
2462 3863 2640 3909 autem
2672 3859 2920 3913 reluctati
2960 3870 3104 3928 sunt,
3136 3864 3285 3918 illum
3313 3868 3529 3935 quidem
3560 3869 3820 3925 honorem

2236 3945 2439 4002 habere
2466 3947 2671 4017 placuit
2722 3968 2734 4001 :
2786 3951 2931 4020 ipsos
2960 3968 3089 4009 vero
3132 3970 3345 4012 cessare
3388 3958 3455 4013 ab
3485 3962 3631 4014 omni
3668 3977 3821 4017 sacro

2237 4036 2540 4092 ministerio
2570 4038 2683 4094 sive
2711 4055 2905 4109 panem
2926 4043 3010 4099 vel
3027 4046 3247 4101 calicem
3276 4047 3555 4115 olferendi,
3581 4052 3665 4106 vel
3688 4069 3821 4121 prae-

2240 4127 2475 4183 dicandi.
2507 4126 2611 4184 Sed
2647 4130 2693 4184 si
2734 4132 2952 4201 quidam
2980 4135 3221 4206 episcopi
3242 4138 3443 4193 conscii
3472 4139 3579 4194 sint
3625 4140 3821 4197 laboris

2238 4233 2444 4283 eorum,
2481 4229 2535 4274 et
2562 4221 2877 4278 humilitatis
2911 4234 2965 4278 et
2994 4229 3441 4294 mansuetudinis,
3475 4238 3529 4285 et
3558 4231 3819 4286 voluerint

2237 4310 2315 4364 eis
2342 4311 2538 4379 aliquid
2580 4302 2806 4382 amplius
2858 4316 3116 4385 tribuere,
3148 4320 3233 4374 vel
3280 4323 3513 4387 auferre,
3548 4322 3601 4376 in
3632 4339 3816 4377 eorum

2241 4407 2506 4469 potestate
2535 4400 2587 4455 id
2620 4417 2759 4458 esse.

605 4494 699 4564 κγ’.
729 4494 857 4550 Τούς
902 4490 1179 4562 φεύγοντας
1214 4487 1298 4540 καί
1328 4485 1719 4557 συλληφθέντας,
1751 4483 1779 4542 ὖ
1814 4485 1914 4538 ύπὶ
1944 4485 2134 4580 οἰκείων

2309 4489 2489 4545 XXIII.
2516 4522 2571 4530 —
2611 4491 2663 4545 5.
2706 4492 2814 4548 Eos
2842 4495 2932 4563 qui
2975 4494 3241 4565 fugientes
3270 4498 3646 4567 comprehensi
3672 4508 3813 4566 sunt,

536 4580 912 4658 παραδοθέντας
932 4623 945 4645 ,
976 4578 1005 4638 ἦ
1037 4575 1197 4638 ἄλλως
1239 4580 1304 4631 τά
1333 4577 1645 4652 ὑπάρχοντα
1683 4575 2071 4647 ἀφαιρεθέντας,
2102 4575 2131 4633 ἧ

544 4676 905 4746 ὑπομείναντας
931 4673 1209 4744 βασάνους,
1234 4668 1264 4728 ἦ
1300 4672 1369 4730 είς
1400 4668 1740 4743 δεσμωτήριον
1770 4668 2130 4739 ἐμϐληθέντας,

541 4767 760 4838 βοῶντας
774 4786 849 4829 τε,
868 4763 943 4819 ὅτι
956 4767 1057 4819 εἰσί
1078 4767 1355 4838 χριστανοί
1378 4766 1456 4816 καὶ
1481 4762 1903 4836 περισχισθέντες
1919 4760 2131 4835 [περισ-

543 4859 689 4929 χεθέν
701 4855 829 4927 mc],
844 4856 955 4915 ἤτοι
976 4858 1047 4916 εἰς
1067 4862 1160 4914 τὰς
1186 4863 1370 4929 χεῖρας
1391 4856 1520 4928 πρὸς
1545 4855 1660 4923 βίαν
1682 4852 2012 4923 ἐμϐαινόντων
2031 4858 2129 4904 τῶν

543 4949 865 5021 βιαζομένων,
888 4946 917 5006 ἦ
940 4948 1121 5023 βρῶμά
1142 4968 1191 5000 τι
1218 4948 1346 5020 πρὸς
1368 4947 1584 5014 ἀνάγκην
1606 4943 1927 5017 δεξαμένους,
1953 4941 2130 5013 ὁμολο-

542 5043 749 5113 γοῦντάς
776 5062 829 5095 τε
856 5039 1040 5103 διόλου,
1076 5036 1151 5094 ότι
1177 5041 1278 5093 εἰσί
1301 5041 1620 5113 χριστιανοὶ,
1648 5040 1731 5090 καί
1754 5038 1810 5091 τὸ
1832 5037 2005 5093 πένθος
2040 5042 2132 5089 τοῦ

541 5132 828 5199 συμϐάντος
850 5133 926 5185 ἀεί
948 5128 1379 5200 ἐπιδεικνυμένους
1401 5136 1461 5200 τῇ
1482 5130 1622 5199 πάσῃ
1644 5126 1931 5198 καταστολῇ
1956 5128 2036 5178 καί
2062 5134 2133 5198 τῷ

540 5228 812 5293 σχήματι,
840 5227 920 5275 καί
950 5230 1009 5296 τῇ
1048 5227 1135 5276 τοῦ
1167 5222 1282 5295 βίου
1314 5220 1661 5279 ταπεινότητι,
1692 5218 1906 5275 τούτους
1938 5218 2003 5275 ὡς
2033 5214 2132 5279 ἔξω

541 5314 906 5388 ἁμαρτήματος
937 5308 1086 5371 ὄντας
1105 5351 1122 5377 ,
1152 5321 1243 5371 τῆς
1284 5311 1543 5367 κοινωνίας
1576 5313 1644 5373 μὴ
1675 5308 1970 5360 κωλύεσθαι.
2004 5304 2132 5359 11δέ

540 5412 623 5463 καί
642 5407 955 5463 ἐκωλύθησαν
979 5403 1082 5460 ύπό
1098 5425 1240 5459 τινων
1260 5402 1637 5476 περισσοτέρας
1660 5399 1923 5469 ἀκριϐείας
1945 5399 2124 5460 ἕνεκεν,

540 5499 569 5557 ἣ
591 5500 672 5552 καί
692 5518 839 5553 τινων
869 5499 1065 5570 ἀγνοίᾳ,
1095 5496 1237 5553 εὐθὺς
1256 5491 1658 5567 προσδεχθῆναι.
1687 5494 1848 5543 Τοῦτο
1871 5486 1924 5542 δί
1946 5486 2125 5558 ὁμοίως

541 5588 625 5643 ἔπί
645 5611 696 5643 τε
718 5596 817 5643 τῶν
846 5589 896 5641 ἐκ
923 5595 1013 5640 τοῦ
1037 5586 1221 5655 κλήρου
1246 5587 1327 5637 καί
1356 5590 1453 5636 τῶν
1485 5578 1641 5635 ἄλλων
1664 5580 1872 5636 λαῐκῶν.
1906 5580 2126 5653 Προσεξ-

541 5681 731 5735 ητάσθη
750 5677 801 5733 δέ
826 5680 1044 5750 κᾲκεῖνο,
1070 5679 1110 5728 εί
1137 5675 1386 5728 δύνανται
1414 5678 1491 5725 καί
1514 5674 1673 5726 λαῖκοὶ
1694 5681 1753 5743 τῇ
1790 5673 1911 5743 αὐτῇ
1938 5672 2127 5743 ἀνάγκῃ

540 5766 888 5826 ὑποπεσόντες
906 5766 1251 5841 προσάγεσθαι
1280 5768 1349 5824 εἷς
1373 5767 1532 5827 τάξιν.
1558 5763 1753 5828 ’Ἑδοξεν
1788 5761 1875 5816 οὖν
1907 5767 1987 5817 καὶ
2013 5767 2127 5818 τού-

614 5880 633 5899 ⁶
670 5878 1022 5946 Subintellige
1047 5881 1212 5949 τιμήν.
1249 5877 1400 5930 Ευιτ.

2241 4580 2325 4632 vel
2365 4595 2395 4632 a
2435 4580 2745 4637 domesticis
2775 4583 2977 4645 traditi.
3004 4588 3089 4641 vel
3117 4588 3228 4642 suis
3256 4590 3456 4659 alioqui
3483 4589 3819 4646 facultatibus

2240 4670 2455 4739 privati,
2483 4672 2565 4726 vel
2596 4681 2866 4729 tormenta
2905 4672 3164 4745 perpessi,
3200 4679 3284 4733 vel
3315 4680 3367 4733 in
3397 4695 3663 4735 carcerem
3693 4696 3818 4736 con-

2235 4760 2369 4829 jecti
2392 4768 2536 4826 sunt,
2568 4762 2863 4821 clamantes
2887 4780 2946 4820 se
2967 4780 3086 4820 esse
3102 4764 3455 4834 Christianos,
3485 4778 3539 4823 et
3567 4784 3632 4823 eo
3655 4784 3817 4838 usque

2242 4851 2452 4905 astricti
2498 4859 2643 4917 sunt,
2678 4861 2735 4907 ut
2767 4853 2802 4907 ii
2832 4855 2921 4922 qui
2950 4856 3056 4908 vim
3085 4854 3379 4911 aiierebant
3400 4860 3416 4926 (
3441 4856 3603 4929 thus)
3629 4860 3680 4913 in
3704 4876 3816 4913 ma-

2240 4958 2340 4998 nus
2367 4943 2632 5000 violenter
2654 4945 3135 5016 immitterent,aut
3158 4948 3358 5019 aliquid
3386 4951 3575 5021 polluti
3604 4953 3702 5007 cibi
3724 4968 3817 5022 per

2235 5037 2611 5091 necessitatem
2645 5052 2856 5093 sumere
2898 5048 3242 5108 cogerentur,
3281 5041 3602 5098 confitentes
3632 5058 3814 5113 perpe-

2237 5134 2331 5180 tno
2352 5134 2411 5181 s'e
2439 5142 2559 5182 esse
2585 5127 2940 5197 Christianos,
2956 5138 3010 5183 et
3029 5128 3144 5198 ejus
3160 5130 3305 5200 quod
3331 5132 3527 5188 accidit
3554 5132 3808 5198 dolorem,

2236 5225 2291 5269 et
2319 5218 2517 5272 amictu
2546 5229 2599 5272 et
2628 5219 2831 5285 habitu,
2860 5227 2914 5273 et
2958 5221 3080 5275 vita:
3118 5221 3420 5278 humilitate
3474 5222 3807 5292 prazseferen-

2240 5318 2337 5373 tes,
2366 5309 2463 5365 hos
2493 5312 2639 5364 velut
2661 5312 2985 5381 incnlpatos,
3017 5328 3048 5367 a
3079 5316 3459 5369 communione
3488 5329 3596 5369 non
3624 5316 3805 5370 arceri.

2237 5400 2292 5453 Si
2313 5417 2444 5456 vero
2475 5402 2542 5456 ab
2572 5404 2752 5471 aliquo
2782 5404 2947 5458 etiam
2975 5414 3099 5459 sunt
3128 5406 3419 5475 prohibiti,
3446 5403 3662 5473 majoris
3689 5420 3811 5459 cau-

2239 5494 2400 5548 tionis
2448 5496 2635 5561 gratia,
2668 5496 2752 5550 vel
2782 5496 2946 5550 etiam
2984 5506 3209 5567 propter
3246 5496 3529 5565 quamdam
3570 5496 3808 5564 ignorari.

2240 5584 2609 5648 tiamhstatim
2634 5585 3000 5640 admittantur.
3036 5586 3150 5642 Hoc
3192 5596 3371 5640 autem
3402 5586 3646 5640 similiter
3666 5594 3718 5640 et
3743 5586 3805 5639 de

2237 5675 2443 5729 clericis
2469 5685 2523 5728 et
2551 5677 2667 5731 aliis
2698 5677 2866 5731 laicis.
2899 5677 3030 5731 Illud
3053 5679 3213 5731 etiam
3238 5676 3586 5744 perquisitum
3617 5684 3712 5741 est,
3742 5691 3805 5728 an

2236 5775 2455 5835 pussettt
2483 5768 2645 5822 etiam
2676 5768 2813 5837 laici,
2844 5770 2934 5838 qui
2985 5770 3037 5823 in
3062 5767 3304 5823 eamdem
3328 5766 3700 5822 necessitatem
3726 5765 3806 5820 in-
